  <div class='ocr_page' id='page_1' title='image "/cluster/home/n/w/nwhite01/storage/ocr_20150623/48/hvd.32044073501892/161.png"; bbox 0 0 3944 6202; ppageno 0'>
   <div class='ocr_carea' id='block_1_1' title="bbox 545 308 646 364">
    <p class='ocr_par' dir='ltr' id='par_1_1' title="bbox 545 308 646 364">
     <span class='ocr_line' id='line_1_1' title="bbox 545 308 646 364; baseline -0.02 0"><span class='ocrx_word' id='word_1_1' title='bbox 545 308 646 364; x_wconf 77' lang='grc'><strong>683</strong></span> 
     </span>
    </p>
   </div>
   <div class='ocr_carea' id='block_1_2' title="bbox 545 418 2110 501">
    <p class='ocr_par' dir='ltr' id='par_1_2' title="bbox 545 418 2110 501">
     <span class='ocr_line' id='line_1_2' title="bbox 545 418 2110 501; baseline 0.01 -29"><span class='ocrx_word' id='word_1_2' title='bbox 545 418 804 474; x_wconf 82' lang='lat' dir='ltr'><strong>thesauris</strong></span> <span class='ocrx_word' id='word_1_3' title='bbox 854 422 1176 477; x_wconf 87' lang='lat' dir='ltr'><strong>reconditam</strong></span> <span class='ocrx_word' id='word_1_4' title='bbox 1237 424 1448 480; x_wconf 88' lang='lat' dir='ltr'><strong>habeat.</strong></span> <span class='ocrx_word' id='word_1_5' title='bbox 1503 427 1652 496; x_wconf 82' lang='lat' dir='ltr'><strong>Quod</strong></span> <span class='ocrx_word' id='word_1_6' title='bbox 1695 428 1739 483; x_wconf 85' lang='lat' dir='ltr'><strong>si</strong></span> <span class='ocrx_word' id='word_1_7' title='bbox 1788 431 1905 501; x_wconf 87' lang='lat' dir='ltr'><strong>quis</strong></span> <span class='ocrx_word' id='word_1_8' title='bbox 1947 431 2110 488; x_wconf 82' lang='lat' dir='ltr'><strong>vitam</strong></span> 
     </span>
    </p>
   </div>
   <div class='ocr_carea' id='block_1_3' title="bbox 545 508 2111 591">
    <p class='ocr_par' dir='ltr' id='par_1_3' title="bbox 545 508 2111 591">
     <span class='ocr_line' id='line_1_3' title="bbox 545 508 2111 591; baseline 0.011 -29"><span class='ocrx_word' id='word_1_9' title='bbox 545 508 686 568; x_wconf 86' lang='lat' dir='ltr'><strong>illam</strong></span> <span class='ocrx_word' id='word_1_10' title='bbox 729 510 1054 577; x_wconf 89' lang='lat' dir='ltr'><strong>admiretur,</strong></span> <span class='ocrx_word' id='word_1_11' title='bbox 1084 530 1185 584; x_wconf 90' lang='lat' dir='ltr'><strong>qua</strong></span> <span class='ocrx_word' id='word_1_12' title='bbox 1227 517 1346 586; x_wconf 84' lang='lat' dir='ltr'><strong>quis</strong></span> <span class='ocrx_word' id='word_1_13' title='bbox 1389 517 1523 572; x_wconf 89' lang='lat' dir='ltr'><strong>intra</strong></span> <span class='ocrx_word' id='word_1_14' title='bbox 1563 521 1796 591; x_wconf 85' lang='lat' dir='ltr'><strong>seipsum</strong></span> <span class='ocrx_word' id='word_1_15' title='bbox 1843 538 2066 580; x_wconf 89' lang='lat' dir='ltr'><strong>manens</strong></span> <span class='ocrx_word' id='word_1_16' title='bbox 2095 567 2111 591; x_wconf 88' lang='lat'><strong>,</strong></span> 
     </span>
    </p>
   </div>
   <div class='ocr_carea' id='block_1_4' title="bbox 544 600 2116 684">
    <p class='ocr_par' dir='ltr' id='par_1_4' title="bbox 544 600 2116 684">
     <span class='ocr_line' id='line_1_4' title="bbox 544 600 2116 684; baseline 0.01 -28"><span class='ocrx_word' id='word_1_17' title='bbox 544 600 814 660; x_wconf 84' lang='lat' dir='ltr'><strong>lmminum</strong></span> <span class='ocrx_word' id='word_1_18' title='bbox 860 607 1182 660; x_wconf 90' lang='lat' dir='ltr'><strong>consortium</strong></span> <span class='ocrx_word' id='word_1_19' title='bbox 1233 619 1543 676; x_wconf 75' lang='lat' dir='ltr'><strong>aversatur,</strong></span> <span class='ocrx_word' id='word_1_20' title='bbox 1588 627 1689 682; x_wconf 81' lang='lat' dir='ltr'><strong>ego</strong></span> <span class='ocrx_word' id='word_1_21' title='bbox 1735 628 1945 684; x_wconf 90' lang='lat' dir='ltr'><strong>quoque</strong></span> <span class='ocrx_word' id='word_1_22' title='bbox 1988 615 2116 672; x_wconf 93' lang='lat' dir='ltr'><strong>illud</strong></span> 
     </span>
    </p>
   </div>
   <div class='ocr_carea' id='block_1_5' title="bbox 541 693 2114 768">
    <p class='ocr_par' dir='ltr' id='par_1_5' title="bbox 541 693 2114 768">
     <span class='ocr_line' id='line_1_5' title="bbox 541 693 2114 768; baseline 0.009 -22"><span class='ocrx_word' id='word_1_23' title='bbox 541 693 813 762; x_wconf 69' lang='lat' dir='ltr'><strong>sapientia:</strong></span> <span class='ocrx_word' id='word_1_24' title='bbox 839 696 1109 764; x_wconf 86' lang='lat' dir='ltr'><strong>specimen</strong></span> <span class='ocrx_word' id='word_1_25' title='bbox 1138 713 1257 754; x_wconf 85' lang='lat' dir='ltr'><strong>esse</strong></span> <span class='ocrx_word' id='word_1_26' title='bbox 1281 698 1486 768; x_wconf 87' lang='lat' dir='ltr'><strong>fatear;</strong></span> <span class='ocrx_word' id='word_1_27' title='bbox 1517 719 1620 756; x_wconf 87' lang='lat' dir='ltr'><strong>non</strong></span> <span class='ocrx_word' id='word_1_28' title='bbox 1666 712 1838 759; x_wconf 89' lang='lat' dir='ltr'><strong>tamen</strong></span> <span class='ocrx_word' id='word_1_29' title='bbox 1868 705 2114 760; x_wconf 88' lang='lat' dir='ltr'><strong>idoneum</strong></span> 
     </span>
    </p>
   </div>
   <div class='ocr_carea' id='block_1_6' title="bbox 545 786 2114 865">
    <p class='ocr_par' dir='ltr' id='par_1_6' title="bbox 545 786 2114 865">
     <span class='ocr_line' id='line_1_6' title="bbox 545 786 2114 865; baseline 0.01 -31"><span class='ocrx_word' id='word_1_30' title='bbox 545 793 911 852; x_wconf 79' lang='lat' dir='ltr'><strong>argumentum</strong></span> <span class='ocrx_word' id='word_1_31' title='bbox 935 786 1146 842; x_wconf 77' lang='lat' dir='ltr'><strong>virtutis</strong></span> <span class='ocrx_word' id='word_1_32' title='bbox 1171 789 1350 844; x_wconf 90' lang='lat' dir='ltr'><strong>animi.</strong></span> <span class='ocrx_word' id='word_1_33' title='bbox 1392 791 1520 844; x_wconf 81' lang='lat' dir='ltr'><strong>Nam</strong></span> <span class='ocrx_word' id='word_1_34' title='bbox 1546 794 1632 861; x_wconf 86' lang='lat' dir='ltr'><strong>qui</strong></span> <span class='ocrx_word' id='word_1_35' title='bbox 1659 794 1710 847; x_wconf 91' lang='lat' dir='ltr'><strong>in</strong></span> <span class='ocrx_word' id='word_1_36' title='bbox 1739 804 1890 863; x_wconf 89' lang='lat' dir='ltr'><strong>portu</strong></span> <span class='ocrx_word' id='word_1_37' title='bbox 1921 796 1986 848; x_wconf 89' lang='lat' dir='ltr'><strong>ad</strong></span> <span class='ocrx_word' id='word_1_38' title='bbox 2014 811 2114 865; x_wconf 82' lang='lat' dir='ltr'><strong>gu-</strong></span> 
     </span>
    </p>
   </div>
   <div class='ocr_carea' id='block_1_7' title="bbox 542 871 2112 953">
    <p class='ocr_par' dir='ltr' id='par_1_7' title="bbox 542 871 2112 953">
     <span class='ocr_line' id='line_1_7' title="bbox 542 871 2112 953; baseline 0.005 -25"><span class='ocrx_word' id='word_1_39' title='bbox 542 871 823 931; x_wconf 85' lang='lat' dir='ltr'><strong>bernacula</strong></span> <span class='ocrx_word' id='word_1_40' title='bbox 858 875 1042 942; x_wconf 88' lang='lat' dir='ltr'><strong>sedet,</strong></span> <span class='ocrx_word' id='word_1_41' title='bbox 1083 878 1316 932; x_wconf 88' lang='lat' dir='ltr'><strong>nondum</strong></span> <span class='ocrx_word' id='word_1_42' title='bbox 1346 879 1590 936; x_wconf 90' lang='lat' dir='ltr'><strong>idoneum</strong></span> <span class='ocrx_word' id='word_1_43' title='bbox 1617 882 1747 936; x_wconf 87' lang='lat' dir='ltr'><strong>artis</strong></span> <span class='ocrx_word' id='word_1_44' title='bbox 1773 897 1883 937; x_wconf 76' lang='lat' dir='ltr'><strong>sua:</strong></span> <span class='ocrx_word' id='word_1_45' title='bbox 1904 884 2112 953; x_wconf 83' lang='lat' dir='ltr'><strong>perien-</strong></span> 
     </span>
    </p>
   </div>
   <div class='ocr_carea' id='block_1_8' title="bbox 543 962 2117 1042">
    <p class='ocr_par' dir='ltr' id='par_1_8' title="bbox 543 962 2117 1042">
     <span class='ocr_line' id='line_1_8' title="bbox 543 962 2117 1042; baseline 0.01 -28"><span class='ocrx_word' id='word_1_46' title='bbox 543 962 652 1017; x_wconf 87' lang='lat' dir='ltr'><strong>lum</strong></span> <span class='ocrx_word' id='word_1_47' title='bbox 689 963 810 1019; x_wconf 74' lang='lat' dir='ltr'><strong>fecit</strong></span> <span class='ocrx_word' id='word_1_48' title='bbox 840 984 856 1022; x_wconf 85' lang='lat'><strong>:</strong></span> <span class='ocrx_word' id='word_1_49' title='bbox 884 981 1005 1020; x_wconf 89' lang='lat' dir='ltr'><strong>eum</strong></span> <span class='ocrx_word' id='word_1_50' title='bbox 1042 982 1168 1022; x_wconf 86' lang='lat' dir='ltr'><strong>vero</strong></span> <span class='ocrx_word' id='word_1_51' title='bbox 1205 970 1295 1038; x_wconf 90' lang='lat' dir='ltr'><strong>qui</strong></span> <span class='ocrx_word' id='word_1_52' title='bbox 1337 971 1389 1024; x_wconf 88' lang='lat' dir='ltr'><strong>in</strong></span> <span class='ocrx_word' id='word_1_53' title='bbox 1425 972 1600 1025; x_wconf 88' lang='lat' dir='ltr'><strong>medio</strong></span> <span class='ocrx_word' id='word_1_54' title='bbox 1627 973 1832 1042; x_wconf 82' lang='lat' dir='ltr'><strong>pelago,</strong></span> <span class='ocrx_word' id='word_1_55' title='bbox 1866 976 2117 1029; x_wconf 69' lang='lat' dir='ltr'><strong>sazviente</strong></span> 
     </span>
    </p>
   </div>
   <div class='ocr_carea' id='block_1_9' title="bbox 542 1059 2116 1136">
    <p class='ocr_par' dir='ltr' id='par_1_9' title="bbox 542 1059 2116 1136">
     <span class='ocr_line' id='line_1_9' title="bbox 542 1059 2116 1136; baseline 0.007 -27"><span class='ocrx_word' id='word_1_56' title='bbox 542 1059 878 1124; x_wconf 78' lang='lat' dir='ltr'><strong>tempestate,</strong></span> <span class='ocrx_word' id='word_1_57' title='bbox 906 1072 1098 1112; x_wconf 84' lang='lat' dir='ltr'><strong>navem</strong></span> <span class='ocrx_word' id='word_1_58' title='bbox 1125 1060 1330 1128; x_wconf 88' lang='lat' dir='ltr'><strong>eripere</strong></span> <span class='ocrx_word' id='word_1_59' title='bbox 1355 1063 1540 1130; x_wconf 90' lang='lat' dir='ltr'><strong>potuit,</strong></span> <span class='ocrx_word' id='word_1_60' title='bbox 1572 1079 1728 1118; x_wconf 87' lang='lat' dir='ltr'><strong>nemo</strong></span> <span class='ocrx_word' id='word_1_61' title='bbox 1756 1074 1838 1119; x_wconf 85' lang='lat' dir='ltr'><strong>est</strong></span> <span class='ocrx_word' id='word_1_62' title='bbox 1869 1068 1993 1136; x_wconf 90' lang='lat' dir='ltr'><strong>quin</strong></span> <span class='ocrx_word' id='word_1_63' title='bbox 2020 1081 2116 1136; x_wconf 85' lang='lat' dir='ltr'><strong>gu-</strong></span> 
     </span>
    </p>
   </div>
   <div class='ocr_carea' id='block_1_10' title="bbox 541 1143 1350 1218">
    <p class='ocr_par' dir='ltr' id='par_1_10' title="bbox 541 1143 1350 1218">
     <span class='ocr_line' id='line_1_10' title="bbox 541 1143 1350 1218; baseline 0.007 -20"><span class='ocrx_word' id='word_1_64' title='bbox 541 1143 877 1205; x_wconf 81' lang='lat' dir='ltr'><strong>bernatorem</strong></span> <span class='ocrx_word' id='word_1_65' title='bbox 905 1149 1162 1218; x_wconf 89' lang='lat' dir='ltr'><strong>optimum</strong></span> <span class='ocrx_word' id='word_1_66' title='bbox 1191 1151 1350 1206; x_wconf 81' lang='lat' dir='ltr'><strong>dicat.</strong></span> 
     </span>
    </p>
   </div>
   <div class='ocr_carea' id='block_1_11' title="bbox 613 1258 2115 1336">
    <p class='ocr_par' dir='ltr' id='par_1_11' title="bbox 613 1258 2115 1336">
     <span class='ocr_line' id='line_1_11' title="bbox 613 1258 2115 1336; baseline 0.008 -23"><span class='ocrx_word' id='word_1_67' title='bbox 613 1258 668 1313; x_wconf 79' lang='grc'><strong>7.</strong></span> <span class='ocrx_word' id='word_1_68' title='bbox 710 1258 886 1330; x_wconf 82' lang='lat' dir='ltr'><strong>Longe</strong></span> <span class='ocrx_word' id='word_1_69' title='bbox 916 1263 1110 1316; x_wconf 74' lang='lat' dir='ltr'><strong>diversa</strong></span> <span class='ocrx_word' id='word_1_70' title='bbox 1135 1264 1231 1316; x_wconf 80' lang='lat' dir='ltr'><strong>vita</strong></span> <span class='ocrx_word' id='word_1_71' title='bbox 1257 1266 1476 1336; x_wconf 75' lang='lat' dir='ltr'><strong>episcopi</strong></span> <span class='ocrx_word' id='word_1_72' title='bbox 1502 1283 1532 1319; x_wconf 80' lang='grc' dir='ltr'><em>α</em></span> <span class='ocrx_word' id='word_1_73' title='bbox 1557 1271 1858 1323; x_wconf 85' lang='lat' dir='ltr'><strong>monastica.</strong></span> <span class='ocrx_word' id='word_1_74' title='bbox 1883 1299 1953 1310; x_wconf 89' lang='lat'><strong><em>—</em></strong></span> <span class='ocrx_word' id='word_1_75' title='bbox 1981 1269 2115 1324; x_wconf 83' lang='lat' dir='ltr'><strong>Pro-</strong></span> 
     </span>
    </p>
   </div>
   <div class='ocr_carea' id='block_1_12' title="bbox 542 1351 2110 1432">
    <p class='ocr_par' dir='ltr' id='par_1_12' title="bbox 542 1351 2110 1432">
     <span class='ocr_line' id='line_1_12' title="bbox 542 1351 2110 1432; baseline 0.007 -27"><span class='ocrx_word' id='word_1_76' title='bbox 542 1351 665 1408; x_wconf 83' lang='lat' dir='ltr'><strong>inde</strong></span> <span class='ocrx_word' id='word_1_77' title='bbox 693 1367 792 1408; x_wconf 91' lang='lat' dir='ltr'><strong>ncc</strong></span> <span class='ocrx_word' id='word_1_78' title='bbox 817 1355 1105 1409; x_wconf 82' lang='lat' dir='ltr'><strong>monachus</strong></span> <span class='ocrx_word' id='word_1_79' title='bbox 1143 1356 1426 1413; x_wconf 91' lang='lat' dir='ltr'><strong>admodum</strong></span> <span class='ocrx_word' id='word_1_80' title='bbox 1465 1359 1779 1425; x_wconf 87' lang='lat' dir='ltr'><strong>laudandus,</strong></span> <span class='ocrx_word' id='word_1_81' title='bbox 1803 1362 1940 1430; x_wconf 90' lang='lat' dir='ltr'><strong>quod</strong></span> <span class='ocrx_word' id='word_1_82' title='bbox 1969 1363 2110 1432; x_wconf 87' lang='lat' dir='ltr'><strong>apud</strong></span> 
     </span>
    </p>
   </div>
   <div class='ocr_carea' id='block_1_13' title="bbox 542 1444 2115 1526">
    <p class='ocr_par' dir='ltr' id='par_1_13' title="bbox 542 1444 2115 1526">
     <span class='ocr_line' id='line_1_13' title="bbox 542 1444 2115 1526; baseline 0.009 -30"><span class='ocrx_word' id='word_1_83' title='bbox 542 1459 602 1499; x_wconf 82' lang='lat' dir='ltr'><strong>se</strong></span> <span class='ocrx_word' id='word_1_84' title='bbox 637 1444 821 1501; x_wconf 76' lang='lat' dir='ltr'><strong>vivens</strong></span> <span class='ocrx_word' id='word_1_85' title='bbox 858 1464 1030 1517; x_wconf 87' lang='lat' dir='ltr'><strong>neque</strong></span> <span class='ocrx_word' id='word_1_86' title='bbox 1067 1449 1322 1514; x_wconf 80' lang='lat' dir='ltr'><strong>turbetur,</strong></span> <span class='ocrx_word' id='word_1_87' title='bbox 1356 1468 1524 1522; x_wconf 90' lang='lat' dir='ltr'><strong>neque</strong></span> <span class='ocrx_word' id='word_1_88' title='bbox 1550 1454 1600 1506; x_wconf 92' lang='lat' dir='ltr'><strong>in</strong></span> <span class='ocrx_word' id='word_1_89' title='bbox 1629 1454 1790 1509; x_wconf 89' lang='lat' dir='ltr'><strong>multa</strong></span> <span class='ocrx_word' id='word_1_90' title='bbox 1819 1471 2115 1526; x_wconf 80' lang='lat' dir='ltr'><strong>magnaque</strong></span> 
     </span>
    </p>
   </div>
   <div class='ocr_carea' id='block_1_14' title="bbox 542 1537 2113 1616">
    <p class='ocr_par' dir='ltr' id='par_1_14' title="bbox 542 1537 2113 1616">
     <span class='ocr_line' id='line_1_14' title="bbox 542 1537 2113 1616; baseline 0.008 -28"><span class='ocrx_word' id='word_1_91' title='bbox 542 1543 756 1602; x_wconf 85' lang='lat' dir='ltr'><strong>peccata</strong></span> <span class='ocrx_word' id='word_1_92' title='bbox 797 1537 1032 1602; x_wconf 77' lang='lat' dir='ltr'><strong>labatur;</strong></span> <span class='ocrx_word' id='word_1_93' title='bbox 1083 1555 1252 1610; x_wconf 80' lang='lat' dir='ltr'><strong>neque</strong></span> <span class='ocrx_word' id='word_1_94' title='bbox 1293 1542 1436 1596; x_wconf 85' lang='lat' dir='ltr'><strong>enim</strong></span> <span class='ocrx_word' id='word_1_95' title='bbox 1481 1543 1675 1600; x_wconf 85' lang='lat' dir='ltr'><strong>adsunt</strong></span> <span class='ocrx_word' id='word_1_96' title='bbox 1715 1562 1832 1616; x_wconf 67' lang='lat' dir='ltr'><strong>quae</strong></span> <span class='ocrx_word' id='word_1_97' title='bbox 1880 1548 2113 1601; x_wconf 89' lang='lat' dir='ltr'><strong>animum</strong></span> 
     </span>
    </p>
   </div>
   <div class='ocr_carea' id='block_1_15' title="bbox 465 1622 2114 1707">
    <p class='ocr_par' dir='ltr' id='par_1_15' title="bbox 465 1622 2114 1707">
     <span class='ocr_line' id='line_1_15' title="bbox 465 1622 2114 1707; baseline 0.011 -32"><span class='ocrx_word' id='word_1_98' title='bbox 465 1695 468 1700; x_wconf 88' lang='lat'><em>_</em></span> <span class='ocrx_word' id='word_1_99' title='bbox 543 1622 805 1680; x_wconf 89' lang='lat' dir='ltr'><strong>lacessant</strong></span> <span class='ocrx_word' id='word_1_100' title='bbox 835 1637 884 1681; x_wconf 89' lang='lat' dir='ltr'><strong>et</strong></span> <span class='ocrx_word' id='word_1_101' title='bbox 915 1627 1146 1683; x_wconf 61' lang='lat' dir='ltr'><strong>incitvnt.</strong></span> <span class='ocrx_word' id='word_1_102' title='bbox 1179 1629 1282 1686; x_wconf 90' lang='lat' dir='ltr'><strong>Sed</strong></span> <span class='ocrx_word' id='word_1_103' title='bbox 1305 1633 1347 1686; x_wconf 89' lang='lat' dir='ltr'><strong>si</strong></span> <span class='ocrx_word' id='word_1_104' title='bbox 1370 1633 1486 1702; x_wconf 89' lang='lat' dir='ltr'><strong>quis</strong></span> <span class='ocrx_word' id='word_1_105' title='bbox 1512 1634 1701 1688; x_wconf 88' lang='lat' dir='ltr'><strong>sesein</strong></span> <span class='ocrx_word' id='word_1_106' title='bbox 1730 1636 1909 1691; x_wconf 91' lang='lat' dir='ltr'><strong>turbas</strong></span> <span class='ocrx_word' id='word_1_107' title='bbox 1932 1636 2114 1707; x_wconf 79' lang='lat' dir='ltr'><strong>conje-</strong></span> 
     </span>
    </p>
   </div>
   <div class='ocr_carea' id='block_1_16' title="bbox 541 1716 2116 1791">
    <p class='ocr_par' dir='ltr' id='par_1_16' title="bbox 541 1716 2116 1791">
     <span class='ocr_line' id='line_1_16' title="bbox 541 1716 2116 1791; baseline 0.011 -23"><span class='ocrx_word' id='word_1_108' title='bbox 541 1716 695 1784; x_wconf 88' lang='lat' dir='ltr'><strong>cerit,</strong></span> <span class='ocrx_word' id='word_1_109' title='bbox 725 1727 778 1772; x_wconf 90' lang='lat' dir='ltr'><strong>et</strong></span> <span class='ocrx_word' id='word_1_110' title='bbox 822 1720 1106 1774; x_wconf 89' lang='lat' dir='ltr'><strong>multorum</strong></span> <span class='ocrx_word' id='word_1_111' title='bbox 1151 1721 1287 1776; x_wconf 89' lang='lat' dir='ltr'><strong>ferre</strong></span> <span class='ocrx_word' id='word_1_112' title='bbox 1330 1734 1541 1791; x_wconf 83' lang='lat' dir='ltr'><strong>peccata</strong></span> <span class='ocrx_word' id='word_1_113' title='bbox 1579 1736 1825 1791; x_wconf 68' lang='lat' dir='ltr'><strong>coactus,</strong></span> <span class='ocrx_word' id='word_1_114' title='bbox 1867 1727 2116 1786; x_wconf 84' lang='lat' dir='ltr'><strong>immous</strong></span> 
     </span>
    </p>
   </div>
   <div class='ocr_carea' id='block_1_17' title="bbox 539 1805 2116 1890">
    <p class='ocr_par' dir='ltr' id='par_1_17' title="bbox 539 1805 2116 1890">
     <span class='ocr_line' id='line_1_17' title="bbox 539 1805 2116 1890; baseline 0.01 -31"><span class='ocrx_word' id='word_1_115' title='bbox 539 1805 829 1877; x_wconf 82' lang='lat' dir='ltr'><strong>firmusque</strong></span> <span class='ocrx_word' id='word_1_116' title='bbox 875 1813 1157 1872; x_wconf 84' lang='lat' dir='ltr'><strong>manserit,</strong></span> <span class='ocrx_word' id='word_1_117' title='bbox 1204 1814 1254 1867; x_wconf 92' lang='lat' dir='ltr'><strong>iu</strong></span> <span class='ocrx_word' id='word_1_118' title='bbox 1303 1823 1613 1884; x_wconf 81' lang='lat' dir='ltr'><strong>tempestate</strong></span> <span class='ocrx_word' id='word_1_119' title='bbox 1653 1819 1802 1888; x_wconf 86' lang='lat' dir='ltr'><strong>quasi</strong></span> <span class='ocrx_word' id='word_1_120' title='bbox 1837 1819 2116 1890; x_wconf 81' lang='lat' dir='ltr'><strong>tranquillo</strong></span> 
     </span>
    </p>
   </div>
   <div class='ocr_carea' id='block_1_18' title="bbox 542 1899 2116 1978">
    <p class='ocr_par' dir='ltr' id='par_1_18' title="bbox 542 1899 2116 1978">
     <span class='ocr_line' id='line_1_18' title="bbox 542 1899 2116 1978; baseline 0.01 -29"><span class='ocrx_word' id='word_1_121' title='bbox 542 1901 781 1964; x_wconf 88' lang='lat' dir='ltr'><strong>tempore</strong></span> <span class='ocrx_word' id='word_1_122' title='bbox 821 1899 1054 1953; x_wconf 88' lang='lat' dir='ltr'><strong>animum</strong></span> <span class='ocrx_word' id='word_1_123' title='bbox 1097 1901 1394 1971; x_wconf 80' lang='lat' dir='ltr'><strong>gubernans</strong></span> <span class='ocrx_word' id='word_1_124' title='bbox 1423 1920 1595 1971; x_wconf 85' lang='lat' dir='ltr'><strong>suum,</strong></span> <span class='ocrx_word' id='word_1_125' title='bbox 1628 1906 1712 1962; x_wconf 85' lang='lat' dir='ltr'><strong>hic</strong></span> <span class='ocrx_word' id='word_1_126' title='bbox 1751 1909 1889 1978; x_wconf 89' lang='lat' dir='ltr'><strong>apud</strong></span> <span class='ocrx_word' id='word_1_127' title='bbox 1931 1925 2116 1966; x_wconf 89' lang='lat' dir='ltr'><strong>omnes</strong></span> 
     </span>
    </p>
   </div>
   <div class='ocr_carea' id='block_1_19' title="bbox 541 1986 2113 2070">
    <p class='ocr_par' dir='ltr' id='par_1_19' title="bbox 541 1986 2113 2070">
     <span class='ocr_line' id='line_1_19' title="bbox 541 1986 2113 2070; baseline 0.011 -32"><span class='ocrx_word' id='word_1_128' title='bbox 541 1986 726 2054; x_wconf 84' lang='lat' dir='ltr'><strong>plausu</strong></span> <span class='ocrx_word' id='word_1_129' title='bbox 765 1996 821 2043; x_wconf 91' lang='lat' dir='ltr'><strong>et</strong></span> <span class='ocrx_word' id='word_1_130' title='bbox 855 1987 1200 2046; x_wconf 81' lang='lat' dir='ltr'><strong>admiratione</strong></span> <span class='ocrx_word' id='word_1_131' title='bbox 1239 1993 1463 2060; x_wconf 79' lang='lat' dir='ltr'><strong>dignus:</strong></span> <span class='ocrx_word' id='word_1_132' title='bbox 1495 1995 1738 2053; x_wconf 68' lang='lat' dir='ltr'><strong>idoneum</strong></span> <span class='ocrx_word' id='word_1_133' title='bbox 1780 1998 1974 2070; x_wconf 68' lang='lat' dir='ltr'><strong>Quippe</strong></span> <span class='ocrx_word' id='word_1_134' title='bbox 2003 2000 2113 2054; x_wconf 75' lang='lat' dir='ltr'><strong>vir-</strong></span> 
     </span>
    </p>
   </div>
   <div class='ocr_carea' id='block_1_20' title="bbox 541 2077 2112 2156">
    <p class='ocr_par' dir='ltr' id='par_1_20' title="bbox 541 2077 2112 2156">
     <span class='ocr_line' id='line_1_20' title="bbox 541 2077 2112 2156; baseline 0.01 -27"><span class='ocrx_word' id='word_1_135' title='bbox 541 2077 668 2131; x_wconf 88' lang='lat' dir='ltr'><strong>tutis</strong></span> <span class='ocrx_word' id='word_1_136' title='bbox 695 2091 806 2132; x_wconf 78' lang='lat' dir='ltr'><strong>sua:</strong></span> <span class='ocrx_word' id='word_1_137' title='bbox 833 2083 1252 2149; x_wconf 87' lang='lat' dir='ltr'><strong>experimentum</strong></span> <span class='ocrx_word' id='word_1_138' title='bbox 1291 2084 1457 2138; x_wconf 88' lang='lat' dir='ltr'><strong>dedit.</strong></span> <span class='ocrx_word' id='word_1_139' title='bbox 1498 2085 1577 2141; x_wconf 79' lang='lat' dir='ltr'><strong>Ne</strong></span> <span class='ocrx_word' id='word_1_140' title='bbox 1603 2087 1778 2156; x_wconf 89' lang='lat' dir='ltr'><strong>itaque</strong></span> <span class='ocrx_word' id='word_1_141' title='bbox 1805 2089 2035 2153; x_wconf 85' lang='lat' dir='ltr'><strong>mireris,</strong></span> <span class='ocrx_word' id='word_1_142' title='bbox 2068 2090 2112 2144; x_wconf 90' lang='lat' dir='ltr'><strong>si</strong></span> 
     </span>
    </p>
   </div>
   <div class='ocr_carea' id='block_1_21' title="bbox 542 2165 2114 2246">
    <p class='ocr_par' dir='ltr' id='par_1_21' title="bbox 542 2165 2114 2246">
     <span class='ocr_line' id='line_1_21' title="bbox 542 2165 2114 2246; baseline 0.006 -24"><span class='ocrx_word' id='word_1_143' title='bbox 542 2165 715 2222; x_wconf 83' lang='lat' dir='ltr'><strong>forum</strong></span> <span class='ocrx_word' id='word_1_144' title='bbox 757 2169 1148 2241; x_wconf 86' lang='lat' dir='ltr'><strong>multorumque</strong></span> <span class='ocrx_word' id='word_1_145' title='bbox 1172 2177 1495 2228; x_wconf 91' lang='lat' dir='ltr'><strong>consortium</strong></span> <span class='ocrx_word' id='word_1_146' title='bbox 1525 2175 1804 2246; x_wconf 79' lang='lat' dir='ltr'><strong>fugientes,</strong></span> <span class='ocrx_word' id='word_1_147' title='bbox 1835 2190 2114 2232; x_wconf 90' lang='lat' dir='ltr'><strong>accusato-</strong></span> 
     </span>
    </p>
   </div>
   <div class='ocr_carea' id='block_1_22' title="bbox 540 2261 2115 2336">
    <p class='ocr_par' dir='ltr' id='par_1_22' title="bbox 540 2261 2115 2336">
     <span class='ocr_line' id='line_1_22' title="bbox 540 2261 2115 2336; baseline 0.01 -27"><span class='ocrx_word' id='word_1_148' title='bbox 540 2272 626 2312; x_wconf 86' lang='lat' dir='ltr'><strong>res</strong></span> <span class='ocrx_word' id='word_1_149' title='bbox 655 2261 849 2314; x_wconf 91' lang='lat' dir='ltr'><strong>multos</strong></span> <span class='ocrx_word' id='word_1_150' title='bbox 879 2277 985 2316; x_wconf 89' lang='lat' dir='ltr'><strong>non</strong></span> <span class='ocrx_word' id='word_1_151' title='bbox 1013 2263 1299 2319; x_wconf 89' lang='lat' dir='ltr'><strong>habeamus</strong></span> <span class='ocrx_word' id='word_1_152' title='bbox 1327 2282 1341 2317; x_wconf 89' lang='lat'>:</span> <span class='ocrx_word' id='word_1_153' title='bbox 1371 2281 1541 2336; x_wconf 86' lang='lat' dir='ltr'><strong>neque</strong></span> <span class='ocrx_word' id='word_1_154' title='bbox 1579 2265 1718 2322; x_wconf 88' lang='lat' dir='ltr'><strong>enim</strong></span> <span class='ocrx_word' id='word_1_155' title='bbox 1761 2269 1805 2322; x_wconf 92' lang='lat' dir='ltr'><strong>si</strong></span> <span class='ocrx_word' id='word_1_156' title='bbox 1844 2269 2115 2324; x_wconf 67' lang='lat' dir='ltr'><strong>dormit-ns</strong></span> 
     </span>
    </p>
   </div>
   <div class='ocr_carea' id='block_1_23' title="bbox 539 2356 2115 2425">
    <p class='ocr_par' dir='ltr' id='par_1_23' title="bbox 539 2356 2115 2425">
     <span class='ocr_line' id='line_1_23' title="bbox 539 2356 2115 2425; baseline 0.011 -25"><span class='ocrx_word' id='word_1_157' title='bbox 539 2363 644 2402; x_wconf 92' lang='lat' dir='ltr'><strong>non</strong></span> <span class='ocrx_word' id='word_1_158' title='bbox 683 2365 977 2420; x_wconf 88' lang='lat' dir='ltr'><strong>peccarem,</strong></span> <span class='ocrx_word' id='word_1_159' title='bbox 1016 2364 1107 2408; x_wconf 91' lang='lat' dir='ltr'><strong>aut</strong></span> <span class='ocrx_word' id='word_1_160' title='bbox 1143 2370 1248 2410; x_wconf 91' lang='lat' dir='ltr'><strong>non</strong></span> <span class='ocrx_word' id='word_1_161' title='bbox 1279 2356 1568 2412; x_wconf 79' lang='lat' dir='ltr'><strong>colluctatis</strong></span> <span class='ocrx_word' id='word_1_162' title='bbox 1593 2376 1694 2413; x_wconf 92' lang='lat' dir='ltr'><strong>nou</strong></span> <span class='ocrx_word' id='word_1_163' title='bbox 1726 2359 1992 2425; x_wconf 85' lang='lat' dir='ltr'><strong>caderem,</strong></span> <span class='ocrx_word' id='word_1_164' title='bbox 2023 2372 2115 2417; x_wconf 91' lang='lat' dir='ltr'><strong>aut</strong></span> 
     </span>
    </p>
   </div>
   <div class='ocr_carea' id='block_1_24' title="bbox 540 2445 2110 2520">
    <p class='ocr_par' dir='ltr' id='par_1_24' title="bbox 540 2445 2110 2520">
     <span class='ocr_line' id='line_1_24' title="bbox 540 2445 2110 2520; baseline 0.007 -27"><span class='ocrx_word' id='word_1_165' title='bbox 540 2455 643 2493; x_wconf 84' lang='lat' dir='ltr'><strong>non</strong></span> <span class='ocrx_word' id='word_1_166' title='bbox 667 2457 903 2512; x_wconf 79' lang='lat' dir='ltr'><strong>pugnans</strong></span> <span class='ocrx_word' id='word_1_167' title='bbox 931 2459 1036 2500; x_wconf 90' lang='lat' dir='ltr'><strong>non</strong></span> <span class='ocrx_word' id='word_1_168' title='bbox 1063 2445 1268 2508; x_wconf 84' lang='lat' dir='ltr'><strong>ferirer,</strong></span> <span class='ocrx_word' id='word_1_169' title='bbox 1292 2447 1408 2502; x_wconf 91' lang='lat' dir='ltr'><strong>ideo</strong></span> <span class='ocrx_word' id='word_1_170' title='bbox 1438 2450 1618 2504; x_wconf 90' lang='lat' dir='ltr'><strong>mirari</strong></span> <span class='ocrx_word' id='word_1_171' title='bbox 1641 2459 1930 2520; x_wconf 90' lang='lat' dir='ltr'><strong>oporteret.</strong></span> <span class='ocrx_word' id='word_1_172' title='bbox 1961 2453 2110 2519; x_wconf 80' lang='lat' dir='ltr'><strong>Quis,</strong></span> 
     </span>
    </p>
   </div>
   <div class='ocr_carea' id='block_1_25' title="bbox 537 2535 2113 2613">
    <p class='ocr_par' dir='ltr' id='par_1_25' title="bbox 537 2535 2113 2613">
     <span class='ocr_line' id='line_1_25' title="bbox 537 2535 2113 2613; baseline 0.011 -32"><span class='ocrx_word' id='word_1_173' title='bbox 537 2546 748 2596; x_wconf 73' lang='lat' dir='ltr'><strong>qttmso,</strong></span> <span class='ocrx_word' id='word_1_174' title='bbox 793 2535 913 2603; x_wconf 88' lang='lat' dir='ltr'><strong>quis</strong></span> <span class='ocrx_word' id='word_1_175' title='bbox 955 2536 1342 2606; x_wconf 85' lang='lat' dir='ltr'><strong>improbitatem</strong></span> <span class='ocrx_word' id='word_1_176' title='bbox 1389 2555 1559 2594; x_wconf 86' lang='lat' dir='ltr'><strong>meam</strong></span> <span class='ocrx_word' id='word_1_177' title='bbox 1601 2542 1837 2597; x_wconf 77' lang='lat' dir='ltr'><strong>revelare</strong></span> <span class='ocrx_word' id='word_1_178' title='bbox 1881 2545 2113 2613; x_wconf 88' lang='lat' dir='ltr'><strong>poterit?</strong></span> 
     </span>
    </p>
   </div>
   <div class='ocr_carea' id='block_1_26' title="bbox 535 2628 2112 2700">
    <p class='ocr_par' dir='ltr' id='par_1_26' title="bbox 535 2628 2112 2700">
     <span class='ocr_line' id='line_1_26' title="bbox 535 2628 2112 2700; baseline 0.009 -23"><span class='ocrx_word' id='word_1_179' title='bbox 535 2637 605 2677; x_wconf 84' lang='lat' dir='ltr'><strong>aa</strong></span> <span class='ocrx_word' id='word_1_180' title='bbox 647 2632 860 2686; x_wconf 88' lang='lat' dir='ltr'><strong>tectum,</strong></span> <span class='ocrx_word' id='word_1_181' title='bbox 898 2641 964 2680; x_wconf 91' lang='lat' dir='ltr'><strong>an</strong></span> <span class='ocrx_word' id='word_1_182' title='bbox 1005 2628 1184 2682; x_wconf 71' lang='lat' dir='ltr'><strong>cedes?</strong></span> <span class='ocrx_word' id='word_1_183' title='bbox 1223 2629 1289 2682; x_wconf 78' lang='lat' dir='ltr'><strong>At</strong></span> <span class='ocrx_word' id='word_1_184' title='bbox 1325 2644 1391 2684; x_wconf 90' lang='lat' dir='ltr'><strong>ne</strong></span> <span class='ocrx_word' id='word_1_185' title='bbox 1418 2645 1599 2684; x_wconf 89' lang='lat' dir='ltr'><strong>vocem</strong></span> <span class='ocrx_word' id='word_1_186' title='bbox 1625 2631 1835 2700; x_wconf 79' lang='lat' dir='ltr'><strong>quidem</strong></span> <span class='ocrx_word' id='word_1_187' title='bbox 1867 2635 2112 2691; x_wconf 88' lang='lat' dir='ltr'><strong>emittere</strong></span> 
     </span>
    </p>
   </div>
   <div class='ocr_carea' id='block_1_27' title="bbox 540 2714 2111 2788">
    <p class='ocr_par' dir='ltr' id='par_1_27' title="bbox 540 2714 2111 2788">
     <span class='ocr_line' id='line_1_27' title="bbox 540 2714 2111 2788; baseline 0.01 -22"><span class='ocrx_word' id='word_1_188' title='bbox 540 2714 762 2782; x_wconf 87' lang='lat' dir='ltr'><strong>possint.</strong></span> <span class='ocrx_word' id='word_1_189' title='bbox 807 2717 887 2771; x_wconf 80' lang='lat' dir='ltr'><strong>An</strong></span> <span class='ocrx_word' id='word_1_190' title='bbox 929 2730 1098 2774; x_wconf 85' lang='lat' dir='ltr'><strong>inatcr</strong></span> <span class='ocrx_word' id='word_1_191' title='bbox 1127 2721 1329 2788; x_wconf 89' lang='lat' dir='ltr'><strong>potius,</strong></span> <span class='ocrx_word' id='word_1_192' title='bbox 1368 2723 1450 2776; x_wconf 92' lang='lat' dir='ltr'><strong>cui</strong></span> <span class='ocrx_word' id='word_1_193' title='bbox 1485 2737 1574 2776; x_wconf 88' lang='lat' dir='ltr'><strong>res</strong></span> <span class='ocrx_word' id='word_1_194' title='bbox 1599 2738 1786 2779; x_wconf 90' lang='lat' dir='ltr'><strong>omnes</strong></span> <span class='ocrx_word' id='word_1_195' title='bbox 1811 2741 1942 2780; x_wconf 76' lang='lat' dir='ltr'><strong>mea:</strong></span> <span class='ocrx_word' id='word_1_196' title='bbox 1971 2737 2111 2781; x_wconf 74' lang='lat' dir='ltr'><strong>nota:</strong></span> 
     </span>
    </p>
   </div>
   <div class='ocr_carea' id='block_1_28' title="bbox 537 2807 2107 2886">
    <p class='ocr_par' dir='ltr' id='par_1_28' title="bbox 537 2807 2107 2886">
     <span class='ocr_line' id='line_1_28' title="bbox 537 2807 2107 2886; baseline 0.01 -29"><span class='ocrx_word' id='word_1_197' title='bbox 537 2807 694 2860; x_wconf 83' lang='lat' dir='ltr'><strong>sunt?</strong></span> <span class='ocrx_word' id='word_1_198' title='bbox 735 2808 804 2861; x_wconf 82' lang='lat' dir='ltr'><strong>At</strong></span> <span class='ocrx_word' id='word_1_199' title='bbox 838 2824 903 2862; x_wconf 91' lang='lat' dir='ltr'><strong>ue</strong></span> <span class='ocrx_word' id='word_1_200' title='bbox 931 2825 1050 2864; x_wconf 91' lang='lat' dir='ltr'><strong>cum</strong></span> <span class='ocrx_word' id='word_1_201' title='bbox 1089 2811 1173 2865; x_wconf 92' lang='lat' dir='ltr'><strong>il!a</strong></span> <span class='ocrx_word' id='word_1_202' title='bbox 1213 2813 1424 2882; x_wconf 89' lang='lat' dir='ltr'><strong>quidem</strong></span> <span class='ocrx_word' id='word_1_203' title='bbox 1467 2814 1596 2868; x_wconf 86' lang='lat' dir='ltr'><strong>mibi</strong></span> <span class='ocrx_word' id='word_1_204' title='bbox 1635 2817 1961 2872; x_wconf 87' lang='lat' dir='ltr'><strong>consortium</strong></span> <span class='ocrx_word' id='word_1_205' title='bbox 2007 2828 2107 2886; x_wconf 92' lang='lat' dir='ltr'><strong>est,</strong></span> 
     </span>
    </p>
   </div>
   <div class='ocr_carea' id='block_1_29' title="bbox 539 2896 2108 2978">
    <p class='ocr_par' dir='ltr' id='par_1_29' title="bbox 539 2896 2108 2978">
     <span class='ocr_line' id='line_1_29' title="bbox 539 2896 2108 2978; baseline 0.013 -34"><span class='ocrx_word' id='word_1_206' title='bbox 539 2911 711 2963; x_wconf 75' lang='lat' dir='ltr'><strong>neque</strong></span> <span class='ocrx_word' id='word_1_207' title='bbox 740 2896 877 2952; x_wconf 89' lang='lat' dir='ltr'><strong>inter</strong></span> <span class='ocrx_word' id='word_1_208' title='bbox 907 2914 1003 2953; x_wconf 93' lang='lat' dir='ltr'><strong>nos</strong></span> <span class='ocrx_word' id='word_1_209' title='bbox 1029 2901 1131 2954; x_wconf 75' lang='lat' dir='ltr'><strong>ulla</strong></span> <span class='ocrx_word' id='word_1_210' title='bbox 1163 2917 1410 2972; x_wconf 87' lang='lat' dir='ltr'><strong>umquam</strong></span> <span class='ocrx_word' id='word_1_211' title='bbox 1442 2903 1553 2958; x_wconf 85' lang='lat' dir='ltr'><strong>rixa</strong></span> <span class='ocrx_word' id='word_1_212' title='bbox 1578 2905 1795 2960; x_wconf 84' lang='lat' dir='ltr'><strong>suborta</strong></span> <span class='ocrx_word' id='word_1_213' title='bbox 1819 2917 1900 2962; x_wconf 75' lang='lat' dir='ltr'><strong>est</strong></span> <span class='ocrx_word' id='word_1_214' title='bbox 1929 2926 1942 2963; x_wconf 94' lang='lat'><strong>:</strong></span> <span class='ocrx_word' id='word_1_215' title='bbox 1967 2909 2108 2978; x_wconf 88' lang='lat' dir='ltr'><strong>quod</strong></span> 
     </span>
    </p>
   </div>
   <div class='ocr_carea' id='block_1_30' title="bbox 535 2989 2108 3058">
    <p class='ocr_par' dir='ltr' id='par_1_30' title="bbox 535 2989 2108 3058">
     <span class='ocr_line' id='line_1_30' title="bbox 535 2989 2108 3058; baseline 0.008 -15"><span class='ocrx_word' id='word_1_216' title='bbox 535 2989 741 3043; x_wconf 85' lang='lat' dir='ltr'><strong>etiamsi</strong></span> <span class='ocrx_word' id='word_1_217' title='bbox 766 2990 962 3045; x_wconf 88' lang='lat' dir='ltr'><strong>accidis</strong></span> <span class='ocrx_word' id='word_1_218' title='bbox 979 3002 1042 3045; x_wconf 56' lang='lat' dir='ltr'><strong>&#39;.et</strong></span> <span class='ocrx_word' id='word_1_219' title='bbox 1063 3035 1077 3058; x_wconf 94' lang='lat'><strong>,</strong></span> <span class='ocrx_word' id='word_1_220' title='bbox 1108 2994 1247 3047; x_wconf 93' lang='lat' dir='ltr'><strong>nulla</strong></span> <span class='ocrx_word' id='word_1_221' title='bbox 1286 3004 1455 3049; x_wconf 81' lang='lat' dir='ltr'><strong>mater</strong></span> <span class='ocrx_word' id='word_1_222' title='bbox 1481 2997 1560 3051; x_wconf 89' lang='lat' dir='ltr'><strong>sic</strong></span> <span class='ocrx_word' id='word_1_223' title='bbox 1586 2999 1784 3052; x_wconf 89' lang='lat' dir='ltr'><strong>amoris</strong></span> <span class='ocrx_word' id='word_1_224' title='bbox 1809 3009 1862 3054; x_wconf 92' lang='lat' dir='ltr'><strong>et</strong></span> <span class='ocrx_word' id='word_1_225' title='bbox 1891 2999 2108 3056; x_wconf 65' lang='lat' dir='ltr'><strong>allectus</strong></span> 
     </span>
    </p>
   </div>
   <div class='ocr_carea' id='block_1_31' title="bbox 533 3081 2112 3161">
    <p class='ocr_par' dir='ltr' id='par_1_31' title="bbox 533 3081 2112 3161">
     <span class='ocr_line' id='line_1_31' title="bbox 533 3081 2112 3161; baseline 0.011 -33"><span class='ocrx_word' id='word_1_226' title='bbox 533 3094 654 3147; x_wconf 66' lang='lat' dir='ltr'><strong>erga</strong></span> <span class='ocrx_word' id='word_1_227' title='bbox 686 3081 884 3149; x_wconf 71' lang='lat' dir='ltr'><strong>prolem</strong></span> <span class='ocrx_word' id='word_1_228' title='bbox 911 3098 1107 3153; x_wconf 91' lang='lat' dir='ltr'><strong>expers</strong></span> <span class='ocrx_word' id='word_1_229' title='bbox 1138 3085 1312 3151; x_wconf 89' lang='lat' dir='ltr'><strong>fuerit,</strong></span> <span class='ocrx_word' id='word_1_230' title='bbox 1345 3096 1405 3140; x_wconf 91' lang='lat' dir='ltr'><strong>ut</strong></span> <span class='ocrx_word' id='word_1_231' title='bbox 1431 3102 1585 3156; x_wconf 85' lang='lat' dir='ltr'><strong>quem</strong></span> <span class='ocrx_word' id='word_1_232' title='bbox 1625 3090 1919 3158; x_wconf 86' lang='lat' dir='ltr'><strong>parturivit,</strong></span> <span class='ocrx_word' id='word_1_233' title='bbox 1951 3105 2112 3161; x_wconf 83' lang='lat' dir='ltr'><strong>pepe-</strong></span> 
     </span>
    </p>
   </div>
   <div class='ocr_carea' id='block_1_32' title="bbox 535 3172 2105 3254">
    <p class='ocr_par' dir='ltr' id='par_1_32' title="bbox 535 3172 2105 3254">
     <span class='ocr_line' id='line_1_32' title="bbox 535 3172 2105 3254; baseline 0.007 -29"><span class='ocrx_word' id='word_1_234' title='bbox 535 3176 618 3231; x_wconf 69' lang='lat' dir='ltr'><strong>r.‘t,</strong></span> <span class='ocrx_word' id='word_1_235' title='bbox 645 3172 906 3232; x_wconf 76' lang='lat' dir='ltr'><strong>educavit.</strong></span> <span class='ocrx_word' id='word_1_236' title='bbox 931 3177 1068 3230; x_wconf 65' lang='lat' dir='ltr'><strong>nulla</strong></span> <span class='ocrx_word' id='word_1_237' title='bbox 1099 3176 1399 3247; x_wconf 90' lang='lat' dir='ltr'><strong>impellente</strong></span> <span class='ocrx_word' id='word_1_238' title='bbox 1418 3193 1573 3234; x_wconf 88' lang='lat' dir='ltr'><strong>causa</strong></span> <span class='ocrx_word' id='word_1_239' title='bbox 1599 3181 1843 3252; x_wconf 88' lang='lat' dir='ltr'><strong>nulloque</strong></span> <span class='ocrx_word' id='word_1_240' title='bbox 1863 3193 2105 3254; x_wconf 75' lang='lat' dir='ltr'><strong>cogente,</strong></span> 
     </span>
    </p>
   </div>
   <div class='ocr_carea' id='block_1_33' title="bbox 531 3268 2107 3344">
    <p class='ocr_par' dir='ltr' id='par_1_33' title="bbox 531 3268 2107 3344">
     <span class='ocr_line' id='line_1_33' title="bbox 531 3268 2107 3344; baseline 0.01 -32"><span class='ocrx_word' id='word_1_241' title='bbox 531 3272 744 3318; x_wconf 55' lang='lat' dir='ltr'><strong>accuset</strong></span> <span class='ocrx_word' id='word_1_242' title='bbox 788 3273 944 3334; x_wconf 89' lang='lat' dir='ltr'><strong>atque</strong></span> <span class='ocrx_word' id='word_1_243' title='bbox 986 3268 1294 3322; x_wconf 87' lang='lat' dir='ltr'><strong>criminetur</strong></span> <span class='ocrx_word' id='word_1_244' title='bbox 1335 3270 1472 3339; x_wconf 90' lang='lat' dir='ltr'><strong>apud</strong></span> <span class='ocrx_word' id='word_1_245' title='bbox 1509 3287 1716 3328; x_wconf 87' lang='lat' dir='ltr'><strong>omnes.</strong></span> <span class='ocrx_word' id='word_1_246' title='bbox 1761 3272 1890 3327; x_wconf 86' lang='lat' dir='ltr'><strong>Nam</strong></span> <span class='ocrx_word' id='word_1_247' title='bbox 1921 3274 1963 3328; x_wconf 92' lang='lat' dir='ltr'><strong>si</strong></span> <span class='ocrx_word' id='word_1_248' title='bbox 1989 3273 2107 3344; x_wconf 87' lang='lat' dir='ltr'><strong>quis</strong></span> 
     </span>
    </p>
   </div>
   <div class='ocr_carea' id='block_1_34' title="bbox 529 3352 2107 3432">
    <p class='ocr_par' dir='ltr' id='par_1_34' title="bbox 529 3352 2107 3432">
     <span class='ocr_line' id='line_1_34' title="bbox 529 3352 2107 3432; baseline 0.012 -31"><span class='ocrx_word' id='word_1_249' title='bbox 529 3352 760 3419; x_wconf 67' lang='lat' dir='ltr'><strong>alioquin</strong></span> <span class='ocrx_word' id='word_1_250' title='bbox 799 3353 936 3409; x_wconf 88' lang='lat' dir='ltr'><strong>bane</strong></span> <span class='ocrx_word' id='word_1_251' title='bbox 974 3357 1204 3410; x_wconf 88' lang='lat' dir='ltr'><strong>animam</strong></span> <span class='ocrx_word' id='word_1_252' title='bbox 1240 3369 1472 3414; x_wconf 86' lang='lat' dir='ltr'><strong>nostram</strong></span> <span class='ocrx_word' id='word_1_253' title='bbox 1506 3361 1786 3431; x_wconf 64' lang='lat' dir='ltr'><strong>diligenter</strong></span> <span class='ocrx_word' id='word_1_254' title='bbox 1827 3364 2107 3432; x_wconf 85' lang='lat' dir='ltr'><strong>explorare</strong></span> 
     </span>
    </p>
   </div>
   <div class='ocr_carea' id='block_1_35' title="bbox 532 3439 2102 3522">
    <p class='ocr_par' dir='ltr' id='par_1_35' title="bbox 532 3439 2102 3522">
     <span class='ocr_line' id='line_1_35' title="bbox 532 3439 2102 3522; baseline 0.011 -34"><span class='ocrx_word' id='word_1_255' title='bbox 532 3439 778 3504; x_wconf 86' lang='lat' dir='ltr'><strong>voluerit,</strong></span> <span class='ocrx_word' id='word_1_256' title='bbox 809 3443 945 3497; x_wconf 92' lang='lat' dir='ltr'><strong>mala</strong></span> <span class='ocrx_word' id='word_1_257' title='bbox 982 3445 1144 3499; x_wconf 87' lang='lat' dir='ltr'><strong>multa</strong></span> <span class='ocrx_word' id='word_1_258' title='bbox 1189 3448 1436 3516; x_wconf 70' lang='lat' dir='ltr'><strong>reperiet,</strong></span> <span class='ocrx_word' id='word_1_259' title='bbox 1466 3449 1685 3520; x_wconf 81' lang='lat' dir='ltr'><strong>ipseque</strong></span> <span class='ocrx_word' id='word_1_260' title='bbox 1724 3466 1826 3506; x_wconf 93' lang='lat' dir='ltr'><strong>non</strong></span> <span class='ocrx_word' id='word_1_261' title='bbox 1869 3452 2102 3522; x_wconf 82' lang='lat' dir='ltr'><strong>ignoras,</strong></span> 
     </span>
    </p>
   </div>
   <div class='ocr_carea' id='block_1_36' title="bbox 531 3529 2105 3610">
    <p class='ocr_par' dir='ltr' id='par_1_36' title="bbox 531 3529 2105 3610">
     <span class='ocr_line' id='line_1_36' title="bbox 531 3529 2105 3610; baseline 0.012 -31"><span class='ocrx_word' id='word_1_262' title='bbox 531 3529 620 3597; x_wconf 82' lang='lat' dir='ltr'><strong>qni</strong></span> <span class='ocrx_word' id='word_1_263' title='bbox 660 3532 888 3587; x_wconf 71' lang='lat' dir='ltr'><strong>maxime</strong></span> <span class='ocrx_word' id='word_1_264' title='bbox 929 3535 1165 3589; x_wconf 90' lang='lat' dir='ltr'><strong>omnium</strong></span> <span class='ocrx_word' id='word_1_265' title='bbox 1212 3552 1307 3591; x_wconf 85' lang='lat' dir='ltr'><strong>nos</strong></span> <span class='ocrx_word' id='word_1_266' title='bbox 1351 3537 1591 3594; x_wconf 88' lang='lat' dir='ltr'><strong>laudibus</strong></span> <span class='ocrx_word' id='word_1_267' title='bbox 1635 3545 1775 3610; x_wconf 87' lang='lat' dir='ltr'><strong>apud</strong></span> <span class='ocrx_word' id='word_1_268' title='bbox 1829 3545 2105 3598; x_wconf 80' lang='lat' dir='ltr'><strong>universos</strong></span> 
     </span>
    </p>
   </div>
   <div class='ocr_carea' id='block_1_37' title="bbox 529 3621 2105 3691">
    <p class='ocr_par' dir='ltr' id='par_1_37' title="bbox 529 3621 2105 3691">
     <span class='ocr_line' id='line_1_37' title="bbox 529 3621 2105 3691; baseline 0.011 -17"><span class='ocrx_word' id='word_1_269' title='bbox 529 3621 718 3677; x_wconf 66' lang='lat' dir='ltr'><strong>efferre</strong></span> <span class='ocrx_word' id='word_1_270' title='bbox 757 3624 915 3679; x_wconf 89' lang='lat' dir='ltr'><strong>soles.</strong></span> <span class='ocrx_word' id='word_1_271' title='bbox 962 3625 1112 3691; x_wconf 88' lang='lat' dir='ltr'><strong>Quod</strong></span> <span class='ocrx_word' id='word_1_272' title='bbox 1155 3638 1328 3682; x_wconf 90' lang='lat' dir='ltr'><strong>autem</strong></span> <span class='ocrx_word' id='word_1_273' title='bbox 1371 3645 1475 3684; x_wconf 92' lang='lat' dir='ltr'><strong>non</strong></span> <span class='ocrx_word' id='word_1_274' title='bbox 1516 3633 1787 3687; x_wconf 78' lang='lat' dir='ltr'><strong>modestia:</strong></span> <span class='ocrx_word' id='word_1_275' title='bbox 1823 3649 1981 3689; x_wconf 85' lang='lat' dir='ltr'><strong>causa</strong></span> <span class='ocrx_word' id='word_1_276' title='bbox 2028 3637 2105 3691; x_wconf 90' lang='lat' dir='ltr'><strong>sic</strong></span> 
     </span>
    </p>
   </div>
   <div class='ocr_carea' id='block_1_38' title="bbox 527 3712 2101 3788">
    <p class='ocr_par' dir='ltr' id='par_1_38' title="bbox 527 3712 2101 3788">
     <span class='ocr_line' id='line_1_38' title="bbox 527 3712 2101 3788; baseline 0.011 -24"><span class='ocrx_word' id='word_1_277' title='bbox 527 3712 733 3781; x_wconf 89' lang='lat' dir='ltr'><strong>loquar,</strong></span> <span class='ocrx_word' id='word_1_278' title='bbox 781 3715 1060 3772; x_wconf 83' lang='lat' dir='ltr'><strong>recordare</strong></span> <span class='ocrx_word' id='word_1_279' title='bbox 1105 3719 1310 3788; x_wconf 91' lang='lat' dir='ltr'><strong>quoties</strong></span> <span class='ocrx_word' id='word_1_280' title='bbox 1353 3721 1444 3776; x_wconf 92' lang='lat' dir='ltr'><strong>tibi</strong></span> <span class='ocrx_word' id='word_1_281' title='bbox 1485 3721 1728 3788; x_wconf 80' lang='lat' dir='ltr'><strong>dixerim,</strong></span> <span class='ocrx_word' id='word_1_282' title='bbox 1784 3738 1903 3779; x_wconf 89' lang='lat' dir='ltr'><strong>eum</strong></span> <span class='ocrx_word' id='word_1_283' title='bbox 1960 3726 2101 3781; x_wconf 85' lang='lat' dir='ltr'><strong>idem</strong></span> 
     </span>
    </p>
   </div>
   <div class='ocr_carea' id='block_1_39' title="bbox 527 3808 2098 3884">
    <p class='ocr_par' dir='ltr' id='par_1_39' title="bbox 527 3808 2098 3884">
     <span class='ocr_line' id='line_1_39' title="bbox 527 3808 2098 3884; baseline 0.011 -31"><span class='ocrx_word' id='word_1_284' title='bbox 527 3817 705 3856; x_wconf 83' lang='lat' dir='ltr'><strong>sermo</strong></span> <span class='ocrx_word' id='word_1_285' title='bbox 728 3818 869 3872; x_wconf 78' lang='lat' dir='ltr'><strong>szepe</strong></span> <span class='ocrx_word' id='word_1_286' title='bbox 901 3808 1034 3862; x_wconf 91' lang='lat' dir='ltr'><strong>inter</strong></span> <span class='ocrx_word' id='word_1_287' title='bbox 1062 3823 1158 3862; x_wconf 93' lang='lat' dir='ltr'><strong>nos</strong></span> <span class='ocrx_word' id='word_1_288' title='bbox 1187 3809 1460 3878; x_wconf 89' lang='lat' dir='ltr'><strong>incideret,</strong></span> <span class='ocrx_word' id='word_1_289' title='bbox 1488 3813 1529 3866; x_wconf 90' lang='lat' dir='ltr'><strong>si</strong></span> <span class='ocrx_word' id='word_1_290' title='bbox 1553 3815 1696 3884; x_wconf 89' lang='lat' dir='ltr'><strong>optio</strong></span> <span class='ocrx_word' id='word_1_291' title='bbox 1713 3816 1840 3868; x_wconf 89' lang='lat' dir='ltr'><strong>mihi</strong></span> <span class='ocrx_word' id='word_1_292' title='bbox 1861 3816 2098 3882; x_wconf 88' lang='lat' dir='ltr'><strong>daretur,</strong></span> 
     </span>
    </p>
   </div>
   <div class='ocr_carea' id='block_1_40' title="bbox 529 3895 2102 3978">
    <p class='ocr_par' dir='ltr' id='par_1_40' title="bbox 529 3895 2102 3978">
     <span class='ocr_line' id='line_1_40' title="bbox 529 3895 2102 3978; baseline 0.012 -32"><span class='ocrx_word' id='word_1_293' title='bbox 529 3895 740 3950; x_wconf 82' lang='lat' dir='ltr'><strong>ubinam</strong></span> <span class='ocrx_word' id='word_1_294' title='bbox 763 3899 928 3968; x_wconf 84' lang='lat' dir='ltr'><strong>magis</strong></span> <span class='ocrx_word' id='word_1_295' title='bbox 948 3901 1314 3968; x_wconf 88' lang='lat' dir='ltr'><strong>splendescere</strong></span> <span class='ocrx_word' id='word_1_296' title='bbox 1326 3905 1532 3971; x_wconf 86' lang='lat' dir='ltr'><strong>vellem,</strong></span> <span class='ocrx_word' id='word_1_297' title='bbox 1555 3906 1604 3958; x_wconf 93' lang='lat' dir='ltr'><strong>in</strong></span> <span class='ocrx_word' id='word_1_298' title='bbox 1629 3905 1948 3962; x_wconf 74' lang='lat' dir='ltr'><strong>Ecclesizcne</strong></span> <span class='ocrx_word' id='word_1_299' title='bbox 1965 3925 2102 3978; x_wconf 71' lang='lat' dir='ltr'><strong>pra:-</strong></span> 
     </span>
    </p>
   </div>
   <div class='ocr_carea' id='block_1_41' title="bbox 527 3985 2101 4068">
    <p class='ocr_par' dir='ltr' id='par_1_41' title="bbox 527 3985 2101 4068">
     <span class='ocr_line' id='line_1_41' title="bbox 527 3985 2101 4068; baseline 0.008 -27"><span class='ocrx_word' id='word_1_300' title='bbox 527 3985 750 4048; x_wconf 80' lang='lat' dir='ltr'><strong>t&#39;eetora.</strong></span> <span class='ocrx_word' id='word_1_301' title='bbox 777 4004 841 4042; x_wconf 91' lang='lat' dir='ltr'><strong>an</strong></span> <span class='ocrx_word' id='word_1_302' title='bbox 869 3989 919 4043; x_wconf 92' lang='lat' dir='ltr'><strong>in</strong></span> <span class='ocrx_word' id='word_1_303' title='bbox 952 3992 1239 4046; x_wconf 85' lang='lat' dir='ltr'><strong>monastica</strong></span> <span class='ocrx_word' id='word_1_304' title='bbox 1266 3995 1392 4058; x_wconf 85' lang='lat' dir='ltr'><strong>vita,</strong></span> <span class='ocrx_word' id='word_1_305' title='bbox 1424 4010 1510 4050; x_wconf 91' lang='lat' dir='ltr'><strong>me</strong></span> <span class='ocrx_word' id='word_1_306' title='bbox 1535 3997 1678 4064; x_wconf 90' lang='lat' dir='ltr'><strong>prius</strong></span> <span class='ocrx_word' id='word_1_307' title='bbox 1708 3997 1830 4050; x_wconf 85' lang='lat' dir='ltr'><strong>illud</strong></span> <span class='ocrx_word' id='word_1_308' title='bbox 1858 3999 1978 4051; x_wconf 73' lang='lat' dir='ltr'><strong>vita:</strong></span> <span class='ocrx_word' id='word_1_309' title='bbox 2005 4013 2101 4068; x_wconf 76' lang='lat' dir='ltr'><strong>ge-</strong></span> 
     </span>
    </p>
   </div>
   <div class='ocr_carea' id='block_1_42' title="bbox 527 4077 2098 4154">
    <p class='ocr_par' dir='ltr' id='par_1_42' title="bbox 527 4077 2098 4154">
     <span class='ocr_line' id='line_1_42' title="bbox 527 4077 2098 4154; baseline 0.009 -26"><span class='ocrx_word' id='word_1_310' title='bbox 527 4091 626 4136; x_wconf 84' lang='lat' dir='ltr'><strong>nus</strong></span> <span class='ocrx_word' id='word_1_311' title='bbox 655 4077 798 4131; x_wconf 88' lang='lat' dir='ltr'><strong>mille</strong></span> <span class='ocrx_word' id='word_1_312' title='bbox 822 4079 1036 4134; x_wconf 88' lang='lat' dir='ltr'><strong>calculis</strong></span> <span class='ocrx_word' id='word_1_313' title='bbox 1063 4084 1480 4151; x_wconf 90' lang='lat' dir='ltr'><strong>antepositurum</strong></span> <span class='ocrx_word' id='word_1_314' title='bbox 1508 4103 1520 4137; x_wconf 88' lang='lat'><strong>:</strong></span> <span class='ocrx_word' id='word_1_315' title='bbox 1551 4101 1722 4154; x_wconf 87' lang='lat' dir='ltr'><strong>neque</strong></span> <span class='ocrx_word' id='word_1_316' title='bbox 1756 4087 1896 4140; x_wconf 88' lang='lat' dir='ltr'><strong>enim</strong></span> <span class='ocrx_word' id='word_1_317' title='bbox 1941 4087 2098 4142; x_wconf 83' lang='lat' dir='ltr'><strong>finem</strong></span> 
     </span>
    </p>
   </div>
   <div class='ocr_carea' id='block_1_43' title="bbox 523 4166 2100 4246">
    <p class='ocr_par' dir='ltr' id='par_1_43' title="bbox 523 4166 2100 4246">
     <span class='ocr_line' id='line_1_43' title="bbox 523 4166 2100 4246; baseline 0.008 -28"><span class='ocrx_word' id='word_1_318' title='bbox 523 4166 776 4226; x_wconf 61' lang='lat' dir='ltr'><strong>iaciebant</strong></span> <span class='ocrx_word' id='word_1_319' title='bbox 825 4185 1071 4240; x_wconf 89' lang='lat' dir='ltr'><strong>umquam</strong></span> <span class='ocrx_word' id='word_1_320' title='bbox 1115 4187 1208 4226; x_wconf 91' lang='lat' dir='ltr'><strong>eos</strong></span> <span class='ocrx_word' id='word_1_321' title='bbox 1253 4173 1392 4239; x_wconf 91' lang='lat' dir='ltr'><strong>apud</strong></span> <span class='ocrx_word' id='word_1_322' title='bbox 1435 4181 1487 4228; x_wconf 92' lang='lat' dir='ltr'><strong>te</strong></span> <span class='ocrx_word' id='word_1_323' title='bbox 1522 4172 1864 4244; x_wconf 85' lang='lat' dir='ltr'><strong>suspiciendi,</strong></span> <span class='ocrx_word' id='word_1_324' title='bbox 1894 4177 1982 4246; x_wconf 92' lang='lat' dir='ltr'><strong>qui</strong></span> <span class='ocrx_word' id='word_1_325' title='bbox 2013 4177 2100 4231; x_wconf 81' lang='lat' dir='ltr'><strong>illo</strong></span> 
     </span>
    </p>
   </div>
   <div class='ocr_carea' id='block_1_44' title="bbox 525 4260 2098 4334">
    <p class='ocr_par' dir='ltr' id='par_1_44' title="bbox 525 4260 2098 4334">
     <span class='ocr_line' id='line_1_44' title="bbox 525 4260 2098 4334; baseline 0.009 -24"><span class='ocrx_word' id='word_1_326' title='bbox 525 4260 818 4322; x_wconf 78' lang='lat' dir='ltr'><strong>ministerio</strong></span> <span class='ocrx_word' id='word_1_327' title='bbox 863 4262 1026 4330; x_wconf 87' lang='lat' dir='ltr'><strong>probe</strong></span> <span class='ocrx_word' id='word_1_328' title='bbox 1074 4264 1217 4334; x_wconf 83' lang='lat' dir='ltr'><strong>fungi</strong></span> <span class='ocrx_word' id='word_1_329' title='bbox 1267 4275 1500 4334; x_wconf 88' lang='lat' dir='ltr'><strong>possent.</strong></span> <span class='ocrx_word' id='word_1_330' title='bbox 1563 4266 1712 4334; x_wconf 84' lang='lat' dir='ltr'><strong>Quod</strong></span> <span class='ocrx_word' id='word_1_331' title='bbox 1755 4275 1929 4322; x_wconf 89' lang='lat' dir='ltr'><strong>autem</strong></span> <span class='ocrx_word' id='word_1_332' title='bbox 1971 4269 2098 4324; x_wconf 88' lang='lat' dir='ltr'><strong>illud</strong></span> 
     </span>
    </p>
   </div>
   <div class='ocr_carea' id='block_1_45' title="bbox 521 4350 2098 4424">
    <p class='ocr_par' dir='ltr' id='par_1_45' title="bbox 521 4350 2098 4424">
     <span class='ocr_line' id='line_1_45' title="bbox 521 4350 2098 4424; baseline 0.008 -23"><span class='ocrx_word' id='word_1_333' title='bbox 521 4350 659 4418; x_wconf 88' lang='lat' dir='ltr'><strong>quod</strong></span> <span class='ocrx_word' id='word_1_334' title='bbox 689 4352 815 4406; x_wconf 87' lang='lat' dir='ltr'><strong>tattti</strong></span> <span class='ocrx_word' id='word_1_335' title='bbox 839 4352 1090 4408; x_wconf 81' lang='lat' dir='ltr'><strong>faciebam</strong></span> <span class='ocrx_word' id='word_1_336' title='bbox 1114 4370 1217 4409; x_wconf 91' lang='lat' dir='ltr'><strong>non</strong></span> <span class='ocrx_word' id='word_1_337' title='bbox 1239 4355 1596 4411; x_wconf 83' lang='lat' dir='ltr'><strong>deelinaturus</strong></span> <span class='ocrx_word' id='word_1_338' title='bbox 1618 4356 1854 4424; x_wconf 80' lang='lat' dir='ltr'><strong>fuissem,</strong></span> <span class='ocrx_word' id='word_1_339' title='bbox 1875 4359 1916 4411; x_wconf 93' lang='lat' dir='ltr'><strong>si</strong></span> <span class='ocrx_word' id='word_1_340' title='bbox 1939 4359 2098 4414; x_wconf 91' lang='lat' dir='ltr'><strong>modo</strong></span> 
     </span>
    </p>
   </div>
   <div class='ocr_carea' id='block_1_46' title="bbox 525 4441 2099 4520">
    <p class='ocr_par' dir='ltr' id='par_1_46' title="bbox 525 4441 2099 4520">
     <span class='ocr_line' id='line_1_46' title="bbox 525 4441 2099 4520; baseline 0.01 -29"><span class='ocrx_word' id='word_1_341' title='bbox 525 4441 625 4499; x_wconf 83' lang='lat' dir='ltr'><strong>rite</strong></span> <span class='ocrx_word' id='word_1_342' title='bbox 651 4442 1070 4500; x_wconf 87' lang='lat' dir='ltr'><strong>administrando</strong></span> <span class='ocrx_word' id='word_1_343' title='bbox 1099 4461 1194 4514; x_wconf 89' lang='lat' dir='ltr'><strong>par</strong></span> <span class='ocrx_word' id='word_1_344' title='bbox 1223 4447 1460 4513; x_wconf 81' lang='lat' dir='ltr'><strong>fuissem,</strong></span> <span class='ocrx_word' id='word_1_345' title='bbox 1488 4464 1644 4504; x_wconf 90' lang='lat' dir='ltr'><strong>nemo</strong></span> <span class='ocrx_word' id='word_1_346' title='bbox 1673 4451 1962 4520; x_wconf 82' lang='lat' dir='ltr'><strong>negaverit.</strong></span> <span class='ocrx_word' id='word_1_347' title='bbox 1997 4451 2099 4506; x_wconf 75' lang='lat' dir='ltr'><strong>Ve-</strong></span> 
     </span>
    </p>
   </div>
   <div class='ocr_carea' id='block_1_47' title="bbox 522 4532 2095 4612">
    <p class='ocr_par' dir='ltr' id='par_1_47' title="bbox 522 4532 2095 4612">
     <span class='ocr_line' id='line_1_47' title="bbox 522 4532 2095 4612; baseline 0.01 -30"><span class='ocrx_word' id='word_1_348' title='bbox 522 4545 638 4583; x_wconf 91' lang='lat' dir='ltr'><strong>rum</strong></span> <span class='ocrx_word' id='word_1_349' title='bbox 661 4532 783 4600; x_wconf 87' lang='lat' dir='ltr'><strong>quid</strong></span> <span class='ocrx_word' id='word_1_350' title='bbox 815 4533 1034 4589; x_wconf 82' lang='lat' dir='ltr'><strong>faciam?</strong></span> <span class='ocrx_word' id='word_1_351' title='bbox 1075 4536 1213 4592; x_wconf 72' lang='lat' dir='ltr'><strong>Nihil</strong></span> <span class='ocrx_word' id='word_1_352' title='bbox 1241 4539 1384 4593; x_wconf 86' lang='lat' dir='ltr'><strong>enim</strong></span> <span class='ocrx_word' id='word_1_353' title='bbox 1411 4540 1584 4595; x_wconf 91' lang='lat' dir='ltr'><strong>minus</strong></span> <span class='ocrx_word' id='word_1_354' title='bbox 1607 4551 1788 4612; x_wconf 91' lang='lat' dir='ltr'><strong>aptum</strong></span> <span class='ocrx_word' id='word_1_355' title='bbox 1815 4542 1879 4595; x_wconf 86' lang='lat' dir='ltr'><strong>ad</strong></span> <span class='ocrx_word' id='word_1_356' title='bbox 1907 4542 2095 4596; x_wconf 82' lang='lat' dir='ltr'><strong>Eccle-</strong></span> 
     </span>
    </p>
   </div>
   <div class='ocr_carea' id='block_1_48' title="bbox 521 4621 2093 4702">
    <p class='ocr_par' dir='ltr' id='par_1_48' title="bbox 521 4621 2093 4702">
     <span class='ocr_line' id='line_1_48' title="bbox 521 4621 2093 4702; baseline 0.008 -26"><span class='ocrx_word' id='word_1_357' title='bbox 521 4621 613 4676; x_wconf 72' lang='lat' dir='ltr'><strong>iizc</strong></span> <span class='ocrx_word' id='word_1_358' title='bbox 643 4622 1030 4692; x_wconf 70' lang='lat' dir='ltr'><strong>prmfevturam,</strong></span> <span class='ocrx_word' id='word_1_359' title='bbox 1053 4643 1209 4694; x_wconf 89' lang='lat' dir='ltr'><strong>quam</strong></span> <span class='ocrx_word' id='word_1_360' title='bbox 1239 4631 1478 4683; x_wconf 89' lang='lat' dir='ltr'><strong>socordia</strong></span> <span class='ocrx_word' id='word_1_361' title='bbox 1506 4641 1560 4684; x_wconf 87' lang='lat' dir='ltr'><strong>et</strong></span> <span class='ocrx_word' id='word_1_362' title='bbox 1587 4631 1802 4696; x_wconf 88' lang='lat' dir='ltr'><strong>incuria,</strong></span> <span class='ocrx_word' id='word_1_363' title='bbox 1829 4649 1986 4702; x_wconf 88' lang='lat' dir='ltr'><strong>quam</strong></span> <span class='ocrx_word' id='word_1_364' title='bbox 2006 4634 2093 4688; x_wconf 88' lang='lat' dir='ltr'><strong>alii</strong></span> 
     </span>
    </p>
   </div>
   <div class='ocr_carea' id='block_1_49' title="bbox 522 4718 2090 4795">
    <p class='ocr_par' dir='ltr' id='par_1_49' title="bbox 522 4718 2090 4795">
     <span class='ocr_line' id='line_1_49' title="bbox 522 4718 2090 4795; baseline 0.007 -27"><span class='ocrx_word' id='word_1_365' title='bbox 522 4718 951 4774; x_wconf 76' lang='lat' dir='ltr'><strong>exercitationem</strong></span> <span class='ocrx_word' id='word_1_366' title='bbox 993 4721 1274 4790; x_wconf 88' lang='lat' dir='ltr'><strong>quamdam</strong></span> <span class='ocrx_word' id='word_1_367' title='bbox 1304 4723 1666 4784; x_wconf 83' lang='lat' dir='ltr'><strong>admirabilem</strong></span> <span class='ocrx_word' id='word_1_368' title='bbox 1705 4741 1825 4780; x_wconf 90' lang='lat' dir='ltr'><strong>esse</strong></span> <span class='ocrx_word' id='word_1_369' title='bbox 1863 4735 2090 4795; x_wconf 86' lang='lat' dir='ltr'><strong>putant:</strong></span> 
     </span>
    </p>
   </div>
   <div class='ocr_carea' id='block_1_50' title="bbox 519 4809 2091 4886">
    <p class='ocr_par' dir='ltr' id='par_1_50' title="bbox 519 4809 2091 4886">
     <span class='ocr_line' id='line_1_50' title="bbox 519 4809 2091 4886; baseline 0.008 -27"><span class='ocrx_word' id='word_1_370' title='bbox 519 4822 620 4876; x_wconf 82' lang='lat' dir='ltr'><strong>ego</strong></span> <span class='ocrx_word' id='word_1_371' title='bbox 644 4823 768 4862; x_wconf 90' lang='lat' dir='ltr'><strong>vero</strong></span> <span class='ocrx_word' id='word_1_372' title='bbox 799 4809 938 4862; x_wconf 89' lang='lat' dir='ltr'><strong>illam</strong></span> <span class='ocrx_word' id='word_1_373' title='bbox 963 4825 1058 4864; x_wconf 91' lang='lat' dir='ltr'><strong>ceu</strong></span> <span class='ocrx_word' id='word_1_374' title='bbox 1087 4811 1326 4866; x_wconf 80' lang='lat' dir='ltr'><strong>velamen</strong></span> <span class='ocrx_word' id='word_1_375' title='bbox 1357 4813 1576 4883; x_wconf 69' lang='lat' dir='ltr'><strong>ignaviae</strong></span> <span class='ocrx_word' id='word_1_376' title='bbox 1605 4830 1742 4870; x_wconf 73' lang='lat' dir='ltr'><strong>mete</strong></span> <span class='ocrx_word' id='word_1_377' title='bbox 1768 4815 1958 4880; x_wconf 90' lang='lat' dir='ltr'><strong>habeo,</strong></span> <span class='ocrx_word' id='word_1_378' title='bbox 1987 4831 2091 4886; x_wconf 82' lang='lat' dir='ltr'><strong>qua</strong></span> 
     </span>
    </p>
   </div>
   <div class='ocr_carea' id='block_1_51' title="bbox 517 4897 2092 4976">
    <p class='ocr_par' dir='ltr' id='par_1_51' title="bbox 517 4897 2092 4976">
     <span class='ocr_line' id='line_1_51' title="bbox 517 4897 2092 4976; baseline 0.007 -25"><span class='ocrx_word' id='word_1_379' title='bbox 517 4897 819 4953; x_wconf 81' lang='lat' dir='ltr'><strong>defectuum</strong></span> <span class='ocrx_word' id='word_1_380' title='bbox 850 4915 1090 4956; x_wconf 87' lang='lat' dir='ltr'><strong>meorum</strong></span> <span class='ocrx_word' id='word_1_381' title='bbox 1131 4912 1332 4971; x_wconf 86' lang='lat' dir='ltr'><strong>partem</strong></span> <span class='ocrx_word' id='word_1_382' title='bbox 1371 4903 1654 4958; x_wconf 80' lang='lat' dir='ltr'><strong>maximam</strong></span> <span class='ocrx_word' id='word_1_383' title='bbox 1679 4906 1890 4975; x_wconf 89' lang='lat' dir='ltr'><strong>obtego,</strong></span> <span class='ocrx_word' id='word_1_384' title='bbox 1921 4921 2092 4976; x_wconf 83' lang='lat' dir='ltr'><strong>neque</strong></span> 
     </span>
    </p>
   </div>
   <div class='ocr_carea' id='block_1_52' title="bbox 517 4989 2091 5062">
    <p class='ocr_par' dir='ltr' id='par_1_52' title="bbox 517 4989 2091 5062">
     <span class='ocr_line' id='line_1_52' title="bbox 517 4989 2091 5062; baseline 0.003 -18"><span class='ocrx_word' id='word_1_385' title='bbox 517 5004 638 5045; x_wconf 85' lang='lat' dir='ltr'><strong>sese</strong></span> <span class='ocrx_word' id='word_1_386' title='bbox 677 4989 899 5058; x_wconf 90' lang='lat' dir='ltr'><strong>prodere</strong></span> <span class='ocrx_word' id='word_1_387' title='bbox 939 4991 1126 5060; x_wconf 89' lang='lat' dir='ltr'><strong>patior.</strong></span> <span class='ocrx_word' id='word_1_388' title='bbox 1169 4991 1299 5046; x_wconf 86' lang='lat' dir='ltr'><strong>Nam</strong></span> <span class='ocrx_word' id='word_1_389' title='bbox 1326 4993 1412 5062; x_wconf 91' lang='lat' dir='ltr'><strong>qui</strong></span> <span class='ocrx_word' id='word_1_390' title='bbox 1440 5002 1586 5048; x_wconf 83' lang='lat' dir='ltr'><strong>tante</strong></span> <span class='ocrx_word' id='word_1_391' title='bbox 1606 5003 1691 5049; x_wconf 87' lang='lat' dir='ltr'><strong>est</strong></span> <span class='ocrx_word' id='word_1_392' title='bbox 1716 4995 1825 5047; x_wconf 91' lang='lat' dir='ltr'><strong>otio</strong></span> <span class='ocrx_word' id='word_1_393' title='bbox 1853 5005 1906 5050; x_wconf 93' lang='lat' dir='ltr'><strong>et</strong></span> <span class='ocrx_word' id='word_1_394' title='bbox 1932 5005 2091 5049; x_wconf 75' lang='lat' dir='ltr'><strong>tantm</strong></span> 
     </span>
    </p>
   </div>
   <div class='ocr_carea' id='block_1_53' title="bbox 513 5082 2088 5155">
    <p class='ocr_par' dir='ltr' id='par_1_53' title="bbox 513 5082 2088 5155">
     <span class='ocr_line' id='line_1_53' title="bbox 513 5082 2088 5155; baseline 0.003 -17"><span class='ocrx_word' id='word_1_395' title='bbox 513 5082 676 5148; x_wconf 84' lang='lat' dir='ltr'><strong>quieti</strong></span> <span class='ocrx_word' id='word_1_396' title='bbox 713 5091 976 5146; x_wconf 84' lang='lat' dir='ltr'><strong>assuetus,</strong></span> <span class='ocrx_word' id='word_1_397' title='bbox 1015 5085 1352 5152; x_wconf 82' lang='lat' dir='ltr'><strong>quantumvis</strong></span> <span class='ocrx_word' id='word_1_398' title='bbox 1389 5100 1575 5154; x_wconf 85' lang='lat' dir='ltr'><strong>magna</strong></span> <span class='ocrx_word' id='word_1_399' title='bbox 1609 5086 1679 5141; x_wconf 87' lang='lat' dir='ltr'><strong>sit</strong></span> <span class='ocrx_word' id='word_1_400' title='bbox 1719 5085 1970 5155; x_wconf 84' lang='lat' dir='ltr'><strong>praeditus</strong></span> <span class='ocrx_word' id='word_1_401' title='bbox 2005 5087 2088 5143; x_wconf 79' lang='lat' dir='ltr'><strong>in-</strong></span> 
     </span>
    </p>
   </div>
   <div class='ocr_carea' id='block_1_54' title="bbox 513 5170 2090 5274">
    <p class='ocr_par' dir='ltr' id='par_1_54' title="bbox 513 5170 2090 5274">
     <span class='ocr_line' id='line_1_54' title="bbox 513 5170 2090 5274; baseline 0.006 -51"><span class='ocrx_word' id='word_1_402' title='bbox 513 5170 661 5238; x_wconf 88' lang='lat' dir='ltr'><strong>dole,</strong></span> <span class='ocrx_word' id='word_1_403' title='bbox 689 5171 890 5241; x_wconf 63' lang='lat' dir='ltr'><strong>peritiie</strong></span> <span class='ocrx_word' id='word_1_404' title='bbox 913 5171 1122 5228; x_wconf 80' lang='lat' dir='ltr'><strong>defectu</strong></span> <span class='ocrx_word' id='word_1_405' title='bbox 1149 5173 1324 5228; x_wconf 89' lang='lat' dir='ltr'><strong>statim</strong></span> <span class='ocrx_word' id='word_1_406' title='bbox 1348 5175 1685 5274; x_wconf 68' lang='lat' dir='ltr'><strong>pcrtprhatur</strong></span> <span class='ocrx_word' id='word_1_407' title='bbox 1703 5185 1757 5230; x_wconf 91' lang='lat' dir='ltr'><strong>et</strong></span> <span class='ocrx_word' id='word_1_408' title='bbox 1775 5178 2004 5247; x_wconf 77' lang='lat' dir='ltr'><strong>angitur,</strong></span> <span class='ocrx_word' id='word_1_409' title='bbox 2026 5192 2090 5232; x_wconf 87' lang='lat' dir='ltr'><strong>ac</strong></span> 
     </span>
    </p>
   </div>
   <div class='ocr_carea' id='block_1_55' title="bbox 517 5262 2092 5334">
    <p class='ocr_par' dir='ltr' id='par_1_55' title="bbox 517 5262 2092 5334">
     <span class='ocr_line' id='line_1_55' title="bbox 517 5262 2092 5334; baseline 0.006 -23"><span class='ocrx_word' id='word_1_410' title='bbox 517 5276 622 5318; x_wconf 84' lang='lat' dir='ltr'><strong>non</strong></span> <span class='ocrx_word' id='word_1_411' title='bbox 650 5262 920 5319; x_wconf 86' lang='lat' dir='ltr'><strong>minimam</strong></span> <span class='ocrx_word' id='word_1_412' title='bbox 943 5263 1152 5318; x_wconf 86' lang='lat' dir='ltr'><strong>virtutis</strong></span> <span class='ocrx_word' id='word_1_413' title='bbox 1170 5264 1284 5333; x_wconf 85' lang='lat' dir='ltr'><strong>ejus</strong></span> <span class='ocrx_word' id='word_1_414' title='bbox 1307 5262 1508 5334; x_wconf 85' lang='lat' dir='ltr'><strong>partein</strong></span> <span class='ocrx_word' id='word_1_415' title='bbox 1531 5275 1731 5322; x_wconf 86' lang='lat' dir='ltr'><strong>resecat</strong></span> <span class='ocrx_word' id='word_1_416' title='bbox 1757 5268 2092 5322; x_wconf 83' lang='lat' dir='ltr'><strong>exercitatio-</strong></span> 
     </span>
    </p>
   </div>
   <div class='ocr_carea' id='block_1_56' title="bbox 515 5352 2088 5429">
    <p class='ocr_par' dir='ltr' id='par_1_56' title="bbox 515 5352 2088 5429">
     <span class='ocr_line' id='line_1_56' title="bbox 515 5352 2088 5429; baseline 0.006 -25"><span class='ocrx_word' id='word_1_417' title='bbox 515 5352 599 5414; x_wconf 79' lang='lat' dir='ltr'><strong>nis</strong></span> <span class='ocrx_word' id='word_1_418' title='bbox 642 5352 836 5422; x_wconf 91' lang='lat' dir='ltr'><strong>inopia.</strong></span> <span class='ocrx_word' id='word_1_419' title='bbox 881 5353 1011 5413; x_wconf 89' lang='lat' dir='ltr'><strong>Cum</strong></span> <span class='ocrx_word' id='word_1_420' title='bbox 1050 5361 1227 5410; x_wconf 79' lang='lat' dir='ltr'><strong>autem</strong></span> <span class='ocrx_word' id='word_1_421' title='bbox 1265 5357 1422 5411; x_wconf 89' lang='lat' dir='ltr'><strong>simul</strong></span> <span class='ocrx_word' id='word_1_422' title='bbox 1450 5367 1504 5412; x_wconf 90' lang='lat' dir='ltr'><strong>et</strong></span> <span class='ocrx_word' id='word_1_423' title='bbox 1530 5358 1777 5412; x_wconf 82' lang='lat' dir='ltr'><strong>tardioris</strong></span> <span class='ocrx_word' id='word_1_424' title='bbox 1807 5358 2002 5429; x_wconf 78' lang='lat' dir='ltr'><strong>ingenii</strong></span> <span class='ocrx_word' id='word_1_425' title='bbox 2033 5368 2088 5414; x_wconf 89' lang='lat' dir='ltr'><strong>et</strong></span> 
     </span>
    </p>
   </div>
   <div class='ocr_carea' id='block_1_57' title="bbox 515 5441 2080 5519">
    <p class='ocr_par' dir='ltr' id='par_1_57' title="bbox 515 5441 2080 5519">
     <span class='ocr_line' id='line_1_57' title="bbox 515 5441 2080 5519; baseline 0.008 -28"><span class='ocrx_word' id='word_1_426' title='bbox 515 5441 796 5497; x_wconf 85' lang='lat' dir='ltr'><strong>verborum</strong></span> <span class='ocrx_word' id='word_1_427' title='bbox 842 5447 1297 5516; x_wconf 85' lang='lat' dir='ltr'><strong>certaminumque</strong></span> <span class='ocrx_word' id='word_1_428' title='bbox 1340 5447 1637 5517; x_wconf 86' lang='lat' dir='ltr'><strong>hujusmodi</strong></span> <span class='ocrx_word' id='word_1_429' title='bbox 1679 5465 1870 5519; x_wconf 80' lang='lat' dir='ltr'><strong>expers</strong></span> <span class='ocrx_word' id='word_1_430' title='bbox 1904 5450 2080 5515; x_wconf 81' lang='lat' dir='ltr'><strong>fuerit,</strong></span> 
     </span>
    </p>
   </div>
   <div class='ocr_carea' id='block_1_58' title="bbox 513 5539 2084 5610">
    <p class='ocr_par' dir='ltr' id='par_1_58' title="bbox 513 5539 2084 5610">
     <span class='ocr_line' id='line_1_58' title="bbox 513 5539 2084 5610; baseline 0.009 -27"><span class='ocrx_word' id='word_1_431' title='bbox 513 5549 632 5603; x_wconf 74' lang='lat' dir='ltr'><strong>qua:</strong></span> <span class='ocrx_word' id='word_1_432' title='bbox 655 5549 781 5590; x_wconf 83' lang='lat' dir='ltr'><strong>sane</strong></span> <span class='ocrx_word' id='word_1_433' title='bbox 806 5548 983 5592; x_wconf 90' lang='lat' dir='ltr'><strong>nostra</strong></span> <span class='ocrx_word' id='word_1_434' title='bbox 1008 5539 1242 5594; x_wconf 90' lang='lat' dir='ltr'><strong>conditio</strong></span> <span class='ocrx_word' id='word_1_435' title='bbox 1265 5548 1342 5595; x_wconf 89' lang='lat' dir='ltr'><strong>est</strong></span> <span class='ocrx_word' id='word_1_436' title='bbox 1365 5581 1380 5605; x_wconf 95' lang='lat'><strong>,</strong></span> <span class='ocrx_word' id='word_1_437' title='bbox 1413 5555 1444 5594; x_wconf 89' lang='lat' dir='ltr'><strong>a</strong></span> <span class='ocrx_word' id='word_1_438' title='bbox 1486 5541 1744 5610; x_wconf 88' lang='lat' dir='ltr'><strong>lapidibus</strong></span> <span class='ocrx_word' id='word_1_439' title='bbox 1773 5543 1898 5598; x_wconf 86' lang='lat' dir='ltr'><strong>nihil</strong></span> <span class='ocrx_word' id='word_1_440' title='bbox 1928 5542 2084 5597; x_wconf 81' lang='lat' dir='ltr'><strong>ditl‘e-</strong></span> 
     </span>
    </p>
   </div>
   <div class='ocr_carea' id='block_1_59' title="bbox 516 5626 2077 5700">
    <p class='ocr_par' dir='ltr' id='par_1_59' title="bbox 516 5626 2077 5700">
     <span class='ocr_line' id='line_1_59' title="bbox 516 5626 2077 5700; baseline 0.006 -23"><span class='ocrx_word' id='word_1_441' title='bbox 516 5634 620 5687; x_wconf 85' lang='lat' dir='ltr'><strong>ret,</strong></span> <span class='ocrx_word' id='word_1_442' title='bbox 641 5626 684 5680; x_wconf 90' lang='lat' dir='ltr'><strong>si</strong></span> <span class='ocrx_word' id='word_1_443' title='bbox 718 5627 851 5688; x_wconf 84' lang='lat' dir='ltr'><strong>hanc</strong></span> <span class='ocrx_word' id='word_1_444' title='bbox 875 5629 1125 5700; x_wconf 78' lang='lat' dir='ltr'><strong>suscipiat</strong></span> <span class='ocrx_word' id='word_1_445' title='bbox 1149 5629 1679 5687; x_wconf 89' lang='lat' dir='ltr'><strong>administrationem.</strong></span> <span class='ocrx_word' id='word_1_446' title='bbox 1721 5632 2077 5700; x_wconf 88' lang='lat' dir='ltr'><strong>Quamobrem</strong></span> 
     </span>
    </p>
   </div>
   <div class='ocr_carea' id='block_1_60' title="bbox 517 5717 2078 5792">
    <p class='ocr_par' dir='ltr' id='par_1_60' title="bbox 517 5717 2078 5792">
     <span class='ocr_line' id='line_1_60' title="bbox 517 5717 2078 5792; baseline 0.009 -25"><span class='ocrx_word' id='word_1_447' title='bbox 517 5717 662 5788; x_wconf 80' lang='lat' dir='ltr'><strong>pauci</strong></span> <span class='ocrx_word' id='word_1_448' title='bbox 687 5718 968 5780; x_wconf 81' lang='lat' dir='ltr'><strong>admodum</strong></span> <span class='ocrx_word' id='word_1_449' title='bbox 996 5730 1136 5785; x_wconf 79' lang='lat' dir='ltr'><strong>sunt,</strong></span> <span class='ocrx_word' id='word_1_450' title='bbox 1167 5722 1254 5792; x_wconf 90' lang='lat' dir='ltr'><strong>qui</strong></span> <span class='ocrx_word' id='word_1_451' title='bbox 1280 5737 1344 5779; x_wconf 83' lang='lat' dir='ltr'><strong>ex</strong></span> <span class='ocrx_word' id='word_1_452' title='bbox 1372 5721 1613 5792; x_wconf 56' lang='lat' dir='ltr'><strong>pala‘stra</strong></span> <span class='ocrx_word' id='word_1_453' title='bbox 1641 5723 1726 5778; x_wconf 88' lang='lat' dir='ltr'><strong>illa</strong></span> <span class='ocrx_word' id='word_1_454' title='bbox 1753 5723 1804 5779; x_wconf 92' lang='lat' dir='ltr'><strong>in</strong></span> <span class='ocrx_word' id='word_1_455' title='bbox 1833 5723 1946 5780; x_wconf 65' lang='lat' dir='ltr'><strong>haec</strong></span> <span class='ocrx_word' id='word_1_456' title='bbox 1963 5739 2078 5780; x_wconf 87' lang='lat' dir='ltr'><strong>ecr-</strong></span> 
     </span>
    </p>
   </div>
   <div class='ocr_carea' id='block_1_61' title="bbox 1245 314 3714 396">
    <p class='ocr_par' dir='ltr' id='par_1_61' title="bbox 1245 314 3714 396">
     <span class='ocr_line' id='line_1_61' title="bbox 1245 314 3714 396; baseline 0.005 -26"><span class='ocrx_word' id='word_1_457' title='bbox 1245 314 1302 370; x_wconf 80' lang='lat' dir='ltr'><strong>S.</strong></span> <span class='ocrx_word' id='word_1_458' title='bbox 1330 315 1608 373; x_wconf 73' lang='lat' dir='ltr'><strong>JOANNIS</strong></span> <span class='ocrx_word' id='word_1_459' title='bbox 1646 317 2120 376; x_wconf 69' lang='lat' dir='ltr'><strong>CIIRYSOSTOMI</strong></span> <span class='ocrx_word' id='word_1_460' title='bbox 2159 321 2476 378; x_wconf 76' lang='lat' dir='ltr'><strong>ARClIlEP.</strong></span> <span class='ocrx_word' id='word_1_461' title='bbox 2517 321 3053 381; x_wconf 72' lang='lat' dir='ltr'><strong>CONSTANTINOP.</strong></span> <span class='ocrx_word' id='word_1_462' title='bbox 3633 339 3714 396; x_wconf 62' lang='grc' dir='ltr'><strong>εει</strong></span> 
     </span>
    </p>
   </div>
   <div class='ocr_carea' id='block_1_62' title="bbox 2225 435 3717 519">
    <p class='ocr_par' dir='ltr' id='par_1_62' title="bbox 2225 435 3717 519">
     <span class='ocr_line' id='line_1_62' title="bbox 2225 435 3717 519; baseline 0.009 -29"><span class='ocrx_word' id='word_1_463' title='bbox 2225 435 2417 490; x_wconf 80' lang='lat' dir='ltr'><strong>tamiua</strong></span> <span class='ocrx_word' id='word_1_464' title='bbox 2437 435 2763 492; x_wconf 79' lang='lat' dir='ltr'><strong>descendant</strong></span> <span class='ocrx_word' id='word_1_465' title='bbox 2789 454 2803 490; x_wconf 88' lang='lat'><strong>:</strong></span> <span class='ocrx_word' id='word_1_466' title='bbox 2831 454 2897 492; x_wconf 87' lang='lat' dir='ltr'><strong>ex</strong></span> <span class='ocrx_word' id='word_1_467' title='bbox 2925 439 2987 492; x_wconf 91' lang='lat' dir='ltr'><strong>iis</strong></span> <span class='ocrx_word' id='word_1_468' title='bbox 3007 452 3132 493; x_wconf 88' lang='lat' dir='ltr'><strong>vero</strong></span> <span class='ocrx_word' id='word_1_469' title='bbox 3152 440 3430 509; x_wconf 74' lang='lat' dir='ltr'><strong>complures</strong></span> <span class='ocrx_word' id='word_1_470' title='bbox 3449 459 3553 502; x_wconf 83' lang='lat' dir='ltr'><strong>sese</strong></span> <span class='ocrx_word' id='word_1_471' title='bbox 3571 456 3717 519; x_wconf 76' lang='lat' dir='ltr'><strong>quales</strong></span> 
     </span>
    </p>
   </div>
   <div class='ocr_carea' id='block_1_63' title="bbox 2219 527 3720 610">
    <p class='ocr_par' dir='ltr' id='par_1_63' title="bbox 2219 527 3720 610">
     <span class='ocr_line' id='line_1_63' title="bbox 2219 527 3720 610; baseline 0.011 -29"><span class='ocrx_word' id='word_1_472' title='bbox 2219 527 2324 582; x_wconf 84' lang='lat' dir='ltr'><strong>sint</strong></span> <span class='ocrx_word' id='word_1_473' title='bbox 2354 527 2597 596; x_wconf 90' lang='lat' dir='ltr'><strong>produnt,</strong></span> <span class='ocrx_word' id='word_1_474' title='bbox 2627 529 2805 582; x_wconf 87' lang='lat' dir='ltr'><strong>animo</strong></span> <span class='ocrx_word' id='word_1_475' title='bbox 2825 530 3131 594; x_wconf 81' lang='lat' dir='ltr'><strong>concidunt,</strong></span> <span class='ocrx_word' id='word_1_476' title='bbox 3162 548 3347 603; x_wconf 85' lang='lat' dir='ltr'><strong>resque</strong></span> <span class='ocrx_word' id='word_1_477' title='bbox 3377 546 3426 590; x_wconf 87' lang='lat' dir='ltr'><strong>et</strong></span> <span class='ocrx_word' id='word_1_478' title='bbox 3458 539 3658 610; x_wconf 84' lang='lat' dir='ltr'><strong>ingratas</strong></span> <span class='ocrx_word' id='word_1_479' title='bbox 3677 557 3720 602; x_wconf 83' lang='lat' dir='ltr'><strong>et</strong></span> 
     </span>
    </p>
   </div>
   <div class='ocr_carea' id='block_1_64' title="bbox 2218 618 3722 691">
    <p class='ocr_par' dir='ltr' id='par_1_64' title="bbox 2218 618 3722 691">
     <span class='ocr_line' id='line_1_64' title="bbox 2218 618 3722 691; baseline 0.013 -19"><span class='ocrx_word' id='word_1_480' title='bbox 2218 618 2434 673; x_wconf 85' lang='lat' dir='ltr'><strong>acerbas</strong></span> <span class='ocrx_word' id='word_1_481' title='bbox 2459 619 2597 674; x_wconf 89' lang='lat' dir='ltr'><strong>ferre</strong></span> <span class='ocrx_word' id='word_1_482' title='bbox 2623 631 2900 690; x_wconf 81' lang='lat' dir='ltr'><strong>coguntur.</strong></span> <span class='ocrx_word' id='word_1_483' title='bbox 2949 621 3134 690; x_wconf 87' lang='lat' dir='ltr'><strong>Neque</strong></span> <span class='ocrx_word' id='word_1_484' title='bbox 3173 623 3220 678; x_wconf 92' lang='lat' dir='ltr'><strong>id</strong></span> <span class='ocrx_word' id='word_1_485' title='bbox 3263 625 3440 681; x_wconf 89' lang='lat' dir='ltr'><strong>mirum</strong></span> <span class='ocrx_word' id='word_1_486' title='bbox 3467 631 3722 691; x_wconf 80' lang='lat' dir='ltr'><strong>insolensve</strong></span> 
     </span>
    </p>
   </div>
   <div class='ocr_carea' id='block_1_65' title="bbox 2219 711 3721 787">
    <p class='ocr_par' dir='ltr' id='par_1_65' title="bbox 2219 711 3721 787">
     <span class='ocr_line' id='line_1_65' title="bbox 2219 711 3721 787; baseline 0.011 -22"><span class='ocrx_word' id='word_1_487' title='bbox 2219 721 2319 765; x_wconf 91' lang='lat' dir='ltr'><strong>est.</strong></span> <span class='ocrx_word' id='word_1_488' title='bbox 2347 711 2476 765; x_wconf 87' lang='lat' dir='ltr'><strong>Cum</strong></span> <span class='ocrx_word' id='word_1_489' title='bbox 2498 712 2638 766; x_wconf 89' lang='lat' dir='ltr'><strong>enim</strong></span> <span class='ocrx_word' id='word_1_490' title='bbox 2667 714 2954 767; x_wconf 87' lang='lat' dir='ltr'><strong>certamina</strong></span> <span class='ocrx_word' id='word_1_491' title='bbox 2981 716 3471 787; x_wconf 73' lang='lat' dir='ltr'><strong>exercitationesque</strong></span> <span class='ocrx_word' id='word_1_492' title='bbox 3497 735 3585 776; x_wconf 89' lang='lat' dir='ltr'><strong>non</strong></span> <span class='ocrx_word' id='word_1_493' title='bbox 3607 727 3721 781; x_wconf 57' lang='lat' dir='ltr'><strong>circa</strong></span> 
     </span>
    </p>
   </div>
   <div class='ocr_carea' id='block_1_66' title="bbox 2219 803 3720 875">
    <p class='ocr_par' dir='ltr' id='par_1_66' title="bbox 2219 803 3720 875">
     <span class='ocr_line' id='line_1_66' title="bbox 2219 803 3720 875; baseline 0.009 -21"><span class='ocrx_word' id='word_1_494' title='bbox 2219 817 2305 855; x_wconf 90' lang='lat' dir='ltr'><strong>res</strong></span> <span class='ocrx_word' id='word_1_495' title='bbox 2331 803 2514 856; x_wconf 90' lang='lat' dir='ltr'><strong>solitas</strong></span> <span class='ocrx_word' id='word_1_496' title='bbox 2545 813 2824 857; x_wconf 85' lang='lat' dir='ltr'><strong>versantur</strong></span> <span class='ocrx_word' id='word_1_497' title='bbox 2845 845 2862 869; x_wconf 96' lang='lat'><strong>,</strong></span> <span class='ocrx_word' id='word_1_498' title='bbox 2895 812 3004 858; x_wconf 91' lang='lat' dir='ltr'><strong>tum</strong></span> <span class='ocrx_word' id='word_1_499' title='bbox 3038 806 3082 858; x_wconf 92' lang='lat' dir='ltr'><strong>is</strong></span> <span class='ocrx_word' id='word_1_500' title='bbox 3106 805 3191 875; x_wconf 88' lang='lat' dir='ltr'><strong>qui</strong></span> <span class='ocrx_word' id='word_1_501' title='bbox 3218 807 3443 862; x_wconf 87' lang='lat' dir='ltr'><strong>decertat</strong></span> <span class='ocrx_word' id='word_1_502' title='bbox 3467 811 3527 864; x_wconf 90' lang='lat' dir='ltr'><strong>ab</strong></span> <span class='ocrx_word' id='word_1_503' title='bbox 3550 813 3720 868; x_wconf 70' lang='lat' dir='ltr'><strong>inexer-</strong></span> 
     </span>
    </p>
   </div>
   <div class='ocr_carea' id='block_1_67' title="bbox 2217 891 3726 968">
    <p class='ocr_par' dir='ltr' id='par_1_67' title="bbox 2217 891 3726 968">
     <span class='ocr_line' id='line_1_67' title="bbox 2217 891 3726 968; baseline 0.011 -24"><span class='ocrx_word' id='word_1_504' title='bbox 2217 891 2391 947; x_wconf 87' lang='lat' dir='ltr'><strong>citatis</strong></span> <span class='ocrx_word' id='word_1_505' title='bbox 2441 893 2566 947; x_wconf 89' lang='lat' dir='ltr'><strong>nihil</strong></span> <span class='ocrx_word' id='word_1_506' title='bbox 2609 894 2804 948; x_wconf 81' lang='lat' dir='ltr'><strong>differt.</strong></span> <span class='ocrx_word' id='word_1_507' title='bbox 2867 894 3098 950; x_wconf 86' lang='lat' dir='ltr'><strong>Gloriam</strong></span> <span class='ocrx_word' id='word_1_508' title='bbox 3153 898 3202 952; x_wconf 89' lang='lat' dir='ltr'><strong>in</strong></span> <span class='ocrx_word' id='word_1_509' title='bbox 3253 900 3426 968; x_wconf 90' lang='lat' dir='ltr'><strong>primis</strong></span> <span class='ocrx_word' id='word_1_510' title='bbox 3470 914 3726 961; x_wconf 87' lang='lat' dir='ltr'><strong>contemnat</strong></span> 
     </span>
    </p>
   </div>
   <div class='ocr_carea' id='block_1_68' title="bbox 2219 984 3725 1066">
    <p class='ocr_par' dir='ltr' id='par_1_68' title="bbox 2219 984 3725 1066">
     <span class='ocr_line' id='line_1_68' title="bbox 2219 984 3725 1066; baseline 0.013 -33"><span class='ocrx_word' id='word_1_511' title='bbox 2219 991 2428 1050; x_wconf 80' lang='lat' dir='ltr'><strong>oportet</strong></span> <span class='ocrx_word' id='word_1_512' title='bbox 2462 984 2524 1047; x_wconf 92' lang='lat' dir='ltr'><strong>is,</strong></span> <span class='ocrx_word' id='word_1_513' title='bbox 2552 985 2638 1053; x_wconf 91' lang='lat' dir='ltr'><strong>qui</strong></span> <span class='ocrx_word' id='word_1_514' title='bbox 2671 986 2720 1038; x_wconf 92' lang='lat' dir='ltr'><strong>in</strong></span> <span class='ocrx_word' id='word_1_515' title='bbox 2747 985 2844 1040; x_wconf 91' lang='lat' dir='ltr'><strong>hoc</strong></span> <span class='ocrx_word' id='word_1_516' title='bbox 2871 987 3098 1040; x_wconf 77' lang='lat' dir='ltr'><strong>stadium</strong></span> <span class='ocrx_word' id='word_1_517' title='bbox 3127 988 3410 1056; x_wconf 89' lang='lat' dir='ltr'><strong>descendit,</strong></span> <span class='ocrx_word' id='word_1_518' title='bbox 3433 993 3501 1046; x_wconf 83' lang='lat' dir='ltr'><strong>ira</strong></span> <span class='ocrx_word' id='word_1_519' title='bbox 3526 999 3725 1066; x_wconf 74' lang='lat' dir='ltr'><strong>superior</strong></span> 
     </span>
    </p>
   </div>
   <div class='ocr_carea' id='block_1_69' title="bbox 2218 1075 3725 1153">
    <p class='ocr_par' dir='ltr' id='par_1_69' title="bbox 2218 1075 3725 1153">
     <span class='ocr_line' id='line_1_69' title="bbox 2218 1075 3725 1153; baseline 0.011 -27"><span class='ocrx_word' id='word_1_520' title='bbox 2218 1077 2305 1140; x_wconf 89' lang='lat' dir='ltr'><strong>sit,</strong></span> <span class='ocrx_word' id='word_1_521' title='bbox 2333 1075 2602 1144; x_wconf 75' lang='lat' dir='ltr'><strong>prudentia</strong></span> <span class='ocrx_word' id='word_1_522' title='bbox 2631 1077 2816 1146; x_wconf 91' lang='lat' dir='ltr'><strong>plenus</strong></span> <span class='ocrx_word' id='word_1_523' title='bbox 2838 1080 2999 1132; x_wconf 90' lang='lat' dir='ltr'><strong>multa</strong></span> <span class='ocrx_word' id='word_1_524' title='bbox 3023 1097 3038 1142; x_wconf 88' lang='lat'><strong>;</strong></span> <span class='ocrx_word' id='word_1_525' title='bbox 3069 1080 3188 1133; x_wconf 89' lang='lat' dir='ltr'><strong>huic</strong></span> <span class='ocrx_word' id='word_1_526' title='bbox 3213 1092 3380 1135; x_wconf 89' lang='lat' dir='ltr'><strong>autent</strong></span> <span class='ocrx_word' id='word_1_527' title='bbox 3408 1086 3486 1153; x_wconf 90' lang='lat' dir='ltr'><strong>qui</strong></span> <span class='ocrx_word' id='word_1_528' title='bbox 3516 1089 3725 1141; x_wconf 81' lang='lat' dir='ltr'><strong>monasti-</strong></span> 
     </span>
    </p>
   </div>
   <div class='ocr_carea' id='block_1_70' title="bbox 2219 1167 3727 1235">
    <p class='ocr_par' dir='ltr' id='par_1_70' title="bbox 2219 1167 3727 1235">
     <span class='ocr_line' id='line_1_70' title="bbox 2219 1167 3727 1235; baseline 0.009 -16"><span class='ocrx_word' id='word_1_529' title='bbox 2219 1180 2334 1220; x_wconf 91' lang='lat' dir='ltr'><strong>cam</strong></span> <span class='ocrx_word' id='word_1_530' title='bbox 2376 1167 2714 1235; x_wconf 86' lang='lat' dir='ltr'><strong>amplectitur</strong></span> <span class='ocrx_word' id='word_1_531' title='bbox 2746 1169 2931 1233; x_wconf 83' lang='lat' dir='ltr'><strong>vitam,</strong></span> <span class='ocrx_word' id='word_1_532' title='bbox 2965 1173 3106 1224; x_wconf 90' lang='lat' dir='ltr'><strong>nulla</strong></span> <span class='ocrx_word' id='word_1_533' title='bbox 3147 1175 3520 1228; x_wconf 84' lang='lat' dir='ltr'><strong>exercitationis</strong></span> <span class='ocrx_word' id='word_1_534' title='bbox 3557 1180 3727 1232; x_wconf 85' lang='lat' dir='ltr'><strong>occasio</strong></span> 
     </span>
    </p>
   </div>
   <div class='ocr_carea' id='block_1_71' title="bbox 2221 1257 3727 1334">
    <p class='ocr_par' dir='ltr' id='par_1_71' title="bbox 2221 1257 3727 1334">
     <span class='ocr_line' id='line_1_71' title="bbox 2221 1257 3727 1334; baseline 0.009 -26"><span class='ocrx_word' id='word_1_535' title='bbox 2221 1257 2534 1324; x_wconf 76' lang='lat' dir='ltr'><strong>proponitur</strong></span> <span class='ocrx_word' id='word_1_536' title='bbox 2562 1275 2574 1311; x_wconf 89' lang='lat'><strong>:</strong></span> <span class='ocrx_word' id='word_1_537' title='bbox 2602 1274 2774 1328; x_wconf 83' lang='lat' dir='ltr'><strong>neque</strong></span> <span class='ocrx_word' id='word_1_538' title='bbox 2803 1260 2943 1314; x_wconf 88' lang='lat' dir='ltr'><strong>enim</strong></span> <span class='ocrx_word' id='word_1_539' title='bbox 2979 1261 3170 1315; x_wconf 79' lang='lat' dir='ltr'><strong>adsunt</strong></span> <span class='ocrx_word' id='word_1_540' title='bbox 3211 1263 3359 1317; x_wconf 88' lang='lat' dir='ltr'><strong>ntulti</strong></span> <span class='ocrx_word' id='word_1_541' title='bbox 3379 1306 3392 1328; x_wconf 90' lang='lat'><strong>,</strong></span> <span class='ocrx_word' id='word_1_542' title='bbox 3419 1266 3500 1334; x_wconf 89' lang='lat' dir='ltr'><strong>qui</strong></span> <span class='ocrx_word' id='word_1_543' title='bbox 3533 1265 3656 1320; x_wconf 88' lang='lat' dir='ltr'><strong>illum</strong></span> <span class='ocrx_word' id='word_1_544' title='bbox 3677 1269 3727 1321; x_wconf 83' lang='lat' dir='ltr'><strong>ad</strong></span> 
     </span>
    </p>
   </div>
   <div class='ocr_carea' id='block_1_72' title="bbox 2221 1345 3728 1426">
    <p class='ocr_par' dir='ltr' id='par_1_72' title="bbox 2221 1345 3728 1426">
     <span class='ocr_line' id='line_1_72' title="bbox 2221 1345 3728 1426; baseline 0.009 -28"><span class='ocrx_word' id='word_1_545' title='bbox 2221 1345 2350 1398; x_wconf 92' lang='lat' dir='ltr'><strong>iram</strong></span> <span class='ocrx_word' id='word_1_546' title='bbox 2388 1348 2683 1411; x_wconf 87' lang='lat' dir='ltr'><strong>concitent.</strong></span> <span class='ocrx_word' id='word_1_547' title='bbox 2714 1359 2768 1404; x_wconf 91' lang='lat' dir='ltr'><strong>ut</strong></span> <span class='ocrx_word' id='word_1_548' title='bbox 2804 1349 2896 1405; x_wconf 59' lang='lat' dir='ltr'><strong>ira:</strong></span> <span class='ocrx_word' id='word_1_549' title='bbox 2922 1351 3022 1404; x_wconf 91' lang='lat' dir='ltr'><strong>vim</strong></span> <span class='ocrx_word' id='word_1_550' title='bbox 3062 1368 3306 1409; x_wconf 89' lang='lat' dir='ltr'><strong>coercere</strong></span> <span class='ocrx_word' id='word_1_551' title='bbox 3333 1355 3526 1409; x_wconf 91' lang='lat' dir='ltr'><strong>studeat</strong></span> <span class='ocrx_word' id='word_1_552' title='bbox 3558 1372 3728 1426; x_wconf 82' lang='lat' dir='ltr'><strong>:neque</strong></span> 
     </span>
    </p>
   </div>
   <div class='ocr_carea' id='block_1_73' title="bbox 2218 1436 3728 1514">
    <p class='ocr_par' dir='ltr' id='par_1_73' title="bbox 2218 1436 3728 1514">
     <span class='ocr_line' id='line_1_73' title="bbox 2218 1436 3728 1514; baseline 0.008 -27"><span class='ocrx_word' id='word_1_553' title='bbox 2218 1436 2306 1504; x_wconf 90' lang='lat' dir='ltr'><strong>qui</strong></span> <span class='ocrx_word' id='word_1_554' title='bbox 2349 1436 2494 1490; x_wconf 89' lang='lat' dir='ltr'><strong>illum</strong></span> <span class='ocrx_word' id='word_1_555' title='bbox 2523 1437 2796 1504; x_wconf 90' lang='lat' dir='ltr'><strong>mirentur,</strong></span> <span class='ocrx_word' id='word_1_556' title='bbox 2836 1439 3040 1510; x_wconf 91' lang='lat' dir='ltr'><strong>ipsique</strong></span> <span class='ocrx_word' id='word_1_557' title='bbox 3082 1443 3347 1510; x_wconf 85' lang='lat' dir='ltr'><strong>plaudant,</strong></span> <span class='ocrx_word' id='word_1_558' title='bbox 3378 1453 3434 1497; x_wconf 91' lang='lat' dir='ltr'><strong>ut</strong></span> <span class='ocrx_word' id='word_1_559' title='bbox 3473 1446 3728 1514; x_wconf 82' lang='lat' dir='ltr'><strong>popularem</strong></span> 
     </span>
    </p>
   </div>
   <div class='ocr_carea' id='block_1_74' title="bbox 2218 1529 3728 1606">
    <p class='ocr_par' dir='ltr' id='par_1_74' title="bbox 2218 1529 3728 1606">
     <span class='ocr_line' id='line_1_74' title="bbox 2218 1529 3728 1606; baseline 0.009 -28"><span class='ocrx_word' id='word_1_560' title='bbox 2218 1540 2398 1580; x_wconf 86' lang='lat' dir='ltr'><strong>auram</strong></span> <span class='ocrx_word' id='word_1_561' title='bbox 2447 1529 2713 1597; x_wconf 89' lang='lat' dir='ltr'><strong>respicere</strong></span> <span class='ocrx_word' id='word_1_562' title='bbox 2755 1531 2922 1586; x_wconf 89' lang='lat' dir='ltr'><strong>discat</strong></span> <span class='ocrx_word' id='word_1_563' title='bbox 2953 1549 2967 1587; x_wconf 92' lang='lat'><strong>:</strong></span> <span class='ocrx_word' id='word_1_564' title='bbox 3006 1534 3294 1602; x_wconf 76' lang='lat' dir='ltr'><strong>prudentia:</strong></span> <span class='ocrx_word' id='word_1_565' title='bbox 3327 1544 3513 1600; x_wconf 86' lang='lat' dir='ltr'><strong>autem,</strong></span> <span class='ocrx_word' id='word_1_566' title='bbox 3555 1554 3652 1606; x_wconf 79' lang='lat' dir='ltr'><strong>quze</strong></span> <span class='ocrx_word' id='word_1_567' title='bbox 3688 1540 3728 1592; x_wconf 92' lang='lat' dir='ltr'><strong>in</strong></span> 
     </span>
    </p>
   </div>
   <div class='ocr_carea' id='block_1_75' title="bbox 2221 1616 3730 1697">
    <p class='ocr_par' dir='ltr' id='par_1_75' title="bbox 2221 1616 3730 1697">
     <span class='ocr_line' id='line_1_75' title="bbox 2221 1616 3730 1697; baseline 0.008 -27"><span class='ocrx_word' id='word_1_568' title='bbox 2221 1616 2457 1671; x_wconf 73' lang='lat' dir='ltr'><strong>Ecclesia</strong></span> <span class='ocrx_word' id='word_1_569' title='bbox 2499 1619 2914 1676; x_wconf 86' lang='lat' dir='ltr'><strong>administranda</strong></span> <span class='ocrx_word' id='word_1_570' title='bbox 2953 1625 3241 1692; x_wconf 87' lang='lat' dir='ltr'><strong>requiritur</strong></span> <span class='ocrx_word' id='word_1_571' title='bbox 3261 1667 3275 1690; x_wconf 96' lang='lat'><strong>,</strong></span> <span class='ocrx_word' id='word_1_572' title='bbox 3305 1642 3404 1680; x_wconf 90' lang='lat' dir='ltr'><strong>non</strong></span> <span class='ocrx_word' id='word_1_573' title='bbox 3433 1643 3598 1697; x_wconf 86' lang='lat' dir='ltr'><strong>magna</strong></span> <span class='ocrx_word' id='word_1_574' title='bbox 3622 1630 3730 1696; x_wconf 83' lang='lat' dir='ltr'><strong>apud</strong></span> 
     </span>
    </p>
   </div>
   <div class='ocr_carea' id='block_1_76' title="bbox 2220 1706 3731 1785">
    <p class='ocr_par' dir='ltr' id='par_1_76' title="bbox 2220 1706 3731 1785">
     <span class='ocr_line' id='line_1_76' title="bbox 2220 1706 3731 1785; baseline 0.009 -26"><span class='ocrx_word' id='word_1_575' title='bbox 2220 1706 2337 1760; x_wconf 83' lang='lat' dir='ltr'><strong>illos</strong></span> <span class='ocrx_word' id='word_1_576' title='bbox 2369 1723 2492 1762; x_wconf 91' lang='lat' dir='ltr'><strong>cura</strong></span> <span class='ocrx_word' id='word_1_577' title='bbox 2520 1707 2761 1766; x_wconf 85' lang='lat' dir='ltr'><strong>habetur.</strong></span> <span class='ocrx_word' id='word_1_578' title='bbox 2818 1713 2945 1768; x_wconf 82' lang='lat' dir='ltr'><strong>Cum</strong></span> <span class='ocrx_word' id='word_1_579' title='bbox 2975 1716 3134 1785; x_wconf 79' lang='lat' dir='ltr'><strong>igitur</strong></span> <span class='ocrx_word' id='word_1_580' title='bbox 3157 1717 3223 1770; x_wconf 90' lang='lat' dir='ltr'><strong>ad</strong></span> <span class='ocrx_word' id='word_1_581' title='bbox 3248 1719 3522 1772; x_wconf 87' lang='lat' dir='ltr'><strong>certamina</strong></span> <span class='ocrx_word' id='word_1_582' title='bbox 3547 1719 3731 1773; x_wconf 78' lang='lat' dir='ltr'><strong>descen-</strong></span> 
     </span>
    </p>
   </div>
   <div class='ocr_carea' id='block_1_77' title="bbox 2218 1796 3730 1876">
    <p class='ocr_par' dir='ltr' id='par_1_77' title="bbox 2218 1796 3730 1876">
     <span class='ocr_line' id='line_1_77' title="bbox 2218 1796 3730 1876; baseline 0.007 -25"><span class='ocrx_word' id='word_1_583' title='bbox 2218 1796 2430 1867; x_wconf 88' lang='lat' dir='ltr'><strong>derint,</strong></span> <span class='ocrx_word' id='word_1_584' title='bbox 2480 1815 2705 1870; x_wconf 91' lang='lat' dir='ltr'><strong>quorum</strong></span> <span class='ocrx_word' id='word_1_585' title='bbox 2749 1804 2947 1858; x_wconf 87' lang='lat' dir='ltr'><strong>nullum</strong></span> <span class='ocrx_word' id='word_1_586' title='bbox 2991 1817 3146 1862; x_wconf 90' lang='lat' dir='ltr'><strong>antea</strong></span> <span class='ocrx_word' id='word_1_587' title='bbox 3201 1809 3474 1876; x_wconf 88' lang='lat' dir='ltr'><strong>periculum</strong></span> <span class='ocrx_word' id='word_1_588' title='bbox 3515 1809 3730 1875; x_wconf 77' lang='lat' dir='ltr'><strong>fecerunt,</strong></span> 
     </span>
    </p>
   </div>
   <div class='ocr_carea' id='block_1_78' title="bbox 2219 1885 3728 1966">
    <p class='ocr_par' dir='ltr' id='par_1_78' title="bbox 2219 1885 3728 1966">
     <span class='ocr_line' id='line_1_78' title="bbox 2219 1885 3728 1966; baseline 0.007 -26"><span class='ocrx_word' id='word_1_589' title='bbox 2219 1885 2442 1955; x_wconf 69' lang='lat' dir='ltr'><strong>luerent,</strong></span> <span class='ocrx_word' id='word_1_590' title='bbox 2466 1891 2722 1960; x_wconf 78' lang='lat' dir='ltr'><strong>vertigine</strong></span> <span class='ocrx_word' id='word_1_591' title='bbox 2743 1901 2796 1947; x_wconf 90' lang='lat' dir='ltr'><strong>et</strong></span> <span class='ocrx_word' id='word_1_592' title='bbox 2819 1890 3024 1948; x_wconf 86' lang='lat' dir='ltr'><strong>consilii</strong></span> <span class='ocrx_word' id='word_1_593' title='bbox 3055 1896 3229 1966; x_wconf 90' lang='lat' dir='ltr'><strong>inopia</strong></span> <span class='ocrx_word' id='word_1_594' title='bbox 3259 1897 3488 1952; x_wconf 87' lang='lat' dir='ltr'><strong>laborant</strong></span> <span class='ocrx_word' id='word_1_595' title='bbox 3509 1917 3520 1953; x_wconf 87' lang='lat'>:</span> <span class='ocrx_word' id='word_1_596' title='bbox 3542 1913 3595 1952; x_wconf 90' lang='lat' dir='ltr'><strong>ac</strong></span> <span class='ocrx_word' id='word_1_597' title='bbox 3621 1915 3728 1966; x_wconf 80' lang='lat' dir='ltr'><strong>pra:-</strong></span> 
     </span>
    </p>
   </div>
   <div class='ocr_carea' id='block_1_79' title="bbox 2220 1981 3731 2057">
    <p class='ocr_par' dir='ltr' id='par_1_79' title="bbox 2220 1981 3731 2057">
     <span class='ocr_line' id='line_1_79' title="bbox 2220 1981 3731 2057; baseline 0.007 -27"><span class='ocrx_word' id='word_1_598' title='bbox 2220 1985 2455 2046; x_wconf 89' lang='lat' dir='ltr'><strong>terquam</strong></span> <span class='ocrx_word' id='word_1_599' title='bbox 2477 1981 2616 2050; x_wconf 91' lang='lat' dir='ltr'><strong>quod</strong></span> <span class='ocrx_word' id='word_1_600' title='bbox 2638 1981 2704 2035; x_wconf 91' lang='lat' dir='ltr'><strong>ad</strong></span> <span class='ocrx_word' id='word_1_601' title='bbox 2724 1982 2971 2038; x_wconf 73' lang='lat' dir='ltr'><strong>virtutem</strong></span> <span class='ocrx_word' id='word_1_602' title='bbox 2995 1986 3195 2040; x_wconf 90' lang='lat' dir='ltr'><strong>nullum</strong></span> <span class='ocrx_word' id='word_1_603' title='bbox 3219 2002 3538 2057; x_wconf 86' lang='lat' dir='ltr'><strong>progressum</strong></span> <span class='ocrx_word' id='word_1_604' title='bbox 3555 1988 3731 2051; x_wconf 84' lang='lat' dir='ltr'><strong>faciunt,</strong></span> 
     </span>
    </p>
   </div>
   <div class='ocr_carea' id='block_1_80' title="bbox 2217 2070 3732 2150">
    <p class='ocr_par' dir='ltr' id='par_1_80' title="bbox 2217 2070 3732 2150">
     <span class='ocr_line' id='line_1_80' title="bbox 2217 2070 3732 2150; baseline 0.008 -28"><span class='ocrx_word' id='word_1_605' title='bbox 2217 2070 2376 2123; x_wconf 90' lang='lat' dir='ltr'><strong>etiam</strong></span> <span class='ocrx_word' id='word_1_606' title='bbox 2407 2085 2614 2137; x_wconf 86' lang='lat' dir='ltr'><strong>eorum,</strong></span> <span class='ocrx_word' id='word_1_607' title='bbox 2645 2088 2766 2144; x_wconf 77' lang='lat' dir='ltr'><strong>qua:</strong></span> <span class='ocrx_word' id='word_1_608' title='bbox 2797 2075 2943 2144; x_wconf 86' lang='lat' dir='ltr'><strong>prius</strong></span> <span class='ocrx_word' id='word_1_609' title='bbox 2972 2077 3259 2147; x_wconf 87' lang='lat' dir='ltr'><strong>habebant,</strong></span> <span class='ocrx_word' id='word_1_610' title='bbox 3285 2079 3732 2150; x_wconf 83' lang='lat' dir='ltr'><strong>plcrumquejactu-</strong></span> 
     </span>
    </p>
   </div>
   <div class='ocr_carea' id='block_1_81' title="bbox 2217 2161 2570 2218">
    <p class='ocr_par' dir='ltr' id='par_1_81' title="bbox 2217 2161 2570 2218">
     <span class='ocr_line' id='line_1_81' title="bbox 2217 2161 2570 2218; baseline 0.006 -2"><span class='ocrx_word' id='word_1_611' title='bbox 2217 2177 2330 2216; x_wconf 74' lang='lat' dir='ltr'><strong>ram</strong></span> <span class='ocrx_word' id='word_1_612' title='bbox 2359 2161 2570 2218; x_wconf 79' lang='lat' dir='ltr'><strong>faciunt.</strong></span> 
     </span>
    </p>
   </div>
   <div class='ocr_carea' id='block_1_82' title="bbox 2287 2253 3730 2331">
    <p class='ocr_par' dir='ltr' id='par_1_82' title="bbox 2287 2253 3730 2331">
     <span class='ocr_line' id='line_1_82' title="bbox 2287 2253 3730 2331; baseline 0.003 -21"><span class='ocrx_word' id='word_1_613' title='bbox 2287 2254 2340 2310; x_wconf 88' lang='lat'><strong>8.</strong></span> <span class='ocrx_word' id='word_1_614' title='bbox 2379 2253 2602 2311; x_wconf 75' lang='lat' dir='ltr'><strong>Facilior</strong></span> <span class='ocrx_word' id='word_1_615' title='bbox 2625 2258 2725 2312; x_wconf 75' lang='lat' dir='ltr'><strong>vita</strong></span> <span class='ocrx_word' id='word_1_616' title='bbox 2758 2261 2990 2315; x_wconf 79' lang='lat' dir='ltr'><strong>monac/ti</strong></span> <span class='ocrx_word' id='word_1_617' title='bbox 3034 2279 3186 2331; x_wconf 85' lang='lat' dir='ltr'><strong>quam</strong></span> <span class='ocrx_word' id='word_1_618' title='bbox 3215 2263 3494 2316; x_wconf 81' lang='lat' dir='ltr'><strong>sacerdotis.</strong></span> <span class='ocrx_word' id='word_1_619' title='bbox 3535 2293 3596 2303; x_wconf 90' lang='lat'><strong>-—-</strong></span> <span class='ocrx_word' id='word_1_620' title='bbox 3627 2261 3730 2318; x_wconf 87' lang='lat' dir='ltr'><strong>Tutu</strong></span> 
     </span>
    </p>
   </div>
   <div class='ocr_carea' id='block_1_83' title="bbox 2219 2345 3731 2425">
    <p class='ocr_par' dir='ltr' id='par_1_83' title="bbox 2219 2345 3731 2425">
     <span class='ocr_line' id='line_1_83' title="bbox 2219 2345 3731 2425; baseline 0.006 -26"><span class='ocrx_word' id='word_1_621' title='bbox 2219 2345 2522 2402; x_wconf 73' lang='lat' dir='ltr'><strong>BASILIUS</strong></span> <span class='ocrx_word' id='word_1_622' title='bbox 2551 2366 2564 2402; x_wconf 90' lang='lat'><strong>:</strong></span> <span class='ocrx_word' id='word_1_623' title='bbox 2593 2350 2727 2418; x_wconf 83' lang='lat' dir='ltr'><strong>Quid</strong></span> <span class='ocrx_word' id='word_1_624' title='bbox 2754 2353 2954 2420; x_wconf 83' lang='lat' dir='ltr'><strong>igitur?</strong></span> <span class='ocrx_word' id='word_1_625' title='bbox 2984 2370 3048 2407; x_wconf 91' lang='lat' dir='ltr'><strong>an</strong></span> <span class='ocrx_word' id='word_1_626' title='bbox 3073 2370 3188 2421; x_wconf 89' lang='lat' dir='ltr'><strong>eos,</strong></span> <span class='ocrx_word' id='word_1_627' title='bbox 3221 2357 3306 2425; x_wconf 92' lang='lat' dir='ltr'><strong>qui</strong></span> <span class='ocrx_word' id='word_1_628' title='bbox 3335 2356 3383 2410; x_wconf 92' lang='lat' dir='ltr'><strong>iu</strong></span> <span class='ocrx_word' id='word_1_629' title='bbox 3410 2355 3570 2410; x_wconf 82' lang='lat' dir='ltr'><strong>medio</strong></span> <span class='ocrx_word' id='word_1_630' title='bbox 3591 2371 3731 2409; x_wconf 83' lang='lat' dir='ltr'><strong>reruni</strong></span> 
     </span>
    </p>
   </div>
   <div class='ocr_carea' id='block_1_84' title="bbox 2215 2442 3731 2518">
    <p class='ocr_par' dir='ltr' id='par_1_84' title="bbox 2215 2442 3731 2518">
     <span class='ocr_line' id='line_1_84' title="bbox 2215 2442 3731 2518; baseline 0.005 -27"><span class='ocrx_word' id='word_1_631' title='bbox 2215 2450 2506 2501; x_wconf 78' lang='lat' dir='ltr'><strong>versantur,</strong></span> <span class='ocrx_word' id='word_1_632' title='bbox 2541 2442 2629 2511; x_wconf 92' lang='lat' dir='ltr'><strong>qui</strong></span> <span class='ocrx_word' id='word_1_633' title='bbox 2659 2442 2726 2497; x_wconf 91' lang='lat' dir='ltr'><strong>de</strong></span> <span class='ocrx_word' id='word_1_634' title='bbox 2755 2445 3096 2499; x_wconf 70' lang='lat' dir='ltr'><strong>stncularibus</strong></span> <span class='ocrx_word' id='word_1_635' title='bbox 3121 2448 3343 2517; x_wconf 89' lang='lat' dir='ltr'><strong>negotiis</strong></span> <span class='ocrx_word' id='word_1_636' title='bbox 3365 2463 3532 2503; x_wconf 90' lang='lat' dir='ltr'><strong>curam</strong></span> <span class='ocrx_word' id='word_1_637' title='bbox 3558 2458 3731 2518; x_wconf 80' lang='lat' dir='ltr'><strong>gerunt,</strong></span> 
     </span>
    </p>
   </div>
   <div class='ocr_carea' id='block_1_85' title="bbox 2217 2530 3736 2607">
    <p class='ocr_par' dir='ltr' id='par_1_85' title="bbox 2217 2530 3736 2607">
     <span class='ocr_line' id='line_1_85' title="bbox 2217 2530 3736 2607; baseline 0.005 -25"><span class='ocrx_word' id='word_1_638' title='bbox 2217 2530 2305 2599; x_wconf 92' lang='lat' dir='ltr'><strong>qui</strong></span> <span class='ocrx_word' id='word_1_639' title='bbox 2331 2531 2381 2584; x_wconf 94' lang='lat' dir='ltr'><strong>in</strong></span> <span class='ocrx_word' id='word_1_640' title='bbox 2413 2532 2546 2586; x_wconf 81' lang='lat' dir='ltr'><strong>rixis</strong></span> <span class='ocrx_word' id='word_1_641' title='bbox 2571 2541 2625 2587; x_wconf 90' lang='lat' dir='ltr'><strong>et</strong></span> <span class='ocrx_word' id='word_1_642' title='bbox 2655 2534 2914 2588; x_wconf 89' lang='lat' dir='ltr'><strong>conviciis</strong></span> <span class='ocrx_word' id='word_1_643' title='bbox 2944 2544 3153 2590; x_wconf 71' lang='lat' dir='ltr'><strong>mtatem</strong></span> <span class='ocrx_word' id='word_1_644' title='bbox 3183 2539 3553 2604; x_wconf 88' lang='lat' dir='ltr'><strong>contriverunt,</strong></span> <span class='ocrx_word' id='word_1_645' title='bbox 3576 2538 3650 2607; x_wconf 88' lang='lat' dir='ltr'><strong>qui</strong></span> <span class='ocrx_word' id='word_1_646' title='bbox 3673 2537 3736 2590; x_wconf 81' lang='lat' dir='ltr'><strong>in-</strong></span> 
     </span>
    </p>
   </div>
   <div class='ocr_carea' id='block_1_86' title="bbox 2213 2623 3732 2699">
    <p class='ocr_par' dir='ltr' id='par_1_86' title="bbox 2213 2623 3732 2699">
     <span class='ocr_line' id='line_1_86' title="bbox 2213 2623 3732 2699; baseline 0.005 -24"><span class='ocrx_word' id='word_1_647' title='bbox 2213 2623 2356 2691; x_wconf 89' lang='lat' dir='ltr'><strong>genti</strong></span> <span class='ocrx_word' id='word_1_648' title='bbox 2385 2623 2700 2681; x_wconf 85' lang='lat' dir='ltr'><strong>dexteritate</strong></span> <span class='ocrx_word' id='word_1_649' title='bbox 2734 2626 2874 2696; x_wconf 83' lang='lat' dir='ltr'><strong>pleni</strong></span> <span class='ocrx_word' id='word_1_650' title='bbox 2918 2638 3074 2696; x_wconf 91' lang='lat' dir='ltr'><strong>sunt,</strong></span> <span class='ocrx_word' id='word_1_651' title='bbox 3104 2631 3195 2699; x_wconf 93' lang='lat' dir='ltr'><strong>qui</strong></span> <span class='ocrx_word' id='word_1_652' title='bbox 3227 2629 3427 2685; x_wconf 89' lang='lat' dir='ltr'><strong>deliciis</strong></span> <span class='ocrx_word' id='word_1_653' title='bbox 3463 2644 3732 2689; x_wconf 85' lang='lat' dir='ltr'><strong>assuevere,</strong></span> 
     </span>
    </p>
   </div>
   <div class='ocr_carea' id='block_1_87' title="bbox 2217 2713 3734 2787">
    <p class='ocr_par' dir='ltr' id='par_1_87' title="bbox 2217 2713 3734 2787">
     <span class='ocr_line' id='line_1_87' title="bbox 2217 2713 3734 2787; baseline 0.003 -21"><span class='ocrx_word' id='word_1_654' title='bbox 2217 2713 2466 2768; x_wconf 70' lang='lat' dir='ltr'><strong>Eeclcsim</strong></span> <span class='ocrx_word' id='word_1_655' title='bbox 2517 2717 2757 2786; x_wconf 90' lang='lat' dir='ltr'><strong>regimini</strong></span> <span class='ocrx_word' id='word_1_656' title='bbox 2809 2719 3198 2787; x_wconf 76' lang='lat' dir='ltr'><strong>prreﬁcicmus?</strong></span> <span class='ocrx_word' id='word_1_657' title='bbox 3227 2719 3578 2776; x_wconf 78' lang='lat' dir='ltr'><strong>CHRYSOST.</strong></span> <span class='ocrx_word' id='word_1_658' title='bbox 3619 2719 3734 2774; x_wconf 80' lang='lat' dir='ltr'><strong>BOna</strong></span> 
     </span>
    </p>
   </div>
   <div class='ocr_carea' id='block_1_88' title="bbox 2215 2807 3732 2883">
    <p class='ocr_par' dir='ltr' id='par_1_88' title="bbox 2215 2807 3732 2883">
     <span class='ocr_line' id='line_1_88' title="bbox 2215 2807 3732 2883; baseline 0.003 -26"><span class='ocrx_word' id='word_1_659' title='bbox 2215 2807 2373 2860; x_wconf 88' lang='lat' dir='ltr'><strong>verba</strong></span> <span class='ocrx_word' id='word_1_660' title='bbox 2401 2848 2414 2871; x_wconf 92' lang='lat'><strong>,</strong></span> <span class='ocrx_word' id='word_1_661' title='bbox 2444 2824 2624 2877; x_wconf 71' lang='lat' dir='ltr'><strong>qumso</strong></span> <span class='ocrx_word' id='word_1_662' title='bbox 2648 2852 2662 2877; x_wconf 97' lang='lat'><strong>,</strong></span> <span class='ocrx_word' id='word_1_663' title='bbox 2691 2825 2725 2864; x_wconf 94' lang='lat' dir='ltr'><strong>o</strong></span> <span class='ocrx_word' id='word_1_664' title='bbox 2751 2811 2828 2864; x_wconf 83' lang='lat' dir='ltr'><strong>vir</strong></span> <span class='ocrx_word' id='word_1_665' title='bbox 2859 2811 3031 2866; x_wconf 89' lang='lat' dir='ltr'><strong>beate.</strong></span> <span class='ocrx_word' id='word_1_666' title='bbox 3063 2812 3125 2866; x_wconf 86' lang='lat' dir='ltr'><strong>lli</strong></span> <span class='ocrx_word' id='word_1_667' title='bbox 3154 2812 3351 2883; x_wconf 91' lang='lat' dir='ltr'><strong>quippe</strong></span> <span class='ocrx_word' id='word_1_668' title='bbox 3380 2829 3444 2867; x_wconf 92' lang='lat' dir='ltr'><strong>ne</strong></span> <span class='ocrx_word' id='word_1_669' title='bbox 3468 2815 3514 2866; x_wconf 94' lang='lat' dir='ltr'><strong>in</strong></span> <span class='ocrx_word' id='word_1_670' title='bbox 3543 2821 3732 2866; x_wconf 85' lang='lat' dir='ltr'><strong>mentem</strong></span> 
     </span>
    </p>
   </div>
   <div class='ocr_carea' id='block_1_89' title="bbox 2211 2897 3732 2967">
    <p class='ocr_par' dir='ltr' id='par_1_89' title="bbox 2211 2897 3732 2967">
     <span class='ocr_line' id='line_1_89' title="bbox 2211 2897 3732 2967; baseline 0.004 -20"><span class='ocrx_word' id='word_1_671' title='bbox 2211 2897 2423 2966; x_wconf 90' lang='lat' dir='ltr'><strong>quidem</strong></span> <span class='ocrx_word' id='word_1_672' title='bbox 2451 2900 2630 2954; x_wconf 79' lang='lat' dir='ltr'><strong>venire</strong></span> <span class='ocrx_word' id='word_1_673' title='bbox 2655 2899 2850 2956; x_wconf 85' lang='lat' dir='ltr'><strong>debent</strong></span> <span class='ocrx_word' id='word_1_674' title='bbox 2877 2942 2892 2967; x_wconf 95' lang='lat'><strong>,</strong></span> <span class='ocrx_word' id='word_1_675' title='bbox 2938 2917 3058 2956; x_wconf 93' lang='lat' dir='ltr'><strong>cum</strong></span> <span class='ocrx_word' id='word_1_676' title='bbox 3103 2901 3173 2958; x_wconf 88' lang='lat' dir='ltr'><strong>de</strong></span> <span class='ocrx_word' id='word_1_677' title='bbox 3214 2904 3534 2959; x_wconf 86' lang='lat' dir='ltr'><strong>sacerdotum</strong></span> <span class='ocrx_word' id='word_1_678' title='bbox 3561 2901 3732 2956; x_wconf 87' lang='lat' dir='ltr'><strong>delectu</strong></span> 
     </span>
    </p>
   </div>
   <div class='ocr_carea' id='block_1_90' title="bbox 2211 2988 3732 3060">
    <p class='ocr_par' dir='ltr' id='par_1_90' title="bbox 2211 2988 3732 3060">
     <span class='ocr_line' id='line_1_90' title="bbox 2211 2988 3732 3060; baseline 0.001 -19"><span class='ocrx_word' id='word_1_679' title='bbox 2211 2988 2413 3056; x_wconf 90' lang='lat' dir='ltr'><strong>agitur;</strong></span> <span class='ocrx_word' id='word_1_680' title='bbox 2445 2989 2538 3044; x_wconf 90' lang='lat' dir='ltr'><strong>sed</strong></span> <span class='ocrx_word' id='word_1_681' title='bbox 2565 2991 2608 3044; x_wconf 93' lang='lat' dir='ltr'><strong>si</strong></span> <span class='ocrx_word' id='word_1_682' title='bbox 2634 2991 2751 3060; x_wconf 90' lang='lat' dir='ltr'><strong>quis</strong></span> <span class='ocrx_word' id='word_1_683' title='bbox 2773 2992 2822 3045; x_wconf 94' lang='lat' dir='ltr'><strong>in</strong></span> <span class='ocrx_word' id='word_1_684' title='bbox 2849 2992 3082 3047; x_wconf 87' lang='lat' dir='ltr'><strong>omnium</strong></span> <span class='ocrx_word' id='word_1_685' title='bbox 3109 2995 3386 3049; x_wconf 90' lang='lat' dir='ltr'><strong>consortio</strong></span> <span class='ocrx_word' id='word_1_686' title='bbox 3412 3004 3462 3049; x_wconf 90' lang='lat' dir='ltr'><strong>et</strong></span> <span class='ocrx_word' id='word_1_687' title='bbox 3485 2991 3732 3048; x_wconf 83' lang='lat' dir='ltr'><strong>contuber-</strong></span> 
     </span>
    </p>
   </div>
   <div class='ocr_carea' id='block_1_91' title="bbox 2213 3078 3731 3152">
    <p class='ocr_par' dir='ltr' id='par_1_91' title="bbox 2213 3078 3731 3152">
     <span class='ocr_line' id='line_1_91' title="bbox 2213 3078 3731 3152; baseline -0.001 -18"><span class='ocrx_word' id='word_1_688' title='bbox 2213 3078 2301 3134; x_wconf 91' lang='lat' dir='ltr'><strong>nio</strong></span> <span class='ocrx_word' id='word_1_689' title='bbox 2348 3080 2515 3148; x_wconf 88' lang='lat' dir='ltr'><strong>possit</strong></span> <span class='ocrx_word' id='word_1_690' title='bbox 2559 3082 2860 3150; x_wconf 88' lang='lat' dir='ltr'><strong>puritatem,</strong></span> <span class='ocrx_word' id='word_1_691' title='bbox 2887 3083 3326 3152; x_wconf 84' lang='lat' dir='ltr'><strong>tranquillitatem</strong></span> <span class='ocrx_word' id='word_1_692' title='bbox 3359 3125 3374 3150; x_wconf 94' lang='lat'><strong>,</strong></span> <span class='ocrx_word' id='word_1_693' title='bbox 3402 3083 3731 3142; x_wconf 87' lang='lat' dir='ltr'><strong>sanctitatem,</strong></span> 
     </span>
    </p>
   </div>
   <div class='ocr_carea' id='block_1_92' title="bbox 2213 3171 3738 3246">
    <p class='ocr_par' dir='ltr' id='par_1_92' title="bbox 2213 3171 3738 3246">
     <span class='ocr_line' id='line_1_92' title="bbox 2213 3171 3738 3246; baseline -0.001 -21"><span class='ocrx_word' id='word_1_694' title='bbox 2213 3172 2518 3240; x_wconf 88' lang='lat' dir='ltr'><strong>patientiam</strong></span> <span class='ocrx_word' id='word_1_695' title='bbox 2543 3183 2596 3226; x_wconf 92' lang='lat' dir='ltr'><strong>ct</strong></span> <span class='ocrx_word' id='word_1_696' title='bbox 2616 3174 2973 3240; x_wconf 86' lang='lat' dir='ltr'><strong>sobrietatem,</strong></span> <span class='ocrx_word' id='word_1_697' title='bbox 3005 3191 3210 3230; x_wconf 89' lang='lat' dir='ltr'><strong>necnon</strong></span> <span class='ocrx_word' id='word_1_698' title='bbox 3250 3177 3349 3231; x_wconf 89' lang='lat' dir='ltr'><strong>alia</strong></span> <span class='ocrx_word' id='word_1_699' title='bbox 3375 3193 3486 3246; x_wconf 72' lang='lat' dir='ltr'><strong>qua:</strong></span> <span class='ocrx_word' id='word_1_700' title='bbox 3509 3171 3738 3230; x_wconf 81' lang='lat' dir='ltr'><strong>monaclt&#39;s</strong></span> 
     </span>
    </p>
   </div>
   <div class='ocr_carea' id='block_1_93' title="bbox 2212 3265 3736 3338">
    <p class='ocr_par' dir='ltr' id='par_1_93' title="bbox 2212 3265 3736 3338">
     <span class='ocr_line' id='line_1_93' title="bbox 2212 3265 3736 3338; baseline -0.001 -18"><span class='ocrx_word' id='word_1_701' title='bbox 2212 3265 2391 3321; x_wconf 91' lang='lat' dir='ltr'><strong>insunt</strong></span> <span class='ocrx_word' id='word_1_702' title='bbox 2418 3266 2575 3327; x_wconf 88' lang='lat' dir='ltr'><strong>bona.</strong></span> <span class='ocrx_word' id='word_1_703' title='bbox 2609 3267 2920 3323; x_wconf 88' lang='lat' dir='ltr'><strong>intemerata</strong></span> <span class='ocrx_word' id='word_1_704' title='bbox 2953 3277 3006 3322; x_wconf 90' lang='lat' dir='ltr'><strong>et.</strong></span> <span class='ocrx_word' id='word_1_705' title='bbox 3037 3269 3358 3324; x_wconf 87' lang='lat' dir='ltr'><strong>inconcussa</strong></span> <span class='ocrx_word' id='word_1_706' title='bbox 3396 3270 3582 3338; x_wconf 86' lang='lat' dir='ltr'><strong>magis,</strong></span> <span class='ocrx_word' id='word_1_707' title='bbox 3610 3279 3736 3336; x_wconf 83' lang='lat' dir='ltr'><strong>quam</strong></span> 
     </span>
    </p>
   </div>
   <div class='ocr_carea' id='block_1_94' title="bbox 2209 3355 3740 3430">
    <p class='ocr_par' dir='ltr' id='par_1_94' title="bbox 2209 3355 3740 3430">
     <span class='ocr_line' id='line_1_94' title="bbox 2209 3355 3740 3430; baseline -0.003 -16"><span class='ocrx_word' id='word_1_708' title='bbox 2209 3359 2452 3414; x_wconf 89' lang='lat' dir='ltr'><strong>monachi</strong></span> <span class='ocrx_word' id='word_1_709' title='bbox 2494 3359 2590 3429; x_wconf 91' lang='lat' dir='ltr'><strong>ipsi</strong></span> <span class='ocrx_word' id='word_1_710' title='bbox 2636 3374 2868 3414; x_wconf 83' lang='lat' dir='ltr'><strong>scrvare.</strong></span> <span class='ocrx_word' id='word_1_711' title='bbox 2908 3360 3350 3430; x_wconf 86' lang='lat' dir='ltr'><strong>Quandoquidem</strong></span> <span class='ocrx_word' id='word_1_712' title='bbox 3379 3363 3422 3415; x_wconf 92' lang='lat' dir='ltr'><strong>is</strong></span> <span class='ocrx_word' id='word_1_713' title='bbox 3447 3403 3462 3426; x_wconf 93' lang='lat'><strong>,</strong></span> <span class='ocrx_word' id='word_1_714' title='bbox 3505 3358 3585 3429; x_wconf 92' lang='lat' dir='ltr'><strong>qui</strong></span> <span class='ocrx_word' id='word_1_715' title='bbox 3627 3355 3740 3410; x_wconf 71' lang='lat' dir='ltr'><strong>vitii;</strong></span> 
     </span>
    </p>
   </div>
   <div class='ocr_carea' id='block_1_95' title="bbox 2210 3450 3736 3520">
    <p class='ocr_par' dir='ltr' id='par_1_95' title="bbox 2210 3450 3736 3520">
     <span class='ocr_line' id='line_1_95' title="bbox 2210 3450 3736 3520; baseline -0.002 -17"><span class='ocrx_word' id='word_1_716' title='bbox 2210 3450 2387 3503; x_wconf 92' lang='lat' dir='ltr'><strong>multis</strong></span> <span class='ocrx_word' id='word_1_717' title='bbox 2415 3450 2614 3504; x_wconf 89' lang='lat' dir='ltr'><strong>laborat</strong></span> <span class='ocrx_word' id='word_1_718' title='bbox 2649 3492 2664 3518; x_wconf 96' lang='lat'><strong>,</strong></span> <span class='ocrx_word' id='word_1_719' title='bbox 2699 3467 2816 3504; x_wconf 93' lang='lat' dir='ltr'><strong>cum</strong></span> <span class='ocrx_word' id='word_1_720' title='bbox 2845 3458 3012 3520; x_wconf 90' lang='lat' dir='ltr'><strong>possit</strong></span> <span class='ocrx_word' id='word_1_721' title='bbox 3037 3453 3120 3505; x_wconf 85' lang='lat' dir='ltr'><strong>illa</strong></span> <span class='ocrx_word' id='word_1_722' title='bbox 3153 3453 3202 3505; x_wconf 92' lang='lat' dir='ltr'><strong>in</strong></span> <span class='ocrx_word' id='word_1_723' title='bbox 3236 3451 3517 3507; x_wconf 84' lang='lat' dir='ltr'><strong>solitudine</strong></span> <span class='ocrx_word' id='word_1_724' title='bbox 3554 3458 3702 3518; x_wconf 83' lang='lat' dir='ltr'><strong>tegere</strong></span> <span class='ocrx_word' id='word_1_725' title='bbox 3724 3485 3736 3508; x_wconf 92' lang='lat'><strong>,</strong></span> 
     </span>
    </p>
   </div>
   <div class='ocr_carea' id='block_1_96' title="bbox 2206 3542 3740 3612">
    <p class='ocr_par' dir='ltr' id='par_1_96' title="bbox 2206 3542 3740 3612">
     <span class='ocr_line' id='line_1_96' title="bbox 2206 3542 3740 3612; baseline -0.003 -18"><span class='ocrx_word' id='word_1_726' title='bbox 2206 3554 2499 3611; x_wconf 89' lang='lat' dir='ltr'><strong>curareque</strong></span> <span class='ocrx_word' id='word_1_727' title='bbox 2529 3557 2595 3596; x_wconf 93' lang='lat' dir='ltr'><strong>ne</strong></span> <span class='ocrx_word' id='word_1_728' title='bbox 2627 3543 2676 3596; x_wconf 92' lang='lat' dir='ltr'><strong>in</strong></span> <span class='ocrx_word' id='word_1_729' title='bbox 2698 3558 2830 3612; x_wconf 90' lang='lat' dir='ltr'><strong>opus</strong></span> <span class='ocrx_word' id='word_1_730' title='bbox 2857 3553 3156 3612; x_wconf 89' lang='lat' dir='ltr'><strong>erumpant,</strong></span> <span class='ocrx_word' id='word_1_731' title='bbox 3175 3544 3220 3597; x_wconf 89' lang='lat' dir='ltr'><strong>si</strong></span> <span class='ocrx_word' id='word_1_732' title='bbox 3254 3559 3374 3598; x_wconf 90' lang='lat' dir='ltr'><strong>eum</strong></span> <span class='ocrx_word' id='word_1_733' title='bbox 3403 3542 3538 3598; x_wconf 88' lang='lat' dir='ltr'><strong>nullo</strong></span> <span class='ocrx_word' id='word_1_734' title='bbox 3560 3552 3740 3594; x_wconf 85' lang='lat' dir='ltr'><strong>consor-</strong></span> 
     </span>
    </p>
   </div>
   <div class='ocr_carea' id='block_1_97' title="bbox 2209 3626 3737 3704">
    <p class='ocr_par' dir='ltr' id='par_1_97' title="bbox 2209 3626 3737 3704">
     <span class='ocr_line' id='line_1_97' title="bbox 2209 3626 3737 3704; baseline -0.001 -18"><span class='ocrx_word' id='word_1_735' title='bbox 2209 3634 2336 3686; x_wconf 90' lang='lat' dir='ltr'><strong>tium</strong></span> <span class='ocrx_word' id='word_1_736' title='bbox 2369 3633 2590 3698; x_wconf 86' lang='lat' dir='ltr'><strong>habeat;</strong></span> <span class='ocrx_word' id='word_1_737' title='bbox 2621 3634 2685 3697; x_wconf 89' lang='lat' dir='ltr'><strong>is,</strong></span> <span class='ocrx_word' id='word_1_738' title='bbox 2711 3635 2943 3704; x_wconf 86' lang='lat' dir='ltr'><strong>inquam,</strong></span> <span class='ocrx_word' id='word_1_739' title='bbox 2968 3636 3010 3688; x_wconf 91' lang='lat' dir='ltr'><strong>si</strong></span> <span class='ocrx_word' id='word_1_740' title='bbox 3043 3636 3094 3689; x_wconf 93' lang='lat' dir='ltr'><strong>in</strong></span> <span class='ocrx_word' id='word_1_741' title='bbox 3123 3637 3357 3691; x_wconf 85' lang='lat' dir='ltr'><strong>medium</strong></span> <span class='ocrx_word' id='word_1_742' title='bbox 3386 3634 3604 3704; x_wconf 91' lang='lat' dir='ltr'><strong>prodeat,</strong></span> <span class='ocrx_word' id='word_1_743' title='bbox 3633 3626 3737 3682; x_wconf 78' lang='lat' dir='ltr'><strong>nihil</strong></span> 
     </span>
    </p>
   </div>
   <div class='ocr_carea' id='block_1_98' title="bbox 2205 3723 3738 3794">
    <p class='ocr_par' dir='ltr' id='par_1_98' title="bbox 2205 3723 3738 3794">
     <span class='ocr_line' id='line_1_98' title="bbox 2205 3723 3738 3794; baseline -0.003 -19"><span class='ocrx_word' id='word_1_744' title='bbox 2205 3723 2345 3776; x_wconf 88' lang='lat' dir='ltr'><strong>aliud</strong></span> <span class='ocrx_word' id='word_1_745' title='bbox 2377 3723 2680 3789; x_wconf 89' lang='lat' dir='ltr'><strong>lucrabitur,</strong></span> <span class='ocrx_word' id='word_1_746' title='bbox 2711 3726 2808 3781; x_wconf 90' lang='lat' dir='ltr'><strong>nisi</strong></span> <span class='ocrx_word' id='word_1_747' title='bbox 2840 3735 2897 3780; x_wconf 89' lang='lat' dir='ltr'><strong>ut</strong></span> <span class='ocrx_word' id='word_1_748' title='bbox 2922 3725 3272 3780; x_wconf 88' lang='lat' dir='ltr'><strong>deridendum</strong></span> <span class='ocrx_word' id='word_1_749' title='bbox 3297 3741 3355 3780; x_wconf 87' lang='lat' dir='ltr'><strong>se</strong></span> <span class='ocrx_word' id='word_1_750' title='bbox 3384 3725 3624 3794; x_wconf 85' lang='lat' dir='ltr'><strong>propinet,</strong></span> <span class='ocrx_word' id='word_1_751' title='bbox 3648 3732 3738 3773; x_wconf 83' lang='lat' dir='ltr'><strong>tua-</strong></span> 
     </span>
    </p>
   </div>
   <div class='ocr_carea' id='block_1_99' title="bbox 2203 3806 3736 3886">
    <p class='ocr_par' dir='ltr' id='par_1_99' title="bbox 2203 3806 3736 3886">
     <span class='ocr_line' id='line_1_99' title="bbox 2203 3806 3736 3886; baseline -0.005 -19"><span class='ocrx_word' id='word_1_752' title='bbox 2203 3813 2388 3882; x_wconf 90' lang='lat' dir='ltr'><strong>gisque</strong></span> <span class='ocrx_word' id='word_1_753' title='bbox 2418 3815 2829 3883; x_wconf 88' lang='lat' dir='ltr'><strong>periclitabitur;</strong></span> <span class='ocrx_word' id='word_1_754' title='bbox 2861 3816 3001 3885; x_wconf 85' lang='lat' dir='ltr'><strong>quod</strong></span> <span class='ocrx_word' id='word_1_755' title='bbox 3039 3816 3190 3869; x_wconf 89' lang='lat' dir='ltr'><strong>nobis</strong></span> <span class='ocrx_word' id='word_1_756' title='bbox 3222 3813 3596 3886; x_wconf 90' lang='lat' dir='ltr'><strong>propemodum</strong></span> <span class='ocrx_word' id='word_1_757' title='bbox 3621 3806 3736 3864; x_wconf 88' lang='lat' dir='ltr'><strong>acci-</strong></span> 
     </span>
    </p>
   </div>
   <div class='ocr_carea' id='block_1_100' title="bbox 2205 3900 3739 3977">
    <p class='ocr_par' dir='ltr' id='par_1_100' title="bbox 2205 3900 3739 3977">
     <span class='ocr_line' id='line_1_100' title="bbox 2205 3900 3739 3977; baseline -0.003 -20"><span class='ocrx_word' id='word_1_758' title='bbox 2205 3905 2392 3970; x_wconf 89' lang='lat' dir='ltr'><strong>disset,</strong></span> <span class='ocrx_word' id='word_1_759' title='bbox 2417 3906 2517 3960; x_wconf 91' lang='lat' dir='ltr'><strong>nisi</strong></span> <span class='ocrx_word' id='word_1_760' title='bbox 2543 3907 2632 3961; x_wconf 88' lang='lat' dir='ltr'><strong>Dei</strong></span> <span class='ocrx_word' id='word_1_761' title='bbox 2663 3907 2988 3975; x_wconf 89' lang='lat' dir='ltr'><strong>providentia</strong></span> <span class='ocrx_word' id='word_1_762' title='bbox 3031 3907 3202 3977; x_wconf 86' lang='lat' dir='ltr'><strong>ignem</strong></span> <span class='ocrx_word' id='word_1_763' title='bbox 3239 3924 3268 3963; x_wconf 89' lang='lat' dir='ltr'><strong>a</strong></span> <span class='ocrx_word' id='word_1_764' title='bbox 3294 3908 3465 3977; x_wconf 89' lang='lat' dir='ltr'><strong>capite</strong></span> <span class='ocrx_word' id='word_1_765' title='bbox 3491 3912 3654 3959; x_wconf 92' lang='lat' dir='ltr'><strong>nostro</strong></span> <span class='ocrx_word' id='word_1_766' title='bbox 3675 3900 3739 3954; x_wconf 83' lang='lat' dir='ltr'><strong>ci-</strong></span> 
     </span>
    </p>
   </div>
   <div class='ocr_carea' id='block_1_101' title="bbox 2205 3993 3737 4066">
    <p class='ocr_par' dir='ltr' id='par_1_101' title="bbox 2205 3993 3737 4066">
     <span class='ocr_line' id='line_1_101' title="bbox 2205 3993 3737 4066; baseline -0.003 -18"><span class='ocrx_word' id='word_1_767' title='bbox 2205 3994 2307 4049; x_wconf 91' lang='lat' dir='ltr'><strong>tius</strong></span> <span class='ocrx_word' id='word_1_768' title='bbox 2333 3996 2614 4065; x_wconf 84' lang='lat' dir='ltr'><strong>abegisset.</strong></span> <span class='ocrx_word' id='word_1_769' title='bbox 2645 3995 2824 4065; x_wconf 87' lang='lat' dir='ltr'><strong>Neque</strong></span> <span class='ocrx_word' id='word_1_770' title='bbox 2852 3998 2992 4050; x_wconf 86' lang='lat' dir='ltr'><strong>enim</strong></span> <span class='ocrx_word' id='word_1_771' title='bbox 3019 3998 3106 4066; x_wconf 92' lang='lat' dir='ltr'><strong>qui</strong></span> <span class='ocrx_word' id='word_1_772' title='bbox 3137 3997 3216 4052; x_wconf 86' lang='lat' dir='ltr'><strong>sic</strong></span> <span class='ocrx_word' id='word_1_773' title='bbox 3245 3998 3463 4052; x_wconf 78' lang='lat' dir='ltr'><strong>aﬂ‘ectus</strong></span> <span class='ocrx_word' id='word_1_774' title='bbox 3498 4002 3575 4050; x_wconf 90' lang='lat' dir='ltr'><strong>est</strong></span> <span class='ocrx_word' id='word_1_775' title='bbox 3599 3993 3737 4046; x_wconf 82' lang='lat' dir='ltr'><strong>latere</strong></span> 
     </span>
    </p>
   </div>
   <div class='ocr_carea' id='block_1_102' title="bbox 2205 4084 3738 4158">
    <p class='ocr_par' dir='ltr' id='par_1_102' title="bbox 2205 4084 3738 4158">
     <span class='ocr_line' id='line_1_102' title="bbox 2205 4084 3738 4158; baseline -0.001 -20"><span class='ocrx_word' id='word_1_776' title='bbox 2205 4095 2377 4155; x_wconf 88' lang='lat' dir='ltr'><strong>potest</strong></span> <span class='ocrx_word' id='word_1_777' title='bbox 2403 4127 2418 4153; x_wconf 97' lang='lat'><strong>,</strong></span> <span class='ocrx_word' id='word_1_778' title='bbox 2452 4085 2621 4155; x_wconf 85' lang='lat' dir='ltr'><strong>palam</strong></span> <span class='ocrx_word' id='word_1_779' title='bbox 2645 4089 2994 4154; x_wconf 89' lang='lat' dir='ltr'><strong>constitutus,</strong></span> <span class='ocrx_word' id='word_1_780' title='bbox 3042 4089 3135 4144; x_wconf 89' lang='lat' dir='ltr'><strong>sed</strong></span> <span class='ocrx_word' id='word_1_781' title='bbox 3165 4091 3255 4158; x_wconf 91' lang='lat' dir='ltr'><strong>qui</strong></span> <span class='ocrx_word' id='word_1_782' title='bbox 3289 4091 3359 4144; x_wconf 90' lang='lat' dir='ltr'><strong>sit</strong></span> <span class='ocrx_word' id='word_1_783' title='bbox 3384 4089 3553 4142; x_wconf 84' lang='lat' dir='ltr'><strong>statim</strong></span> <span class='ocrx_word' id='word_1_784' title='bbox 3579 4084 3738 4152; x_wconf 87' lang='lat' dir='ltr'><strong>depre-</strong></span> 
     </span>
    </p>
   </div>
   <div class='ocr_carea' id='block_1_103' title="bbox 2204 4172 3738 4247">
    <p class='ocr_par' dir='ltr' id='par_1_103' title="bbox 2204 4172 3738 4247">
     <span class='ocr_line' id='line_1_103' title="bbox 2204 4172 3738 4247; baseline -0.003 -18"><span class='ocrx_word' id='word_1_785' title='bbox 2204 4175 2472 4232; x_wconf 88' lang='lat' dir='ltr'><strong>henditur.</strong></span> <span class='ocrx_word' id='word_1_786' title='bbox 2494 4177 2570 4231; x_wconf 78' lang='lat' dir='ltr'><strong>Ac</strong></span> <span class='ocrx_word' id='word_1_787' title='bbox 2585 4177 3027 4247; x_wconf 87' lang='lat' dir='ltr'><strong>quemadmodum</strong></span> <span class='ocrx_word' id='word_1_788' title='bbox 3056 4179 3351 4235; x_wconf 85' lang='lat' dir='ltr'><strong>metallicas</strong></span> <span class='ocrx_word' id='word_1_789' title='bbox 3375 4177 3609 4233; x_wconf 84' lang='lat' dir='ltr'><strong>materias</strong></span> <span class='ocrx_word' id='word_1_790' title='bbox 3629 4172 3738 4244; x_wconf 76' lang='lat' dir='ltr'><strong>ignis</strong></span> 
     </span>
    </p>
   </div>
   <div class='ocr_carea' id='block_1_104' title="bbox 2203 4268 3732 4338">
    <p class='ocr_par' dir='ltr' id='par_1_104' title="bbox 2203 4268 3732 4338">
     <span class='ocr_line' id='line_1_104' title="bbox 2203 4268 3732 4338; baseline -0.005 -16"><span class='ocrx_word' id='word_1_791' title='bbox 2203 4269 2408 4338; x_wconf 89' lang='lat' dir='ltr'><strong>probat,</strong></span> <span class='ocrx_word' id='word_1_792' title='bbox 2439 4268 2516 4324; x_wconf 86' lang='lat' dir='ltr'><strong>sic</strong></span> <span class='ocrx_word' id='word_1_793' title='bbox 2540 4269 2667 4323; x_wconf 85' lang='lat' dir='ltr'><strong>cieri</strong></span> <span class='ocrx_word' id='word_1_794' title='bbox 2697 4270 2935 4338; x_wconf 89' lang='lat' dir='ltr'><strong>probatio</strong></span> <span class='ocrx_word' id='word_1_795' title='bbox 2959 4269 3222 4327; x_wconf 81' lang='lat' dir='ltr'><strong>humanos</strong></span> <span class='ocrx_word' id='word_1_796' title='bbox 3250 4272 3503 4328; x_wconf 91' lang='lat' dir='ltr'><strong>discernit</strong></span> <span class='ocrx_word' id='word_1_797' title='bbox 3538 4269 3732 4322; x_wconf 84' lang='lat' dir='ltr'><strong>animos.</strong></span> 
     </span>
    </p>
   </div>
   <div class='ocr_carea' id='block_1_105' title="bbox 2200 4359 3735 4433">
    <p class='ocr_par' dir='ltr' id='par_1_105' title="bbox 2200 4359 3735 4433">
     <span class='ocr_line' id='line_1_105' title="bbox 2200 4359 3735 4433; baseline -0.005 -19"><span class='ocrx_word' id='word_1_798' title='bbox 2200 4361 2277 4414; x_wconf 81' lang='lat' dir='ltr'><strong>Ac</strong></span> <span class='ocrx_word' id='word_1_799' title='bbox 2307 4361 2349 4414; x_wconf 90' lang='lat' dir='ltr'><strong>si</strong></span> <span class='ocrx_word' id='word_1_800' title='bbox 2380 4359 2500 4429; x_wconf 90' lang='lat' dir='ltr'><strong>quis</strong></span> <span class='ocrx_word' id='word_1_801' title='bbox 2529 4360 2831 4427; x_wconf 90' lang='lat' dir='ltr'><strong>iracundus,</strong></span> <span class='ocrx_word' id='word_1_802' title='bbox 2858 4362 2904 4417; x_wconf 89' lang='lat' dir='ltr'><strong>si</strong></span> <span class='ocrx_word' id='word_1_803' title='bbox 2934 4363 3173 4432; x_wconf 85' lang='lat' dir='ltr'><strong>ignavus,</strong></span> <span class='ocrx_word' id='word_1_804' title='bbox 3197 4364 3243 4417; x_wconf 88' lang='lat' dir='ltr'><strong>si</strong></span> <span class='ocrx_word' id='word_1_805' title='bbox 3271 4379 3423 4417; x_wconf 63' lang='lat' dir='ltr'><strong>vanae</strong></span> <span class='ocrx_word' id='word_1_806' title='bbox 3456 4360 3627 4433; x_wconf 70' lang='lat' dir='ltr'><strong>gloria:</strong></span> <span class='ocrx_word' id='word_1_807' title='bbox 3661 4370 3735 4409; x_wconf 79' lang='lat' dir='ltr'><strong>eu-</strong></span> 
     </span>
    </p>
   </div>
   <div class='ocr_carea' id='block_1_106' title="bbox 2201 4447 3733 4525">
    <p class='ocr_par' dir='ltr' id='par_1_106' title="bbox 2201 4447 3733 4525">
     <span class='ocr_line' id='line_1_106' title="bbox 2201 4447 3733 4525; baseline -0.003 -21"><span class='ocrx_word' id='word_1_808' title='bbox 2201 4451 2374 4520; x_wconf 90' lang='lat' dir='ltr'><strong>pidus,</strong></span> <span class='ocrx_word' id='word_1_809' title='bbox 2399 4453 2440 4506; x_wconf 91' lang='lat' dir='ltr'><strong>si</strong></span> <span class='ocrx_word' id='word_1_810' title='bbox 2470 4466 2743 4522; x_wconf 84' lang='lat' dir='ltr'><strong>arrogans,</strong></span> <span class='ocrx_word' id='word_1_811' title='bbox 2771 4454 2881 4507; x_wconf 87' lang='lat' dir='ltr'><strong>sive</strong></span> <span class='ocrx_word' id='word_1_812' title='bbox 2904 4455 3008 4508; x_wconf 89' lang='lat' dir='ltr'><strong>alio</strong></span> <span class='ocrx_word' id='word_1_813' title='bbox 3033 4455 3281 4525; x_wconf 81' lang='lat' dir='ltr'><strong>quopiam</strong></span> <span class='ocrx_word' id='word_1_814' title='bbox 3313 4455 3497 4510; x_wconf 88' lang='lat' dir='ltr'><strong>morbo</strong></span> <span class='ocrx_word' id='word_1_815' title='bbox 3518 4453 3582 4506; x_wconf 91' lang='lat' dir='ltr'><strong>sit</strong></span> <span class='ocrx_word' id='word_1_816' title='bbox 3604 4447 3733 4502; x_wconf 82' lang='lat' dir='ltr'><strong>atl’ee-</strong></span> 
     </span>
    </p>
   </div>
   <div class='ocr_carea' id='block_1_107' title="bbox 2201 4537 3736 4612">
    <p class='ocr_par' dir='ltr' id='par_1_107' title="bbox 2201 4537 3736 4612">
     <span class='ocr_line' id='line_1_107' title="bbox 2201 4537 3736 4612; baseline 0.001 -18"><span class='ocrx_word' id='word_1_817' title='bbox 2201 4550 2305 4605; x_wconf 92' lang='lat' dir='ltr'><strong>tus,</strong></span> <span class='ocrx_word' id='word_1_818' title='bbox 2329 4541 2506 4595; x_wconf 91' lang='lat' dir='ltr'><strong>omnia</strong></span> <span class='ocrx_word' id='word_1_819' title='bbox 2538 4543 2757 4611; x_wconf 86' lang='lat' dir='ltr'><strong>retegit,</strong></span> <span class='ocrx_word' id='word_1_820' title='bbox 2792 4543 3026 4612; x_wconf 79' lang='lat' dir='ltr'><strong>vitiaquc</strong></span> <span class='ocrx_word' id='word_1_821' title='bbox 3055 4558 3146 4597; x_wconf 89' lang='lat' dir='ltr'><strong>sua</strong></span> <span class='ocrx_word' id='word_1_822' title='bbox 3175 4545 3418 4598; x_wconf 87' lang='lat' dir='ltr'><strong>revelat:</strong></span> <span class='ocrx_word' id='word_1_823' title='bbox 3452 4557 3543 4596; x_wconf 89' lang='lat' dir='ltr'><strong>nec</strong></span> <span class='ocrx_word' id='word_1_824' title='bbox 3566 4537 3736 4595; x_wconf 63' lang='lat' dir='ltr'><strong>revela!</strong></span> 
     </span>
    </p>
   </div>
   <div class='ocr_carea' id='block_1_108' title="bbox 2199 4632 3737 4702">
    <p class='ocr_par' dir='ltr' id='par_1_108' title="bbox 2199 4632 3737 4702">
     <span class='ocr_line' id='line_1_108' title="bbox 2199 4632 3737 4702; baseline -0.004 -17"><span class='ocrx_word' id='word_1_825' title='bbox 2199 4640 2422 4696; x_wconf 89' lang='lat' dir='ltr'><strong>tantum,</strong></span> <span class='ocrx_word' id='word_1_826' title='bbox 2453 4632 2546 4686; x_wconf 90' lang='lat' dir='ltr'><strong>sed</strong></span> <span class='ocrx_word' id='word_1_827' title='bbox 2565 4633 2804 4702; x_wconf 88' lang='lat' dir='ltr'><strong>graviora</strong></span> <span class='ocrx_word' id='word_1_828' title='bbox 2828 4644 2880 4688; x_wconf 88' lang='lat' dir='ltr'><strong>et</strong></span> <span class='ocrx_word' id='word_1_829' title='bbox 2899 4634 3189 4688; x_wconf 80' lang='lat' dir='ltr'><strong>valentiora</strong></span> <span class='ocrx_word' id='word_1_830' title='bbox 3212 4634 3392 4688; x_wconf 83' lang='lat' dir='ltr'><strong>efficit.</strong></span> <span class='ocrx_word' id='word_1_831' title='bbox 3421 4632 3615 4686; x_wconf 83' lang='lat' dir='ltr'><strong>Etenim</strong></span> <span class='ocrx_word' id='word_1_832' title='bbox 3635 4640 3737 4682; x_wconf 89' lang='lat' dir='ltr'><strong>cor-</strong></span> 
     </span>
    </p>
   </div>
   <div class='ocr_carea' id='block_1_109' title="bbox 2198 4722 3736 4794">
    <p class='ocr_par' dir='ltr' id='par_1_109' title="bbox 2198 4722 3736 4794">
     <span class='ocr_line' id='line_1_109' title="bbox 2198 4722 3736 4794; baseline -0.007 -16"><span class='ocrx_word' id='word_1_833' title='bbox 2198 4725 2340 4794; x_wconf 85' lang='lat' dir='ltr'><strong>poris</strong></span> <span class='ocrx_word' id='word_1_834' title='bbox 2366 4725 2582 4780; x_wconf 72' lang='lat' dir='ltr'><strong>vulnera</strong></span> <span class='ocrx_word' id='word_1_835' title='bbox 2616 4765 2633 4791; x_wconf 93' lang='lat'><strong>,</strong></span> <span class='ocrx_word' id='word_1_836' title='bbox 2661 4725 2837 4780; x_wconf 88' lang='lat' dir='ltr'><strong>attrita</strong></span> <span class='ocrx_word' id='word_1_837' title='bbox 2865 4767 2880 4792; x_wconf 95' lang='lat'><strong>,</strong></span> <span class='ocrx_word' id='word_1_838' title='bbox 2930 4735 3116 4779; x_wconf 81' lang='lat' dir='ltr'><strong>curatu</strong></span> <span class='ocrx_word' id='word_1_839' title='bbox 3161 4725 3458 4779; x_wconf 75' lang='lat' dir='ltr'><strong>difficiliora</strong></span> <span class='ocrx_word' id='word_1_840' title='bbox 3501 4722 3736 4778; x_wconf 88' lang='lat' dir='ltr'><strong>evadunt:</strong></span> 
     </span>
    </p>
   </div>
   <div class='ocr_carea' id='block_1_110' title="bbox 2198 4817 3734 4887">
    <p class='ocr_par' dir='ltr' id='par_1_110' title="bbox 2198 4817 3734 4887">
     <span class='ocr_line' id='line_1_110' title="bbox 2198 4817 3734 4887; baseline -0.003 -17"><span class='ocrx_word' id='word_1_841' title='bbox 2198 4817 2428 4887; x_wconf 89' lang='lat' dir='ltr'><strong>itemque</strong></span> <span class='ocrx_word' id='word_1_842' title='bbox 2455 4817 2615 4871; x_wconf 91' lang='lat' dir='ltr'><strong>animi</strong></span> <span class='ocrx_word' id='word_1_843' title='bbox 2644 4817 2832 4882; x_wconf 86' lang='lat' dir='ltr'><strong>morbi,</strong></span> <span class='ocrx_word' id='word_1_844' title='bbox 2859 4817 2902 4872; x_wconf 91' lang='lat' dir='ltr'><strong>si</strong></span> <span class='ocrx_word' id='word_1_845' title='bbox 2931 4817 3183 4886; x_wconf 90' lang='lat' dir='ltr'><strong>perfrices</strong></span> <span class='ocrx_word' id='word_1_846' title='bbox 3209 4819 3509 4887; x_wconf 85' lang='lat' dir='ltr'><strong>irritesque,</strong></span> <span class='ocrx_word' id='word_1_847' title='bbox 3542 4824 3734 4876; x_wconf 75' lang='lat' dir='ltr'><strong>exaspe-</strong></span> 
     </span>
    </p>
   </div>
   <div class='ocr_carea' id='block_1_111' title="bbox 2197 4907 3736 4996">
    <p class='ocr_par' dir='ltr' id='par_1_111' title="bbox 2197 4907 3736 4996">
     <span class='ocr_line' id='line_1_111' title="bbox 2197 4907 3736 4996; baseline -0.005 -34"><span class='ocrx_word' id='word_1_848' title='bbox 2197 4909 2300 4962; x_wconf 88' lang='lat' dir='ltr'><strong>rari</strong></span> <span class='ocrx_word' id='word_1_849' title='bbox 2347 4917 2734 4962; x_wconf 87' lang='lat' dir='ltr'><strong>consueverunt</strong></span> <span class='ocrx_word' id='word_1_850' title='bbox 2765 4949 2781 4973; x_wconf 91' lang='lat'><strong>,</strong></span> <span class='ocrx_word' id='word_1_851' title='bbox 2815 4908 3022 4978; x_wconf 84' lang='lat' dir='ltr'><strong>illisque</strong></span> <span class='ocrx_word' id='word_1_852' title='bbox 3048 4917 3325 4978; x_wconf 90' lang='lat' dir='ltr'><strong>correptos</strong></span> <span class='ocrx_word' id='word_1_853' title='bbox 3360 4907 3506 4976; x_wconf 83' lang='lat' dir='ltr'><strong>plura</strong></span> <span class='ocrx_word' id='word_1_854' title='bbox 3542 4911 3736 4996; x_wconf 63' lang='lat' dir='ltr'><strong>peccare</strong></span> 
     </span>
    </p>
   </div>
   <div class='ocr_carea' id='block_1_112' title="bbox 2193 4997 3732 5068">
    <p class='ocr_par' dir='ltr' id='par_1_112' title="bbox 2193 4997 3732 5068">
     <span class='ocr_line' id='line_1_112' title="bbox 2193 4997 3732 5068; baseline -0.005 -15"><span class='ocrx_word' id='word_1_855' title='bbox 2193 5007 2405 5068; x_wconf 78' lang='lat' dir='ltr'><strong>Cogunt.</strong></span> <span class='ocrx_word' id='word_1_856' title='bbox 2437 4997 2565 5051; x_wconf 85' lang='lat' dir='ltr'><strong>Nam</strong></span> <span class='ocrx_word' id='word_1_857' title='bbox 2591 4997 2656 5050; x_wconf 91' lang='lat' dir='ltr'><strong>ad</strong></span> <span class='ocrx_word' id='word_1_858' title='bbox 2681 4998 2863 5066; x_wconf 66' lang='lat' dir='ltr'><strong>gloria:</strong></span> <span class='ocrx_word' id='word_1_859' title='bbox 2907 4997 3208 5066; x_wconf 85' lang='lat' dir='ltr'><strong>cupidinem</strong></span> <span class='ocrx_word' id='word_1_860' title='bbox 3253 4997 3480 5050; x_wconf 59' lang='lat' dir='ltr'><strong>etii-runt</strong></span> <span class='ocrx_word' id='word_1_861' title='bbox 3508 5008 3639 5052; x_wconf 87' lang='lat' dir='ltr'><strong>eum.</strong></span> <span class='ocrx_word' id='word_1_862' title='bbox 3661 5001 3732 5054; x_wconf 80' lang='lat' dir='ltr'><strong>qm</strong></span> 
     </span>
    </p>
   </div>
   <div class='ocr_carea' id='block_1_113' title="bbox 2193 5078 3733 5157">
    <p class='ocr_par' dir='ltr' id='par_1_113' title="bbox 2193 5078 3733 5157">
     <span class='ocr_line' id='line_1_113' title="bbox 2193 5078 3733 5157; baseline -0.007 -14"><span class='ocrx_word' id='word_1_863' title='bbox 2193 5091 2293 5145; x_wconf 86' lang='lat' dir='ltr'><strong>sibi</strong></span> <span class='ocrx_word' id='word_1_864' title='bbox 2321 5104 2423 5143; x_wconf 92' lang='lat' dir='ltr'><strong>non</strong></span> <span class='ocrx_word' id='word_1_865' title='bbox 2448 5089 2689 5150; x_wconf 86' lang='lat' dir='ltr'><strong>attendit,</strong></span> <span class='ocrx_word' id='word_1_866' title='bbox 2722 5103 2925 5142; x_wconf 92' lang='lat' dir='ltr'><strong>necnon</strong></span> <span class='ocrx_word' id='word_1_867' title='bbox 2953 5088 3016 5141; x_wconf 91' lang='lat' dir='ltr'><strong>ad</strong></span> <span class='ocrx_word' id='word_1_868' title='bbox 3047 5087 3400 5157; x_wconf 79' lang='lat' dir='ltr'><strong>arrogantiam</strong></span> <span class='ocrx_word' id='word_1_869' title='bbox 3424 5099 3476 5141; x_wconf 89' lang='lat' dir='ltr'><strong>et</strong></span> <span class='ocrx_word' id='word_1_870' title='bbox 3509 5078 3733 5154; x_wconf 47' lang='lat' dir='ltr'><strong>pecunia.</strong></span> 
     </span>
    </p>
   </div>
   <div class='ocr_carea' id='block_1_114' title="bbox 2191 5168 3734 5248">
    <p class='ocr_par' dir='ltr' id='par_1_114' title="bbox 2191 5168 3734 5248">
     <span class='ocr_line' id='line_1_114' title="bbox 2191 5168 3734 5248; baseline -0.006 -14"><span class='ocrx_word' id='word_1_871' title='bbox 2191 5195 2307 5234; x_wconf 89' lang='lat' dir='ltr'><strong>rum</strong></span> <span class='ocrx_word' id='word_1_872' title='bbox 2325 5179 2685 5248; x_wconf 85' lang='lat' dir='ltr'><strong>cupiditatem,</strong></span> <span class='ocrx_word' id='word_1_873' title='bbox 2718 5178 2768 5231; x_wconf 92' lang='lat' dir='ltr'><strong>in</strong></span> <span class='ocrx_word' id='word_1_874' title='bbox 2802 5177 3023 5233; x_wconf 87' lang='lat' dir='ltr'><strong>delicias</strong></span> <span class='ocrx_word' id='word_1_875' title='bbox 3053 5193 3264 5248; x_wconf 89' lang='lat' dir='ltr'><strong>quoque</strong></span> <span class='ocrx_word' id='word_1_876' title='bbox 3307 5175 3609 5246; x_wconf 86' lang='lat' dir='ltr'><strong>pertrahunt</strong></span> <span class='ocrx_word' id='word_1_877' title='bbox 3637 5209 3650 5231; x_wconf 86' lang='lat'><strong>.</strong></span> <span class='ocrx_word' id='word_1_878' title='bbox 3693 5168 3734 5217; x_wconf 81' lang='lat' dir='ltr'><strong>in</strong></span> 
     </span>
    </p>
   </div>
   <div class='ocr_carea' id='block_1_115' title="bbox 2192 5263 3731 5356">
    <p class='ocr_par' dir='ltr' id='par_1_115' title="bbox 2192 5263 3731 5356">
     <span class='ocr_line' id='line_1_115' title="bbox 2192 5263 3731 5356; baseline -0.005 -30"><span class='ocrx_word' id='word_1_879' title='bbox 2192 5273 2482 5343; x_wconf 86' lang='lat' dir='ltr'><strong>ignaviam,</strong></span> <span class='ocrx_word' id='word_1_880' title='bbox 2540 5271 2591 5324; x_wconf 93' lang='lat' dir='ltr'><strong>in</strong></span> <span class='ocrx_word' id='word_1_881' title='bbox 2643 5270 2948 5340; x_wconf 82' lang='lat' dir='ltr'><strong>segnitiem,</strong></span> <span class='ocrx_word' id='word_1_882' title='bbox 2982 5271 3339 5340; x_wconf 86' lang='lat' dir='ltr'><strong>paulatimque</strong></span> <span class='ocrx_word' id='word_1_883' title='bbox 3367 5267 3433 5321; x_wconf 91' lang='lat' dir='ltr'><strong>ad</strong></span> <span class='ocrx_word' id='word_1_884' title='bbox 3464 5263 3698 5356; x_wconf 64' lang='lat' dir='ltr'><strong>ulteriora</strong></span> <span class='ocrx_word' id='word_1_885' title='bbox 3718 5295 3731 5318; x_wconf 74' lang='grc' dir='ltr'><strong>ο</strong></span> 
     </span>
    </p>
   </div>
   <div class='ocr_carea' id='block_1_116' title="bbox 2187 5348 3732 5431">
    <p class='ocr_par' dir='ltr' id='par_1_116' title="bbox 2187 5348 3732 5431">
     <span class='ocr_line' id='line_1_116' title="bbox 2187 5348 3732 5431; baseline -0.012 -15"><span class='ocrx_word' id='word_1_886' title='bbox 2187 5376 2308 5431; x_wconf 69' lang='lat' dir='ltr'><strong>qum</strong></span> <span class='ocrx_word' id='word_1_887' title='bbox 2335 5361 2402 5415; x_wconf 90' lang='lat' dir='ltr'><strong>ab</strong></span> <span class='ocrx_word' id='word_1_888' title='bbox 2431 5360 2532 5414; x_wconf 88' lang='lat' dir='ltr'><strong>illis</strong></span> <span class='ocrx_word' id='word_1_889' title='bbox 2559 5361 2864 5429; x_wconf 87' lang='lat' dir='ltr'><strong>gignuntttr,</strong></span> <span class='ocrx_word' id='word_1_890' title='bbox 2899 5361 3054 5412; x_wconf 91' lang='lat' dir='ltr'><strong>mala.</strong></span> <span class='ocrx_word' id='word_1_891' title='bbox 3089 5359 3248 5413; x_wconf 83' lang='lat' dir='ltr'><strong>Multa</strong></span> <span class='ocrx_word' id='word_1_892' title='bbox 3279 5357 3475 5426; x_wconf 69' lang='lat' dir='ltr'><strong>quippe</strong></span> <span class='ocrx_word' id='word_1_893' title='bbox 3503 5356 3550 5409; x_wconf 91' lang='lat' dir='ltr'><strong>in</strong></span> <span class='ocrx_word' id='word_1_894' title='bbox 3581 5348 3732 5404; x_wconf 76' lang='lat' dir='ltr'><strong>medio</strong></span> 
     </span>
    </p>
   </div>
   <div class='ocr_carea' id='block_1_117' title="bbox 2189 5443 3730 5520">
    <p class='ocr_par' dir='ltr' id='par_1_117' title="bbox 2189 5443 3730 5520">
     <span class='ocr_line' id='line_1_117' title="bbox 2189 5443 3730 5520; baseline -0.016 -13"><span class='ocrx_word' id='word_1_895' title='bbox 2189 5460 2332 5516; x_wconf 86' lang='lat' dir='ltr'><strong>sunt,</strong></span> <span class='ocrx_word' id='word_1_896' title='bbox 2362 5465 2480 5520; x_wconf 74' lang='lat' dir='ltr'><strong>qum</strong></span> <span class='ocrx_word' id='word_1_897' title='bbox 2507 5450 2708 5520; x_wconf 90' lang='lat' dir='ltr'><strong>possint</strong></span> <span class='ocrx_word' id='word_1_898' title='bbox 2737 5449 2926 5504; x_wconf 74' lang='lat' dir='ltr'><strong>animm</strong></span> <span class='ocrx_word' id='word_1_899' title='bbox 2951 5449 3268 5518; x_wconf 81' lang='lat' dir='ltr'><strong>diligentiam</strong></span> <span class='ocrx_word' id='word_1_900' title='bbox 3291 5446 3521 5507; x_wconf 86' lang='lat' dir='ltr'><strong>solvere,</strong></span> <span class='ocrx_word' id='word_1_901' title='bbox 3554 5443 3730 5509; x_wconf 82' lang='lat' dir='ltr'><strong>ipsaru-</strong></span> 
     </span>
    </p>
   </div>
   <div class='ocr_carea' id='block_1_118' title="bbox 2187 5527 3732 5626">
    <p class='ocr_par' dir='ltr' id='par_1_118' title="bbox 2187 5527 3732 5626">
     <span class='ocr_line' id='line_1_118' title="bbox 2187 5527 3732 5626; baseline -0.01 -30"><span class='ocrx_word' id='word_1_902' title='bbox 2187 5555 2291 5610; x_wconf 89' lang='lat' dir='ltr'><strong>que</strong></span> <span class='ocrx_word' id='word_1_903' title='bbox 2319 5539 2384 5594; x_wconf 91' lang='lat' dir='ltr'><strong>ad</strong></span> <span class='ocrx_word' id='word_1_904' title='bbox 2413 5541 2576 5594; x_wconf 90' lang='lat' dir='ltr'><strong>Deum</strong></span> <span class='ocrx_word' id='word_1_905' title='bbox 2601 5555 2812 5594; x_wconf 90' lang='lat' dir='ltr'><strong>cursum</strong></span> <span class='ocrx_word' id='word_1_906' title='bbox 2843 5539 3032 5594; x_wconf 91' lang='lat' dir='ltr'><strong>sistere</strong></span> <span class='ocrx_word' id='word_1_907' title='bbox 3070 5557 3083 5592; x_wconf 91' lang='lat'>:</span> <span class='ocrx_word' id='word_1_908' title='bbox 3112 5547 3267 5608; x_wconf 90' lang='lat' dir='ltr'><strong>atque</strong></span> <span class='ocrx_word' id='word_1_909' title='bbox 3295 5537 3346 5589; x_wconf 92' lang='lat' dir='ltr'><strong>in</strong></span> <span class='ocrx_word' id='word_1_910' title='bbox 3378 5533 3556 5604; x_wconf 83' lang='lat' dir='ltr'><strong>primis</strong></span> <span class='ocrx_word' id='word_1_911' title='bbox 3588 5527 3732 5626; x_wconf 68' lang='lat' dir='ltr'><strong>collo-</strong></span> 
     </span>
    </p>
   </div>
   <div class='ocr_carea' id='block_1_119' title="bbox 2185 5623 3730 5704">
    <p class='ocr_par' dir='ltr' id='par_1_119' title="bbox 2185 5623 3730 5704">
     <span class='ocr_line' id='line_1_119' title="bbox 2185 5623 3730 5704; baseline -0.015 -15"><span class='ocrx_word' id='word_1_912' title='bbox 2185 5633 2306 5704; x_wconf 89' lang='lat' dir='ltr'><strong>quia</strong></span> <span class='ocrx_word' id='word_1_913' title='bbox 2329 5647 2448 5692; x_wconf 85' lang='lat' dir='ltr'><strong>cum</strong></span> <span class='ocrx_word' id='word_1_914' title='bbox 2467 5633 2795 5688; x_wconf 88' lang='lat' dir='ltr'><strong>mulieribus.</strong></span> <span class='ocrx_word' id='word_1_915' title='bbox 2818 5632 2998 5702; x_wconf 82' lang='lat' dir='ltr'><strong>Neque</strong></span> <span class='ocrx_word' id='word_1_916' title='bbox 3018 5639 3189 5702; x_wconf 87' lang='lat' dir='ltr'><strong>potest</strong></span> <span class='ocrx_word' id='word_1_917' title='bbox 3204 5631 3425 5686; x_wconf 79' lang='lat' dir='ltr'><strong>antistes</strong></span> <span class='ocrx_word' id='word_1_918' title='bbox 3447 5668 3461 5691; x_wconf 93' lang='lat'><strong>,</strong></span> <span class='ocrx_word' id='word_1_919' title='bbox 3478 5623 3563 5696; x_wconf 87' lang='lat' dir='ltr'><strong>qui</strong></span> <span class='ocrx_word' id='word_1_920' title='bbox 3591 5623 3730 5674; x_wconf 80' lang='lat' dir='ltr'><strong>totius</strong></span> 
     </span>
    </p>
   </div>
   <div class='ocr_carea' id='block_1_120' title="bbox 2186 5717 3725 5799">
    <p class='ocr_par' dir='ltr' id='par_1_120' title="bbox 2186 5717 3725 5799">
     <span class='ocr_line' id='line_1_120' title="bbox 2186 5717 3725 5799; baseline -0.008 -17"><span class='ocrx_word' id='word_1_921' title='bbox 2186 5725 2361 5799; x_wconf 76' lang='lat' dir='ltr'><strong>gregis</strong></span> <span class='ocrx_word' id='word_1_922' title='bbox 2392 5741 2570 5782; x_wconf 83' lang='lat' dir='ltr'><strong>curam</strong></span> <span class='ocrx_word' id='word_1_923' title='bbox 2603 5724 2840 5796; x_wconf 83' lang='lat' dir='ltr'><strong>suscipit,</strong></span> <span class='ocrx_word' id='word_1_924' title='bbox 2870 5724 3000 5781; x_wconf 82' lang='lat' dir='ltr'><strong>viris</strong></span> <span class='ocrx_word' id='word_1_925' title='bbox 3028 5733 3228 5781; x_wconf 88' lang='lat' dir='ltr'><strong>tantum</strong></span> <span class='ocrx_word' id='word_1_926' title='bbox 3255 5717 3504 5778; x_wconf 83' lang='lat' dir='ltr'><strong>curandis</strong></span> <span class='ocrx_word' id='word_1_927' title='bbox 3531 5722 3725 5786; x_wconf 73' lang='lat' dir='ltr'><strong>operam</strong></span> 
     </span>
    </p>
   </div>
  </div>
