3944 6202
160 300 241 359 683
1388 306 1477 362 DE
1520 307 1977 368 SACERDOTIO.
2017 311 2150 381 LIB,
2191 309 2281 368 Vl.

151 415 611 489 λίαςὺιτρέπεσθαι
654 417 959 491 θαυμάζοι,
998 421 1098 493 τῆς
1148 422 1448 496 καρτερίας
1481 425 1579 495 μὲν
1620 426 1781 482 τοῦτο

146 507 315 575 δεῖγμα
356 508 446 560 καὶ
466 508 629 572 αὐτὸς
656 504 794 563 εἶναι
845 509 1010 581 φαίην
1043 509 1133 575 ἂν,
1177 510 1238 563 οὐ
1273 511 1381 582 μὴν
1425 512 1649 585 ἀπάσης
1677 515 1781 585 τῆς

146 594 364 667 ἀνδρείας
384 594 479 665 τῆς
506 596 564 647 ἐν
586 600 653 668 τῇ
678 597 820 668 ψυχῇ
866 600 1164 670 τεκμήριον
1198 599 1404 657 ἰκανόν.
1447 600 1506 655 '0
1542 603 1642 672 μὲν
1671 603 1782 677 γὰρ

147 685 253 736 Itan
276 682 496 752 λιμένων
527 684 618 736 ἐπὶ
643 685 752 737 τῶν
779 685 983 740 οἰάκων
1018 686 1347 758 καθήμενος,
1375 686 1531 742 οὔπω
1565 689 1667 761 τῆς
1689 691 1782 744 τέ-

145 789 255 843 χνης
280 773 471 844 ἀκριϐῆ
502 773 685 828 δίδωσι
720 774 952 844 βάσανον
971 791 985 805 ’
1018 776 1111 829 τὸν
1138 777 1195 830 δέ
1233 777 1292 830 ἐν
1327 776 1477 848 μέσῳ
1508 778 1587 848 τῷ
1619 780 1782 833 πελά-

142 875 215 927 γει
246 861 330 913 καὶ
350 860 426 930 τῷ
463 861 694 931 χειμῶνι
721 862 1019 933 δυνηθέντα
1046 863 1311 918 διασῶσαι
1344 865 1406 917 :6
1433 865 1664 935 σκάφος,
1695 867 1783 920 ού-

142 947 230 1010 δεὶς
258 948 397 1011 ὅστις
436 949 539 1001 οὐκ
571 949 639 1003 ἂν
676 945 815 1005 εἶναι
853 950 986 1023 φαίη
1039 950 1378 1023 κυϐερνήτην
1422 952 1664 1024 ἄριστον.

198 1034 250 1100 ζ’.
279 1034 348 1087 06
362 1035 541 1089 τοίνυν
560 1039 693 1108 ἡμῖν
707 1037 829 1091 ούδέ
843 1026 950 1092 τδηῗ
955 1039 1186 1110 μοναχὸν
1204 1037 1544 1110 θαυμαστέον
1566 1052 1590 1080 ι
1611 1039 1676 1093 ἂν
1696 1038 1781 1112 εἴη

140 1120 239 1176 λίαν
257 1124 343 1175 καὶ
364 1122 482 1193 μεθ’
508 1124 834 1197 ὑπερϐολῆς,
862 1126 944 1179 ὅτι
966 1127 1141 1198 μένων
1164 1128 1248 1195 ἐφ’
1266 1127 1462 1181 ἐαυτοῦ
1485 1127 1544 1179 ού
1575 1127 1780 1200 ταράτ-

138 1226 279 1271 τεται.
303 1211 421 1265 οὑδέ
438 1212 800 1285 διαμαρτάνει
826 1213 998 1267 πολλά
1023 1214 1118 1266 καὶ
1146 1214 1357 1284 μεγάλα
1386 1215 1778 1286 ἁμαρτήματα·

138 1297 235 1352 οὐδὲ
259 1296 361 1369 γάρ
380 1299 499 1370 ἔχει
526 1300 596 1354 τά
625 1301 1033 1372 παρακνίζοντα
1062 1301 1156 1355 καὶ
1187 1301 1523 1372 διεγείροντα
1560 1300 1657 1372 τὴν
1682 1301 1781 1371 ψυο

138 1386 236 1454 χήν.
280 1384 415 1438 Ἀλλ’
436 1384 493 1438 ει
516 1404 601 1450 τις
627 1386 890 1459 πλήθεσιν
928 1389 1071 1452 ὅλοις
1100 1389 1291 1442 ἐαυτὸν
1321 1386 1658 1452 ἐνδεδωκὼς,
1689 1389 1784 1443 καὶ

136 1472 217 1536 τὰς
241 1471 344 1526 τῶν
378 1473 595 1528 πολλῶν
626 1475 815 1546 φέρειν
842 1476 1117 1548 ἁμαρτίας
1149 1474 1544 1544 ἀναγκασθεὶς,
1570 1474 1784 1546 ἔμεινεν

135 1560 330 1632 ἀκλινὴς
349 1562 446 1615 καὶ
476 1564 736 1636 στερρὸς,
769 1563 960 1637 ὥσπερ
986 1566 1044 1619 ἐν
1074 1563 1285 1637 γαλήνῃ
1314 1562 1392 1634 τῷ
1425 1562 1658 1634 χειμῶνι
1684 1562 1783 1634 τὴν

133 1647 282 1719 ψυχήν
307 1649 704 1722 διακυϐερνῶν,
734 1646 889 1716 οὗτος
923 1652 1239 1725 κροτεῖσθαι
1273 1651 1370 1706 καὶ
1403 1649 1784 1722 θαυμάζεσθαι

132 1737 262 1807 παρά
293 1736 515 1792 πάντων
562 1738 629 1793 ἂν
660 1741 745 1811 εἴη
780 1740 1024 1803 δίκαιος⁹
1060 1739 1252 1808 ἰκανὴν
1279 1738 1390 1811 γὰρ
1434 1739 1534 1809 τῆς
1577 1738 1785 1801 οἰκείας

132 1824 350 1894 ἀνδρείας
386 1825 495 1895 τὴν
521 1825 848 1899 δοκιμασίαν
881 1826 1216 1894 ἐπεδείξατο.
1272 1827 1364 1899 Μὴ
1419 1826 1598 1881 τοίνυν
1648 1824 1784 1897 μηδέ

132 1911 269 1975 αὐτὸς
291 1912 605 1986 θαυμάσῃς,
638 1916 689 1968 εἰ
711 1915 810 1987 τὴν
832 1915 860 1956 ι)
891 1915 1099 1988 ἀγορὰν
1130 1913 1426 1984 φεύγοντες
1460 1915 1622 1985 ἡμεῖς
1645 1953 1661 1981 ,
1691 1914 1787 1966 καὶ

130 1997 210 2063 τάς
233 1999 332 2053 τῶν
382 2001 603 2053 πολλῶν
649 2003 933 2067 συνουσίας
954 2044 970 2069 ,
1018 2002 1120 2056 ούκ
1158 2001 1355 2073 ἔχομεν
1391 2002 1519 2065 τοὺς
1552 2016 1788 2070 κατηγο-

133 2085 328 2156 ροῦντας
361 2088 635 2153 πολλούς’
670 2089 792 2144 οὐδὲ
835 2090 945 2162 γὰρ
992 2091 1041 2144 εἰ
1085 2089 1366 2145 καθεύδων
1393 2088 1493 2160 οὐχ
1531 2086 1786 2160 ἡμάρτα-

127 2191 217 2238 νον,
246 2177 345 2230 066’
374 2178 433 2230 εἰ
466 2177 541 2249 μὴ
573 2177 817 2233 παλαίων
846 2179 946 2232 οὐκ
990 2178 1242 2246 ἔπιπτον,
1282 2176 1390 2231 066‘
1424 2178 1476 2230 εἰ
1505 2176 1580 2246 μὴ
1615 2173 1788 2246 μαχό-

130 2278 261 2333 μενος
283 2265 394 2320 οὐκ
424 2266 751 2339 ἐϐαλλόμην,
786 2266 1088 2336 θαυμάζειν
1118 2268 1305 2338 ἐχρῆν.
1339 2266 1438 2330 Τίς
1477 2263 1609 2337 γὰρ,
1640 2263 1784 2327 εἰπὲ,

126 2351 193 2412 τίς
214 2351 498 2423 δυνήσεται
526 2357 808 2409 κατειπεῖν
840 2355 933 2409 καὶ
963 2353 1313 2424 ἀποκαλύψαι
1347 2354 1446 2424 τὴν
1479 2351 1788 2423 μοχθηρίαν

125 2437 206 2506 τὴν
231 2439 360 2511 ἐμήν
390 2458 407 2506 ;
437 2443 466 2494 ὁ
495 2440 695 2513 ὄροφος
724 2435 877 2506 οὗτος
904 2442 997 2496 καὶ
1030 2445 1058 2496 ὁ
1090 2440 1364 2506 οἰκίσκος;
1413 2440 1553 2494 Ἀλλ’
1591 2440 1692 2492 οὐκ
1722 2437 1789 2492 ἀν

125 2522 336 2581 δύναιντο
360 2528 535 2601 ῥῆξαι
564 2532 770 2601 φωνήν.
800 2529 942 2583 Ἀλλ’
968 2532 1001 2602 ἡ
1033 2531 1217 2602 μήτηρ
1241 2530 1275 2602 ἡ
1309 2528 1545 2602 μάλιστα
1570 2526 1790 2581 πάντων

126 2610 269 2664 εἰδυῖα
289 2614 357 2668 τά
396 2615 535 2686 ἐμά;
567 2616 821 2670 Μάλιστα
866 2615 965 2688 μὲν
993 2617 1115 2670 οὐδὲ
1162 2616 1299 2689 πρὸς
1336 2617 1507 2689 αὐτήν
1545 2613 1663 2668 ἐστί
1694 2613 1790 2685 μοί

124 2699 367 2767 τικοινόν,
406 2702 527 2756 οὐδὲ
559 2704 640 2768 εἰς
688 2704 1023 2773 φιλονεικίαν
1049 2703 1284 2776 ἤλθομεν
1329 2704 1573 2758 πώποτε.
1612 2703 1677 2756 Εἰ
1736 2701 1793 2754 δὲ

124 2785 381 2844 καὶτοῦτο
404 2785 475 2862 ἦν
504 2791 739 2863 συμϐάν,
771 2791 1000 2863 οὐδεμία
1026 2790 1202 2856 οὕτως
1229 2792 1349 2846 ἐστὶ
1383 2792 1568 2864 μήτηρ
1593 2778 1792 2860 ἀστορ-

123 2890 202 2942 γος
226 2879 313 2931 καὶ
341 2880 704 2951 μισότεκνος,
733 2880 811 2944 ὡς
851 2879 1062 2947 τοῦτον,
1102 2880 1162 2934 ὃν
1200 2878 1355 2933 ὥδινε
1388 2880 1483 2934 καὶ
1510 2879 1666 2932 ἔτεκε
1699 2877 1794 2932 καὶ

123 2962 292 3036 ἔθρεψε
315 2976 337 3007 ε
380 2967 655 3040 μηδεμιᾶς
677 2967 1103 3039 ἀναγκαζούσης
1132 2968 1481 3041 προφάσεως,
1516 2967 1651 3040 μηδέ
1679 2964 1797 3038 βια-

125 3048 324 3123 ξομ-ἔνου
381 3056 565 3122 τινὸς,
609 3056 860 3121 κακίζειν
910 3056 1007 3111 καὶ
1044 3056 1354 3112 διαϐάλλειν
1398 3055 1552 3127 παρά
1603 3056 1790 3108 πᾶσιν.

133 3141 263 3197 Ἐπεὶ
281 3145 376 3198 ὅτι
400 3161 485 3214 γε,
513 3146 569 3199 et
590 3162 676 3210 τις
701 3146 800 3216 τὴν
828 3146 1103 3217 ἡμετέραν
1138 3144 1276 3216 πρὸς
1299 3143 1587 3215 ἀκρίϐειαν
1621 3141 1794 3198 ἐθέλοι

125 3228 421 3297 βασανίζειν
448 3233 653 3304 ψυχήν,
685 3232 856 3287 πολλά
886 3234 1057 3304 αὐτῆς
1084 3233 1307 3305 εὑρήσει
1331 3230 1403 3286 τά
1440 3229 1636 3304 σαθρὰ,
1674 3231 1793 3285 οὐδὲ

124 3319 261 3383 αὐτὸς
288 3321 516 3391 ἀγνοεῖς
550 3321 581 3374 ὁ
631 3322 866 3392 μάλιστα
913 3320 1132 3374 πάντων
1160 3321 1310 3391 ἡμᾶς
1338 3320 1452 3384 τοῖς
1490 3319 1794 3391 ἐγκωμίοις

122 3406 350 3482 ἐπαίρειν
382 3409 539 3481 παρὰ
567 3410 734 3463 πᾶσιν
773 3408 1001 3472 εἰωθώς.
1042 3408 1150 3462 Kal.
1193 3409 1276 3461 δτι
1303 3424 1366 3476 γε
1391 3408 1453 3461 οὐ
1487 3408 1795 3479 μετριάζων

124 3494 272 3551 ταῦτα
307 3497 465 3566 λέγω
493 3496 615 3563 νῦν,
636 3496 952 3568 ἀνάμνησον
980 3495 1200 3559 σαυτὸν,
1241 3495 1431 3559 ὁσάκις
1464 3491 1618 3549 εἷπον
1660 3495 1797 3566 πρὸς

125 3584 193 3646 σὲ,
216 3583 380 3654 λόγου
404 3582 653 3638 τοιούτου
681 3584 977 3655 γενομένου
1008 3583 1271 3648 πολλάκις
1298 3586 1432 3654 ἡμῖν
1454 3601 1470 3615 ·
1501 3586 1604 3647 ὅτι,
1636 3585 1690 3638 εἴ
1712 3602 1798 3649 τις

124 3673 309 3745 αἵρεσίν
343 3690 437 3744 μοι
464 3672 770 3745 προυτίθει,
796 3671 900 3725 ποῦ
925 3671 1127 3742 μᾶλλον
1149 3670 1442 3743 βουλοίμην
1461 3672 1792 3742 εὐδοκιμεῖν,

124 3759 174 3813 ἐν
194 3764 253 3833 τῇ
280 3763 385 3832 τῆς
420 3760 750 3832 Ἐκκλησίας
774 3760 1106 3833 προστασίᾳ,
1138 3760 1171 3832 ἢ
1200 3759 1341 3814 κατά
1378 3759 1470 3814 τδν
1492 3759 1599 3815 τῶν
1632 3778 1796 3832 μονα-

123 3848 220 3918 χῶν
233 3849 368 3919 βίον,
394 3849 621 3921 μυρίαις
634 3847 701 3902 ἂν
721 3847 924 3919 ψήφοις
938 3848 1000 3902 :6
1024 3849 1290 3922 πρότερον
1300 3849 1575 3920 ξέδεξάμην
1597 3850 1794 3920 ἔγωγε.

124 3936 310 4009 οὐγὰρ
355 3935 597 3991 διέλιπόν
629 3952 763 3989 ποτε
795 3936 1117 4007 μακαρίζων
1150 3936 1287 4008 πρὸς
1318 3936 1379 3990 σέ
1422 3938 1552 4001 τοὺς
1582 3937 1798 4009 ἐκείνης

120 4024 211 4095 τῆς
246 4024 529 4090 διακονίας
558 4025 863 4097 προστῆναι
892 4024 1222 4096 δυνηθέντας
1251 4025 1454 4091 καλῶς.
1491 4026 1615 4080 Ὅτι
1645 4025 1796 4100 [427]

122 4110 172 4165 δέ
195 4115 325 4185 ὅπερ
348 4113 713 4186 ἐμακάριζον,
744 4114 845 4167 οὐκ
874 4112 940 4167 ἂν
968 4112 1190 4182 ἔφυγον,
1218 4114 1421 4178 ἱκανῶς
1443 4113 1581 4186 ἔχων
1606 4115 1800 4186 μετελ-

122 4200 248 4267 θεῖν,
271 4203 452 4267 οὐδεὶς
483 4204 720 4273 ἀντερεῖ.
767 4200 930 4255 ⁹Αλλά
966 4201 1021 4255 τί
1056 4200 1247 4268 πάθιο;
1280 4202 1448 4256 Οὐδὲν
1480 4202 1589 4275 γάρ
1628 4203 1802 4268 οὕτως

122 4287 382 4361 ἄχρηστον
408 4291 493 4354 είς
538 4288 869 4358 Ἐκκλησίας
914 4289 1256 4361 προστασίαν
1282 4289 1360 4353 ὼς
1391 4289 1529 4362 αὐτη
1562 4292 1595 4363 ἡ
1630 4291 1801 4363 ἀργία

122 4378 211 4431 καὶ
237 4380 273 4451 ή
316 4377 687 4449 ἀμελετησία,
732 4376 800 4449 ἢν
837 4376 1015 4448 ἐτεροι
1073 4377 1172 4448 μὲν
1217 4378 1451 4449 ἀσκησίν
1497 4396 1618 4434 τινα
1665 4378 1799 4433 θαυ-

127 4464 327 4535 μαστὴν
370 4461 509 4519 εἶναι
545 4463 889 4535 νομίζουσιν·
940 4463 1053 4534 ἐγὼ
1093 4464 1150 4518 δέ
1190 4466 1361 4539 αὐτὴν
1405 4465 1647 4537 ὡσπερεὶ
1698 4483 1803 4519 πα-

127 4551 440 4624 ραπέτασμα
489 4551 592 4623 τῆς
633 4551 842 4616 οἰκείας
890 4551 1000 4623 ἐχω
1052 4552 1421 4625 φαυλότητος,
1461 4551 1529 4606 τά
1580 4552 1803 4608 πλείονα

124 4639 233 4693 τῶν
271 4639 666 4713 ἐλαττωμάτων
716 4640 828 4694 τῶν
871 4641 1113 4712 ἐμαυτοῦ
1157 4641 1332 4714 ταύτῃ
1378 4642 1800 4710 συγκαλύπτων,

124 4728 220 4781 καὶ
241 4729 339 4783 οὐκ
382 4728 489 4783 ἐῶν
533 4728 842 4798 φαίνεσθαι.
892 4729 949 4784 Ὀ
996 4728 1108 4801 γὰρ
1133 4728 1431 4794 ἐνεθισθεὶς
1471 4726 1501 4769 ά
1532 4731 1804 4802 τοσαύτης

120 4816 412 4871 ἀπολαύειν
436 4817 877 4889 ἀπραγμοσύνης
894 4860 909 4885 ,
932 4818 1028 4871 καὶ
1057 4819 1118 4871 ἐν
1142 4818 1344 4890 ἡσυχία
1369 4817 1577 4887 διάγειν
1605 4819 1800 4886 πολλῇ,

116 4903 221 4957 κάν
248 4905 491 4977 μεγάλης
530 4901 564 4989 ᾖ
595 4905 833 4975 φύσεως,
864 4904 971 4958 ὑπὸ
997 4905 1097 4976 τῆς
1126 4904 1466 4975 ἀνασκησίας
1494 4904 1803 4979 θορυϐεῖται

118 4991 209 5045 καὶ
228 4993 558 5065 ταράττεται
583 5035 599 5056 ,
627 4994 722 5047 καὶ
765 4993 865 5064 τῆς
902 4992 1111 5056 οἰκείας
1143 4992 1429 5064 δυνάμεως
1474 4994 1803 5066 περικόπτει

121 5078 288 5149 μέρος
319 5080 381 5133 06
418 5080 616 5151 μικρὸν
636 5080 698 5134 :6
723 5079 1097 5150 ἀγύμναστον.
1128 5080 1296 5133 Ὅταν
1318 5080 1375 5133 δέ
1398 5080 1534 5151 ὁμοῦ
1558 5080 1651 5134 καί
1679 5080 1807 5152 βρα-

115 5163 261 5230 δείας
372 5167 632 5231 διανοίας,
679 5166 910 5221 καὶτῶν
946 5165 1207 5221 τοιούτων
1241 5165 1417 5236 λόγων
1449 5168 1541 5221 καὶ
1576 5166 1805 5236 ἀγώνων

120 5256 363 5326 ἄπειρος,
396 5254 556 5310 τοῦτο
582 5256 647 5327 δὴ
675 5256 739 5310 τὸ
776 5255 1068 5327 ἡμέτερον,
1103 5255 1215 5309 τῶν
1252 5254 1470 5308 λιθίνων
1493 5256 1647 5309 οὐδὲν
1674 5255 1803 5309 διοί-

118 5352 221 5396 σει.
248 5342 455 5413 ταύτην
495 5342 794 5415 δεξάμενος
826 5343 927 5414 τὴν
959 5343 1297 5414 οἰκονομίαν.
1348 5341 1449 5396 Διά
1490 5343 1652 5397 τοῦτο
1695 5342 1804 5397 τῶν

120 5426 177 5495 ἒξ
209 5429 426 5502 ἐκείνης
460 5433 778 5503 ἐρχομένων
813 5432 910 5502 τῆς
940 5430 1280 5504 παλαίστρας
1316 5431 1395 5496 είς
1429 5431 1554 5496 τοὺς
1583 5431 1804 5502 ἀγῶνας

182 5599 212 5629 ⁸
239 5601 335 5668 ᾼῩίί
354 5605 641 5668 θαυμαστόν·

181 5670 209 5697 ι
239 5663 335 5739 ιιι

3457 305 3561 363 68$

1884 427 2106 491 τούτους
2137 428 2308 496 ὀλίγοι
2352 425 2758 496 διαφαίνονται·
2808 423 2860 479 οἰ
2907 421 2965 476 δέ
2999 420 3214 485 πλείους
3252 419 3562 487 ἐλέγχονται

1882 517 1977 570 καὶ
2006 514 2428 576 καταπίπτουσι,
2456 514 2552 567 καὶ
2579 512 2882 584 πράγματα
2907 507 3273 580 ὑπομένουσιν
3300 506 3439 579 ἀηδῆ
3467 516 3563 560 καί

1881 602 2114 676 χαλεπά.
2139 601 2248 654 Καὶ
2275 601 2423 654 οὐδὲν
2446 599 2697 662 ἀπεικός.
2729 599 2898 651 Ὅταν
2929 596 3037 668 γάρ
3064 594 3138 667 μὴ
3164 596 3295 666 περὶ
3324 593 3432 647 τῶν
3462 594 3563 647 αὺο

1880 692 1989 744 τῶν
2019 692 2073 745 οἴ
2105 708 2165 745 τε
2195 689 2406 759 ἀγῶνες
2443 683 2546 743 ὦσι
2593 690 2689 743 καὶ
2725 688 2794 742 τά
2828 687 3131 757 γυμνάσια,
3173 684 3282 737 τῶν
3314 683 3567 754 ἀγυμνά-

1883 797 2025 832 στων
2065 780 2093 831 ὁ
2129 777 2534 848 ἀγωνιζόμενος
2576 777 2727 830 οὐδὲν
2776 776 3073 847 διενήνοχε,
3118 770 3290 843 Δόξης
3327 772 3567 842 μάλιστα

1882 866 1963 919 δεῖ
2010 867 2369 937 καταφρονεῖν
2417 865 2507 918 τὸν
2549 864 2629 927 εἰς
2671 863 2831 917 τοῦτο
2878 863 3174 933 ἐρχόμενον
3219 859 3280 912 :6
3327 858 3565 925 στάδιον,

1882 952 2050 1023 ὀργῆς
2079 951 2350 1024 ἀνώτερον
2374 949 2533 1017 εἶναι,
2561 951 2825 1013 συνέσεως
2847 948 3099 1020 ἔμπλεων
3120 946 3345 1018 πολλῆς.
3376 945 3567 1018 Τούτῳ

1883 1041 1935 1094 δὲ
1981 1041 2059 1113 τῷ
2101 1042 2191 1095 τὸν
2234 1041 2440 1112 μονήρη
2476 1040 2755 1114 στέργοντι
2792 1037 2905 1109 βίον
2937 1035 3161 1106 οὐδεμία
3188 1047 3210 1073 θ
3257 1034 3568 1105 γυμνασίας

1884 1128 2140 1193 ὑπόθεσις
2182 1130 2486 1202 πρόκειται.
2536 1127 2675 1180 Οὔτε
2709 1125 2818 1198 γάρ
2850 1126 2975 1189 τοὺς
3017 1122 3425 1195 παροξύνοντας
3451 1121 3569 1193 ἔχει

1885 1216 2140 1282 πολλοὺς,
2185 1216 2274 1273 ἵνα
2320 1215 2599 1287 μελετήσῃ
2635 1214 2888 1279 κολάζειν
2931 1210 3025 1264 τοῦ
3073 1211 3247 1282 θυμοῦ
3285 1210 3384 1278 τὴν
3413 1209 3571 1266 δύνα-

1888 1294 2013 1374 μινλ
2040 1302 2165 1357 οὔτε
2196 1304 2323 1368 τοὺς
2361 1302 2766 1376 μακαρίζοντας
2807 1300 2901 1354 καὶ
2928 1297 3258 1372 κροτοῦντας
3281 1338 3295 1361 ,
3329 1297 3417 1351 ἵνα
3444 1315 3572 1354 παι-

1884 1390 2045 1463 δευθῇ
2077 1392 2204 1455 τοὺς
2235 1391 2387 1464 παρὰ
2429 1391 2536 1445 τῶν
2577 1389 2790 1443 πολλῶν
2820 1386 3099 1443 διαπτύειν
3143 1379 3246 1439 ὧδε
3280 1383 3568 1448 ἐπαίνους·

1884 1482 1985 1551 τῆς
2015 1496 2074 1533 τε
2108 1481 2167 1533 ἐν
2206 1483 2326 1544 ταῖς
2366 1478 2717 1550 Ἐκκλησίαις
2752 1475 3163 1547 ἀπαιτουμένης
3205 1472 3475 1535 συνέσεως
3508 1471 3570 1524 06

1889 1566 2054 1631 πολὺς
2080 1567 2259 1631 αὐτοῖς
2292 1571 2320 1621 6
2352 1567 2527 1636 λόγος.
2558 1567 2727 1620 Ὅταν
2755 1559 2849 1619 οὖν
2884 1562 3115 1617 ἔλθωσιν
3150 1561 3232 1624 είς
3266 1560 3393 1622 τοὺς
3421 1556 3572 1627 ἀγῶ-

1886 1670 2013 1721 νας,
2063 1647 2138 1707 ὧν
2187 1655 2263 1729 μὴ
2314 1655 2723 1726 μεμελετήκασι
2776 1653 2876 1723 τὴν
2933 1653 3149 1721 πεῖραν,
3201 1646 3570 1720 ἀποροῦνται,

1891 1741 2211 1811 ἰλιγγιῶσιν,
2261 1742 2339 1807 εἰς
2381 1741 2688 1813 ἀμηχανίαν
2731 1738 3060 1792 ἐκπίπτουσι
3104 1735 3150 1801 τ,
3205 1731 3466 1804 καὶπρὸς
3495 1731 3574 1801 τῷ

1892 1828 2057 1899 μηδὲν
2092 1827 2368 1881 ἐπιδοῦναι
2402 1828 2537 1899 πρὸς
2585 1825 2808 1897 ἀρετὴν,
2848 1824 2943 1881 καὶ
2971 1823 3115 1895 ἀπερ
3149 1820 3365 1891 ἔχοντες
3407 1813 3574 1889 ἦλθον

1889 1916 2078 1969 πολλοὶ
2106 1915 2366 1979 πολλάκις
2392 1914 2703 1970 ἀπώλεσαν.

1954 2002 2153 2074 η’.Καὶ
2181 2004 2210 2055 ὁ
2234 2002 2611 2056 ΒΛΣΙΛΕΙΟΣ.
2646 2000 2712 2055 Τί
2741 1995 2835 2055 οῦν
2855 2016 2869 2066 ;
2892 1999 3018 2064 τοὺς
3040 2001 3101 2054 ἐν
3131 2001 3211 2073 τῷ
3248 2002 3399 2074 μέσῳ
3425 2016 3580 2072 στρε-

1889 2091 2178 2162 φομένους,
2227 2090 2321 2143 καὶ
2364 2089 2708 2162 πραγμάτων
2743 2089 3131 2163 φροντίζοντας
3161 2088 3452 2161 βιωτικῶν,
3484 2087 3581 2145 καὶ

1887 2179 2290 2251 τετριμμένους
2314 2177 2451 2249 πρὸς
2478 2178 2660 2250 μάχας
2686 2178 2782 2231 καὶ
2808 2178 3097 2250 λοιδορίας,
3119 2179 3215 2232 καὶ
3245 2178 3447 2250 μυρίας
3469 2177 3580 2230 δει-

1888 2268 2110 2341 νότητος
2136 2268 2407 2339 γέμοντας
2425 2307 2439 2330 ,
2470 2268 2564 2321 καὶ
2586 2267 2803 2339 τρυφᾷν
2831 2267 3042 2332 εἰδότας
3060 2306 3075 2331 ,
3107 2268 3478 2338 ἐπιστήσομεν
3502 2266 3571 2336 τῇ

1889 2357 1991 2429 τῆς
2033 2356 2366 2427 Ἐκκλησίας
2398 2355 2718 2428 οἰκονομίας
2761 2355 2968 2409 ΧΡΥΣ.
3016 2353 3304 2424 Εὐφήμει,
3334 2353 3493 2425 ἔφην,
3531 2345 3580 2405 ὦ

1894 2445 2133 2517 μακάριε
2168 2442 2253 2503 σύ.
2289 2442 2527 2507 Τούτους
2553 2442 2664 2515 γὰρ
2690 2445 2715 2484 ε
2744 2442 2856 2496 οὐδ’
2890 2443 2971 2507 εἰς
3000 2442 3127 2496 νοῦν
3156 2440 3447 2513 βάλλεσθαι
3474 2440 3577 2505 δεῖ,

1894 2532 2024 2586 ὃταν
2071 2531 2260 2606 ἰερέων
2300 2531 2548 2598 ἐξέτασις
2698 2531 2814 2585 ἀλλ’
2846 2532 2900 2584 ετ
2948 2548 3033 2594 τις
3087 2528 3227 2601 μετὰ
3269 2529 3363 2583 τοῦ
3411 2530 3580 2583 πᾶσιν

1892 2622 2104 2691 ὁμιλεῖν
2134 2620 2230 2677 καὶ
2266 2619 2807 2695 συναναστρέφεσθαι
2844 2618 3063 2674 δύναιτο
3094 2617 3194 2688 τὴν
3228 2617 3581 2691 καθαρότητα

1892 2708 1989 2763 καὶ
2041 2707 2142 2780 τὴν
2192 2706 2520 2779 ἀταραξίαν,
2559 2707 2656 2779 τήν
2704 2724 2763 2761 τε
2805 2704 3122 2777 ἁγιωσύνην
3164 2705 3261 2760 καὶ
3295 2704 3394 2775 τὴν
3442 2722 3583 2779 καρ-

1891 2796 2079 2868 τερίαν
2108 2796 2201 2849 καὶ
2229 2795 2408 2866 νῆψιν,
2462 2795 2557 2848 καὶ
2595 2793 2665 2847 τά
2699 2792 2838 2850 ἄλλα
2867 2792 2937 2851 τὰ
2970 2795 3083 2857 τοῖς
3121 2794 3376 2864 μοναχοῖς
3414 2808 3585 2863 προσ-

1893 2881 2020 2937 όντα
2081 2881 2298 2952 ἀγαθὰ,
2351 2882 2643 2952 φυλάττειν
2698 2880 2934 2953 ἀκέραια
2980 2880 3076 2934 καὶ
3152 2878 3585 2952 ἀπαρασάλευτα

1898 2971 2098 3043 μᾶλλον
2133 2969 2245 3023 τῶν
2287 2968 2691 3041 μεμονωμένων
2745 2968 2976 3022 ἐκείνων
3010 2968 3076 3008 ιι·
3123 2966 3201 3031 ὡς
3240 2968 3269 3024 ὅ
3302 2984 3368 3036 γε
3411 2964 3586 3020 πολλὰ

1868 3064 1999 3137 μὲν
2034 3062 2174 3134 ἔχων
2223 3060 2619 3131 ἐλαττώματα,
2672 3059 2970 3130 δυνάμενος
3006 3058 3064 3111 δὲ
3113 3057 3253 3112 αύτά
3299 3058 3366 3128 τῇ
3408 3054 3585 3128 μονώ-

1897 3164 1980 3204 σει
2027 3149 2326 3204 καλύπτειν
2367 3147 2461 3201 καὶ
2498 3149 2672 3199 ποιεῖν
2700 3146 2961 3216 ἄπρακτα
3004 3145 3082 3216 τῷ
3122 3145 3310 3218 μηδενὶ
3349 3159 3586 3214 καταμιο

1894 3239 2088 3310 γνύναι
2139 3237 2363 3290 ἐαυτόνυ
2389 3229 2544 3298 οὗτος
2585 3236 2663 3299 εἰς
2691 3235 2855 3305 μέσον
2901 3232 3095 3299 ἐλθὼν,
3145 3232 3298 3286 ούδέν
3332 3231 3521 3302 ἕτερον
3545 3229 3582 3301 ἡ

1894 3322 1956 3377 :6
2009 3318 2420 3391 καταγέλαστος
2475 3317 2735 3387 γενέσθαι
2782 3318 3054 3388 κερδανεῖ,
3108 3317 3204 3370 καί
3248 3312 3585 3369 κινδυνεύσει

1900 3406 2199 3480 μειζόνωςι
2240 3406 2269 3460 ὃ
2309 3403 2509 3478 μικροῦ
2543 3403 2655 3457 δεῖν
2692 3404 2973 3475 ἐπάθομεν
3016 3402 3082 3456 ἂν
3117 3404 3302 3475 ἡμεῖς,
3351 3402 3400 3454 εἰ
3442 3399 3517 3471 μὴ
3548 3400 3585 3471 ἠ

1896 3496 1992 3550 τοῦ
2022 3495 2159 3549 Θεοῦ
2188 3493 2486 3565 κηδεμονία
2512 3493 2575 3547 :6
2595 3492 2706 3565 πῦρ
2731 3492 2942 3563 ταχέως
2965 3491 3162 3563 ἀνέσχε
3184 3491 3286 3561 τῆς
3310 3487 3586 3561 ἡμετέρας

1897 3584 2162 3654 κεφαλῆς.
2187 3580 2341 3656 [428]
2364 3582 2439 3636 06
2458 3581 2567 3654 γάρ
2593 3580 2707 3634 ἐστι
2730 3579 3024 3650 λαθεῖντὺν
3049 3579 3194 3633 οὓτω
3215 3577 3585 3648 διακείμενον,

1898 3673 2024 3726 ὅταν
2046 3673 2103 3725 ἐν
2120 3670 2197 3740 τῷ
2231 3669 2457 3741 φανεφῷ
2480 3671 2747 3740 καταστῇ,
2779 3668 2917 3722 ἀλλά
2941 3668 3174 3722 πάντοτε
3210 3667 3496 3738 ἐλέγχεται
3531 3666 3584 3731 ὶ,

1900 3760 2000 3813 καὶ
2048 3757 2305 3830 καθάπερ
2339 3760 2441 3822 τάς
2477 3755 2811 3828 μεταλλικὰς
2840 3755 2972 3820 ὕλας
3013 3754 3300 3826 δοκιμάζει
3346 3753 3409 3807 :6
3452 3751 3586 3826 πῦρ,

1900 3847 2052 3901 οὓτω
2085 3848 2179 3900 καὶ
2227 3849 2259 3917 ἡ
2302 3846 2395 3899 τοῦ
2441 3845 2645 3916 κλήρου
2702 3843 2935 3914 βάσανος
2980 3842 3082 3907 τὰς
3127 3842 3238 3896 τῶν
3283 3839 3589 3911 ἀνθρώπων

1901 3935 2164 4007 διακρίνει
2192 3933 2405 4005 ψυχὰς,
2440 3932 2542 3987 κᾶν
2584 3932 2801 4003 ὀργίλος
2838 3949 2924 3996 τις
2960 3926 3031 4006 ᾗ,
3076 3931 3182 3984 κᾶν
3218 3928 3585 4002 μικρόψυχος,

1902 4024 2005 4078 κάν
2045 4021 2355 4093 φιλόδοξος,
2392 4020 2500 4075 κᾶν
2549 4019 2787 4086 ἀλαζὼν,
2826 4018 2928 4075 κᾶν
2973 4021 3002 4073 ὅ
3035 4036 3088 4073 τι
3130 4017 3330 4089 δήποτε
3364 4017 3586 4087 ἓτερον,

1904 4113 2122 4166 ᾶπαντα
2166 4107 2503 4164 ἐκκαλύπτει
2538 4106 2586 4171 ἰ,
2621 4109 2718 4163 καὶ
2755 4109 2956 4178 γυμνοῖ
2994 4106 3209 4177 ταχέως
3246 4104 3313 4157 τὰ
3350 4100 3591 4156 ἐλαττώ-

1908 4216 2057 4272 ματα
2083 4217 2096 4231 ο
2133 4199 2194 4252 06
2242 4199 2443 4268 γυμνοῖ
2485 4196 2543 4250 δὲ
2588 4197 2773 4267 μόνον,
2815 4194 2953 4249 ἀλλά
2983 4194 3079 4248 καὶ
3107 4190 3465 4263 χαλεπώτερα
3492 4189 3590 4243 καὶ

1909 4287 2237 4359 ἰσχυρότερα
2288 4284 2426 4338 αύτά
2467 4283 2783 4354 καθίστησι.
2820 4282 2931 4336 Καὶ
2959 4282 3069 4352 γὰρ
3096 4280 3166 4333 τά
3192 4278 3288 4331 τοῦ
3334 4278 3589 4346 σώματος

1903 4375 2201 4448 τραύματα
2242 4370 2689 4446 προστριϐόμενα
2722 4367 2952 4422 δυσίατα
2992 4367 3222 4437 γίνεται.
3258 4366 3355 4419 καὶ
3387 4364 3456 4418 τὰ
3486 4363 3588 4435 τῆς

1903 4464 2083 4535 ψυχῆς
2106 4460 2255 4534 πάθη
2283 4459 2582 4530 κνιζόμενα
2603 4458 2698 4512 καὶ
2718 4455 3129 4527 παροξυνόμενα
3159 4453 3359 4527 μᾶλλον
3377 4450 3593 4525 ἀγριαί-

1905 4551 2092 4604 νεσθαι
2120 4550 2357 4617 πέφυκε,
2395 4547 2490 4601 καὶ
2512 4547 2640 4610 τοὺς
2669 4544 2892 4618 ἔχοντας
2920 4542 3058 4597 αύτά
3088 4541 3311 4596 πλείονα
3343 4538 3591 4612 ἀμαρτάο

1906 4653 2019 4692 νειν
2052 4635 2319 4707 βιάζεται.
2356 4635 2468 4688 Καὶ
2492 4637 2602 4704 γάρ
2637 4634 2718 4697 είς
2744 4631 2923 4703 ἔρωτα
2956 4630 3117 4701 δόξης
3151 4630 3368 4701 ἐπαίρει
3400 4628 3492 4682 τὸν
3517 4626 3592 4698 μὴ

1910 4726 2271 4800 προσέχοντα,
2300 4724 2396 4778 καὶ
2435 4725 2515 4786 είς
2540 4720 2882 4787 ἀλαζονείαν,
2909 4720 3005 4774 καὶ
3027 4721 3109 4783 εἰς
3136 4718 3435 4799 χρημάτων
3468 4718 3592 4769 ἐπι-

1905 4814 2108 4884 θυμίαν
2131 4830 2145 4845 ο
2177 4812 2444 4884 ὐποσύρει
2481 4809 2540 4863 δὲ
2573 4810 2668 4864 καὶ
2696 4810 2776 4873 είς
2803 4809 3020 4880 τρυφὴν
3059 4807 3153 4860 καὶ
3178 4809 3258 4870 εἰς
3286 4805 3472 4859 ἀνεσιν
3500 4806 3593 4858 καὶ

1908 4900 2211 4973 ρᾳθυμίαν,
2247 4901 2343 4955 καὶ
2386 4899 2530 4954 κατά
2572 4897 2769 4971 μικρὸν
2806 4898 2888 4961 εἰς
2915 4897 2985 4950 τά
3018 4894 3332 4966 περαιτέρω
3363 4892 3592 4957 τούτων,

1907 4989 2006 5047 καὶ
2033 4990 2099 5043 ἐκ
2127 4987 2335 5042 τούτων
2360 4985 2658 5058 τικτόμενα
2696 4985 2864 5040 κακά.
2894 4982 3072 5037 Πολλά
3109 4982 3218 5053 γάρ
3238 4983 3385 5034 ἐστιν
3419 4982 3477 5033 ἐν
3515 4980 3597 5052 τῷ

1914 5077 2067 5150 μέσῳ
2088 5078 2157 5131 τά
2180 5077 2458 5144 δυνάμενα
2477 5075 2656 5146 ψυχῆς
2676 5072 2965 5145 ἀκρίϐειαν
2991 5069 3240 5133 ἐκλῦσαι,
3269 5067 3479 5123 καὶτὸν
3503 5069 3600 5124 ἐπὶ

1908 5165 2042 5220 Θεὸν
2075 5164 2333 5235 διακόψαι
2363 5163 2393 5203 ι
2426 5161 2630 5234 δρόμον
2650 5176 2665 5192 ·
2698 5162 2794 5215 καὶ
2816 5158 3040 5231 ’πρῶτον
3071 5156 3330 5211 ἁπάντων
3367 5156 3425 5208 αἰ
3456 5153 3596 5227 πρὸς

1905 5251 2006 5317 τάς
2031 5254 2301 5321 γυναῖκας
2322 5249 2555 5322 ὁμιλίαι.
2585 5248 2720 5303 Οὐδὲ
2750 5246 2859 5319 γάρ
2887 5245 3004 5300 ἐστι
3034 5245 3125 5300 τὸν
3151 5241 3472 5315 προεστῶτα
3501 5241 3596 5296 καὶ

1975 5361 2000 5428 ξ
2022 5357 2120 5408 Alii
2154 5358 2389 5428 οὐδεμιᾶς.
2400 5356 2544 5428 Infra
2566 5355 2721 5406 Savil.
2743 5360 2795 5403 et
2818 5353 3010 5415 aliquot
3049 5365 3168 5403 mss.
3212 5350 3325 5402 οὔτε
3347 5349 3460 5408 τοὺς
3482 5349 3596 5400 θαν-

1906 5423 2135 5482 μάζοντας
2156 5423 2237 5467 καὶ
2258 5423 2556 5482 κροτοῦντας.

1974 5480 1997 5550 ξ
2142 5480 2221 5550 εἰς
2228 5478 2492 5550 ἀμηχανίας
2512 5476 2815 5541 ἐμπίπτουσι.

1976 5496 1990 5519 ι
2021 5496 2118 5531 Αιιι
2142 5496 2207 5536 εις
2228 5496 2326 5542 αμη
2360 5496 2492 5535 ανιας
2512 5496 2815 5541 εμπιπτουσι.

1972 5545 1997 5611 ξ
2024 5543 2118 5611 Alli
2140 5496 2451 5611 :0B:0_7§.9._
2693 5599 2705 5611 ο
2822 5598 2835 5611 .
2902 5597 2914 5611 Ι

1970 5600 1999 5642 δ
2025 5603 2168 5665 υιιλιις,
2195 5599 2380 5665 μᾶλλον
2390 5601 2486 5649 τῶν
2508 5599 2798 5665 φαινομένων
2817 5599 3030 5651 ἰκείνωνσ

1971 5674 1990 5705 ι
2033 5663 2129 5715 Alii
2152 5661 2274 5712 ἀλλὰ
2293 5661 2447 5710 πάντα
2468 5661 2576 5711 τότε
2597 5662 2667 5710 ἐλ.

1976 5739 1991 5777 Ι
2026 5723 2121 5775 Alii
2146 5726 2272 5773 ἅπαν
2299 5724 2401 5772 ἐκκ.
2586 5738 2587 5741 ‘

1973 5789 2000 5827 ι
2034 5785 2133 5840 Alii
2153 5787 2233 5836 τὸν
2258 5786 2329 5835 ἐπ’
2348 5784 2525 5843 εὐθείας
2545 5785 2788 5849 διακόψαι.
