  <div class='ocr_page' id='page_1' title='image "/cluster/home/n/w/nwhite01/storage/ocr_20150623/48/hvd.32044073501892/164.png"; bbox 0 0 3944 6202; ppageno 0'>
   <div class='ocr_carea' id='block_1_1' title="bbox 305 322 397 378">
    <p class='ocr_par' dir='ltr' id='par_1_1' title="bbox 305 322 397 378">
     <span class='ocr_line' id='line_1_1' title="bbox 305 322 397 378; baseline -0.033 0"><span class='ocrx_word' id='word_1_1' title='bbox 305 322 397 378; x_wconf 73' lang='lat'><strong>685</strong></span> 
     </span>
    </p>
   </div>
   <div class='ocr_carea' id='block_1_2' title="bbox 302 427 1880 502">
    <p class='ocr_par' dir='ltr' id='par_1_2' title="bbox 302 427 1880 502">
     <span class='ocr_line' id='line_1_2' title="bbox 302 427 1880 502; baseline -0.007 -10"><span class='ocrx_word' id='word_1_2' title='bbox 302 436 444 497; x_wconf 80' lang='lat' dir='ltr'><strong>dare,</strong></span> <span class='ocrx_word' id='word_1_3' title='bbox 473 433 726 489; x_wconf 77' lang='lat' dir='ltr'><strong>mulieres</strong></span> <span class='ocrx_word' id='word_1_4' title='bbox 740 447 870 488; x_wconf 85' lang='lat' dir='ltr'><strong>vero</strong></span> <span class='ocrx_word' id='word_1_5' title='bbox 901 431 1169 502; x_wconf 76' lang='lat' dir='ltr'><strong>negligere</strong></span> <span class='ocrx_word' id='word_1_6' title='bbox 1194 446 1208 482; x_wconf 90' lang='lat'>:</span> <span class='ocrx_word' id='word_1_7' title='bbox 1238 443 1339 498; x_wconf 89' lang='lat' dir='ltr'><strong>qua</strong></span> <span class='ocrx_word' id='word_1_8' title='bbox 1363 428 1414 482; x_wconf 93' lang='lat' dir='ltr'><strong>in</strong></span> <span class='ocrx_word' id='word_1_9' title='bbox 1436 443 1496 483; x_wconf 88' lang='lat' dir='ltr'><strong>re</strong></span> <span class='ocrx_word' id='word_1_10' title='bbox 1520 427 1722 497; x_wconf 88' lang='lat' dir='ltr'><strong>majore</strong></span> <span class='ocrx_word' id='word_1_11' title='bbox 1745 440 1880 496; x_wconf 88' lang='lat' dir='ltr'><strong>opus</strong></span> 
     </span>
    </p>
   </div>
   <div class='ocr_carea' id='block_1_3' title="bbox 301 518 1880 594">
    <p class='ocr_par' dir='ltr' id='par_1_3' title="bbox 301 518 1880 594">
     <span class='ocr_line' id='line_1_3' title="bbox 301 518 1880 594; baseline -0.008 -13"><span class='ocrx_word' id='word_1_12' title='bbox 301 536 378 582; x_wconf 87' lang='lat' dir='ltr'><strong>cst</strong></span> <span class='ocrx_word' id='word_1_13' title='bbox 419 524 752 594; x_wconf 71' lang='lat' dir='ltr'><strong>providentia</strong></span> <span class='ocrx_word' id='word_1_14' title='bbox 774 564 790 590; x_wconf 93' lang='lat'><strong>,</strong></span> <span class='ocrx_word' id='word_1_15' title='bbox 821 523 962 594; x_wconf 90' lang='lat' dir='ltr'><strong>quod</strong></span> <span class='ocrx_word' id='word_1_16' title='bbox 1002 521 1068 576; x_wconf 89' lang='lat' dir='ltr'><strong>ad</strong></span> <span class='ocrx_word' id='word_1_17' title='bbox 1099 520 1429 592; x_wconf 87' lang='lat' dir='ltr'><strong>peccandum</strong></span> <span class='ocrx_word' id='word_1_18' title='bbox 1456 518 1543 573; x_wconf 89' lang='lat' dir='ltr'><strong>hic</strong></span> <span class='ocrx_word' id='word_1_19' title='bbox 1567 533 1727 574; x_wconf 86' lang='lat' dir='ltr'><strong>sexus</strong></span> <span class='ocrx_word' id='word_1_20' title='bbox 1759 532 1880 585; x_wconf 79' lang='lat' dir='ltr'><strong>pro-</strong></span> 
     </span>
    </p>
   </div>
   <div class='ocr_carea' id='block_1_4' title="bbox 301 609 1881 684">
    <p class='ocr_par' dir='ltr' id='par_1_4' title="bbox 301 609 1881 684">
     <span class='ocr_line' id='line_1_4' title="bbox 301 609 1881 684; baseline -0.006 -11"><span class='ocrx_word' id='word_1_21' title='bbox 301 619 451 676; x_wconf 85' lang='lat' dir='ltr'><strong>clivis</strong></span> <span class='ocrx_word' id='word_1_22' title='bbox 474 618 577 678; x_wconf 84' lang='lat' dir='ltr'><strong>sit;</strong></span> <span class='ocrx_word' id='word_1_23' title='bbox 611 615 705 672; x_wconf 86' lang='lat' dir='ltr'><strong>sed</strong></span> <span class='ocrx_word' id='word_1_24' title='bbox 744 624 956 684; x_wconf 76' lang='lat' dir='ltr'><strong>oportet</strong></span> <span class='ocrx_word' id='word_1_25' title='bbox 993 628 1116 668; x_wconf 89' lang='lat' dir='ltr'><strong>eum</strong></span> <span class='ocrx_word' id='word_1_26' title='bbox 1161 613 1246 681; x_wconf 91' lang='lat' dir='ltr'><strong>qui</strong></span> <span class='ocrx_word' id='word_1_27' title='bbox 1266 612 1629 682; x_wconf 90' lang='lat' dir='ltr'><strong>episcopatum</strong></span> <span class='ocrx_word' id='word_1_28' title='bbox 1657 609 1881 665; x_wconf 88' lang='lat' dir='ltr'><strong>sortitus</strong></span> 
     </span>
    </p>
   </div>
   <div class='ocr_carea' id='block_1_5' title="bbox 299 701 1878 772">
    <p class='ocr_par' dir='ltr' id='par_1_5' title="bbox 299 701 1878 772">
     <span class='ocr_line' id='line_1_5' title="bbox 299 701 1878 772; baseline -0.006 -11"><span class='ocrx_word' id='word_1_29' title='bbox 299 710 397 772; x_wconf 85' lang='lat' dir='ltr'><strong>sit,</strong></span> <span class='ocrx_word' id='word_1_30' title='bbox 448 723 632 761; x_wconf 90' lang='lat' dir='ltr'><strong>earum</strong></span> <span class='ocrx_word' id='word_1_31' title='bbox 663 705 914 764; x_wconf 76' lang='lat' dir='ltr'><strong>curanda:</strong></span> <span class='ocrx_word' id='word_1_32' title='bbox 942 703 1329 765; x_wconf 89' lang='lat' dir='ltr'><strong>incolumitati,</strong></span> <span class='ocrx_word' id='word_1_33' title='bbox 1357 705 1402 757; x_wconf 92' lang='lat' dir='ltr'><strong>si</strong></span> <span class='ocrx_word' id='word_1_34' title='bbox 1435 717 1538 757; x_wconf 91' lang='lat' dir='ltr'><strong>non</strong></span> <span class='ocrx_word' id='word_1_35' title='bbox 1571 701 1827 771; x_wconf 82' lang='lat' dir='ltr'><strong>majorem</strong></span> <span class='ocrx_word' id='word_1_36' title='bbox 1861 740 1878 766; x_wconf 87' lang='lat'><strong>,</strong></span> 
     </span>
    </p>
   </div>
   <div class='ocr_carea' id='block_1_6' title="bbox 296 793 1884 867">
    <p class='ocr_par' dir='ltr' id='par_1_6' title="bbox 296 793 1884 867">
     <span class='ocr_line' id='line_1_6' title="bbox 296 793 1884 867; baseline -0.005 -15"><span class='ocrx_word' id='word_1_37' title='bbox 296 807 441 853; x_wconf 88' lang='lat' dir='ltr'><strong>certe</strong></span> <span class='ocrx_word' id='word_1_38' title='bbox 458 813 636 867; x_wconf 87' lang='lat' dir='ltr'><strong>parem</strong></span> <span class='ocrx_word' id='word_1_39' title='bbox 653 796 1065 852; x_wconf 85' lang='lat' dir='ltr'><strong>sollicitudinem</strong></span> <span class='ocrx_word' id='word_1_40' title='bbox 1089 793 1415 864; x_wconf 85' lang='lat' dir='ltr'><strong>impendere.</strong></span> <span class='ocrx_word' id='word_1_41' title='bbox 1433 793 1663 848; x_wconf 88' lang='lat' dir='ltr'><strong>Necesse</strong></span> <span class='ocrx_word' id='word_1_42' title='bbox 1688 793 1884 862; x_wconf 79' lang='lat' dir='ltr'><strong>quippe</strong></span> 
     </span>
    </p>
   </div>
   <div class='ocr_carea' id='block_1_7' title="bbox 296 883 1881 957">
    <p class='ocr_par' dir='ltr' id='par_1_7' title="bbox 296 883 1881 957">
     <span class='ocr_line' id='line_1_7' title="bbox 296 883 1881 957; baseline -0.004 -15"><span class='ocrx_word' id='word_1_43' title='bbox 296 899 373 942; x_wconf 81' lang='lat' dir='ltr'><strong>est</strong></span> <span class='ocrx_word' id='word_1_44' title='bbox 395 887 520 941; x_wconf 87' lang='lat' dir='ltr'><strong>illas</strong></span> <span class='ocrx_word' id='word_1_45' title='bbox 548 889 778 943; x_wconf 79' lang='lat' dir='ltr'><strong>invisere</strong></span> <span class='ocrx_word' id='word_1_46' title='bbox 806 894 1162 957; x_wconf 64' lang='lat' dir='ltr'><strong>aegrotantes,</strong></span> <span class='ocrx_word' id='word_1_47' title='bbox 1194 886 1456 940; x_wconf 88' lang='lat' dir='ltr'><strong>consolari</strong></span> <span class='ocrx_word' id='word_1_48' title='bbox 1498 883 1768 954; x_wconf 75' lang='lat' dir='ltr'><strong>lugentes,</strong></span> <span class='ocrx_word' id='word_1_49' title='bbox 1801 883 1881 935; x_wconf 83' lang='lat' dir='ltr'><strong>iu-</strong></span> 
     </span>
    </p>
   </div>
   <div class='ocr_carea' id='block_1_8' title="bbox 293 974 1882 1048">
    <p class='ocr_par' dir='ltr' id='par_1_8' title="bbox 293 974 1882 1048">
     <span class='ocr_line' id='line_1_8' title="bbox 293 974 1882 1048; baseline -0.002 -16"><span class='ocrx_word' id='word_1_50' title='bbox 293 993 514 1048; x_wconf 76' lang='lat' dir='ltr'><strong>crepare</strong></span> <span class='ocrx_word' id='word_1_51' title='bbox 567 978 856 1044; x_wconf 81' lang='lat' dir='ltr'><strong>socordes,</strong></span> <span class='ocrx_word' id='word_1_52' title='bbox 910 979 1100 1046; x_wconf 85' lang='lat' dir='ltr'><strong>juvare</strong></span> <span class='ocrx_word' id='word_1_53' title='bbox 1169 977 1490 1032; x_wconf 82' lang='lat' dir='ltr'><strong>laborantes.</strong></span> <span class='ocrx_word' id='word_1_54' title='bbox 1569 976 1702 1030; x_wconf 89' lang='lat' dir='ltr'><strong>Dum</strong></span> <span class='ocrx_word' id='word_1_55' title='bbox 1768 974 1882 1029; x_wconf 66' lang='lat' dir='ltr'><strong>haec</strong></span> 
     </span>
    </p>
   </div>
   <div class='ocr_carea' id='block_1_9' title="bbox 292 1062 1880 1139">
    <p class='ocr_par' dir='ltr' id='par_1_9' title="bbox 292 1062 1880 1139">
     <span class='ocr_line' id='line_1_9' title="bbox 292 1062 1880 1139; baseline -0.001 -15"><span class='ocrx_word' id='word_1_56' title='bbox 292 1086 421 1125; x_wconf 80' lang='lat' dir='ltr'><strong>vero</strong></span> <span class='ocrx_word' id='word_1_57' title='bbox 451 1069 606 1137; x_wconf 83' lang='lat' dir='ltr'><strong>fiunt,</strong></span> <span class='ocrx_word' id='word_1_58' title='bbox 628 1071 824 1125; x_wconf 90' lang='lat' dir='ltr'><strong>multos</strong></span> <span class='ocrx_word' id='word_1_59' title='bbox 846 1062 1135 1139; x_wconf 85' lang='lat' dir='ltr'><strong>adrepeudi</strong></span> <span class='ocrx_word' id='word_1_60' title='bbox 1165 1069 1337 1124; x_wconf 84' lang='lat' dir='ltr'><strong>aditus</strong></span> <span class='ocrx_word' id='word_1_61' title='bbox 1357 1070 1590 1123; x_wconf 77' lang='lat' dir='ltr'><strong>inveniet</strong></span> <span class='ocrx_word' id='word_1_62' title='bbox 1618 1069 1880 1138; x_wconf 87' lang='lat' dir='ltr'><strong>malignus</strong></span> 
     </span>
    </p>
   </div>
   <div class='ocr_carea' id='block_1_10' title="bbox 293 1159 1879 1231">
    <p class='ocr_par' dir='ltr' id='par_1_10' title="bbox 293 1159 1879 1231">
     <span class='ocr_line' id='line_1_10' title="bbox 293 1159 1879 1231; baseline -0.003 -16"><span class='ocrx_word' id='word_1_63' title='bbox 293 1161 404 1226; x_wconf 90' lang='lat' dir='ltr'><strong>ille,</strong></span> <span class='ocrx_word' id='word_1_64' title='bbox 439 1161 541 1214; x_wconf 89' lang='lat' dir='ltr'><strong>nisi</strong></span> <span class='ocrx_word' id='word_1_65' title='bbox 571 1162 691 1231; x_wconf 84' lang='lat' dir='ltr'><strong>quis</strong></span> <span class='ocrx_word' id='word_1_66' title='bbox 729 1171 982 1215; x_wconf 85' lang='lat' dir='ltr'><strong>accurata</strong></span> <span class='ocrx_word' id='word_1_67' title='bbox 1034 1176 1093 1216; x_wconf 91' lang='lat' dir='ltr'><strong>se</strong></span> <span class='ocrx_word' id='word_1_68' title='bbox 1136 1160 1379 1214; x_wconf 87' lang='lat' dir='ltr'><strong>custodia</strong></span> <span class='ocrx_word' id='word_1_69' title='bbox 1411 1159 1635 1214; x_wconf 80' lang='lat' dir='ltr'><strong>muniat.</strong></span> <span class='ocrx_word' id='word_1_70' title='bbox 1670 1159 1879 1212; x_wconf 85' lang='lat' dir='ltr'><strong>Etenim</strong></span> 
     </span>
    </p>
   </div>
   <div class='ocr_carea' id='block_1_11' title="bbox 289 1250 1883 1324">
    <p class='ocr_par' dir='ltr' id='par_1_11' title="bbox 289 1250 1883 1324">
     <span class='ocr_line' id='line_1_11' title="bbox 289 1250 1883 1324; baseline -0.005 -12"><span class='ocrx_word' id='word_1_71' title='bbox 289 1271 397 1312; x_wconf 85' lang='lat' dir='ltr'><strong>non</strong></span> <span class='ocrx_word' id='word_1_72' title='bbox 426 1255 710 1324; x_wconf 69' lang='lat' dir='ltr'><strong>impudica:</strong></span> <span class='ocrx_word' id='word_1_73' title='bbox 736 1254 930 1321; x_wconf 82' lang='lat' dir='ltr'><strong>solum,</strong></span> <span class='ocrx_word' id='word_1_74' title='bbox 955 1253 1048 1308; x_wconf 88' lang='lat' dir='ltr'><strong>sed</strong></span> <span class='ocrx_word' id='word_1_75' title='bbox 1073 1253 1274 1322; x_wconf 63' lang='lat' dir='ltr'><strong>pudicae</strong></span> <span class='ocrx_word' id='word_1_76' title='bbox 1299 1253 1460 1307; x_wconf 88' lang='lat' dir='ltr'><strong>etiam</strong></span> <span class='ocrx_word' id='word_1_77' title='bbox 1493 1251 1729 1305; x_wconf 77' lang='lat' dir='ltr'><strong>mulieris</strong></span> <span class='ocrx_word' id='word_1_78' title='bbox 1754 1250 1883 1304; x_wconf 57' lang='lat' dir='ltr'><strong>ocu-&#39;</strong></span> 
     </span>
    </p>
   </div>
   <div class='ocr_carea' id='block_1_12' title="bbox 288 1342 1876 1409">
    <p class='ocr_par' dir='ltr' id='par_1_12' title="bbox 288 1342 1876 1409">
     <span class='ocr_line' id='line_1_12' title="bbox 288 1342 1876 1409; baseline -0.003 -9"><span class='ocrx_word' id='word_1_79' title='bbox 288 1345 376 1400; x_wconf 82' lang='lat' dir='ltr'><strong>lns</strong></span> <span class='ocrx_word' id='word_1_80' title='bbox 398 1346 637 1400; x_wconf 89' lang='lat' dir='ltr'><strong>animum</strong></span> <span class='ocrx_word' id='word_1_81' title='bbox 667 1343 821 1409; x_wconf 87' lang='lat' dir='ltr'><strong>ferit,</strong></span> <span class='ocrx_word' id='word_1_82' title='bbox 846 1344 1180 1400; x_wconf 80' lang='lat' dir='ltr'><strong>adulationes</strong></span> <span class='ocrx_word' id='word_1_83' title='bbox 1205 1344 1521 1406; x_wconf 90' lang='lat' dir='ltr'><strong>emolliunt,</strong></span> <span class='ocrx_word' id='word_1_84' title='bbox 1554 1343 1788 1397; x_wconf 81' lang='lat' dir='ltr'><strong>honores</strong></span> <span class='ocrx_word' id='word_1_85' title='bbox 1825 1342 1876 1396; x_wconf 91' lang='lat' dir='ltr'><strong>in</strong></span> 
     </span>
    </p>
   </div>
   <div class='ocr_carea' id='block_1_13' title="bbox 288 1433 1878 1508">
    <p class='ocr_par' dir='ltr' id='par_1_13' title="bbox 288 1433 1878 1508">
     <span class='ocr_line' id='line_1_13' title="bbox 288 1433 1878 1508; baseline -0.003 -15"><span class='ocrx_word' id='word_1_86' title='bbox 288 1439 603 1493; x_wconf 77' lang='lat' dir='ltr'><strong>servitutem</strong></span> <span class='ocrx_word' id='word_1_87' title='bbox 655 1437 946 1508; x_wconf 87' lang='lat' dir='ltr'><strong>redigunt:</strong></span> <span class='ocrx_word' id='word_1_88' title='bbox 991 1438 1293 1506; x_wconf 85' lang='lat' dir='ltr'><strong>caritasque</strong></span> <span class='ocrx_word' id='word_1_89' title='bbox 1327 1435 1570 1498; x_wconf 82' lang='lat' dir='ltr'><strong>fervens,</strong></span> <span class='ocrx_word' id='word_1_90' title='bbox 1617 1433 1878 1489; x_wconf 88' lang='lat' dir='ltr'><strong>bonormn</strong></span> 
     </span>
    </p>
   </div>
   <div class='ocr_carea' id='block_1_14' title="bbox 291 1526 1878 1592">
    <p class='ocr_par' dir='ltr' id='par_1_14' title="bbox 291 1526 1878 1592">
     <span class='ocr_line' id='line_1_14' title="bbox 291 1526 1878 1592; baseline -0.003 -10"><span class='ocrx_word' id='word_1_91' title='bbox 291 1542 449 1583; x_wconf 82' lang='lat' dir='ltr'><strong>causa</strong></span> <span class='ocrx_word' id='word_1_92' title='bbox 475 1528 739 1592; x_wconf 91' lang='lat' dir='ltr'><strong>onmium,</strong></span> <span class='ocrx_word' id='word_1_93' title='bbox 770 1542 873 1582; x_wconf 91' lang='lat' dir='ltr'><strong>non</strong></span> <span class='ocrx_word' id='word_1_94' title='bbox 896 1538 1042 1582; x_wconf 91' lang='lat' dir='ltr'><strong>recte</strong></span> <span class='ocrx_word' id='word_1_95' title='bbox 1069 1527 1156 1581; x_wconf 90' lang='lat' dir='ltr'><strong>illa</strong></span> <span class='ocrx_word' id='word_1_96' title='bbox 1179 1527 1447 1582; x_wconf 84' lang='lat' dir='ltr'><strong>utentibus</strong></span> <span class='ocrx_word' id='word_1_97' title='bbox 1469 1526 1727 1580; x_wconf 88' lang='lat' dir='ltr'><strong>malorum</strong></span> <span class='ocrx_word' id='word_1_98' title='bbox 1759 1540 1878 1579; x_wconf 89' lang='lat' dir='ltr'><strong>om-</strong></span> 
     </span>
    </p>
   </div>
   <div class='ocr_carea' id='block_1_15' title="bbox 293 1617 1876 1689">
    <p class='ocr_par' dir='ltr' id='par_1_15' title="bbox 293 1617 1876 1689">
     <span class='ocr_line' id='line_1_15' title="bbox 293 1617 1876 1689; baseline -0.001 -15"><span class='ocrx_word' id='word_1_99' title='bbox 293 1619 435 1674; x_wconf 76' lang='lat' dir='ltr'><strong>nium</strong></span> <span class='ocrx_word' id='word_1_100' title='bbox 467 1633 629 1674; x_wconf 85' lang='lat' dir='ltr'><strong>causa</strong></span> <span class='ocrx_word' id='word_1_101' title='bbox 675 1618 923 1674; x_wconf 85' lang='lat' dir='ltr'><strong>efllcitur.</strong></span> <span class='ocrx_word' id='word_1_102' title='bbox 975 1618 1274 1689; x_wconf 78' lang='lat' dir='ltr'><strong>Aliquando</strong></span> <span class='ocrx_word' id='word_1_103' title='bbox 1300 1619 1459 1673; x_wconf 91' lang='lat' dir='ltr'><strong>etiam</strong></span> <span class='ocrx_word' id='word_1_104' title='bbox 1495 1617 1876 1672; x_wconf 80' lang='lat' dir='ltr'><strong>sollicitudines</strong></span> 
     </span>
    </p>
   </div>
   <div class='ocr_carea' id='block_1_16' title="bbox 289 1708 1877 1779">
    <p class='ocr_par' dir='ltr' id='par_1_16' title="bbox 289 1708 1877 1779">
     <span class='ocr_line' id='line_1_16' title="bbox 289 1708 1877 1779; baseline -0.003 -14"><span class='ocrx_word' id='word_1_105' title='bbox 289 1708 601 1779; x_wconf 71' lang='lat' dir='ltr'><strong>frequentes</strong></span> <span class='ocrx_word' id='word_1_106' title='bbox 646 1710 843 1764; x_wconf 89' lang='lat' dir='ltr'><strong>mentis</strong></span> <span class='ocrx_word' id='word_1_107' title='bbox 889 1723 1116 1764; x_wconf 87' lang='lat' dir='ltr'><strong>acumen</strong></span> <span class='ocrx_word' id='word_1_108' title='bbox 1166 1710 1464 1774; x_wconf 89' lang='lat' dir='ltr'><strong>hebetant,</strong></span> <span class='ocrx_word' id='word_1_109' title='bbox 1500 1709 1877 1778; x_wconf 88' lang='lat' dir='ltr'><strong>volucremque</strong></span> 
     </span>
    </p>
   </div>
   <div class='ocr_carea' id='block_1_17' title="bbox 292 1800 1873 1872">
    <p class='ocr_par' dir='ltr' id='par_1_17' title="bbox 292 1800 1873 1872">
     <span class='ocr_line' id='line_1_17' title="bbox 292 1800 1873 1872; baseline -0.003 -16"><span class='ocrx_word' id='word_1_110' title='bbox 292 1800 508 1872; x_wconf 82' lang='lat' dir='ltr'><strong>plumbo</strong></span> <span class='ocrx_word' id='word_1_111' title='bbox 534 1801 837 1872; x_wconf 71' lang='lat' dir='ltr'><strong>graviorem</strong></span> <span class='ocrx_word' id='word_1_112' title='bbox 854 1801 1103 1860; x_wconf 81' lang='lat' dir='ltr'><strong>reddunt.</strong></span> <span class='ocrx_word' id='word_1_113' title='bbox 1119 1801 1359 1872; x_wconf 89' lang='lat' dir='ltr'><strong>Denique</strong></span> <span class='ocrx_word' id='word_1_114' title='bbox 1385 1802 1481 1865; x_wconf 88' lang='lat' dir='ltr'><strong>ira,</strong></span> <span class='ocrx_word' id='word_1_115' title='bbox 1505 1818 1621 1872; x_wconf 71' lang='lat' dir='ltr'><strong>quze</strong></span> <span class='ocrx_word' id='word_1_116' title='bbox 1637 1801 1873 1855; x_wconf 88' lang='lat' dir='ltr'><strong>animum</strong></span> 
     </span>
    </p>
   </div>
   <div class='ocr_carea' id='block_1_18' title="bbox 291 1891 1876 1960">
    <p class='ocr_par' dir='ltr' id='par_1_18' title="bbox 291 1891 1876 1960">
     <span class='ocr_line' id='line_1_18' title="bbox 291 1891 1876 1960; baseline 0 -14"><span class='ocrx_word' id='word_1_117' title='bbox 291 1893 548 1947; x_wconf 79' lang='lat' dir='ltr'><strong>invaserit</strong></span> <span class='ocrx_word' id='word_1_118' title='bbox 576 1933 594 1960; x_wconf 94' lang='lat'><strong>,</strong></span> <span class='ocrx_word' id='word_1_119' title='bbox 650 1891 780 1947; x_wconf 87' lang='lat' dir='ltr'><strong>fumi</strong></span> <span class='ocrx_word' id='word_1_120' title='bbox 812 1892 980 1947; x_wconf 81' lang='lat' dir='ltr'><strong>instar</strong></span> <span class='ocrx_word' id='word_1_121' title='bbox 1007 1893 1260 1948; x_wconf 89' lang='lat' dir='ltr'><strong>interiora</strong></span> <span class='ocrx_word' id='word_1_122' title='bbox 1291 1893 1498 1948; x_wconf 87' lang='lat' dir='ltr'><strong>obtinet</strong></span> <span class='ocrx_word' id='word_1_123' title='bbox 1521 1894 1718 1947; x_wconf 90' lang='lat' dir='ltr'><strong>omnia.</strong></span> <span class='ocrx_word' id='word_1_124' title='bbox 1748 1893 1876 1960; x_wconf 85' lang='lat' dir='ltr'><strong>Quis</strong></span> 
     </span>
    </p>
   </div>
   <div class='ocr_carea' id='block_1_19' title="bbox 293 1981 1874 2054">
    <p class='ocr_par' dir='ltr' id='par_1_19' title="bbox 293 1981 1874 2054">
     <span class='ocr_line' id='line_1_19' title="bbox 293 1981 1874 2054; baseline -0.001 -17"><span class='ocrx_word' id='word_1_125' title='bbox 293 1981 503 2037; x_wconf 82' lang='lat' dir='ltr'><strong>tandem</strong></span> <span class='ocrx_word' id='word_1_126' title='bbox 559 1983 761 2054; x_wconf 89' lang='lat' dir='ltr'><strong>reliqua</strong></span> <span class='ocrx_word' id='word_1_127' title='bbox 811 1992 1087 2039; x_wconf 90' lang='lat' dir='ltr'><strong>recenseat</strong></span> <span class='ocrx_word' id='word_1_128' title='bbox 1127 1984 1318 2037; x_wconf 90' lang='lat' dir='ltr'><strong>damna</strong></span> <span class='ocrx_word' id='word_1_129' title='bbox 1364 1983 1383 2016; x_wconf 82' lang='grc'><strong><em>⁸</em></strong></span> <span class='ocrx_word' id='word_1_130' title='bbox 1417 2023 1432 2048; x_wconf 87' lang='grc'><strong><em>,</em></strong></span> <span class='ocrx_word' id='word_1_131' title='bbox 1484 1983 1831 2038; x_wconf 73' lang='grc' dir='ltr'><strong>εοηιυιηριὶ.ιε</strong></span> <span class='ocrx_word' id='word_1_132' title='bbox 1858 2023 1874 2049; x_wconf 87' lang='grc'><em>,</em></span> 
     </span>
    </p>
   </div>
   <div class='ocr_carea' id='block_1_20' title="bbox 293 2076 1874 2148">
    <p class='ocr_par' dir='ltr' id='par_1_20' title="bbox 293 2076 1874 2148">
     <span class='ocr_line' id='line_1_20' title="bbox 293 2076 1874 2148; baseline -0.001 -17"><span class='ocrx_word' id='word_1_133' title='bbox 293 2077 592 2139; x_wconf 87' lang='lat' dir='ltr'><strong>molestias,</strong></span> <span class='ocrx_word' id='word_1_134' title='bbox 625 2078 1008 2147; x_wconf 81' lang='lat' dir='ltr'><strong>querimOnias,</strong></span> <span class='ocrx_word' id='word_1_135' title='bbox 1039 2088 1150 2132; x_wconf 90' lang='lat' dir='ltr'><strong>tum</strong></span> <span class='ocrx_word' id='word_1_136' title='bbox 1179 2076 1478 2148; x_wconf 86' lang='lat' dir='ltr'><strong>digniorum</strong></span> <span class='ocrx_word' id='word_1_137' title='bbox 1500 2119 1514 2142; x_wconf 93' lang='lat'><strong>,</strong></span> <span class='ocrx_word' id='word_1_138' title='bbox 1545 2087 1653 2130; x_wconf 93' lang='lat' dir='ltr'><strong>tum</strong></span> <span class='ocrx_word' id='word_1_139' title='bbox 1687 2077 1874 2148; x_wconf 87' lang='lat' dir='ltr'><strong>vulga-</strong></span> 
     </span>
    </p>
   </div>
   <div class='ocr_carea' id='block_1_21' title="bbox 1879 2159 3561 2247">
    <p class='ocr_par' dir='ltr' id='par_1_21' title="bbox 1879 2159 3561 2247">
     <span class='ocr_line' id='line_1_21' title="bbox 1879 2159 3561 2247; baseline 0.002 -23"><span class='ocrx_word' id='word_1_140' title='bbox 1879 2159 1893 2247; x_wconf 59' lang='grc' dir='ltr'><strong>,ί</strong></span> <span class='ocrx_word' id='word_1_141' title='bbox 1979 2169 2167 2224; x_wconf 90' lang='lat' dir='ltr'><strong>borum</strong></span> <span class='ocrx_word' id='word_1_142' title='bbox 2195 2179 2500 2234; x_wconf 86' lang='lat' dir='ltr'><strong>certamen;</strong></span> <span class='ocrx_word' id='word_1_143' title='bbox 2533 2177 2588 2224; x_wconf 91' lang='lat' dir='ltr'><strong>et</strong></span> <span class='ocrx_word' id='word_1_144' title='bbox 2620 2171 2764 2224; x_wconf 90' lang='lat' dir='ltr'><strong>curis</strong></span> <span class='ocrx_word' id='word_1_145' title='bbox 2785 2185 2976 2235; x_wconf 84' lang='lat' dir='ltr'><strong>vacas,</strong></span> <span class='ocrx_word' id='word_1_146' title='bbox 3023 2171 3148 2225; x_wconf 91' lang='lat' dir='ltr'><strong>dum</strong></span> <span class='ocrx_word' id='word_1_147' title='bbox 3193 2181 3371 2244; x_wconf 27' lang='lat' dir='ltr'><strong>tecum.</strong></span> <span class='ocrx_word' id='word_1_148' title='bbox 3402 2172 3561 2227; x_wconf 80' lang='lat' dir='ltr'><strong>vivis.</strong></span> 
     </span>
    </p>
   </div>
   <div class='ocr_carea' id='block_1_22' title="bbox 292 2167 1622 2238">
    <p class='ocr_par' dir='ltr' id='par_1_22' title="bbox 292 2167 1622 2238">
     <span class='ocr_line' id='line_1_22' title="bbox 292 2167 1622 2238; baseline -0.001 -16"><span class='ocrx_word' id='word_1_149' title='bbox 292 2167 445 2232; x_wconf 89' lang='lat' dir='ltr'><strong>rium,</strong></span> <span class='ocrx_word' id='word_1_150' title='bbox 478 2178 591 2222; x_wconf 91' lang='lat' dir='ltr'><strong>tum</strong></span> <span class='ocrx_word' id='word_1_151' title='bbox 617 2168 988 2238; x_wconf 89' lang='lat' dir='ltr'><strong>prudentium,</strong></span> <span class='ocrx_word' id='word_1_152' title='bbox 1023 2178 1132 2223; x_wconf 90' lang='lat' dir='ltr'><strong>tum</strong></span> <span class='ocrx_word' id='word_1_153' title='bbox 1162 2167 1622 2237; x_wconf 86' lang='lat' dir='ltr'><strong>imprudentium?</strong></span> 
     </span>
    </p>
   </div>
   <div class='ocr_carea' id='block_1_23' title="bbox 353 2257 1872 2331">
    <p class='ocr_par' dir='ltr' id='par_1_23' title="bbox 353 2257 1872 2331">
     <span class='ocr_line' id='line_1_23' title="bbox 353 2257 1872 2331; baseline -0.002 -16"><span class='ocrx_word' id='word_1_154' title='bbox 353 2259 406 2315; x_wconf 85' lang='lat'><strong>9.</strong></span> <span class='ocrx_word' id='word_1_155' title='bbox 439 2257 566 2312; x_wconf 84' lang='lat' dir='ltr'><strong>Non</strong></span> <span class='ocrx_word' id='word_1_156' title='bbox 604 2276 713 2314; x_wconf 85' lang='lat' dir='ltr'><strong>esse</strong></span> <span class='ocrx_word' id='word_1_157' title='bbox 736 2259 1144 2314; x_wconf 77' lang='lat' dir='ltr'><strong>condemnandus</strong></span> <span class='ocrx_word' id='word_1_158' title='bbox 1173 2261 1306 2331; x_wconf 82' lang='lat' dir='ltr'><strong>vulgi</strong></span> <span class='ocrx_word' id='word_1_159' title='bbox 1365 2261 1672 2329; x_wconf 79' lang='lat' dir='ltr'><strong>suspiciones</strong></span> <span class='ocrx_word' id='word_1_160' title='bbox 1722 2260 1872 2313; x_wconf 88' lang='lat' dir='ltr'><strong>etiam</strong></span> 
     </span>
    </p>
   </div>
   <div class='ocr_carea' id='block_1_24' title="bbox 290 2352 1875 2422">
    <p class='ocr_par' dir='ltr' id='par_1_24' title="bbox 290 2352 1875 2422">
     <span class='ocr_line' id='line_1_24' title="bbox 290 2352 1875 2422; baseline 0.002 -19"><span class='ocrx_word' id='word_1_161' title='bbox 290 2352 464 2420; x_wconf 78' lang='lat' dir='ltr'><strong>falsas.</strong></span> <span class='ocrx_word' id='word_1_162' title='bbox 497 2377 569 2392; x_wconf 68' lang='grc' dir='ltr'><strong>-ο</strong></span> <span class='ocrx_word' id='word_1_163' title='bbox 598 2352 707 2406; x_wconf 92' lang='lat' dir='ltr'><strong>Iloc</strong></span> <span class='ocrx_word' id='word_1_164' title='bbox 736 2353 878 2408; x_wconf 90' lang='lat' dir='ltr'><strong>enim</strong></span> <span class='ocrx_word' id='word_1_165' title='bbox 908 2353 1139 2407; x_wconf 78' lang='lat' dir='ltr'><strong>maxime</strong></span> <span class='ocrx_word' id='word_1_166' title='bbox 1166 2367 1336 2422; x_wconf 86' lang='lat' dir='ltr'><strong>genus</strong></span> <span class='ocrx_word' id='word_1_167' title='bbox 1361 2367 1547 2406; x_wconf 89' lang='lat' dir='ltr'><strong>eorum</strong></span> <span class='ocrx_word' id='word_1_168' title='bbox 1574 2394 1587 2416; x_wconf 93' lang='lat'><strong>,</strong></span> <span class='ocrx_word' id='word_1_169' title='bbox 1611 2352 1698 2422; x_wconf 89' lang='lat' dir='ltr'><strong>qui</strong></span> <span class='ocrx_word' id='word_1_170' title='bbox 1727 2363 1875 2406; x_wconf 86' lang='lat' dir='ltr'><strong>recto</strong></span> 
     </span>
    </p>
   </div>
   <div class='ocr_carea' id='block_1_25' title="bbox 287 2443 1874 2515">
    <p class='ocr_par' dir='ltr' id='par_1_25' title="bbox 287 2443 1874 2515">
     <span class='ocr_line' id='line_1_25' title="bbox 287 2443 1874 2515; baseline 0.001 -18"><span class='ocrx_word' id='word_1_171' title='bbox 287 2444 444 2498; x_wconf 89' lang='lat' dir='ltr'><strong>animi</strong></span> <span class='ocrx_word' id='word_1_172' title='bbox 467 2444 675 2513; x_wconf 88' lang='lat' dir='ltr'><strong>judicio</strong></span> <span class='ocrx_word' id='word_1_173' title='bbox 702 2456 907 2510; x_wconf 87' lang='lat' dir='ltr'><strong>carent,</strong></span> <span class='ocrx_word' id='word_1_174' title='bbox 935 2445 1170 2515; x_wconf 85' lang='lat' dir='ltr'><strong>querelis</strong></span> <span class='ocrx_word' id='word_1_175' title='bbox 1198 2445 1435 2500; x_wconf 88' lang='lat' dir='ltr'><strong>deditum</strong></span> <span class='ocrx_word' id='word_1_176' title='bbox 1461 2453 1563 2508; x_wconf 91' lang='lat' dir='ltr'><strong>est,</strong></span> <span class='ocrx_word' id='word_1_177' title='bbox 1596 2458 1698 2498; x_wconf 89' lang='lat' dir='ltr'><strong>nec</strong></span> <span class='ocrx_word' id='word_1_178' title='bbox 1719 2443 1874 2499; x_wconf 82' lang='lat' dir='ltr'><strong>facile</strong></span> 
     </span>
    </p>
   </div>
   <div class='ocr_carea' id='block_1_26' title="bbox 286 2539 1874 2595">
    <p class='ocr_par' dir='ltr' id='par_1_26' title="bbox 286 2539 1874 2595">
     <span class='ocr_line' id='line_1_26' title="bbox 286 2539 1874 2595; baseline -0.001 -1"><span class='ocrx_word' id='word_1_179' title='bbox 286 2541 688 2594; x_wconf 79' lang='lat' dir='ltr'><strong>excusationem</strong></span> <span class='ocrx_word' id='word_1_180' title='bbox 729 2539 979 2594; x_wconf 87' lang='lat' dir='ltr'><strong>admittit.</strong></span> <span class='ocrx_word' id='word_1_181' title='bbox 1025 2540 1254 2595; x_wconf 87' lang='lat' dir='ltr'><strong>Probum</strong></span> <span class='ocrx_word' id='word_1_182' title='bbox 1291 2553 1420 2595; x_wconf 89' lang='lat' dir='ltr'><strong>vero</strong></span> <span class='ocrx_word' id='word_1_183' title='bbox 1469 2539 1760 2594; x_wconf 89' lang='lat' dir='ltr'><strong>antistitem</strong></span> <span class='ocrx_word' id='word_1_184' title='bbox 1805 2553 1874 2593; x_wconf 90' lang='lat' dir='ltr'><strong>ne</strong></span> 
     </span>
    </p>
   </div>
   <div class='ocr_carea' id='block_1_27' title="bbox 286 2630 1874 2703">
    <p class='ocr_par' dir='ltr' id='par_1_27' title="bbox 286 2630 1874 2703">
     <span class='ocr_line' id='line_1_27' title="bbox 286 2630 1874 2703; baseline 0 -17"><span class='ocrx_word' id='word_1_185' title='bbox 286 2630 380 2686; x_wconf 85' lang='lat' dir='ltr'><strong>hos</strong></span> <span class='ocrx_word' id='word_1_186' title='bbox 402 2631 627 2703; x_wconf 87' lang='lat' dir='ltr'><strong>quidem</strong></span> <span class='ocrx_word' id='word_1_187' title='bbox 655 2641 998 2688; x_wconf 89' lang='lat' dir='ltr'><strong>contemnere</strong></span> <span class='ocrx_word' id='word_1_188' title='bbox 1024 2649 1120 2702; x_wconf 86' lang='lat' dir='ltr'><strong>par</strong></span> <span class='ocrx_word' id='word_1_189' title='bbox 1143 2643 1225 2688; x_wconf 89' lang='lat' dir='ltr'><strong>est</strong></span> <span class='ocrx_word' id='word_1_190' title='bbox 1248 2673 1264 2699; x_wconf 95' lang='lat'><strong>,</strong></span> <span class='ocrx_word' id='word_1_191' title='bbox 1305 2631 1400 2688; x_wconf 89' lang='lat' dir='ltr'><strong>sed</strong></span> <span class='ocrx_word' id='word_1_192' title='bbox 1423 2631 1560 2702; x_wconf 90' lang='lat' dir='ltr'><strong>apud</strong></span> <span class='ocrx_word' id='word_1_193' title='bbox 1588 2646 1776 2686; x_wconf 90' lang='lat' dir='ltr'><strong>omnes</strong></span> <span class='ocrx_word' id='word_1_194' title='bbox 1805 2631 1874 2686; x_wconf 92' lang='lat' dir='ltr'><strong>de</strong></span> 
     </span>
    </p>
   </div>
   <div class='ocr_carea' id='block_1_28' title="bbox 283 2724 1873 2796">
    <p class='ocr_par' dir='ltr' id='par_1_28' title="bbox 283 2724 1873 2796">
     <span class='ocr_line' id='line_1_28' title="bbox 283 2724 1873 2796; baseline 0 -17"><span class='ocrx_word' id='word_1_195' title='bbox 283 2725 478 2779; x_wconf 81' lang='lat' dir='ltr'><strong>oblatis</strong></span> <span class='ocrx_word' id='word_1_196' title='bbox 507 2724 970 2780; x_wconf 84' lang='lat' dir='ltr'><strong>criminationibus</strong></span> <span class='ocrx_word' id='word_1_197' title='bbox 1015 2739 1136 2780; x_wconf 88' lang='lat' dir='ltr'><strong>sese</strong></span> <span class='ocrx_word' id='word_1_198' title='bbox 1184 2741 1412 2795; x_wconf 85' lang='lat' dir='ltr'><strong>purgare</strong></span> <span class='ocrx_word' id='word_1_199' title='bbox 1437 2765 1453 2791; x_wconf 95' lang='lat'><strong>,</strong></span> <span class='ocrx_word' id='word_1_200' title='bbox 1505 2725 1664 2796; x_wconf 84' lang='lat' dir='ltr'><strong>idque</strong></span> <span class='ocrx_word' id='word_1_201' title='bbox 1704 2725 1873 2779; x_wconf 89' lang='lat' dir='ltr'><strong>multa</strong></span> 
     </span>
    </p>
   </div>
   <div class='ocr_carea' id='block_1_29' title="bbox 281 2816 1872 2888">
    <p class='ocr_par' dir='ltr' id='par_1_29' title="bbox 281 2816 1872 2888">
     <span class='ocr_line' id='line_1_29' title="bbox 281 2816 1872 2888; baseline -0.001 -17"><span class='ocrx_word' id='word_1_202' title='bbox 281 2830 403 2871; x_wconf 83' lang='lat' dir='ltr'><strong>cum</strong></span> <span class='ocrx_word' id='word_1_203' title='bbox 429 2816 686 2871; x_wconf 89' lang='lat' dir='ltr'><strong>comitate</strong></span> <span class='ocrx_word' id='word_1_204' title='bbox 711 2826 767 2872; x_wconf 89' lang='lat' dir='ltr'><strong>et</strong></span> <span class='ocrx_word' id='word_1_205' title='bbox 791 2816 1234 2883; x_wconf 88' lang='lat' dir='ltr'><strong>mansuetudine,</strong></span> <span class='ocrx_word' id='word_1_206' title='bbox 1263 2817 1470 2888; x_wconf 84' lang='lat' dir='ltr'><strong>iniquas</strong></span> <span class='ocrx_word' id='word_1_207' title='bbox 1492 2817 1666 2886; x_wconf 90' lang='lat' dir='ltr'><strong>potius</strong></span> <span class='ocrx_word' id='word_1_208' title='bbox 1693 2816 1872 2871; x_wconf 80' lang='lat' dir='ltr'><strong>crimi-</strong></span> 
     </span>
    </p>
   </div>
   <div class='ocr_carea' id='block_1_30' title="bbox 283 2907 1872 2978">
    <p class='ocr_par' dir='ltr' id='par_1_30' title="bbox 283 2907 1872 2978">
     <span class='ocr_line' id='line_1_30' title="bbox 283 2907 1872 2978; baseline 0 -16"><span class='ocrx_word' id='word_1_209' title='bbox 283 2907 529 2962; x_wconf 83' lang='lat' dir='ltr'><strong>nationes</strong></span> <span class='ocrx_word' id='word_1_210' title='bbox 553 2907 948 2963; x_wconf 76' lang='lat' dir='ltr'><strong>contionantem</strong></span> <span class='ocrx_word' id='word_1_211' title='bbox 970 2949 985 2972; x_wconf 93' lang='lat'><strong>,</strong></span> <span class='ocrx_word' id='word_1_212' title='bbox 1017 2923 1175 2978; x_wconf 91' lang='lat' dir='ltr'><strong>quam</strong></span> <span class='ocrx_word' id='word_1_213' title='bbox 1201 2908 1414 2978; x_wconf 84' lang='lat' dir='ltr'><strong>indigne</strong></span> <span class='ocrx_word' id='word_1_214' title='bbox 1441 2918 1495 2963; x_wconf 90' lang='lat' dir='ltr'><strong>et</strong></span> <span class='ocrx_word' id='word_1_215' title='bbox 1532 2923 1671 2977; x_wconf 84' lang='lat' dir='ltr'><strong>aegre</strong></span> <span class='ocrx_word' id='word_1_216' title='bbox 1693 2907 1872 2962; x_wconf 86' lang='lat' dir='ltr'><strong>feren-</strong></span> 
     </span>
    </p>
   </div>
   <div class='ocr_carea' id='block_1_31' title="bbox 284 2996 1870 3068">
    <p class='ocr_par' dir='ltr' id='par_1_31' title="bbox 284 2996 1870 3068">
     <span class='ocr_line' id='line_1_31' title="bbox 284 2996 1870 3068; baseline -0.002 -14"><span class='ocrx_word' id='word_1_217' title='bbox 284 3007 410 3054; x_wconf 85' lang='lat' dir='ltr'><strong>tem.</strong></span> <span class='ocrx_word' id='word_1_218' title='bbox 440 2996 499 3052; x_wconf 86' lang='lat' dir='ltr'><strong>Si</strong></span> <span class='ocrx_word' id='word_1_219' title='bbox 529 2997 673 3052; x_wconf 89' lang='lat' dir='ltr'><strong>enim</strong></span> <span class='ocrx_word' id='word_1_220' title='bbox 706 2998 890 3053; x_wconf 87' lang='lat' dir='ltr'><strong>beatus</strong></span> <span class='ocrx_word' id='word_1_221' title='bbox 911 2997 1106 3053; x_wconf 86' lang='lat' dir='ltr'><strong>Paulus</strong></span> <span class='ocrx_word' id='word_1_222' title='bbox 1133 3013 1199 3052; x_wconf 91' lang='lat' dir='ltr'><strong>ne</strong></span> <span class='ocrx_word' id='word_1_223' title='bbox 1224 2997 1277 3052; x_wconf 92' lang='lat' dir='ltr'><strong>in</strong></span> <span class='ocrx_word' id='word_1_224' title='bbox 1317 2996 1442 3052; x_wconf 83' lang='lat' dir='ltr'><strong>fnrli</strong></span> <span class='ocrx_word' id='word_1_225' title='bbox 1469 2997 1608 3068; x_wconf 91' lang='lat' dir='ltr'><strong>apud</strong></span> <span class='ocrx_word' id='word_1_226' title='bbox 1637 2997 1870 3066; x_wconf 81' lang='lat' dir='ltr'><strong>discipu-</strong></span> 
     </span>
    </p>
   </div>
   <div class='ocr_carea' id='block_1_32' title="bbox 283 3086 1870 3157">
    <p class='ocr_par' dir='ltr' id='par_1_32' title="bbox 283 3086 1870 3157">
     <span class='ocr_line' id='line_1_32' title="bbox 283 3086 1870 3157; baseline 0.001 -16"><span class='ocrx_word' id='word_1_227' title='bbox 283 3086 360 3141; x_wconf 82' lang='lat' dir='ltr'><strong>los</strong></span> <span class='ocrx_word' id='word_1_228' title='bbox 397 3087 759 3156; x_wconf 84' lang='lat' dir='ltr'><strong>suspicionem</strong></span> <span class='ocrx_word' id='word_1_229' title='bbox 810 3089 1016 3143; x_wconf 89' lang='lat' dir='ltr'><strong>veniret</strong></span> <span class='ocrx_word' id='word_1_230' title='bbox 1047 3087 1254 3153; x_wconf 88' lang='lat' dir='ltr'><strong>timuit,</strong></span> <span class='ocrx_word' id='word_1_231' title='bbox 1306 3086 1530 3157; x_wconf 88' lang='lat' dir='ltr'><strong>ideoque</strong></span> <span class='ocrx_word' id='word_1_232' title='bbox 1557 3097 1612 3142; x_wconf 90' lang='lat' dir='ltr'><strong>et</strong></span> <span class='ocrx_word' id='word_1_233' title='bbox 1653 3087 1787 3142; x_wconf 88' lang='lat' dir='ltr'><strong>alios</strong></span> <span class='ocrx_word' id='word_1_234' title='bbox 1818 3087 1870 3142; x_wconf 91' lang='lat' dir='ltr'><strong>in</strong></span> 
     </span>
    </p>
   </div>
   <div class='ocr_carea' id='block_1_33' title="bbox 284 3177 1874 3248">
    <p class='ocr_par' dir='ltr' id='par_1_33' title="bbox 284 3177 1874 3248">
     <span class='ocr_line' id='line_1_33' title="bbox 284 3177 1874 3248; baseline 0.003 -19"><span class='ocrx_word' id='word_1_235' title='bbox 284 3177 632 3248; x_wconf 77' lang='lat' dir='ltr'><strong>pecuniarum</strong></span> <span class='ocrx_word' id='word_1_236' title='bbox 653 3178 1167 3234; x_wconf 87' lang='lat' dir='ltr'><strong>administrationem</strong></span> <span class='ocrx_word' id='word_1_237' title='bbox 1193 3194 1374 3234; x_wconf 90' lang='lat' dir='ltr'><strong>secum</strong></span> <span class='ocrx_word' id='word_1_238' title='bbox 1416 3179 1739 3248; x_wconf 86' lang='lat' dir='ltr'><strong>assumpsit:</strong></span> <span class='ocrx_word' id='word_1_239' title='bbox 1791 3177 1874 3233; x_wconf 72' lang='lat' dir='ltr'><strong>Ne</strong></span> 
     </span>
    </p>
   </div>
   <div class='ocr_carea' id='block_1_34' title="bbox 285 3255 1874 3340">
    <p class='ocr_par' dir='ltr' id='par_1_34' title="bbox 285 3255 1874 3340">
     <span class='ocr_line' id='line_1_34' title="bbox 285 3255 1874 3340; baseline 0.002 -21"><span class='ocrx_word' id='word_1_240' title='bbox 285 3270 416 3338; x_wconf 78' lang='lat' dir='ltr'><strong>quis,</strong></span> <span class='ocrx_word' id='word_1_241' title='bbox 450 3269 643 3338; x_wconf 89' lang='lat' dir='ltr'><strong>inquit,</strong></span> <span class='ocrx_word' id='word_1_242' title='bbox 669 3284 760 3323; x_wconf 81' lang='lat' dir='ltr'><strong>nos</strong></span> <span class='ocrx_word' id='word_1_243' title='bbox 787 3269 1030 3340; x_wconf 75' lang='lat' dir='ltr'><strong>vituperet</strong></span> <span class='ocrx_word' id='word_1_244' title='bbox 1057 3270 1110 3323; x_wconf 80' lang='lat' dir='ltr'><strong>in</strong></span> <span class='ocrx_word' id='word_1_245' title='bbox 1139 3255 1234 3323; x_wconf 77' lang='lat' dir='ltr'><strong>hac</strong></span> <span class='ocrx_word' id='word_1_246' title='bbox 1259 3269 1570 3340; x_wconf 85' lang='lat' dir='ltr'><strong>plenitudine</strong></span> <span class='ocrx_word' id='word_1_247' title='bbox 1597 3310 1613 3334; x_wconf 91' lang='lat'><strong>,</strong></span> <span class='ocrx_word' id='word_1_248' title='bbox 1639 3285 1753 3339; x_wconf 66' lang='lat' dir='ltr'><strong>qua!</strong></span> <span class='ocrx_word' id='word_1_249' title='bbox 1777 3269 1874 3322; x_wconf 79' lang='lat' dir='ltr'><strong>nti-</strong></span> 
     </span>
    </p>
   </div>
   <div class='ocr_carea' id='block_1_35' title="bbox 284 3358 1871 3432">
    <p class='ocr_par' dir='ltr' id='par_1_35' title="bbox 284 3358 1871 3432">
     <span class='ocr_line' id='line_1_35' title="bbox 284 3358 1871 3432; baseline -0.003 -14"><span class='ocrx_word' id='word_1_250' title='bbox 284 3361 532 3418; x_wconf 74' lang='lat' dir='ltr'><strong>nistratur</strong></span> <span class='ocrx_word' id='word_1_251' title='bbox 559 3377 592 3414; x_wconf 81' lang='grc' dir='ltr'><em>α</em></span> <span class='ocrx_word' id='word_1_252' title='bbox 617 3360 756 3414; x_wconf 81' lang='lat' dir='ltr'><strong>nobis</strong></span> <span class='ocrx_word' id='word_1_253' title='bbox 778 3360 855 3428; x_wconf 73' lang='lat'><strong>(2.</strong></span> <span class='ocrx_word' id='word_1_254' title='bbox 886 3358 1002 3416; x_wconf 88' lang='lat' dir='ltr'><strong>Cor.</strong></span> <span class='ocrx_word' id='word_1_255' title='bbox 1024 3361 1078 3416; x_wconf 89' lang='lat'><strong>8.</strong></span> <span class='ocrx_word' id='word_1_256' title='bbox 1105 3361 1234 3425; x_wconf 72' lang='lat'><strong>20);</strong></span> <span class='ocrx_word' id='word_1_257' title='bbox 1275 3361 1542 3432; x_wconf 86' lang='lat' dir='ltr'><strong>quomodo</strong></span> <span class='ocrx_word' id='word_1_258' title='bbox 1563 3376 1666 3414; x_wconf 90' lang='lat' dir='ltr'><strong>non</strong></span> <span class='ocrx_word' id='word_1_259' title='bbox 1693 3361 1871 3416; x_wconf 90' lang='lat' dir='ltr'><strong>omnia</strong></span> 
     </span>
    </p>
   </div>
   <div class='ocr_carea' id='block_1_36' title="bbox 286 3451 1871 3523">
    <p class='ocr_par' dir='ltr' id='par_1_36' title="bbox 286 3451 1871 3523">
     <span class='ocr_line' id='line_1_36' title="bbox 286 3451 1871 3523; baseline 0.002 -18"><span class='ocrx_word' id='word_1_260' title='bbox 286 3465 316 3505; x_wconf 91' lang='lat' dir='ltr'><strong>a</strong></span> <span class='ocrx_word' id='word_1_261' title='bbox 340 3451 497 3506; x_wconf 85' lang='lat' dir='ltr'><strong>nobis</strong></span> <span class='ocrx_word' id='word_1_262' title='bbox 525 3451 730 3522; x_wconf 86' lang='lat' dir='ltr'><strong>agenda</strong></span> <span class='ocrx_word' id='word_1_263' title='bbox 753 3462 877 3507; x_wconf 89' lang='lat' dir='ltr'><strong>sunt</strong></span> <span class='ocrx_word' id='word_1_264' title='bbox 900 3494 914 3515; x_wconf 91' lang='lat'><strong>,</strong></span> <span class='ocrx_word' id='word_1_265' title='bbox 943 3461 1004 3506; x_wconf 90' lang='lat' dir='ltr'><strong>ut</strong></span> <span class='ocrx_word' id='word_1_266' title='bbox 1030 3468 1220 3523; x_wconf 88' lang='lat' dir='ltr'><strong>pravas</strong></span> <span class='ocrx_word' id='word_1_267' title='bbox 1245 3453 1576 3523; x_wconf 88' lang='lat' dir='ltr'><strong>suspiciones</strong></span> <span class='ocrx_word' id='word_1_268' title='bbox 1599 3453 1667 3508; x_wconf 91' lang='lat' dir='ltr'><strong>de</strong></span> <span class='ocrx_word' id='word_1_269' title='bbox 1695 3455 1871 3508; x_wconf 87' lang='lat' dir='ltr'><strong>medio</strong></span> 
     </span>
    </p>
   </div>
   <div class='ocr_carea' id='block_1_37' title="bbox 286 3545 1872 3613">
    <p class='ocr_par' dir='ltr' id='par_1_37' title="bbox 286 3545 1872 3613">
     <span class='ocr_line' id='line_1_37' title="bbox 286 3545 1872 3613; baseline 0.003 -16"><span class='ocrx_word' id='word_1_270' title='bbox 286 3545 553 3608; x_wconf 87' lang='lat' dir='ltr'><strong>tollamus,</strong></span> <span class='ocrx_word' id='word_1_271' title='bbox 582 3546 682 3600; x_wconf 84' lang='lat' dir='ltr'><strong>etsi</strong></span> <span class='ocrx_word' id='word_1_272' title='bbox 715 3545 859 3600; x_wconf 69' lang='lat' dir='ltr'><strong>falsae</strong></span> <span class='ocrx_word' id='word_1_273' title='bbox 883 3546 1009 3610; x_wconf 73' lang='lat' dir='ltr'><strong>illm,</strong></span> <span class='ocrx_word' id='word_1_274' title='bbox 1041 3555 1091 3602; x_wconf 91' lang='lat' dir='ltr'><strong>et</strong></span> <span class='ocrx_word' id='word_1_275' title='bbox 1113 3547 1157 3600; x_wconf 90' lang='lat' dir='ltr'><strong>si</strong></span> <span class='ocrx_word' id='word_1_276' title='bbox 1186 3546 1429 3600; x_wconf 75' lang='lat' dir='ltr'><strong>absurda:</strong></span> <span class='ocrx_word' id='word_1_277' title='bbox 1447 3546 1660 3613; x_wconf 81' lang='lat' dir='ltr'><strong>fuerint,</strong></span> <span class='ocrx_word' id='word_1_278' title='bbox 1681 3547 1872 3602; x_wconf 87' lang='lat' dir='ltr'><strong>etiam-</strong></span> 
     </span>
    </p>
   </div>
   <div class='ocr_carea' id='block_1_38' title="bbox 286 3635 1871 3708">
    <p class='ocr_par' dir='ltr' id='par_1_38' title="bbox 286 3635 1871 3708">
     <span class='ocr_line' id='line_1_38' title="bbox 286 3635 1871 3708; baseline 0.004 -19"><span class='ocrx_word' id='word_1_279' title='bbox 286 3635 328 3689; x_wconf 89' lang='lat' dir='ltr'><strong>si</strong></span> <span class='ocrx_word' id='word_1_280' title='bbox 349 3638 417 3688; x_wconf 90' lang='lat' dir='ltr'><strong>ab</strong></span> <span class='ocrx_word' id='word_1_281' title='bbox 444 3635 838 3692; x_wconf 88' lang='lat' dir='ltr'><strong>existimatione</strong></span> <span class='ocrx_word' id='word_1_282' title='bbox 869 3647 1048 3692; x_wconf 90' lang='lat' dir='ltr'><strong>nostra</strong></span> <span class='ocrx_word' id='word_1_283' title='bbox 1078 3639 1234 3708; x_wconf 86' lang='lat' dir='ltr'><strong>longe</strong></span> <span class='ocrx_word' id='word_1_284' title='bbox 1261 3639 1368 3694; x_wconf 92' lang='lat' dir='ltr'><strong>sint</strong></span> <span class='ocrx_word' id='word_1_285' title='bbox 1394 3640 1581 3694; x_wconf 66' lang='lat' dir='ltr'><strong>alienae</strong></span> <span class='ocrx_word' id='word_1_286' title='bbox 1602 3641 1626 3693; x_wconf 87' lang='lat'><strong>?</strong></span> <span class='ocrx_word' id='word_1_287' title='bbox 1651 3642 1691 3694; x_wconf 82' lang='grc' dir='ltr'><strong>Δ</strong></span> <span class='ocrx_word' id='word_1_288' title='bbox 1722 3641 1871 3695; x_wconf 88' lang='lat' dir='ltr'><strong>nullo</strong></span> 
     </span>
    </p>
   </div>
   <div class='ocr_carea' id='block_1_39' title="bbox 286 3727 1871 3802">
    <p class='ocr_par' dir='ltr' id='par_1_39' title="bbox 286 3727 1871 3802">
     <span class='ocr_line' id='line_1_39' title="bbox 286 3727 1871 3802; baseline 0.006 -22"><span class='ocrx_word' id='word_1_289' title='bbox 286 3727 478 3798; x_wconf 88' lang='lat' dir='ltr'><strong>quippe</strong></span> <span class='ocrx_word' id='word_1_290' title='bbox 505 3744 604 3782; x_wconf 91' lang='lat' dir='ltr'><strong>nos</strong></span> <span class='ocrx_word' id='word_1_291' title='bbox 632 3738 849 3797; x_wconf 89' lang='lat' dir='ltr'><strong>peccato</strong></span> <span class='ocrx_word' id='word_1_292' title='bbox 870 3739 1075 3784; x_wconf 88' lang='lat' dir='ltr'><strong>tantum</strong></span> <span class='ocrx_word' id='word_1_293' title='bbox 1102 3733 1386 3798; x_wconf 89' lang='lat' dir='ltr'><strong>ahsunms,</strong></span> <span class='ocrx_word' id='word_1_294' title='bbox 1405 3743 1660 3802; x_wconf 90' lang='lat' dir='ltr'><strong>quantum</strong></span> <span class='ocrx_word' id='word_1_295' title='bbox 1680 3734 1871 3789; x_wconf 83' lang='lat' dir='ltr'><strong>Paulus</strong></span> 
     </span>
    </p>
   </div>
   <div class='ocr_carea' id='block_1_40' title="bbox 285 3819 1870 3893">
    <p class='ocr_par' dir='ltr' id='par_1_40' title="bbox 285 3819 1870 3893">
     <span class='ocr_line' id='line_1_40' title="bbox 285 3819 1870 3893; baseline 0.007 -22"><span class='ocrx_word' id='word_1_296' title='bbox 285 3834 314 3871; x_wconf 92' lang='lat' dir='ltr'><strong>a</strong></span> <span class='ocrx_word' id='word_1_297' title='bbox 359 3819 536 3874; x_wconf 89' lang='lat' dir='ltr'><strong>furto:</strong></span> <span class='ocrx_word' id='word_1_298' title='bbox 575 3829 807 3874; x_wconf 89' lang='lat' dir='ltr'><strong>attamen</strong></span> <span class='ocrx_word' id='word_1_299' title='bbox 857 3837 976 3875; x_wconf 85' lang='lat' dir='ltr'><strong>cum</strong></span> <span class='ocrx_word' id='word_1_300' title='bbox 1017 3838 1046 3874; x_wconf 88' lang='lat' dir='ltr'><strong>a</strong></span> <span class='ocrx_word' id='word_1_301' title='bbox 1093 3838 1253 3891; x_wconf 86' lang='lat' dir='ltr'><strong>pravo</strong></span> <span class='ocrx_word' id='word_1_302' title='bbox 1300 3823 1598 3893; x_wconf 89' lang='lat' dir='ltr'><strong>hujusmodi</strong></span> <span class='ocrx_word' id='word_1_303' title='bbox 1633 3824 1870 3882; x_wconf 80' lang='lat' dir='ltr'><strong>facinore</strong></span> 
     </span>
    </p>
   </div>
   <div class='ocr_carea' id='block_1_41' title="bbox 284 3909 1868 3986">
    <p class='ocr_par' dir='ltr' id='par_1_41' title="bbox 284 3909 1868 3986">
     <span class='ocr_line' id='line_1_41' title="bbox 284 3909 1868 3986; baseline 0.006 -24"><span class='ocrx_word' id='word_1_304' title='bbox 284 3909 416 3965; x_wconf 87' lang='lat' dir='ltr'><strong>adeo</strong></span> <span class='ocrx_word' id='word_1_305' title='bbox 441 3921 682 3966; x_wconf 90' lang='lat' dir='ltr'><strong>remotus</strong></span> <span class='ocrx_word' id='word_1_306' title='bbox 711 3920 886 3978; x_wconf 91' lang='lat' dir='ltr'><strong>esset,</strong></span> <span class='ocrx_word' id='word_1_307' title='bbox 933 3929 1001 3967; x_wconf 87' lang='lat' dir='ltr'><strong>ne</strong></span> <span class='ocrx_word' id='word_1_308' title='bbox 1040 3913 1118 3968; x_wconf 90' lang='lat' dir='ltr'><strong>sic</strong></span> <span class='ocrx_word' id='word_1_309' title='bbox 1144 3913 1354 3984; x_wconf 83' lang='lat' dir='ltr'><strong>quidem</strong></span> <span class='ocrx_word' id='word_1_310' title='bbox 1383 3917 1666 3970; x_wconf 88' lang='lat' dir='ltr'><strong>multorum</strong></span> <span class='ocrx_word' id='word_1_311' title='bbox 1689 3917 1868 3986; x_wconf 86' lang='lat' dir='ltr'><strong>suspi-</strong></span> 
     </span>
    </p>
   </div>
   <div class='ocr_carea' id='block_1_42' title="bbox 282 4002 1866 4080">
    <p class='ocr_par' dir='ltr' id='par_1_42' title="bbox 282 4002 1866 4080">
     <span class='ocr_line' id='line_1_42' title="bbox 282 4002 1866 4080; baseline 0.008 -26"><span class='ocrx_word' id='word_1_312' title='bbox 282 4002 488 4055; x_wconf 90' lang='lat' dir='ltr'><strong>cionem</strong></span> <span class='ocrx_word' id='word_1_313' title='bbox 542 4003 820 4070; x_wconf 83' lang='lat' dir='ltr'><strong>neglexit,</strong></span> <span class='ocrx_word' id='word_1_314' title='bbox 873 4005 1082 4059; x_wconf 89' lang='lat' dir='ltr'><strong>etiamsi</strong></span> <span class='ocrx_word' id='word_1_315' title='bbox 1135 4006 1419 4061; x_wconf 88' lang='lat' dir='ltr'><strong>admodum</strong></span> <span class='ocrx_word' id='word_1_316' title='bbox 1447 4009 1678 4078; x_wconf 82' lang='lat' dir='ltr'><strong>iniquam</strong></span> <span class='ocrx_word' id='word_1_317' title='bbox 1705 4019 1866 4080; x_wconf 89' lang='lat' dir='ltr'><strong>atque</strong></span> 
     </span>
    </p>
   </div>
   <div class='ocr_carea' id='block_1_43' title="bbox 286 4091 1867 4171">
    <p class='ocr_par' dir='ltr' id='par_1_43' title="bbox 286 4091 1867 4171">
     <span class='ocr_line' id='line_1_43' title="bbox 286 4091 1867 4171; baseline 0.009 -27"><span class='ocrx_word' id='word_1_318' title='bbox 286 4091 551 4147; x_wconf 90' lang='lat' dir='ltr'><strong>insanam.</strong></span> <span class='ocrx_word' id='word_1_319' title='bbox 583 4094 787 4149; x_wconf 88' lang='lat' dir='ltr'><strong>Insania</strong></span> <span class='ocrx_word' id='word_1_320' title='bbox 816 4096 956 4150; x_wconf 89' lang='lat' dir='ltr'><strong>enim</strong></span> <span class='ocrx_word' id='word_1_321' title='bbox 980 4096 1167 4151; x_wconf 88' lang='lat' dir='ltr'><strong>fuisset</strong></span> <span class='ocrx_word' id='word_1_322' title='bbox 1197 4099 1298 4153; x_wconf 91' lang='lat' dir='ltr'><strong>tale</strong></span> <span class='ocrx_word' id='word_1_323' title='bbox 1323 4100 1591 4169; x_wconf 89' lang='lat' dir='ltr'><strong>quidpiam</strong></span> <span class='ocrx_word' id='word_1_324' title='bbox 1611 4102 1867 4171; x_wconf 70' lang='lat' dir='ltr'><strong>suspicari</strong></span> 
     </span>
    </p>
   </div>
   <div class='ocr_carea' id='block_1_44' title="bbox 281 4181 1862 4256">
    <p class='ocr_par' dir='ltr' id='par_1_44' title="bbox 281 4181 1862 4256">
     <span class='ocr_line' id='line_1_44' title="bbox 281 4181 1862 4256; baseline 0.007 -20"><span class='ocrx_word' id='word_1_325' title='bbox 281 4181 346 4236; x_wconf 89' lang='lat' dir='ltr'><strong>de</strong></span> <span class='ocrx_word' id='word_1_326' title='bbox 372 4183 531 4237; x_wconf 89' lang='lat' dir='ltr'><strong>beato</strong></span> <span class='ocrx_word' id='word_1_327' title='bbox 561 4184 654 4238; x_wconf 84' lang='lat' dir='ltr'><strong>illo</strong></span> <span class='ocrx_word' id='word_1_328' title='bbox 680 4195 734 4240; x_wconf 90' lang='lat' dir='ltr'><strong>et</strong></span> <span class='ocrx_word' id='word_1_329' title='bbox 761 4186 1072 4242; x_wconf 86' lang='lat' dir='ltr'><strong>admirando</strong></span> <span class='ocrx_word' id='word_1_330' title='bbox 1099 4189 1270 4256; x_wconf 87' lang='lat' dir='ltr'><strong>capite</strong></span> <span class='ocrx_word' id='word_1_331' title='bbox 1300 4191 1320 4222; x_wconf 80' lang='grc'><strong><em>⁸</em></strong></span> <span class='ocrx_word' id='word_1_332' title='bbox 1353 4207 1366 4244; x_wconf 90' lang='lat'>:</span> <span class='ocrx_word' id='word_1_333' title='bbox 1405 4191 1751 4246; x_wconf 82' lang='lat' dir='ltr'><strong>nihilominus</strong></span> <span class='ocrx_word' id='word_1_334' title='bbox 1779 4202 1862 4247; x_wconf 82' lang='lat' dir='ltr'><strong>ta—</strong></span> 
     </span>
    </p>
   </div>
   <div class='ocr_carea' id='block_1_45' title="bbox 285 4275 1862 4351">
    <p class='ocr_par' dir='ltr' id='par_1_45' title="bbox 285 4275 1862 4351">
     <span class='ocr_line' id='line_1_45' title="bbox 285 4275 1862 4351; baseline 0.008 -25"><span class='ocrx_word' id='word_1_335' title='bbox 285 4288 403 4327; x_wconf 83' lang='lat' dir='ltr'><strong>men</strong></span> <span class='ocrx_word' id='word_1_336' title='bbox 436 4275 526 4330; x_wconf 91' lang='lat' dir='ltr'><strong>ille</strong></span> <span class='ocrx_word' id='word_1_337' title='bbox 574 4277 894 4347; x_wconf 87' lang='lat' dir='ltr'><strong>suspicionis</strong></span> <span class='ocrx_word' id='word_1_338' title='bbox 931 4287 1036 4331; x_wconf 91' lang='lat' dir='ltr'><strong>tam</strong></span> <span class='ocrx_word' id='word_1_339' title='bbox 1075 4279 1320 4334; x_wconf 75' lang='lat' dir='ltr'><strong>absurda:</strong></span> <span class='ocrx_word' id='word_1_340' title='bbox 1351 4321 1365 4345; x_wconf 92' lang='lat'><strong>,</strong></span> <span class='ocrx_word' id='word_1_341' title='bbox 1410 4297 1528 4351; x_wconf 74' lang='lat' dir='ltr'><strong>qua:</strong></span> <span class='ocrx_word' id='word_1_342' title='bbox 1572 4284 1780 4337; x_wconf 89' lang='lat' dir='ltr'><strong>nonnisi</strong></span> <span class='ocrx_word' id='word_1_343' title='bbox 1810 4285 1862 4338; x_wconf 91' lang='lat' dir='ltr'><strong>in</strong></span> 
     </span>
    </p>
   </div>
   <div class='ocr_carea' id='block_1_46' title="bbox 287 4366 1868 4442">
    <p class='ocr_par' dir='ltr' id='par_1_46' title="bbox 287 4366 1868 4442">
     <span class='ocr_line' id='line_1_46' title="bbox 287 4366 1868 4442; baseline 0.009 -24"><span class='ocrx_word' id='word_1_344' title='bbox 287 4366 470 4421; x_wconf 89' lang='lat' dir='ltr'><strong>furiosi</strong></span> <span class='ocrx_word' id='word_1_345' title='bbox 495 4368 794 4439; x_wconf 80' lang='lat' dir='ltr'><strong>cujuSpiam</strong></span> <span class='ocrx_word' id='word_1_346' title='bbox 826 4379 1059 4425; x_wconf 87' lang='lat' dir='ltr'><strong>mentem</strong></span> <span class='ocrx_word' id='word_1_347' title='bbox 1083 4373 1264 4426; x_wconf 81' lang='lat' dir='ltr'><strong>venire</strong></span> <span class='ocrx_word' id='word_1_348' title='bbox 1294 4382 1528 4442; x_wconf 92' lang='lat' dir='ltr'><strong>poterat,</strong></span> <span class='ocrx_word' id='word_1_349' title='bbox 1557 4376 1868 4432; x_wconf 65' lang='lat' dir='ltr'><strong>occasiones</strong></span> 
     </span>
    </p>
   </div>
   <div class='ocr_carea' id='block_1_47' title="bbox 284 4457 1863 4537">
    <p class='ocr_par' dir='ltr' id='par_1_47' title="bbox 284 4457 1863 4537">
     <span class='ocr_line' id='line_1_47' title="bbox 284 4457 1863 4537; baseline 0.008 -26"><span class='ocrx_word' id='word_1_350' title='bbox 284 4457 372 4512; x_wconf 85' lang='lat' dir='ltr'><strong>diu</strong></span> <span class='ocrx_word' id='word_1_351' title='bbox 394 4469 522 4516; x_wconf 90' lang='lat' dir='ltr'><strong>ante</strong></span> <span class='ocrx_word' id='word_1_352' title='bbox 538 4463 692 4516; x_wconf 84' lang='lat' dir='ltr'><strong>tollit:</strong></span> <span class='ocrx_word' id='word_1_353' title='bbox 715 4479 885 4531; x_wconf 86' lang='lat' dir='ltr'><strong>neque</strong></span> <span class='ocrx_word' id='word_1_354' title='bbox 910 4479 1038 4519; x_wconf 89' lang='lat' dir='ltr'><strong>vero</strong></span> <span class='ocrx_word' id='word_1_355' title='bbox 1064 4465 1204 4534; x_wconf 82' lang='lat' dir='ltr'><strong>vulgi</strong></span> <span class='ocrx_word' id='word_1_356' title='bbox 1232 4469 1556 4536; x_wconf 80' lang='lat' dir='ltr'><strong>contempsit</strong></span> <span class='ocrx_word' id='word_1_357' title='bbox 1581 4469 1863 4537; x_wconf 89' lang='lat' dir='ltr'><strong>insaniam,</strong></span> 
     </span>
    </p>
   </div>
   <div class='ocr_carea' id='block_1_48' title="bbox 289 4555 1869 4628">
    <p class='ocr_par' dir='ltr' id='par_1_48' title="bbox 289 4555 1869 4628">
     <span class='ocr_line' id='line_1_48' title="bbox 289 4555 1869 4628; baseline 0.008 -22"><span class='ocrx_word' id='word_1_358' title='bbox 289 4567 456 4624; x_wconf 73' lang='lat' dir='ltr'><strong>neque</strong></span> <span class='ocrx_word' id='word_1_359' title='bbox 483 4555 658 4610; x_wconf 89' lang='lat' dir='ltr'><strong>dixit:</strong></span> <span class='ocrx_word' id='word_1_360' title='bbox 687 4555 782 4611; x_wconf 90' lang='lat' dir='ltr'><strong>Cui</strong></span> <span class='ocrx_word' id='word_1_361' title='bbox 813 4573 1058 4628; x_wconf 88' lang='lat' dir='ltr'><strong>umquam</strong></span> <span class='ocrx_word' id='word_1_362' title='bbox 1091 4559 1141 4613; x_wconf 92' lang='lat' dir='ltr'><strong>in</strong></span> <span class='ocrx_word' id='word_1_363' title='bbox 1176 4569 1406 4614; x_wconf 91' lang='lat' dir='ltr'><strong>mentem</strong></span> <span class='ocrx_word' id='word_1_364' title='bbox 1434 4561 1610 4616; x_wconf 87' lang='lat' dir='ltr'><strong>veniat</strong></span> <span class='ocrx_word' id='word_1_365' title='bbox 1651 4563 1770 4616; x_wconf 87' lang='lat' dir='ltr'><strong>talia</strong></span> <span class='ocrx_word' id='word_1_366' title='bbox 1801 4562 1869 4618; x_wconf 90' lang='lat' dir='ltr'><strong>de</strong></span> 
     </span>
    </p>
   </div>
   <div class='ocr_carea' id='block_1_49' title="bbox 288 4647 1870 4723">
    <p class='ocr_par' dir='ltr' id='par_1_49' title="bbox 288 4647 1870 4723">
     <span class='ocr_line' id='line_1_49' title="bbox 288 4647 1870 4723; baseline 0.005 -24"><span class='ocrx_word' id='word_1_367' title='bbox 288 4647 436 4701; x_wconf 82' lang='lat' dir='ltr'><strong>nobis</strong></span> <span class='ocrx_word' id='word_1_368' title='bbox 464 4647 725 4716; x_wconf 83' lang='lat' dir='ltr'><strong>suspicari</strong></span> <span class='ocrx_word' id='word_1_369' title='bbox 743 4690 758 4714; x_wconf 94' lang='lat'><strong>,</strong></span> <span class='ocrx_word' id='word_1_370' title='bbox 788 4649 1000 4718; x_wconf 85' lang='lat' dir='ltr'><strong>quando</strong></span> <span class='ocrx_word' id='word_1_371' title='bbox 1026 4650 1258 4706; x_wconf 90' lang='lat' dir='ltr'><strong>universi</strong></span> <span class='ocrx_word' id='word_1_372' title='bbox 1287 4666 1385 4705; x_wconf 91' lang='lat' dir='ltr'><strong>nos</strong></span> <span class='ocrx_word' id='word_1_373' title='bbox 1411 4663 1519 4706; x_wconf 91' lang='lat' dir='ltr'><strong>tum</strong></span> <span class='ocrx_word' id='word_1_374' title='bbox 1540 4654 1746 4723; x_wconf 89' lang='lat' dir='ltr'><strong>asignis</strong></span> <span class='ocrx_word' id='word_1_375' title='bbox 1769 4654 1870 4707; x_wconf 90' lang='lat' dir='ltr'><strong>mi-</strong></span> 
     </span>
    </p>
   </div>
   <div class='ocr_carea' id='block_1_50' title="bbox 286 4735 1871 4810">
    <p class='ocr_par' dir='ltr' id='par_1_50' title="bbox 286 4735 1871 4810">
     <span class='ocr_line' id='line_1_50' title="bbox 286 4735 1871 4810; baseline 0.005 -18"><span class='ocrx_word' id='word_1_376' title='bbox 286 4738 583 4808; x_wconf 82' lang='lat' dir='ltr'><strong>raculisque</strong></span> <span class='ocrx_word' id='word_1_377' title='bbox 617 4779 632 4803; x_wconf 95' lang='lat'><strong>,</strong></span> <span class='ocrx_word' id='word_1_378' title='bbox 667 4749 776 4793; x_wconf 90' lang='lat' dir='ltr'><strong>tum</strong></span> <span class='ocrx_word' id='word_1_379' title='bbox 803 4735 840 4792; x_wconf 67' lang='grc' dir='ltr'>τι</span> <span class='ocrx_word' id='word_1_380' title='bbox 861 4741 1122 4810; x_wconf 84' lang='lat' dir='ltr'><strong>probitate</strong></span> <span class='ocrx_word' id='word_1_381' title='bbox 1169 4742 1290 4797; x_wconf 71' lang='lat' dir='ltr'><strong>vita:</strong></span> <span class='ocrx_word' id='word_1_382' title='bbox 1336 4743 1525 4797; x_wconf 89' lang='lat' dir='ltr'><strong>honori</strong></span> <span class='ocrx_word' id='word_1_383' title='bbox 1555 4752 1610 4798; x_wconf 90' lang='lat' dir='ltr'><strong>et</strong></span> <span class='ocrx_word' id='word_1_384' title='bbox 1636 4744 1871 4800; x_wconf 78' lang='lat' dir='ltr'><strong>admira-</strong></span> 
     </span>
    </p>
   </div>
   <div class='ocr_carea' id='block_1_51' title="bbox 286 4830 1868 4905">
    <p class='ocr_par' dir='ltr' id='par_1_51' title="bbox 286 4830 1868 4905">
     <span class='ocr_line' id='line_1_51' title="bbox 286 4830 1868 4905; baseline 0.006 -21"><span class='ocrx_word' id='word_1_385' title='bbox 286 4830 418 4884; x_wconf 88' lang='lat' dir='ltr'><strong>tioni</strong></span> <span class='ocrx_word' id='word_1_386' title='bbox 448 4830 694 4886; x_wconf 83' lang='lat' dir='ltr'><strong>habent?</strong></span> <span class='ocrx_word' id='word_1_387' title='bbox 718 4833 810 4888; x_wconf 85' lang='lat' dir='ltr'><strong>sed</strong></span> <span class='ocrx_word' id='word_1_388' title='bbox 837 4844 1021 4889; x_wconf 89' lang='lat' dir='ltr'><strong>contra</strong></span> <span class='ocrx_word' id='word_1_389' title='bbox 1050 4834 1139 4890; x_wconf 91' lang='lat' dir='ltr'><strong>ille</strong></span> <span class='ocrx_word' id='word_1_390' title='bbox 1192 4845 1248 4890; x_wconf 91' lang='lat' dir='ltr'><strong>et</strong></span> <span class='ocrx_word' id='word_1_391' title='bbox 1295 4837 1596 4905; x_wconf 79' lang='lat' dir='ltr'><strong>suSpicatus</strong></span> <span class='ocrx_word' id='word_1_392' title='bbox 1623 4848 1704 4892; x_wconf 88' lang='lat' dir='ltr'><strong>est</strong></span> <span class='ocrx_word' id='word_1_393' title='bbox 1747 4838 1768 4870; x_wconf 85' lang='grc'>³</span> <span class='ocrx_word' id='word_1_394' title='bbox 1815 4847 1868 4894; x_wconf 91' lang='lat' dir='ltr'><strong>et</strong></span> 
     </span>
    </p>
   </div>
   <div class='ocr_carea' id='block_1_52' title="bbox 283 4921 1869 4996">
    <p class='ocr_par' dir='ltr' id='par_1_52' title="bbox 283 4921 1869 4996">
     <span class='ocr_line' id='line_1_52' title="bbox 283 4921 1869 4996; baseline 0.007 -22"><span class='ocrx_word' id='word_1_395' title='bbox 283 4921 617 4988; x_wconf 81' lang='lat' dir='ltr'><strong>exspectavit</strong></span> <span class='ocrx_word' id='word_1_396' title='bbox 649 4921 786 4978; x_wconf 91' lang='lat' dir='ltr'><strong>hanc</strong></span> <span class='ocrx_word' id='word_1_397' title='bbox 814 4925 928 4978; x_wconf 86' lang='lat' dir='ltr'><strong>fore</strong></span> <span class='ocrx_word' id='word_1_398' title='bbox 957 4925 1148 4980; x_wconf 89' lang='lat' dir='ltr'><strong>malam</strong></span> <span class='ocrx_word' id='word_1_399' title='bbox 1176 4926 1556 4996; x_wconf 88' lang='lat' dir='ltr'><strong>suspicionem,</strong></span> <span class='ocrx_word' id='word_1_400' title='bbox 1598 4937 1652 4984; x_wconf 91' lang='lat' dir='ltr'><strong>et</strong></span> <span class='ocrx_word' id='word_1_401' title='bbox 1679 4929 1869 4985; x_wconf 89' lang='lat' dir='ltr'><strong>radici-</strong></span> 
     </span>
    </p>
   </div>
   <div class='ocr_carea' id='block_1_53' title="bbox 285 5010 1867 5091">
    <p class='ocr_par' dir='ltr' id='par_1_53' title="bbox 285 5010 1867 5091">
     <span class='ocr_line' id='line_1_53' title="bbox 285 5010 1867 5091; baseline 0.009 -28"><span class='ocrx_word' id='word_1_402' title='bbox 285 5017 369 5063; x_wconf 86' lang='lat' dir='ltr'><strong>tus</strong></span> <span class='ocrx_word' id='word_1_403' title='bbox 396 5010 542 5064; x_wconf 81' lang='lat' dir='ltr'><strong>illam</strong></span> <span class='ocrx_word' id='word_1_404' title='bbox 570 5013 799 5078; x_wconf 89' lang='lat' dir='ltr'><strong>avnlsit;</strong></span> <span class='ocrx_word' id='word_1_405' title='bbox 834 5018 940 5069; x_wconf 86' lang='lat' dir='ltr'><strong>imo</strong></span> <span class='ocrx_word' id='word_1_406' title='bbox 971 5017 1144 5086; x_wconf 90' lang='lat' dir='ltr'><strong>potius</strong></span> <span class='ocrx_word' id='word_1_407' title='bbox 1173 5017 1314 5071; x_wconf 88' lang='lat' dir='ltr'><strong>illam</strong></span> <span class='ocrx_word' id='word_1_408' title='bbox 1348 5034 1414 5074; x_wconf 87' lang='lat' dir='ltr'><strong>ne</strong></span> <span class='ocrx_word' id='word_1_409' title='bbox 1434 5021 1630 5074; x_wconf 87' lang='lat' dir='ltr'><strong>exoriri</strong></span> <span class='ocrx_word' id='word_1_410' title='bbox 1652 5022 1867 5091; x_wconf 86' lang='lat' dir='ltr'><strong>quidem</strong></span> 
     </span>
    </p>
   </div>
   <div class='ocr_carea' id='block_1_54' title="bbox 284 5105 1866 5182">
    <p class='ocr_par' dir='ltr' id='par_1_54' title="bbox 284 5105 1866 5182">
     <span class='ocr_line' id='line_1_54' title="bbox 284 5105 1866 5182; baseline 0.011 -30"><span class='ocrx_word' id='word_1_411' title='bbox 284 5115 472 5171; x_wconf 85' lang='lat' dir='ltr'><strong>passus</strong></span> <span class='ocrx_word' id='word_1_412' title='bbox 499 5112 602 5160; x_wconf 79' lang='lat' dir='ltr'><strong>est.</strong></span> <span class='ocrx_word' id='word_1_413' title='bbox 623 5105 844 5172; x_wconf 75' lang='lat' dir='ltr'><strong>Quare?</strong></span> <span class='ocrx_word' id='word_1_414' title='bbox 874 5105 1206 5164; x_wconf 80' lang='lat' dir='ltr'><strong>Providemus</strong></span> <span class='ocrx_word' id='word_1_415' title='bbox 1231 5151 1246 5175; x_wconf 93' lang='lat'><strong>,</strong></span> <span class='ocrx_word' id='word_1_416' title='bbox 1291 5110 1462 5182; x_wconf 88' lang='lat' dir='ltr'><strong>inquit</strong></span> <span class='ocrx_word' id='word_1_417' title='bbox 1493 5154 1508 5177; x_wconf 91' lang='lat'><strong>,</strong></span> <span class='ocrx_word' id='word_1_418' title='bbox 1540 5111 1670 5167; x_wconf 81' lang='lat' dir='ltr'><strong>bona</strong></span> <span class='ocrx_word' id='word_1_419' title='bbox 1702 5155 1718 5181; x_wconf 95' lang='lat'><strong>,</strong></span> <span class='ocrx_word' id='word_1_420' title='bbox 1765 5132 1866 5170; x_wconf 83' lang='lat' dir='ltr'><strong>non</strong></span> 
     </span>
    </p>
   </div>
   <div class='ocr_carea' id='block_1_55' title="bbox 284 5197 1867 5268">
    <p class='ocr_par' dir='ltr' id='par_1_55' title="bbox 284 5197 1867 5268">
     <span class='ocr_line' id='line_1_55' title="bbox 284 5197 1867 5268; baseline 0.009 -21"><span class='ocrx_word' id='word_1_421' title='bbox 284 5204 482 5249; x_wconf 73' lang='lat' dir='ltr'><strong>tantum</strong></span> <span class='ocrx_word' id='word_1_422' title='bbox 517 5213 692 5250; x_wconf 82' lang='lat' dir='ltr'><strong>coram</strong></span> <span class='ocrx_word' id='word_1_423' title='bbox 736 5197 956 5254; x_wconf 80' lang='lat' dir='ltr'><strong>Domino</strong></span> <span class='ocrx_word' id='word_1_424' title='bbox 987 5243 1003 5268; x_wconf 95' lang='lat'><strong>,</strong></span> <span class='ocrx_word' id='word_1_425' title='bbox 1034 5201 1124 5256; x_wconf 87' lang='lat' dir='ltr'><strong>sed</strong></span> <span class='ocrx_word' id='word_1_426' title='bbox 1159 5203 1310 5256; x_wconf 83' lang='lat' dir='ltr'><strong>etiam</strong></span> <span class='ocrx_word' id='word_1_427' title='bbox 1365 5220 1535 5259; x_wconf 87' lang='lat' dir='ltr'><strong>coram</strong></span> <span class='ocrx_word' id='word_1_428' title='bbox 1584 5205 1867 5262; x_wconf 80' lang='lat' dir='ltr'><strong>hominibus</strong></span> 
     </span>
    </p>
   </div>
   <div class='ocr_carea' id='block_1_56' title="bbox 287 5283 1868 5368">
    <p class='ocr_par' dir='ltr' id='par_1_56' title="bbox 287 5283 1868 5368">
     <span class='ocr_line' id='line_1_56' title="bbox 287 5283 1868 5368; baseline 0.009 -29"><span class='ocrx_word' id='word_1_429' title='bbox 287 5283 459 5355; x_wconf 75' lang='lat' dir='ltr'><strong>(flatu.</strong></span> <span class='ocrx_word' id='word_1_430' title='bbox 497 5287 586 5342; x_wconf 72' lang='lat'><strong>12.</strong></span> <span class='ocrx_word' id='word_1_431' title='bbox 619 5289 709 5360; x_wconf 77' lang='grc'><strong>17)</strong></span> <span class='ocrx_word' id='word_1_432' title='bbox 762 5289 988 5347; x_wconf 84' lang='lat' dir='ltr'><strong>Tantum</strong></span> <span class='ocrx_word' id='word_1_433' title='bbox 1015 5292 1250 5360; x_wconf 88' lang='lat' dir='ltr'><strong>scilicet,</strong></span> <span class='ocrx_word' id='word_1_434' title='bbox 1297 5294 1405 5349; x_wconf 91' lang='lat' dir='ltr'><strong>imo</strong></span> <span class='ocrx_word' id='word_1_435' title='bbox 1447 5296 1617 5366; x_wconf 87' lang='lat' dir='ltr'><strong>majus</strong></span> <span class='ocrx_word' id='word_1_436' title='bbox 1655 5306 1868 5368; x_wconf 91' lang='lat' dir='ltr'><strong>oportet</strong></span> 
     </span>
    </p>
   </div>
   <div class='ocr_carea' id='block_1_57' title="bbox 333 5483 1864 5558">
    <p class='ocr_par' dir='ltr' id='par_1_57' title="bbox 333 5483 1864 5558">
     <span class='ocr_line' id='line_1_57' title="bbox 333 5483 1864 5558; baseline 0.009 -27"><span class='ocrx_word' id='word_1_437' title='bbox 333 5483 363 5556; x_wconf 57' lang='lat' dir='ltr'><strong><em>f</em></strong></span> <span class='ocrx_word' id='word_1_438' title='bbox 402 5485 742 5558; x_wconf 38' lang='lat' dir='ltr'><strong>Prouverbls,’</strong></span> <span class='ocrx_word' id='word_1_439' title='bbox 764 5487 880 5558; x_wconf 70' lang='lat' dir='ltr'><strong>ouis</strong></span> <span class='ocrx_word' id='word_1_440' title='bbox 918 5488 1114 5540; x_wconf 82' lang='lat' dir='ltr'><strong>tandem</strong></span> <span class='ocrx_word' id='word_1_441' title='bbox 1156 5489 1344 5550; x_wconf 78' lang='lat' dir='ltr'><strong>reliqua</strong></span> <span class='ocrx_word' id='word_1_442' title='bbox 1374 5499 1626 5558; x_wconf 67' lang='lat' dir='ltr'><strong>recenseat</strong></span> <span class='ocrx_word' id='word_1_443' title='bbox 1666 5495 1864 5556; x_wconf 84' lang='lat' dir='ltr'><strong>damna,</strong></span> 
     </span>
    </p>
   </div>
   <div class='ocr_carea' id='block_1_58' title="bbox 286 5542 1863 5660">
    <p class='ocr_par' dir='ltr' id='par_1_58' title="bbox 286 5542 1863 5660">
     <span class='ocr_line' id='line_1_58' title="bbox 286 5542 1863 5660; baseline 0.008 -66"><span class='ocrx_word' id='word_1_444' title='bbox 499 5553 629 5608; x_wconf 62' lang='lat' dir='ltr'><strong>stas,</strong></span> <span class='ocrx_word' id='word_1_445' title='bbox 652 5542 764 5609; x_wconf 66' lang='lat' dir='ltr'><strong>Quis</strong></span> <span class='ocrx_word' id='word_1_446' title='bbox 777 5542 981 5612; x_wconf 55' lang='lat' dir='ltr'><strong>&#39;danma,</strong></span> <span class='ocrx_word' id='word_1_447' title='bbox 1014 5565 1124 5615; x_wconf 76' lang='lat' dir='ltr'><strong>qua:</strong></span> <span class='ocrx_word' id='word_1_448' title='bbox 1159 5565 1224 5603; x_wconf 76' lang='lat' dir='ltr'><strong>ea:</strong></span> <span class='ocrx_word' id='word_1_449' title='bbox 1261 5542 1564 5617; x_wconf 66' lang='lat' dir='ltr'><strong>irgritudine</strong></span> 
     </span>
    </p>
   </div>
   <div class='ocr_carea' id='block_1_59' title="bbox 348 5645 1562 5740">
    <p class='ocr_par' dir='ltr' id='par_1_59' title="bbox 348 5645 1562 5740">
     <span class='ocr_line' id='line_1_59' title="bbox 348 5645 1562 5740; baseline 0.011 -24"><span class='ocrx_word' id='word_1_450' title='bbox 348 5645 631 5740; x_wconf 35' lang='lat' dir='ltr'><strong>fsto-sar&quot;.</strong></span> <span class='ocrx_word' id='word_1_451' title='bbox 657 5670 834 5740; x_wconf 41' lang='lat' dir='ltr'><strong>etﬂalii;</strong></span> <span class='ocrx_word' id='word_1_452' title='bbox 868 5673 1053 5736; x_wconf 72' lang='lat' dir='ltr'><strong>March,</strong></span> <span class='ocrx_word' id='word_1_453' title='bbox 1077 5673 1368 5729; x_wconf 80' lang='lat' dir='ltr'><strong>admiranda</strong></span> <span class='ocrx_word' id='word_1_454' title='bbox 1387 5677 1562 5729; x_wconf 80' lang='lat' dir='ltr'><strong>anima.</strong></span> 
     </span>
    </p>
   </div>
   <div class='ocr_carea' id='block_1_60' title="bbox 351 5730 771 5790">
    <p class='ocr_par' dir='ltr' id='par_1_60' title="bbox 351 5730 771 5790">
     <span class='ocr_line' id='line_1_60' title="bbox 351 5730 771 5790; baseline 0.007 -11"><span class='ocrx_word' id='word_1_455' title='bbox 351 5730 370 5761; x_wconf 79' lang='grc'>⁸</span> <span class='ocrx_word' id='word_1_456' title='bbox 404 5730 487 5780; x_wconf 67' lang='lat' dir='ltr'><strong>alii</strong></span> <span class='ocrx_word' id='word_1_457' title='bbox 525 5732 771 5790; x_wconf 73' lang='lat' dir='ltr'><strong>prcvt&#39;dit.</strong></span> 
     </span>
    </p>
   </div>
   <div class='ocr_carea' id='block_1_61' title="bbox 1469 310 2342 370">
    <p class='ocr_par' dir='ltr' id='par_1_61' title="bbox 1469 310 2342 370">
     <span class='ocr_line' id='line_1_61' title="bbox 1469 310 2342 370; baseline -0.001 0"><span class='ocrx_word' id='word_1_458' title='bbox 1469 314 1555 370; x_wconf 81' lang='lat' dir='ltr'><strong>DE</strong></span> <span class='ocrx_word' id='word_1_459' title='bbox 1593 310 2040 370; x_wconf 70' lang='lat' dir='ltr'><strong>SACERDOUO.</strong></span> <span class='ocrx_word' id='word_1_460' title='bbox 2085 313 2214 368; x_wconf 84' lang='lat' dir='ltr'><strong>LIB.</strong></span> <span class='ocrx_word' id='word_1_461' title='bbox 2254 314 2342 369; x_wconf 82' lang='lat' dir='ltr'><strong>Vl.</strong></span> 
     </span>
    </p>
   </div>
   <div class='ocr_carea' id='block_1_62' title="bbox 3469 323 3574 381">
    <p class='ocr_par' dir='ltr' id='par_1_62' title="bbox 3469 323 3574 381">
     <span class='ocr_line' id='line_1_62' title="bbox 3469 323 3574 381; baseline 0.01 -1"><span class='ocrx_word' id='word_1_462' title='bbox 3469 323 3574 381; x_wconf 74' lang='lat'><strong>656</strong></span> 
     </span>
    </p>
   </div>
   <div class='ocr_carea' id='block_1_63' title="bbox 1994 427 3573 494">
    <p class='ocr_par' dir='ltr' id='par_1_63' title="bbox 1994 427 3573 494">
     <span class='ocr_line' id='line_1_63' title="bbox 1994 427 3573 494; baseline 0.006 -14"><span class='ocrx_word' id='word_1_463' title='bbox 1994 427 2227 482; x_wconf 88' lang='lat' dir='ltr'><strong>studium</strong></span> <span class='ocrx_word' id='word_1_464' title='bbox 2257 427 2512 483; x_wconf 80' lang='lat' dir='ltr'><strong>adhibere</strong></span> <span class='ocrx_word' id='word_1_465' title='bbox 2536 471 2550 494; x_wconf 93' lang='lat'><strong>,</strong></span> <span class='ocrx_word' id='word_1_466' title='bbox 2576 437 2632 484; x_wconf 89' lang='lat' dir='ltr'><strong>ut</strong></span> <span class='ocrx_word' id='word_1_467' title='bbox 2658 447 2761 484; x_wconf 90' lang='lat' dir='ltr'><strong>non</strong></span> <span class='ocrx_word' id='word_1_468' title='bbox 2792 431 2949 487; x_wconf 89' lang='lat' dir='ltr'><strong>modo</strong></span> <span class='ocrx_word' id='word_1_469' title='bbox 2979 435 3170 488; x_wconf 79' lang='lat' dir='ltr'><strong>malam</strong></span> <span class='ocrx_word' id='word_1_470' title='bbox 3193 433 3462 489; x_wconf 82' lang='lat' dir='ltr'><strong>subortam</strong></span> <span class='ocrx_word' id='word_1_471' title='bbox 3495 439 3573 490; x_wconf 80' lang='lat' dir='ltr'><strong>ta-</strong></span> 
     </span>
    </p>
   </div>
   <div class='ocr_carea' id='block_1_64' title="bbox 1993 521 3572 593">
    <p class='ocr_par' dir='ltr' id='par_1_64' title="bbox 1993 521 3572 593">
     <span class='ocr_line' id='line_1_64' title="bbox 1993 521 3572 593; baseline 0.005 -21"><span class='ocrx_word' id='word_1_472' title='bbox 1993 534 2133 572; x_wconf 89' lang='lat' dir='ltr'><strong>mam</strong></span> <span class='ocrx_word' id='word_1_473' title='bbox 2174 535 2450 574; x_wconf 87' lang='lat' dir='ltr'><strong>arceamus</strong></span> <span class='ocrx_word' id='word_1_474' title='bbox 2477 561 2490 584; x_wconf 96' lang='lat'><strong>,</strong></span> <span class='ocrx_word' id='word_1_475' title='bbox 2535 521 2630 574; x_wconf 80' lang='lat' dir='ltr'><strong>Sed</strong></span> <span class='ocrx_word' id='word_1_476' title='bbox 2657 522 2815 575; x_wconf 88' lang='lat' dir='ltr'><strong>etiam</strong></span> <span class='ocrx_word' id='word_1_477' title='bbox 2848 533 2904 576; x_wconf 92' lang='lat' dir='ltr'><strong>ut</strong></span> <span class='ocrx_word' id='word_1_478' title='bbox 2930 524 3111 592; x_wconf 85' lang='lat' dir='ltr'><strong>procul</strong></span> <span class='ocrx_word' id='word_1_479' title='bbox 3144 525 3526 593; x_wconf 74' lang='lat' dir='ltr'><strong>pt&#39;OSpiciatuus</strong></span> <span class='ocrx_word' id='word_1_480' title='bbox 3557 567 3572 589; x_wconf 96' lang='lat'><strong>,</strong></span> 
     </span>
    </p>
   </div>
   <div class='ocr_carea' id='block_1_65' title="bbox 1994 612 3574 684">
    <p class='ocr_par' dir='ltr' id='par_1_65' title="bbox 1994 612 3574 684">
     <span class='ocr_line' id='line_1_65' title="bbox 1994 612 3574 684; baseline 0.004 -18"><span class='ocrx_word' id='word_1_481' title='bbox 1994 612 2133 666; x_wconf 90' lang='lat' dir='ltr'><strong>unde</strong></span> <span class='ocrx_word' id='word_1_482' title='bbox 2160 627 2219 666; x_wconf 88' lang='lat' dir='ltr'><strong>ea</strong></span> <span class='ocrx_word' id='word_1_483' title='bbox 2250 614 2376 666; x_wconf 90' lang='lat' dir='ltr'><strong>oriri</strong></span> <span class='ocrx_word' id='word_1_484' title='bbox 2400 615 2564 681; x_wconf 81' lang='lat' dir='ltr'><strong>possit</strong></span> <span class='ocrx_word' id='word_1_485' title='bbox 2591 631 2604 666; x_wconf 90' lang='lat'><strong>:</strong></span> <span class='ocrx_word' id='word_1_486' title='bbox 2633 624 2681 668; x_wconf 92' lang='lat' dir='ltr'><strong>et</strong></span> <span class='ocrx_word' id='word_1_487' title='bbox 2703 616 3010 670; x_wconf 91' lang='lat' dir='ltr'><strong>occasiones</strong></span> <span class='ocrx_word' id='word_1_488' title='bbox 3033 617 3404 684; x_wconf 73' lang='lat' dir='ltr'><strong>prmscindere,</strong></span> <span class='ocrx_word' id='word_1_489' title='bbox 3433 617 3574 672; x_wconf 84' lang='lat' dir='ltr'><strong>unde</strong></span> 
     </span>
    </p>
   </div>
   <div class='ocr_carea' id='block_1_66' title="bbox 1991 705 3574 778">
    <p class='ocr_par' dir='ltr' id='par_1_66' title="bbox 1991 705 3574 778">
     <span class='ocr_line' id='line_1_66' title="bbox 1991 705 3574 778; baseline 0.003 -18"><span class='ocrx_word' id='word_1_490' title='bbox 1991 720 2053 760; x_wconf 86' lang='lat' dir='ltr'><strong>ea</strong></span> <span class='ocrx_word' id='word_1_491' title='bbox 2085 705 2319 760; x_wconf 83' lang='lat' dir='ltr'><strong>nascitur</strong></span> <span class='ocrx_word' id='word_1_492' title='bbox 2337 746 2352 770; x_wconf 94' lang='lat'><strong>,</strong></span> <span class='ocrx_word' id='word_1_493' title='bbox 2396 721 2567 774; x_wconf 91' lang='lat' dir='ltr'><strong>neque</strong></span> <span class='ocrx_word' id='word_1_494' title='bbox 2605 720 2918 775; x_wconf 84' lang='lat' dir='ltr'><strong>exspectare</strong></span> <span class='ocrx_word' id='word_1_495' title='bbox 2945 709 3070 761; x_wconf 89' lang='lat' dir='ltr'><strong>dum</strong></span> <span class='ocrx_word' id='word_1_496' title='bbox 3092 709 3491 778; x_wconf 82' lang='lat' dir='ltr'><strong>percrebrescat</strong></span> <span class='ocrx_word' id='word_1_497' title='bbox 3518 719 3574 765; x_wconf 89' lang='lat' dir='ltr'><strong>et</strong></span> 
     </span>
    </p>
   </div>
   <div class='ocr_carea' id='block_1_67' title="bbox 1993 796 3569 866">
    <p class='ocr_par' dir='ltr' id='par_1_67' title="bbox 1993 796 3569 866">
     <span class='ocr_line' id='line_1_67' title="bbox 1993 796 3569 866; baseline 0.003 -17"><span class='ocrx_word' id='word_1_498' title='bbox 1993 796 2044 849; x_wconf 93' lang='lat' dir='ltr'><strong>in</strong></span> <span class='ocrx_word' id='word_1_499' title='bbox 2071 796 2208 866; x_wconf 85' lang='lat' dir='ltr'><strong>vulgi</strong></span> <span class='ocrx_word' id='word_1_500' title='bbox 2240 812 2331 850; x_wconf 89' lang='lat' dir='ltr'><strong>ore</strong></span> <span class='ocrx_word' id='word_1_501' title='bbox 2358 807 2617 851; x_wconf 87' lang='lat' dir='ltr'><strong>versetur.</strong></span> <span class='ocrx_word' id='word_1_502' title='bbox 2664 798 2810 851; x_wconf 85' lang='lat' dir='ltr'><strong>Tunc</strong></span> <span class='ocrx_word' id='word_1_503' title='bbox 2843 802 2985 854; x_wconf 89' lang='lat' dir='ltr'><strong>enim</strong></span> <span class='ocrx_word' id='word_1_504' title='bbox 3017 815 3121 853; x_wconf 94' lang='lat' dir='ltr'><strong>nou</strong></span> <span class='ocrx_word' id='word_1_505' title='bbox 3165 799 3316 854; x_wconf 79' lang='lat' dir='ltr'><strong>facile</strong></span> <span class='ocrx_word' id='word_1_506' title='bbox 3344 811 3425 854; x_wconf 90' lang='lat' dir='ltr'><strong>est</strong></span> <span class='ocrx_word' id='word_1_507' title='bbox 3449 815 3569 856; x_wconf 85' lang='lat' dir='ltr'><strong>eam</strong></span> 
     </span>
    </p>
   </div>
   <div class='ocr_carea' id='block_1_68' title="bbox 1990 886 3569 960">
    <p class='ocr_par' dir='ltr' id='par_1_68' title="bbox 1990 886 3569 960">
     <span class='ocr_line' id='line_1_68' title="bbox 1990 886 3569 960; baseline 0.003 -19"><span class='ocrx_word' id='word_1_508' title='bbox 1990 886 2201 950; x_wconf 89' lang='lat' dir='ltr'><strong>delere,</strong></span> <span class='ocrx_word' id='word_1_509' title='bbox 2253 889 2360 940; x_wconf 93' lang='lat' dir='ltr'><strong>imo</strong></span> <span class='ocrx_word' id='word_1_510' title='bbox 2405 889 2694 944; x_wconf 88' lang='lat' dir='ltr'><strong>admodum</strong></span> <span class='ocrx_word' id='word_1_511' title='bbox 2720 890 2936 946; x_wconf 77' lang='lat' dir='ltr'><strong>difficile</strong></span> <span class='ocrx_word' id='word_1_512' title='bbox 2958 931 2974 956; x_wconf 95' lang='lat'><strong>,</strong></span> <span class='ocrx_word' id='word_1_513' title='bbox 3005 889 3247 960; x_wconf 85' lang='lat' dir='ltr'><strong>forteque</strong></span> <span class='ocrx_word' id='word_1_514' title='bbox 3276 890 3421 944; x_wconf 87' lang='lat' dir='ltr'><strong>nulla</strong></span> <span class='ocrx_word' id='word_1_515' title='bbox 3453 901 3569 946; x_wconf 89' lang='lat' dir='ltr'><strong>arte</strong></span> 
     </span>
    </p>
   </div>
   <div class='ocr_carea' id='block_1_69' title="bbox 1993 977 3570 1049">
    <p class='ocr_par' dir='ltr' id='par_1_69' title="bbox 1993 977 3570 1049">
     <span class='ocr_line' id='line_1_69' title="bbox 1993 977 3570 1049; baseline 0.003 -18"><span class='ocrx_word' id='word_1_516' title='bbox 1993 977 2104 1032; x_wconf 80' lang='lat' dir='ltr'><strong>ﬁeri</strong></span> <span class='ocrx_word' id='word_1_517' title='bbox 2135 980 2300 1046; x_wconf 89' lang='lat' dir='ltr'><strong>possit</strong></span> <span class='ocrx_word' id='word_1_518' title='bbox 2319 996 2334 1041; x_wconf 89' lang='lat'><strong>;</strong></span> <span class='ocrx_word' id='word_1_519' title='bbox 2365 994 2536 1049; x_wconf 91' lang='lat' dir='ltr'><strong>neque</strong></span> <span class='ocrx_word' id='word_1_520' title='bbox 2551 981 2784 1048; x_wconf 91' lang='lat' dir='ltr'><strong>periculo</strong></span> <span class='ocrx_word' id='word_1_521' title='bbox 2802 991 2968 1042; x_wconf 88' lang='lat' dir='ltr'><strong>vacat,</strong></span> <span class='ocrx_word' id='word_1_522' title='bbox 2988 997 3052 1035; x_wconf 89' lang='lat' dir='ltr'><strong>ne</strong></span> <span class='ocrx_word' id='word_1_523' title='bbox 3070 982 3354 1036; x_wconf 91' lang='lat' dir='ltr'><strong>multorum</strong></span> <span class='ocrx_word' id='word_1_524' title='bbox 3373 982 3570 1036; x_wconf 86' lang='lat' dir='ltr'><strong>damno</strong></span> 
     </span>
    </p>
   </div>
   <div class='ocr_carea' id='block_1_70' title="bbox 1991 1070 3572 1142">
    <p class='ocr_par' dir='ltr' id='par_1_70' title="bbox 1991 1070 3572 1142">
     <span class='ocr_line' id='line_1_70' title="bbox 1991 1070 3572 1142; baseline 0.003 -20"><span class='ocrx_word' id='word_1_525' title='bbox 1991 1078 2115 1122; x_wconf 91' lang='lat' dir='ltr'><strong>tunc</strong></span> <span class='ocrx_word' id='word_1_526' title='bbox 2142 1071 2248 1122; x_wconf 80' lang='lat' dir='ltr'><strong>fiat.</strong></span> <span class='ocrx_word' id='word_1_527' title='bbox 2278 1070 2380 1124; x_wconf 89' lang='lat' dir='ltr'><strong>Sed</strong></span> <span class='ocrx_word' id='word_1_528' title='bbox 2411 1087 2688 1140; x_wconf 90' lang='lat' dir='ltr'><strong>quousque</strong></span> <span class='ocrx_word' id='word_1_529' title='bbox 2721 1073 2934 1126; x_wconf 82' lang='lat' dir='ltr'><strong>tandem</strong></span> <span class='ocrx_word' id='word_1_530' title='bbox 2960 1073 3282 1128; x_wconf 87' lang='lat' dir='ltr'><strong>immorabor</strong></span> <span class='ocrx_word' id='word_1_531' title='bbox 3309 1075 3360 1128; x_wconf 91' lang='lat' dir='ltr'><strong>in</strong></span> <span class='ocrx_word' id='word_1_532' title='bbox 3391 1089 3572 1142; x_wconf 89' lang='lat' dir='ltr'><strong>perse-</strong></span> 
     </span>
    </p>
   </div>
   <div class='ocr_carea' id='block_1_71' title="bbox 1988 1160 3566 1232">
    <p class='ocr_par' dir='ltr' id='par_1_71' title="bbox 1988 1160 3566 1232">
     <span class='ocr_line' id='line_1_71' title="bbox 1988 1160 3566 1232; baseline 0.006 -21"><span class='ocrx_word' id='word_1_533' title='bbox 1988 1160 2214 1229; x_wconf 90' lang='lat' dir='ltr'><strong>quendis</strong></span> <span class='ocrx_word' id='word_1_534' title='bbox 2231 1161 2314 1228; x_wconf 79' lang='lat' dir='ltr'><strong>iis,</strong></span> <span class='ocrx_word' id='word_1_535' title='bbox 2339 1177 2458 1231; x_wconf 79' lang='lat' dir='ltr'><strong>quae</strong></span> <span class='ocrx_word' id='word_1_536' title='bbox 2476 1164 2687 1232; x_wconf 86' lang='lat' dir='ltr'><strong>assequi</strong></span> <span class='ocrx_word' id='word_1_537' title='bbox 2708 1164 2923 1218; x_wconf 88' lang='lat' dir='ltr'><strong>minime</strong></span> <span class='ocrx_word' id='word_1_538' title='bbox 2945 1166 3140 1232; x_wconf 76' lang='lat' dir='ltr'><strong>possim</strong></span> <span class='ocrx_word' id='word_1_539' title='bbox 3163 1166 3186 1218; x_wconf 64' lang='grc' dir='ltr'><strong>ἲ</strong></span> <span class='ocrx_word' id='word_1_540' title='bbox 3210 1181 3334 1219; x_wconf 91' lang='lat' dir='ltr'><strong>nam</strong></span> <span class='ocrx_word' id='word_1_541' title='bbox 3355 1181 3566 1229; x_wconf 88' lang='lat' dir='ltr'><strong>omnes.</strong></span> 
     </span>
    </p>
   </div>
   <div class='ocr_carea' id='block_1_72' title="bbox 1987 1251 3567 1322">
    <p class='ocr_par' dir='ltr' id='par_1_72' title="bbox 1987 1251 3567 1322">
     <span class='ocr_line' id='line_1_72' title="bbox 1987 1251 3567 1322; baseline 0.003 -18"><span class='ocrx_word' id='word_1_542' title='bbox 1987 1266 2107 1320; x_wconf 68' lang='lat' dir='ltr'><strong>quae</strong></span> <span class='ocrx_word' id='word_1_543' title='bbox 2145 1251 2253 1305; x_wconf 89' lang='lat' dir='ltr'><strong>illic</strong></span> <span class='ocrx_word' id='word_1_544' title='bbox 2293 1263 2618 1317; x_wconf 89' lang='lat' dir='ltr'><strong>occurrunt,</strong></span> <span class='ocrx_word' id='word_1_545' title='bbox 2668 1253 3010 1308; x_wconf 77' lang='lat' dir='ltr'><strong>difficultates</strong></span> <span class='ocrx_word' id='word_1_546' title='bbox 3057 1271 3340 1311; x_wconf 88' lang='lat' dir='ltr'><strong>recensere</strong></span> <span class='ocrx_word' id='word_1_547' title='bbox 3371 1297 3386 1322; x_wconf 95' lang='lat'><strong>,</strong></span> <span class='ocrx_word' id='word_1_548' title='bbox 3435 1256 3567 1310; x_wconf 87' lang='lat' dir='ltr'><strong>nihil</strong></span> 
     </span>
    </p>
   </div>
   <div class='ocr_carea' id='block_1_73' title="bbox 1985 1342 3566 1415">
    <p class='ocr_par' dir='ltr' id='par_1_73' title="bbox 1985 1342 3566 1415">
     <span class='ocr_line' id='line_1_73' title="bbox 1985 1342 3566 1415; baseline 0.004 -19"><span class='ocrx_word' id='word_1_549' title='bbox 1985 1342 2126 1396; x_wconf 86' lang='lat' dir='ltr'><strong>aliud</strong></span> <span class='ocrx_word' id='word_1_550' title='bbox 2187 1343 2339 1397; x_wconf 86' lang='lat' dir='ltr'><strong>fuerit</strong></span> <span class='ocrx_word' id='word_1_551' title='bbox 2371 1386 2386 1408; x_wconf 84' lang='lat'><strong>_.</strong></span> <span class='ocrx_word' id='word_1_552' title='bbox 2434 1361 2591 1413; x_wconf 88' lang='lat' dir='ltr'><strong>quam</strong></span> <span class='ocrx_word' id='word_1_553' title='bbox 2645 1346 2862 1414; x_wconf 78' lang='lat' dir='ltr'><strong>pelagus</strong></span> <span class='ocrx_word' id='word_1_554' title='bbox 2915 1347 3088 1415; x_wconf 90' lang='lat' dir='ltr'><strong>ipsum</strong></span> <span class='ocrx_word' id='word_1_555' title='bbox 3135 1348 3386 1402; x_wconf 88' lang='lat' dir='ltr'><strong>dimetiri.</strong></span> <span class='ocrx_word' id='word_1_556' title='bbox 3433 1348 3566 1403; x_wconf 83' lang='lat' dir='ltr'><strong>Nam</strong></span> 
     </span>
    </p>
   </div>
   <div class='ocr_carea' id='block_1_74' title="bbox 1962 1433 3564 1507">
    <p class='ocr_par' dir='ltr' id='par_1_74' title="bbox 1962 1433 3564 1507">
     <span class='ocr_line' id='line_1_74' title="bbox 1962 1433 3564 1507; baseline 0.003 -20"><span class='ocrx_word' id='word_1_557' title='bbox 1962 1490 1963 1493; x_wconf 33' lang='grc' dir='ltr'><strong>η</strong></span> <span class='ocrx_word' id='word_1_558' title='bbox 1986 1433 2194 1487; x_wconf 89' lang='lat' dir='ltr'><strong>etiamsi</strong></span> <span class='ocrx_word' id='word_1_559' title='bbox 2236 1434 2354 1502; x_wconf 89' lang='lat' dir='ltr'><strong>quis</strong></span> <span class='ocrx_word' id='word_1_560' title='bbox 2382 1434 2448 1489; x_wconf 82' lang='lat' dir='ltr'><strong>ab</strong></span> <span class='ocrx_word' id='word_1_561' title='bbox 2488 1436 2630 1488; x_wconf 91' lang='lat' dir='ltr'><strong>omni</strong></span> <span class='ocrx_word' id='word_1_562' title='bbox 2658 1436 2820 1490; x_wconf 91' lang='lat' dir='ltr'><strong>animi</strong></span> <span class='ocrx_word' id='word_1_563' title='bbox 2848 1437 3161 1507; x_wconf 67' lang='lat' dir='ltr'><strong>aegritudine</strong></span> <span class='ocrx_word' id='word_1_564' title='bbox 3203 1452 3365 1506; x_wconf 87' lang='lat' dir='ltr'><strong>purus</strong></span> <span class='ocrx_word' id='word_1_565' title='bbox 3389 1448 3564 1503; x_wconf 87' lang='lat' dir='ltr'><strong>esset,</strong></span> 
     </span>
    </p>
   </div>
   <div class='ocr_carea' id='block_1_75' title="bbox 1985 1526 3562 1601">
    <p class='ocr_par' dir='ltr' id='par_1_75' title="bbox 1985 1526 3562 1601">
     <span class='ocr_line' id='line_1_75' title="bbox 1985 1526 3562 1601; baseline 0.003 -22"><span class='ocrx_word' id='word_1_566' title='bbox 1985 1526 2126 1596; x_wconf 90' lang='lat' dir='ltr'><strong>quod</strong></span> <span class='ocrx_word' id='word_1_567' title='bbox 2156 1528 2372 1582; x_wconf 89' lang='lat' dir='ltr'><strong>minime</strong></span> <span class='ocrx_word' id='word_1_568' title='bbox 2404 1527 2516 1582; x_wconf 82' lang='lat' dir='ltr'><strong>fieri</strong></span> <span class='ocrx_word' id='word_1_569' title='bbox 2541 1538 2733 1598; x_wconf 91' lang='lat' dir='ltr'><strong>potest,</strong></span> <span class='ocrx_word' id='word_1_570' title='bbox 2753 1538 2810 1583; x_wconf 91' lang='lat' dir='ltr'><strong>ut</strong></span> <span class='ocrx_word' id='word_1_571' title='bbox 2839 1530 3063 1585; x_wconf 88' lang='lat' dir='ltr'><strong>aliorum</strong></span> <span class='ocrx_word' id='word_1_572' title='bbox 3092 1531 3282 1586; x_wconf 87' lang='lat' dir='ltr'><strong>delicta</strong></span> <span class='ocrx_word' id='word_1_573' title='bbox 3312 1533 3562 1601; x_wconf 82' lang='lat' dir='ltr'><strong>corrigat,</strong></span> 
     </span>
    </p>
   </div>
   <div class='ocr_carea' id='block_1_76' title="bbox 1987 1619 3568 1694">
    <p class='ocr_par' dir='ltr' id='par_1_76' title="bbox 1987 1619 3568 1694">
     <span class='ocr_line' id='line_1_76' title="bbox 1987 1619 3568 1694; baseline 0.003 -22"><span class='ocrx_word' id='word_1_574' title='bbox 1987 1619 2264 1672; x_wconf 89' lang='lat' dir='ltr'><strong>innumera</strong></span> <span class='ocrx_word' id='word_1_575' title='bbox 2287 1620 2394 1690; x_wconf 88' lang='lat' dir='ltr'><strong>pati</strong></span> <span class='ocrx_word' id='word_1_576' title='bbox 2421 1621 2628 1688; x_wconf 84' lang='lat' dir='ltr'><strong>cogitur</strong></span> <span class='ocrx_word' id='word_1_577' title='bbox 2653 1622 2809 1675; x_wconf 89' lang='lat' dir='ltr'><strong>mala.</strong></span> <span class='ocrx_word' id='word_1_578' title='bbox 2835 1622 3037 1688; x_wconf 87' lang='lat' dir='ltr'><strong>Quibus</strong></span> <span class='ocrx_word' id='word_1_579' title='bbox 3060 1623 3103 1676; x_wconf 90' lang='lat' dir='ltr'><strong>si</strong></span> <span class='ocrx_word' id='word_1_580' title='bbox 3130 1623 3292 1676; x_wconf 88' lang='lat' dir='ltr'><strong>addas</strong></span> <span class='ocrx_word' id='word_1_581' title='bbox 3321 1624 3568 1694; x_wconf 86' lang='lat' dir='ltr'><strong>proprias</strong></span> 
     </span>
    </p>
   </div>
   <div class='ocr_carea' id='block_1_77' title="bbox 1985 1709 3567 1782">
    <p class='ocr_par' dir='ltr' id='par_1_77' title="bbox 1985 1709 3567 1782">
     <span class='ocr_line' id='line_1_77' title="bbox 1985 1709 3567 1782; baseline 0.004 -20"><span class='ocrx_word' id='word_1_582' title='bbox 1985 1709 2325 1779; x_wconf 64' lang='lat' dir='ltr'><strong>aegritudines</strong></span> <span class='ocrx_word' id='word_1_583' title='bbox 2354 1749 2369 1774; x_wconf 96' lang='lat'><strong>,</strong></span> <span class='ocrx_word' id='word_1_584' title='bbox 2425 1710 2546 1764; x_wconf 88' lang='lat' dir='ltr'><strong>vide</strong></span> <span class='ocrx_word' id='word_1_585' title='bbox 2595 1711 2723 1765; x_wconf 91' lang='lat' dir='ltr'><strong>mihi</strong></span> <span class='ocrx_word' id='word_1_586' title='bbox 2771 1711 3009 1766; x_wconf 88' lang='lat' dir='ltr'><strong>laborum</strong></span> <span class='ocrx_word' id='word_1_587' title='bbox 3048 1713 3567 1782; x_wconf 88' lang='lat' dir='ltr'><strong>sollicitudinumque</strong></span> 
     </span>
    </p>
   </div>
   <div class='ocr_carea' id='block_1_78' title="bbox 1983 1801 3566 1875">
    <p class='ocr_par' dir='ltr' id='par_1_78' title="bbox 1983 1801 3566 1875">
     <span class='ocr_line' id='line_1_78' title="bbox 1983 1801 3566 1875; baseline 0.003 -21"><span class='ocrx_word' id='word_1_588' title='bbox 1983 1801 2231 1872; x_wconf 78' lang='lat' dir='ltr'><strong>abyssum</strong></span> <span class='ocrx_word' id='word_1_589' title='bbox 2260 1801 2525 1870; x_wconf 81' lang='lat' dir='ltr'><strong>ingentem</strong></span> <span class='ocrx_word' id='word_1_590' title='bbox 2559 1842 2574 1866; x_wconf 94' lang='lat'><strong>,</strong></span> <span class='ocrx_word' id='word_1_591' title='bbox 2620 1813 2674 1856; x_wconf 90' lang='lat' dir='ltr'><strong>et</strong></span> <span class='ocrx_word' id='word_1_592' title='bbox 2707 1813 2901 1872; x_wconf 83' lang='lat' dir='ltr'><strong>quanta</strong></span> <span class='ocrx_word' id='word_1_593' title='bbox 2929 1802 3145 1858; x_wconf 86' lang='lat' dir='ltr'><strong>ferenda</strong></span> <span class='ocrx_word' id='word_1_594' title='bbox 3174 1805 3282 1860; x_wconf 90' lang='lat' dir='ltr'><strong>sint</strong></span> <span class='ocrx_word' id='word_1_595' title='bbox 3321 1805 3372 1858; x_wconf 93' lang='lat' dir='ltr'><strong>iu</strong></span> <span class='ocrx_word' id='word_1_596' title='bbox 3404 1820 3566 1875; x_wconf 88' lang='lat' dir='ltr'><strong>supe-</strong></span> 
     </span>
    </p>
   </div>
   <div class='ocr_carea' id='block_1_79' title="bbox 1983 1894 2927 1965">
    <p class='ocr_par' dir='ltr' id='par_1_79' title="bbox 1983 1894 2927 1965">
     <span class='ocr_line' id='line_1_79' title="bbox 1983 1894 2927 1965; baseline 0.002 -19"><span class='ocrx_word' id='word_1_597' title='bbox 1983 1894 2167 1947; x_wconf 87' lang='lat' dir='ltr'><strong>randis</strong></span> <span class='ocrx_word' id='word_1_598' title='bbox 2196 1895 2422 1964; x_wconf 87' lang='lat' dir='ltr'><strong>propriis</strong></span> <span class='ocrx_word' id='word_1_599' title='bbox 2443 1895 2738 1965; x_wconf 81' lang='lat' dir='ltr'><strong>alienisque</strong></span> <span class='ocrx_word' id='word_1_600' title='bbox 2768 1897 2927 1949; x_wconf 80' lang='lat' dir='ltr'><strong>vitiis.</strong></span> 
     </span>
    </p>
   </div>
   <div class='ocr_carea' id='block_1_80' title="bbox 2050 1985 3565 2058">
    <p class='ocr_par' dir='ltr' id='par_1_80' title="bbox 2050 1985 3565 2058">
     <span class='ocr_line' id='line_1_80' title="bbox 2050 1985 3565 2058; baseline 0.005 -22"><span class='ocrx_word' id='word_1_601' title='bbox 2050 1987 2142 2041; x_wconf 74' lang='lat'><strong>.10.</strong></span> <span class='ocrx_word' id='word_1_602' title='bbox 2175 1985 2292 2040; x_wconf 80' lang='lat' dir='ltr'><strong>Non</strong></span> <span class='ocrx_word' id='word_1_603' title='bbox 2318 1988 2488 2057; x_wconf 79' lang='lat' dir='ltr'><strong>magni</strong></span> <span class='ocrx_word' id='word_1_604' title='bbox 2516 2003 2622 2040; x_wconf 81' lang='lat' dir='ltr'><strong>esse</strong></span> <span class='ocrx_word' id='word_1_605' title='bbox 2651 1989 2833 2058; x_wconf 80' lang='lat' dir='ltr'><strong>negotii</strong></span> <span class='ocrx_word' id='word_1_606' title='bbox 2854 1989 3074 2057; x_wconf 79' lang='lat' dir='ltr'><strong>seipsum</strong></span> <span class='ocrx_word' id='word_1_607' title='bbox 3096 2004 3312 2043; x_wconf 80' lang='lat' dir='ltr'><strong>servare.</strong></span> <span class='ocrx_word' id='word_1_608' title='bbox 3334 2016 3406 2030; x_wconf 88' lang='lat'><strong>——</strong></span> <span class='ocrx_word' id='word_1_609' title='bbox 3431 1987 3565 2043; x_wconf 90' lang='lat' dir='ltr'><strong>Tum</strong></span> 
     </span>
    </p>
   </div>
   <div class='ocr_carea' id='block_1_81' title="bbox 1983 2077 3564 2149">
    <p class='ocr_par' dir='ltr' id='par_1_81' title="bbox 1983 2077 3564 2149">
     <span class='ocr_line' id='line_1_81' title="bbox 1983 2077 3564 2149; baseline 0.001 -19"><span class='ocrx_word' id='word_1_610' title='bbox 1983 2077 2307 2132; x_wconf 86' lang='lat' dir='ltr'><strong>B.\S|LIUS.</strong></span> <span class='ocrx_word' id='word_1_611' title='bbox 2342 2077 2493 2132; x_wconf 87' lang='lat' dir='ltr'><strong>Nunc</strong></span> <span class='ocrx_word' id='word_1_612' title='bbox 2518 2094 2666 2141; x_wconf 89' lang='lat' dir='ltr'><strong>vero,</strong></span> <span class='ocrx_word' id='word_1_613' title='bbox 2693 2079 2879 2149; x_wconf 90' lang='lat' dir='ltr'><strong>inquit,</strong></span> <span class='ocrx_word' id='word_1_614' title='bbox 2913 2080 3113 2133; x_wconf 91' lang='lat' dir='ltr'><strong>nullum</strong></span> <span class='ocrx_word' id='word_1_615' title='bbox 3139 2079 3232 2134; x_wconf 91' lang='lat' dir='ltr'><strong>tibi</strong></span> <span class='ocrx_word' id='word_1_616' title='bbox 3265 2080 3452 2134; x_wconf 91' lang='lat' dir='ltr'><strong>horum</strong></span> <span class='ocrx_word' id='word_1_617' title='bbox 3481 2080 3564 2132; x_wconf 83' lang='lat' dir='ltr'><strong>la-</strong></span> 
     </span>
    </p>
   </div>
   <div class='ocr_carea' id='block_1_82' title="bbox 1979 2258 3562 2332">
    <p class='ocr_par' dir='ltr' id='par_1_82' title="bbox 1979 2258 3562 2332">
     <span class='ocr_line' id='line_1_82' title="bbox 1979 2258 3562 2332; baseline 0.003 -20"><span class='ocrx_word' id='word_1_618' title='bbox 1979 2258 2349 2315; x_wconf 83' lang='lat' dir='ltr'><strong>CllRYSOS&#39;l‘.</strong></span> <span class='ocrx_word' id='word_1_619' title='bbox 2374 2259 2580 2314; x_wconf 85' lang='lat' dir='ltr'><strong>Adsunt</strong></span> <span class='ocrx_word' id='word_1_620' title='bbox 2607 2270 2662 2315; x_wconf 89' lang='lat' dir='ltr'><strong>et</strong></span> <span class='ocrx_word' id='word_1_621' title='bbox 2691 2277 2831 2316; x_wconf 91' lang='lat' dir='ltr'><strong>nunc</strong></span> <span class='ocrx_word' id='word_1_622' title='bbox 2855 2277 3016 2323; x_wconf 60' lang='lat' dir='ltr'><strong>curat,</strong></span> <span class='ocrx_word' id='word_1_623' title='bbox 3045 2263 3276 2332; x_wconf 88' lang='lat' dir='ltr'><strong>inquam.</strong></span> <span class='ocrx_word' id='word_1_624' title='bbox 3301 2263 3398 2330; x_wconf 88' lang='lat' dir='ltr'><strong>Qui</strong></span> <span class='ocrx_word' id='word_1_625' title='bbox 3417 2262 3562 2316; x_wconf 91' lang='lat' dir='ltr'><strong>enim</strong></span> 
     </span>
    </p>
   </div>
   <div class='ocr_carea' id='block_1_83' title="bbox 1980 2351 3564 2420">
    <p class='ocr_par' dir='ltr' id='par_1_83' title="bbox 1980 2351 3564 2420">
     <span class='ocr_line' id='line_1_83' title="bbox 1980 2351 3564 2420; baseline 0.001 -17"><span class='ocrx_word' id='word_1_626' title='bbox 1980 2351 2091 2406; x_wconf 85' lang='lat' dir='ltr'><strong>lieri</strong></span> <span class='ocrx_word' id='word_1_627' title='bbox 2123 2361 2294 2420; x_wconf 91' lang='lat' dir='ltr'><strong>potest</strong></span> <span class='ocrx_word' id='word_1_628' title='bbox 2324 2351 2592 2406; x_wconf 90' lang='lat' dir='ltr'><strong>hominem</strong></span> <span class='ocrx_word' id='word_1_629' title='bbox 2625 2351 2763 2406; x_wconf 87' lang='lat' dir='ltr'><strong>hanc</strong></span> <span class='ocrx_word' id='word_1_630' title='bbox 2793 2367 3150 2407; x_wconf 70' lang='lat' dir='ltr'><strong>mrumnosam</strong></span> <span class='ocrx_word' id='word_1_631' title='bbox 3178 2353 3339 2406; x_wconf 88' lang='lat' dir='ltr'><strong>vitam</strong></span> <span class='ocrx_word' id='word_1_632' title='bbox 3363 2351 3564 2406; x_wconf 89' lang='lat' dir='ltr'><strong>ducen-</strong></span> 
     </span>
    </p>
   </div>
   <div class='ocr_carea' id='block_1_84' title="bbox 1983 2439 3563 2512">
    <p class='ocr_par' dir='ltr' id='par_1_84' title="bbox 1983 2439 3563 2512">
     <span class='ocr_line' id='line_1_84' title="bbox 1983 2439 3563 2512; baseline 0.001 -18"><span class='ocrx_word' id='word_1_633' title='bbox 1983 2449 2090 2496; x_wconf 92' lang='lat' dir='ltr'><strong>tem</strong></span> <span class='ocrx_word' id='word_1_634' title='bbox 2113 2442 2253 2495; x_wconf 91' lang='lat' dir='ltr'><strong>cnris</strong></span> <span class='ocrx_word' id='word_1_635' title='bbox 2274 2443 2640 2512; x_wconf 80' lang='lat' dir='ltr'><strong>angustiisque</strong></span> <span class='ocrx_word' id='word_1_636' title='bbox 2656 2439 2884 2499; x_wconf 78' lang='lat' dir='ltr'><strong>vacare?</strong></span> <span class='ocrx_word' id='word_1_637' title='bbox 2907 2443 3100 2496; x_wconf 79' lang='lat' dir='ltr'><strong>Verum</strong></span> <span class='ocrx_word' id='word_1_638' title='bbox 3126 2458 3229 2497; x_wconf 91' lang='lat' dir='ltr'><strong>non</strong></span> <span class='ocrx_word' id='word_1_639' title='bbox 3251 2443 3387 2496; x_wconf 87' lang='lat' dir='ltr'><strong>idem</strong></span> <span class='ocrx_word' id='word_1_640' title='bbox 3411 2443 3563 2497; x_wconf 88' lang='lat' dir='ltr'><strong>labor</strong></span> 
     </span>
    </p>
   </div>
   <div class='ocr_carea' id='block_1_85' title="bbox 1978 2533 3563 2605">
    <p class='ocr_par' dir='ltr' id='par_1_85' title="bbox 1978 2533 3563 2605">
     <span class='ocr_line' id='line_1_85' title="bbox 1978 2533 3563 2605; baseline 0 -17"><span class='ocrx_word' id='word_1_641' title='bbox 1978 2542 2080 2598; x_wconf 87' lang='lat' dir='ltr'><strong>est,</strong></span> <span class='ocrx_word' id='word_1_642' title='bbox 2127 2533 2443 2588; x_wconf 89' lang='lat' dir='ltr'><strong>immensum</strong></span> <span class='ocrx_word' id='word_1_643' title='bbox 2491 2535 2542 2588; x_wconf 93' lang='lat' dir='ltr'><strong>in</strong></span> <span class='ocrx_word' id='word_1_644' title='bbox 2587 2534 2804 2605; x_wconf 81' lang='lat' dir='ltr'><strong>pelagus</strong></span> <span class='ocrx_word' id='word_1_645' title='bbox 2842 2535 3096 2600; x_wconf 88' lang='lat' dir='ltr'><strong>incidere,</strong></span> <span class='ocrx_word' id='word_1_646' title='bbox 3127 2544 3181 2589; x_wconf 91' lang='lat' dir='ltr'><strong>et</strong></span> <span class='ocrx_word' id='word_1_647' title='bbox 3213 2534 3407 2588; x_wconf 82' lang='lat' dir='ltr'><strong>ﬂumen</strong></span> <span class='ocrx_word' id='word_1_648' title='bbox 3453 2543 3563 2588; x_wconf 78' lang='lat' dir='ltr'><strong>tra-</strong></span> 
     </span>
    </p>
   </div>
   <div class='ocr_carea' id='block_1_86' title="bbox 1972 2624 3562 2695">
    <p class='ocr_par' dir='ltr' id='par_1_86' title="bbox 1972 2624 3562 2695">
     <span class='ocr_line' id='line_1_86' title="bbox 1972 2624 3562 2695; baseline -0.002 -18"><span class='ocrx_word' id='word_1_649' title='bbox 1972 2624 2176 2694; x_wconf 86' lang='lat' dir='ltr'><strong>jicere:</strong></span> <span class='ocrx_word' id='word_1_650' title='bbox 2206 2640 2302 2695; x_wconf 89' lang='lat' dir='ltr'><strong>par</strong></span> <span class='ocrx_word' id='word_1_651' title='bbox 2327 2625 2524 2694; x_wconf 90' lang='lat' dir='ltr'><strong>quippe</strong></span> <span class='ocrx_word' id='word_1_652' title='bbox 2551 2635 2634 2680; x_wconf 88' lang='lat' dir='ltr'><strong>est</strong></span> <span class='ocrx_word' id='word_1_653' title='bbox 2674 2627 2811 2680; x_wconf 91' lang='lat' dir='ltr'><strong>inter</strong></span> <span class='ocrx_word' id='word_1_654' title='bbox 2837 2627 2931 2680; x_wconf 88' lang='lat' dir='ltr'><strong>has</strong></span> <span class='ocrx_word' id='word_1_655' title='bbox 2973 2635 3028 2680; x_wconf 78' lang='lat' dir='ltr'><strong>et</strong></span> <span class='ocrx_word' id='word_1_656' title='bbox 3070 2626 3187 2680; x_wconf 91' lang='lat' dir='ltr'><strong>illas</strong></span> <span class='ocrx_word' id='word_1_657' title='bbox 3215 2641 3370 2680; x_wconf 86' lang='lat' dir='ltr'><strong>curas</strong></span> <span class='ocrx_word' id='word_1_658' title='bbox 3400 2627 3562 2680; x_wconf 80' lang='lat' dir='ltr'><strong>inter.</strong></span> 
     </span>
    </p>
   </div>
   <div class='ocr_carea' id='block_1_87' title="bbox 1976 2715 3563 2788">
    <p class='ocr_par' dir='ltr' id='par_1_87' title="bbox 1976 2715 3563 2788">
     <span class='ocr_line' id='line_1_87' title="bbox 1976 2715 3563 2788; baseline 0 -19"><span class='ocrx_word' id='word_1_659' title='bbox 1976 2715 2197 2770; x_wconf 85' lang='lat' dir='ltr'><strong>vallum.</strong></span> <span class='ocrx_word' id='word_1_660' title='bbox 2245 2715 2503 2786; x_wconf 85' lang='lat' dir='ltr'><strong>Equidem</strong></span> <span class='ocrx_word' id='word_1_661' title='bbox 2549 2717 2593 2770; x_wconf 92' lang='lat' dir='ltr'><strong>si</strong></span> <span class='ocrx_word' id='word_1_662' title='bbox 2645 2731 2858 2788; x_wconf 92' lang='lat' dir='ltr'><strong>possem</strong></span> <span class='ocrx_word' id='word_1_663' title='bbox 2904 2718 3127 2772; x_wconf 92' lang='lat' dir='ltr'><strong>aliorum</strong></span> <span class='ocrx_word' id='word_1_664' title='bbox 3173 2719 3376 2772; x_wconf 90' lang='lat' dir='ltr'><strong>servire</strong></span> <span class='ocrx_word' id='word_1_665' title='bbox 3415 2733 3563 2772; x_wconf 76' lang='lat' dir='ltr'><strong>com-</strong></span> 
     </span>
    </p>
   </div>
   <div class='ocr_carea' id='block_1_88' title="bbox 1977 2806 3563 2878">
    <p class='ocr_par' dir='ltr' id='par_1_88' title="bbox 1977 2806 3563 2878">
     <span class='ocr_line' id='line_1_88' title="bbox 1977 2806 3563 2878; baseline 0.001 -18"><span class='ocrx_word' id='word_1_666' title='bbox 1977 2806 2175 2872; x_wconf 90' lang='lat' dir='ltr'><strong>modis,</strong></span> <span class='ocrx_word' id='word_1_667' title='bbox 2209 2806 2260 2860; x_wconf 93' lang='lat' dir='ltr'><strong>id</strong></span> <span class='ocrx_word' id='word_1_668' title='bbox 2289 2808 2476 2862; x_wconf 88' lang='lat' dir='ltr'><strong>vellem</strong></span> <span class='ocrx_word' id='word_1_669' title='bbox 2503 2823 2566 2862; x_wconf 90' lang='lat' dir='ltr'><strong>ac</strong></span> <span class='ocrx_word' id='word_1_670' title='bbox 2593 2807 2773 2862; x_wconf 90' lang='lat' dir='ltr'><strong>multis</strong></span> <span class='ocrx_word' id='word_1_671' title='bbox 2793 2811 2930 2863; x_wconf 91' lang='lat' dir='ltr'><strong>votis</strong></span> <span class='ocrx_word' id='word_1_672' title='bbox 2951 2819 3257 2878; x_wconf 90' lang='lat' dir='ltr'><strong>exoptarem</strong></span> <span class='ocrx_word' id='word_1_673' title='bbox 3285 2826 3298 2864; x_wconf 93' lang='lat'>:</span> <span class='ocrx_word' id='word_1_674' title='bbox 3327 2809 3406 2862; x_wconf 86' lang='lat' dir='ltr'><strong>sin</strong></span> <span class='ocrx_word' id='word_1_675' title='bbox 3430 2808 3563 2862; x_wconf 83' lang='lat' dir='ltr'><strong>alios</strong></span> 
     </span>
    </p>
   </div>
   <div class='ocr_carea' id='block_1_89' title="bbox 1971 2896 3560 2970">
    <p class='ocr_par' dir='ltr' id='par_1_89' title="bbox 1971 2896 3560 2970">
     <span class='ocr_line' id='line_1_89' title="bbox 1971 2896 3560 2970; baseline 0.001 -18"><span class='ocrx_word' id='word_1_676' title='bbox 1971 2896 2160 2968; x_wconf 85' lang='lat' dir='ltr'><strong>jttvare</strong></span> <span class='ocrx_word' id='word_1_677' title='bbox 2199 2915 2304 2953; x_wconf 91' lang='lat' dir='ltr'><strong>non</strong></span> <span class='ocrx_word' id='word_1_678' title='bbox 2335 2901 2556 2969; x_wconf 90' lang='lat' dir='ltr'><strong>possim,</strong></span> <span class='ocrx_word' id='word_1_679' title='bbox 2584 2911 2639 2954; x_wconf 91' lang='lat' dir='ltr'><strong>at</strong></span> <span class='ocrx_word' id='word_1_680' title='bbox 2669 2900 2799 2954; x_wconf 90' lang='lat' dir='ltr'><strong>mihi</strong></span> <span class='ocrx_word' id='word_1_681' title='bbox 2835 2911 2981 2956; x_wconf 91' lang='lat' dir='ltr'><strong>certe</strong></span> <span class='ocrx_word' id='word_1_682' title='bbox 3008 2901 3137 2956; x_wconf 89' lang='lat' dir='ltr'><strong>satis</strong></span> <span class='ocrx_word' id='word_1_683' title='bbox 3166 2916 3285 2957; x_wconf 89' lang='lat' dir='ltr'><strong>esse</strong></span> <span class='ocrx_word' id='word_1_684' title='bbox 3327 2900 3524 2970; x_wconf 81' lang='lat' dir='ltr'><strong>putabo</strong></span> <span class='ocrx_word' id='word_1_685' title='bbox 3543 2943 3560 2966; x_wconf 95' lang='lat'><strong>,</strong></span> 
     </span>
    </p>
   </div>
   <div class='ocr_carea' id='block_1_90' title="bbox 1974 2989 3560 3061">
    <p class='ocr_par' dir='ltr' id='par_1_90' title="bbox 1974 2989 3560 3061">
     <span class='ocr_line' id='line_1_90' title="bbox 1974 2989 3560 3061; baseline 0.001 -18"><span class='ocrx_word' id='word_1_686' title='bbox 1974 2989 2019 3043; x_wconf 91' lang='lat' dir='ltr'><strong>si</strong></span> <span class='ocrx_word' id='word_1_687' title='bbox 2047 3005 2131 3042; x_wconf 87' lang='lat' dir='ltr'><strong>me</strong></span> <span class='ocrx_word' id='word_1_688' title='bbox 2157 3005 2374 3044; x_wconf 86' lang='lat' dir='ltr'><strong>servare</strong></span> <span class='ocrx_word' id='word_1_689' title='bbox 2403 3000 2456 3044; x_wconf 91' lang='lat' dir='ltr'><strong>et</strong></span> <span class='ocrx_word' id='word_1_690' title='bbox 2480 3005 2546 3045; x_wconf 86' lang='lat' dir='ltr'><strong>ex</strong></span> <span class='ocrx_word' id='word_1_691' title='bbox 2577 2989 2823 3046; x_wconf 86' lang='lat' dir='ltr'><strong>fluctibus</strong></span> <span class='ocrx_word' id='word_1_692' title='bbox 2843 3006 3032 3046; x_wconf 87' lang='lat' dir='ltr'><strong>eruere</strong></span> <span class='ocrx_word' id='word_1_693' title='bbox 3058 2993 3277 3061; x_wconf 89' lang='lat' dir='ltr'><strong>possim.</strong></span> <span class='ocrx_word' id='word_1_694' title='bbox 3309 2991 3560 3058; x_wconf 80' lang='lat' dir='ltr'><strong>l’ntasue,</strong></span> 
     </span>
    </p>
   </div>
   <div class='ocr_carea' id='block_1_91' title="bbox 1975 3079 3562 3153">
    <p class='ocr_par' dir='ltr' id='par_1_91' title="bbox 1975 3079 3562 3153">
     <span class='ocr_line' id='line_1_91' title="bbox 1975 3079 3562 3153; baseline 0.003 -20"><span class='ocrx_word' id='word_1_695' title='bbox 1975 3079 2147 3150; x_wconf 92' lang='lat' dir='ltr'><strong>inquit</strong></span> <span class='ocrx_word' id='word_1_696' title='bbox 2176 3079 2502 3145; x_wconf 72' lang='lat' dir='ltr'><strong>BASILIUS,</strong></span> <span class='ocrx_word' id='word_1_697' title='bbox 2531 3091 2582 3137; x_wconf 90' lang='lat' dir='ltr'><strong>te</strong></span> <span class='ocrx_word' id='word_1_698' title='bbox 2601 3082 2825 3137; x_wconf 90' lang='lat' dir='ltr'><strong>salutem</strong></span> <span class='ocrx_word' id='word_1_699' title='bbox 2845 3085 3096 3153; x_wconf 89' lang='lat' dir='ltr'><strong>consequi</strong></span> <span class='ocrx_word' id='word_1_700' title='bbox 3122 3097 3298 3152; x_wconf 83' lang='lat' dir='ltr'><strong>posse,</strong></span> <span class='ocrx_word' id='word_1_701' title='bbox 3317 3086 3404 3153; x_wconf 83' lang='lat' dir='ltr'><strong>qui</strong></span> <span class='ocrx_word' id='word_1_702' title='bbox 3431 3085 3562 3138; x_wconf 86' lang='lat' dir='ltr'><strong>alio-</strong></span> 
     </span>
    </p>
   </div>
   <div class='ocr_carea' id='block_1_92' title="bbox 1976 3173 3563 3247">
    <p class='ocr_par' dir='ltr' id='par_1_92' title="bbox 1976 3173 3563 3247">
     <span class='ocr_line' id='line_1_92' title="bbox 1976 3173 3563 3247; baseline 0.004 -21"><span class='ocrx_word' id='word_1_703' title='bbox 1976 3187 2092 3226; x_wconf 89' lang='lat' dir='ltr'><strong>rum</strong></span> <span class='ocrx_word' id='word_1_704' title='bbox 2135 3173 2401 3227; x_wconf 89' lang='lat' dir='ltr'><strong>neminem</strong></span> <span class='ocrx_word' id='word_1_705' title='bbox 2442 3174 2546 3228; x_wconf 91' lang='lat' dir='ltr'><strong>ulla</strong></span> <span class='ocrx_word' id='word_1_706' title='bbox 2590 3175 2642 3228; x_wconf 91' lang='lat' dir='ltr'><strong>in</strong></span> <span class='ocrx_word' id='word_1_707' title='bbox 2691 3190 2751 3230; x_wconf 91' lang='lat' dir='ltr'><strong>re</strong></span> <span class='ocrx_word' id='word_1_708' title='bbox 2782 3174 3426 3245; x_wconf 79' lang='lat' dir='ltr'><strong>jnveris?CHRYSOST.</strong></span> <span class='ocrx_word' id='word_1_709' title='bbox 3455 3177 3563 3247; x_wconf 86' lang='lat' dir='ltr'><strong>Op-</strong></span> 
     </span>
    </p>
   </div>
   <div class='ocr_carea' id='block_1_93' title="bbox 1975 3263 3558 3336">
    <p class='ocr_par' dir='ltr' id='par_1_93' title="bbox 1975 3263 3558 3336">
     <span class='ocr_line' id='line_1_93' title="bbox 1975 3263 3558 3336; baseline 0.003 -18"><span class='ocrx_word' id='word_1_710' title='bbox 1975 3264 2124 3330; x_wconf 85' lang='lat' dir='ltr'><strong>time,</strong></span> <span class='ocrx_word' id='word_1_711' title='bbox 2144 3265 2378 3333; x_wconf 89' lang='lat' dir='ltr'><strong>inquam,</strong></span> <span class='ocrx_word' id='word_1_712' title='bbox 2406 3263 2619 3320; x_wconf 85' lang='lat' dir='ltr'><strong>dixisti:</strong></span> <span class='ocrx_word' id='word_1_713' title='bbox 2645 3281 2817 3336; x_wconf 89' lang='lat' dir='ltr'><strong>neque</strong></span> <span class='ocrx_word' id='word_1_714' title='bbox 2843 3268 2988 3322; x_wconf 89' lang='lat' dir='ltr'><strong>enim</strong></span> <span class='ocrx_word' id='word_1_715' title='bbox 3015 3267 3065 3321; x_wconf 92' lang='lat' dir='ltr'><strong>id</strong></span> <span class='ocrx_word' id='word_1_716' title='bbox 3087 3267 3308 3324; x_wconf 86' lang='lat' dir='ltr'><strong>credere</strong></span> <span class='ocrx_word' id='word_1_717' title='bbox 3331 3270 3558 3333; x_wconf 86' lang='lat' dir='ltr'><strong>valeam,</strong></span> 
     </span>
    </p>
   </div>
   <div class='ocr_carea' id='block_1_94' title="bbox 1974 3357 3560 3430">
    <p class='ocr_par' dir='ltr' id='par_1_94' title="bbox 1974 3357 3560 3430">
     <span class='ocr_line' id='line_1_94' title="bbox 1974 3357 3560 3430; baseline 0.004 -21"><span class='ocrx_word' id='word_1_718' title='bbox 1974 3370 2132 3426; x_wconf 85' lang='lat' dir='ltr'><strong>posse</strong></span> <span class='ocrx_word' id='word_1_719' title='bbox 2167 3358 2470 3427; x_wconf 90' lang='lat' dir='ltr'><strong>quempiam</strong></span> <span class='ocrx_word' id='word_1_720' title='bbox 2519 3357 2746 3412; x_wconf 89' lang='lat' dir='ltr'><strong>salutem</strong></span> <span class='ocrx_word' id='word_1_721' title='bbox 2776 3359 3054 3427; x_wconf 90' lang='lat' dir='ltr'><strong>consequi,</strong></span> <span class='ocrx_word' id='word_1_722' title='bbox 3096 3360 3186 3430; x_wconf 91' lang='lat' dir='ltr'><strong>qui</strong></span> <span class='ocrx_word' id='word_1_723' title='bbox 3227 3359 3293 3413; x_wconf 91' lang='lat' dir='ltr'><strong>ad</strong></span> <span class='ocrx_word' id='word_1_724' title='bbox 3335 3361 3560 3430; x_wconf 86' lang='lat' dir='ltr'><strong>proximi</strong></span> 
     </span>
    </p>
   </div>
   <div class='ocr_carea' id='block_1_95' title="bbox 1974 3452 3560 3522">
    <p class='ocr_par' dir='ltr' id='par_1_95' title="bbox 1974 3452 3560 3522">
     <span class='ocr_line' id='line_1_95' title="bbox 1974 3452 3560 3522; baseline 0.002 -17"><span class='ocrx_word' id='word_1_725' title='bbox 1974 3452 2054 3505; x_wconf 91' lang='lat' dir='ltr'><strong>sui</strong></span> <span class='ocrx_word' id='word_1_726' title='bbox 2078 3452 2301 3506; x_wconf 90' lang='lat' dir='ltr'><strong>salutem</strong></span> <span class='ocrx_word' id='word_1_727' title='bbox 2331 3453 2462 3506; x_wconf 90' lang='lat' dir='ltr'><strong>nihil</strong></span> <span class='ocrx_word' id='word_1_728' title='bbox 2491 3467 2743 3522; x_wconf 89' lang='lat' dir='ltr'><strong>umquam</strong></span> <span class='ocrx_word' id='word_1_729' title='bbox 2773 3454 2962 3522; x_wconf 88' lang='lat' dir='ltr'><strong>egerit.</strong></span> <span class='ocrx_word' id='word_1_730' title='bbox 2991 3452 3105 3507; x_wconf 84' lang='lat' dir='ltr'><strong>Non</strong></span> <span class='ocrx_word' id='word_1_731' title='bbox 3134 3454 3276 3508; x_wconf 91' lang='lat' dir='ltr'><strong>enim</strong></span> <span class='ocrx_word' id='word_1_732' title='bbox 3305 3455 3560 3508; x_wconf 89' lang='lat' dir='ltr'><strong>miserum</strong></span> 
     </span>
    </p>
   </div>
   <div class='ocr_carea' id='block_1_96' title="bbox 1975 3543 3558 3614">
    <p class='ocr_par' dir='ltr' id='par_1_96' title="bbox 1975 3543 3558 3614">
     <span class='ocr_line' id='line_1_96' title="bbox 1975 3543 3558 3614; baseline 0.002 -19"><span class='ocrx_word' id='word_1_733' title='bbox 1975 3543 2123 3596; x_wconf 92' lang='lat' dir='ltr'><strong>illum</strong></span> <span class='ocrx_word' id='word_1_734' title='bbox 2158 3543 2330 3611; x_wconf 87' lang='lat' dir='ltr'><strong>jnvit,</strong></span> <span class='ocrx_word' id='word_1_735' title='bbox 2377 3543 2517 3612; x_wconf 89' lang='lat' dir='ltr'><strong>quod</strong></span> <span class='ocrx_word' id='word_1_736' title='bbox 2564 3543 2820 3598; x_wconf 82' lang='lat' dir='ltr'><strong>talentum</strong></span> <span class='ocrx_word' id='word_1_737' title='bbox 2871 3559 2977 3598; x_wconf 92' lang='lat' dir='ltr'><strong>non</strong></span> <span class='ocrx_word' id='word_1_738' title='bbox 3032 3544 3310 3598; x_wconf 89' lang='lat' dir='ltr'><strong>minuisset</strong></span> <span class='ocrx_word' id='word_1_739' title='bbox 3342 3543 3558 3614; x_wconf 75' lang='lat' dir='ltr'><strong>(Matth.</strong></span> 
     </span>
    </p>
   </div>
   <div class='ocr_carea' id='block_1_97' title="bbox 1972 3631 3562 3705">
    <p class='ocr_par' dir='ltr' id='par_1_97' title="bbox 1972 3631 3562 3705">
     <span class='ocr_line' id='line_1_97' title="bbox 1972 3631 3562 3705; baseline 0.001 -17"><span class='ocrx_word' id='word_1_740' title='bbox 1972 3631 2063 3690; x_wconf 67' lang='lat'><strong>25&#39;.</strong></span> <span class='ocrx_word' id='word_1_741' title='bbox 2093 3635 2216 3704; x_wconf 71' lang='lat'><strong>24);</strong></span> <span class='ocrx_word' id='word_1_742' title='bbox 2245 3634 2354 3688; x_wconf 93' lang='lat' dir='ltr'><strong>imo</strong></span> <span class='ocrx_word' id='word_1_743' title='bbox 2381 3647 2435 3689; x_wconf 90' lang='lat' dir='ltr'><strong>et</strong></span> <span class='ocrx_word' id='word_1_744' title='bbox 2463 3634 2693 3702; x_wconf 90' lang='lat' dir='ltr'><strong>perdidit</strong></span> <span class='ocrx_word' id='word_1_745' title='bbox 2715 3634 2841 3690; x_wconf 88' lang='lat' dir='ltr'><strong>ilhtd</strong></span> <span class='ocrx_word' id='word_1_746' title='bbox 2859 3677 2874 3700; x_wconf 93' lang='lat'><strong>,</strong></span> <span class='ocrx_word' id='word_1_747' title='bbox 2905 3635 3048 3705; x_wconf 92' lang='lat' dir='ltr'><strong>quod</strong></span> <span class='ocrx_word' id='word_1_748' title='bbox 3081 3650 3186 3689; x_wconf 91' lang='lat' dir='ltr'><strong>non</strong></span> <span class='ocrx_word' id='word_1_749' title='bbox 3214 3638 3470 3698; x_wconf 87' lang='lat' dir='ltr'><strong>auxisset,</strong></span> <span class='ocrx_word' id='word_1_750' title='bbox 3497 3649 3562 3690; x_wconf 88' lang='lat' dir='ltr'><strong>ac</strong></span> 
     </span>
    </p>
   </div>
   <div class='ocr_carea' id='block_1_98' title="bbox 1973 3725 3560 3797">
    <p class='ocr_par' dir='ltr' id='par_1_98' title="bbox 1973 3725 3560 3797">
     <span class='ocr_line' id='line_1_98' title="bbox 1973 3725 3560 3797; baseline -0.001 -15"><span class='ocrx_word' id='word_1_751' title='bbox 1973 3728 2190 3797; x_wconf 88' lang='lat' dir='ltr'><strong>duplum</strong></span> <span class='ocrx_word' id='word_1_752' title='bbox 2229 3736 2577 3796; x_wconf 83' lang='lat' dir='ltr'><strong>reportasset.</strong></span> <span class='ocrx_word' id='word_1_753' title='bbox 2625 3725 3006 3782; x_wconf 80' lang='lat' dir='ltr'><strong>Verumtamen</strong></span> <span class='ocrx_word' id='word_1_754' title='bbox 3052 3726 3178 3780; x_wconf 89' lang='lat' dir='ltr'><strong>mihi</strong></span> <span class='ocrx_word' id='word_1_755' title='bbox 3231 3726 3397 3780; x_wconf 84' lang='lat' dir='ltr'><strong>levius</strong></span> <span class='ocrx_word' id='word_1_756' title='bbox 3447 3726 3560 3781; x_wconf 86' lang='lat' dir='ltr'><strong>fore</strong></span> 
     </span>
    </p>
   </div>
   <div class='ocr_carea' id='block_1_99' title="bbox 1971 3817 3560 3890">
    <p class='ocr_par' dir='ltr' id='par_1_99' title="bbox 1971 3817 3560 3890">
     <span class='ocr_line' id='line_1_99' title="bbox 1971 3817 3560 3890; baseline -0.004 -14"><span class='ocrx_word' id='word_1_757' title='bbox 1971 3821 2290 3890; x_wconf 86' lang='lat' dir='ltr'><strong>supplicium</strong></span> <span class='ocrx_word' id='word_1_758' title='bbox 2343 3820 2590 3874; x_wconf 89' lang='lat' dir='ltr'><strong>existimo</strong></span> <span class='ocrx_word' id='word_1_759' title='bbox 2609 3861 2624 3886; x_wconf 95' lang='lat'><strong>,</strong></span> <span class='ocrx_word' id='word_1_760' title='bbox 2651 3836 2770 3874; x_wconf 87' lang='lat' dir='ltr'><strong>cutn</strong></span> <span class='ocrx_word' id='word_1_761' title='bbox 2797 3819 3090 3874; x_wconf 89' lang='lat' dir='ltr'><strong>accusabor</strong></span> <span class='ocrx_word' id='word_1_762' title='bbox 3117 3817 3259 3888; x_wconf 83' lang='lat' dir='ltr'><strong>quod</strong></span> <span class='ocrx_word' id='word_1_763' title='bbox 3290 3833 3394 3872; x_wconf 91' lang='lat' dir='ltr'><strong>non</strong></span> <span class='ocrx_word' id='word_1_764' title='bbox 3423 3819 3560 3871; x_wconf 85' lang='lat' dir='ltr'><strong>alio-</strong></span> 
     </span>
    </p>
   </div>
   <div class='ocr_carea' id='block_1_100' title="bbox 1972 3910 3558 3980">
    <p class='ocr_par' dir='ltr' id='par_1_100' title="bbox 1972 3910 3558 3980">
     <span class='ocr_line' id='line_1_100' title="bbox 1972 3910 3558 3980; baseline -0.002 -14"><span class='ocrx_word' id='word_1_765' title='bbox 1972 3928 2090 3966; x_wconf 89' lang='lat' dir='ltr'><strong>rum</strong></span> <span class='ocrx_word' id='word_1_766' title='bbox 2116 3913 2342 3966; x_wconf 88' lang='lat' dir='ltr'><strong>salutem</strong></span> <span class='ocrx_word' id='word_1_767' title='bbox 2365 3914 2713 3980; x_wconf 86' lang='lat' dir='ltr'><strong>procurarim,</strong></span> <span class='ocrx_word' id='word_1_768' title='bbox 2740 3926 2899 3980; x_wconf 88' lang='lat' dir='ltr'><strong>quam</strong></span> <span class='ocrx_word' id='word_1_769' title='bbox 2920 3911 2965 3965; x_wconf 89' lang='lat' dir='ltr'><strong>si</strong></span> <span class='ocrx_word' id='word_1_770' title='bbox 2995 3919 3049 3965; x_wconf 91' lang='lat' dir='ltr'><strong>et</strong></span> <span class='ocrx_word' id='word_1_771' title='bbox 3071 3910 3203 3964; x_wconf 89' lang='lat' dir='ltr'><strong>alios</strong></span> <span class='ocrx_word' id='word_1_772' title='bbox 3219 3919 3271 3964; x_wconf 91' lang='lat' dir='ltr'><strong>et</strong></span> <span class='ocrx_word' id='word_1_773' title='bbox 3293 3911 3558 3978; x_wconf 88' lang='lat' dir='ltr'><strong>meipsum</strong></span> 
     </span>
    </p>
   </div>
   <div class='ocr_carea' id='block_1_101' title="bbox 1972 4001 3560 4072">
    <p class='ocr_par' dir='ltr' id='par_1_101' title="bbox 1972 4001 3560 4072">
     <span class='ocr_line' id='line_1_101' title="bbox 1972 4001 3560 4072; baseline -0.001 -15"><span class='ocrx_word' id='word_1_774' title='bbox 1972 4003 2346 4072; x_wconf 80' lang='lat' dir='ltr'><strong>perdidissem,</strong></span> <span class='ocrx_word' id='word_1_775' title='bbox 2369 4003 2534 4056; x_wconf 91' lang='lat' dir='ltr'><strong>multo</strong></span> <span class='ocrx_word' id='word_1_776' title='bbox 2573 4001 2808 4057; x_wconf 89' lang='lat' dir='ltr'><strong>deterior</strong></span> <span class='ocrx_word' id='word_1_777' title='bbox 2837 4002 3058 4057; x_wconf 83' lang='lat' dir='ltr'><strong>ell‘ectus</strong></span> <span class='ocrx_word' id='word_1_778' title='bbox 3088 4011 3208 4072; x_wconf 92' lang='lat' dir='ltr'><strong>post</strong></span> <span class='ocrx_word' id='word_1_779' title='bbox 3234 4011 3438 4056; x_wconf 90' lang='lat' dir='ltr'><strong>tantum</strong></span> <span class='ocrx_word' id='word_1_780' title='bbox 3468 4015 3560 4055; x_wconf 89' lang='lat' dir='ltr'><strong>su-</strong></span> 
     </span>
    </p>
   </div>
   <div class='ocr_carea' id='block_1_102' title="bbox 1971 4089 3559 4162">
    <p class='ocr_par' dir='ltr' id='par_1_102' title="bbox 1971 4089 3559 4162">
     <span class='ocr_line' id='line_1_102' title="bbox 1971 4089 3559 4162; baseline -0.001 -16"><span class='ocrx_word' id='word_1_781' title='bbox 1971 4103 2210 4162; x_wconf 88' lang='lat' dir='ltr'><strong>sceptum</strong></span> <span class='ocrx_word' id='word_1_782' title='bbox 2237 4093 2515 4147; x_wconf 89' lang='lat' dir='ltr'><strong>honorem.</strong></span> <span class='ocrx_word' id='word_1_783' title='bbox 2531 4092 2680 4147; x_wconf 84' lang='lat' dir='ltr'><strong>Nunc</strong></span> <span class='ocrx_word' id='word_1_784' title='bbox 2701 4093 2842 4147; x_wconf 91' lang='lat' dir='ltr'><strong>enim</strong></span> <span class='ocrx_word' id='word_1_785' title='bbox 2872 4103 3074 4146; x_wconf 91' lang='lat' dir='ltr'><strong>tantum</strong></span> <span class='ocrx_word' id='word_1_786' title='bbox 3097 4092 3227 4146; x_wconf 91' lang='lat' dir='ltr'><strong>mihi</strong></span> <span class='ocrx_word' id='word_1_787' title='bbox 3253 4091 3414 4146; x_wconf 91' lang='lat' dir='ltr'><strong>credo</strong></span> <span class='ocrx_word' id='word_1_788' title='bbox 3443 4089 3559 4145; x_wconf 82' lang='lat' dir='ltr'><strong>fore</strong></span> 
     </span>
    </p>
   </div>
   <div class='ocr_carea' id='block_1_103' title="bbox 1971 4183 3648 4254">
    <p class='ocr_par' dir='ltr' id='par_1_103' title="bbox 1971 4183 3648 4254">
     <span class='ocr_line' id='line_1_103' title="bbox 1971 4183 3648 4254; baseline -0.002 -15"><span class='ocrx_word' id='word_1_789' title='bbox 1971 4187 2306 4254; x_wconf 87' lang='lat' dir='ltr'><strong>supplicium.</strong></span> <span class='ocrx_word' id='word_1_790' title='bbox 2327 4194 2581 4254; x_wconf 86' lang='lat' dir='ltr'><strong>quantum</strong></span> <span class='ocrx_word' id='word_1_791' title='bbox 2605 4195 2942 4254; x_wconf 90' lang='lat' dir='ltr'><strong>peccatorum</strong></span> <span class='ocrx_word' id='word_1_792' title='bbox 2965 4183 3274 4254; x_wconf 85' lang='lat' dir='ltr'><strong>magnitudo</strong></span> <span class='ocrx_word' id='word_1_793' title='bbox 3292 4183 3553 4251; x_wconf 89' lang='lat' dir='ltr'><strong>postulat;</strong></span> <span class='ocrx_word' id='word_1_794' title='bbox 3636 4225 3648 4235; x_wconf 92' lang='lat'><strong>.</strong></span> 
     </span>
    </p>
   </div>
   <div class='ocr_carea' id='block_1_104' title="bbox 1971 4275 3555 4345">
    <p class='ocr_par' dir='ltr' id='par_1_104' title="bbox 1971 4275 3555 4345">
     <span class='ocr_line' id='line_1_104' title="bbox 1971 4275 3555 4345; baseline -0.001 -17"><span class='ocrx_word' id='word_1_795' title='bbox 1971 4285 2252 4345; x_wconf 89' lang='lat' dir='ltr'><strong>postquam</strong></span> <span class='ocrx_word' id='word_1_796' title='bbox 2278 4286 2454 4330; x_wconf 90' lang='lat' dir='ltr'><strong>autem</strong></span> <span class='ocrx_word' id='word_1_797' title='bbox 2482 4275 2853 4345; x_wconf 74' lang='lat' dir='ltr'><strong>prmfecturam</strong></span> <span class='ocrx_word' id='word_1_798' title='bbox 2878 4276 3014 4329; x_wconf 92' lang='lat' dir='ltr'><strong>hanc</strong></span> <span class='ocrx_word' id='word_1_799' title='bbox 3039 4275 3417 4341; x_wconf 87' lang='lat' dir='ltr'><strong>suscepissem,</strong></span> <span class='ocrx_word' id='word_1_800' title='bbox 3448 4289 3555 4326; x_wconf 91' lang='lat' dir='ltr'><strong>non</strong></span> 
     </span>
    </p>
   </div>
   <div class='ocr_carea' id='block_1_105' title="bbox 1969 4363 3554 4436">
    <p class='ocr_par' dir='ltr' id='par_1_105' title="bbox 1969 4363 3554 4436">
     <span class='ocr_line' id='line_1_105' title="bbox 1969 4363 3554 4436; baseline -0.003 -15"><span class='ocrx_word' id='word_1_801' title='bbox 1969 4367 2189 4436; x_wconf 90' lang='lat' dir='ltr'><strong>duplum</strong></span> <span class='ocrx_word' id='word_1_802' title='bbox 2223 4366 2381 4420; x_wconf 92' lang='lat' dir='ltr'><strong>modo</strong></span> <span class='ocrx_word' id='word_1_803' title='bbox 2430 4366 2738 4434; x_wconf 89' lang='lat' dir='ltr'><strong>triplumve,</strong></span> <span class='ocrx_word' id='word_1_804' title='bbox 2779 4364 2873 4420; x_wconf 88' lang='lat' dir='ltr'><strong>sed</strong></span> <span class='ocrx_word' id='word_1_805' title='bbox 2906 4365 3212 4434; x_wconf 91' lang='lat' dir='ltr'><strong>multiplex,</strong></span> <span class='ocrx_word' id='word_1_806' title='bbox 3244 4363 3386 4434; x_wconf 91' lang='lat' dir='ltr'><strong>quod</strong></span> <span class='ocrx_word' id='word_1_807' title='bbox 3432 4365 3554 4433; x_wconf 89' lang='lat' dir='ltr'><strong>plu-</strong></span> 
     </span>
    </p>
   </div>
   <div class='ocr_carea' id='block_1_106' title="bbox 1972 4455 3555 4526">
    <p class='ocr_par' dir='ltr' id='par_1_106' title="bbox 1972 4455 3555 4526">
     <span class='ocr_line' id='line_1_106' title="bbox 1972 4455 3555 4526; baseline 0 -16"><span class='ocrx_word' id='word_1_808' title='bbox 1972 4457 2118 4512; x_wconf 86' lang='lat' dir='ltr'><strong>ribus</strong></span> <span class='ocrx_word' id='word_1_809' title='bbox 2145 4457 2467 4512; x_wconf 88' lang='lat' dir='ltr'><strong>oll&#39;endiculo</strong></span> <span class='ocrx_word' id='word_1_810' title='bbox 2493 4456 2712 4511; x_wconf 84' lang='lat' dir='ltr'><strong>fuissem</strong></span> <span class='ocrx_word' id='word_1_811' title='bbox 2731 4498 2745 4520; x_wconf 94' lang='lat'><strong>,</strong></span> <span class='ocrx_word' id='word_1_812' title='bbox 2773 4456 3023 4526; x_wconf 89' lang='lat' dir='ltr'><strong>quodque</strong></span> <span class='ocrx_word' id='word_1_813' title='bbox 3045 4455 3304 4525; x_wconf 89' lang='lat' dir='ltr'><strong>majorem</strong></span> <span class='ocrx_word' id='word_1_814' title='bbox 3329 4455 3555 4525; x_wconf 84' lang='lat' dir='ltr'><strong>adeptus</strong></span> 
     </span>
    </p>
   </div>
   <div class='ocr_carea' id='block_1_107' title="bbox 1970 4548 3356 4620">
    <p class='ocr_par' dir='ltr' id='par_1_107' title="bbox 1970 4548 3356 4620">
     <span class='ocr_line' id='line_1_107' title="bbox 1970 4548 3356 4620; baseline -0.004 -16"><span class='ocrx_word' id='word_1_815' title='bbox 1970 4549 2280 4620; x_wconf 88' lang='lat' dir='ltr'><strong>dignitatem</strong></span> <span class='ocrx_word' id='word_1_816' title='bbox 2312 4549 2474 4604; x_wconf 89' lang='lat' dir='ltr'><strong>Deum</strong></span> <span class='ocrx_word' id='word_1_817' title='bbox 2501 4565 2588 4604; x_wconf 90' lang='lat' dir='ltr'><strong>me</strong></span> <span class='ocrx_word' id='word_1_818' title='bbox 2615 4548 2963 4604; x_wconf 89' lang='lat' dir='ltr'><strong>honorantem</strong></span> <span class='ocrx_word' id='word_1_819' title='bbox 2993 4548 3356 4603; x_wconf 89' lang='lat' dir='ltr'><strong>offendissem.</strong></span> 
     </span>
    </p>
   </div>
   <div class='ocr_carea' id='block_1_108' title="bbox 2041 4640 3557 4710">
    <p class='ocr_par' dir='ltr' id='par_1_108' title="bbox 2041 4640 3557 4710">
     <span class='ocr_line' id='line_1_108' title="bbox 2041 4640 3557 4710; baseline -0.003 -14"><span class='ocrx_word' id='word_1_820' title='bbox 2041 4643 2128 4696; x_wconf 81' lang='grc' dir='ltr'><strong>Η.</strong></span> <span class='ocrx_word' id='word_1_821' title='bbox 2153 4640 2441 4695; x_wconf 76' lang='lat' dir='ltr'><strong>Graviorem</strong></span> <span class='ocrx_word' id='word_1_822' title='bbox 2464 4656 2660 4710; x_wconf 67' lang='lat' dir='ltr'><strong>paruam</strong></span> <span class='ocrx_word' id='word_1_823' title='bbox 2683 4657 2882 4694; x_wconf 87' lang='lat' dir='ltr'><strong>manere</strong></span> <span class='ocrx_word' id='word_1_824' title='bbox 2907 4649 3109 4710; x_wconf 86' lang='lat' dir='ltr'><strong>peccata</strong></span> <span class='ocrx_word' id='word_1_825' title='bbox 3134 4641 3469 4694; x_wconf 74' lang='lat' dir='ltr'><strong>sacerdotum.</strong></span> <span class='ocrx_word' id='word_1_826' title='bbox 3487 4669 3557 4682; x_wconf 88' lang='lat'><strong>-—</strong></span> 
     </span>
    </p>
   </div>
   <div class='ocr_carea' id='block_1_109' title="bbox 1969 4733 3556 4804">
    <p class='ocr_par' dir='ltr' id='par_1_109' title="bbox 1969 4733 3556 4804">
     <span class='ocr_line' id='line_1_109' title="bbox 1969 4733 3556 4804; baseline 0 -17"><span class='ocrx_word' id='word_1_827' title='bbox 1969 4734 2306 4804; x_wconf 88' lang='lat' dir='ltr'><strong>Quapropter</strong></span> <span class='ocrx_word' id='word_1_828' title='bbox 2333 4733 2600 4788; x_wconf 88' lang='lat' dir='ltr'><strong>lsraelitas</strong></span> <span class='ocrx_word' id='word_1_829' title='bbox 2626 4734 2993 4789; x_wconf 89' lang='lat' dir='ltr'><strong>vehementius</strong></span> <span class='ocrx_word' id='word_1_830' title='bbox 3034 4748 3314 4799; x_wconf 89' lang='lat' dir='ltr'><strong>accusans,</strong></span> <span class='ocrx_word' id='word_1_831' title='bbox 3341 4747 3406 4787; x_wconf 89' lang='lat' dir='ltr'><strong>eo</strong></span> <span class='ocrx_word' id='word_1_832' title='bbox 3435 4733 3556 4787; x_wconf 90' lang='lat' dir='ltr'><strong>illos</strong></span> 
     </span>
    </p>
   </div>
   <div class='ocr_carea' id='block_1_110' title="bbox 1970 4821 3558 4894">
    <p class='ocr_par' dir='ltr' id='par_1_110' title="bbox 1970 4821 3558 4894">
     <span class='ocr_line' id='line_1_110' title="bbox 1970 4821 3558 4894; baseline -0.003 -14"><span class='ocrx_word' id='word_1_833' title='bbox 1970 4824 2173 4893; x_wconf 87' lang='lat' dir='ltr'><strong>majore</strong></span> <span class='ocrx_word' id='word_1_834' title='bbox 2195 4823 2384 4893; x_wconf 89' lang='lat' dir='ltr'><strong>dignos</strong></span> <span class='ocrx_word' id='word_1_835' title='bbox 2408 4823 2669 4894; x_wconf 89' lang='lat' dir='ltr'><strong>supplicio</strong></span> <span class='ocrx_word' id='word_1_836' title='bbox 2690 4824 2934 4887; x_wconf 85' lang='lat' dir='ltr'><strong>exhibet,</strong></span> <span class='ocrx_word' id='word_1_837' title='bbox 2965 4823 3105 4892; x_wconf 85' lang='lat' dir='ltr'><strong>quod</strong></span> <span class='ocrx_word' id='word_1_838' title='bbox 3132 4833 3250 4892; x_wconf 86' lang='lat' dir='ltr'><strong>post</strong></span> <span class='ocrx_word' id='word_1_839' title='bbox 3271 4824 3464 4875; x_wconf 90' lang='lat' dir='ltr'><strong>multos</strong></span> <span class='ocrx_word' id='word_1_840' title='bbox 3488 4821 3558 4875; x_wconf 90' lang='lat' dir='ltr'><strong>ab</strong></span> 
     </span>
    </p>
   </div>
   <div class='ocr_carea' id='block_1_111' title="bbox 1969 4911 3550 4985">
    <p class='ocr_par' dir='ltr' id='par_1_111' title="bbox 1969 4911 3550 4985">
     <span class='ocr_line' id='line_1_111' title="bbox 1969 4911 3550 4985; baseline -0.002 -16"><span class='ocrx_word' id='word_1_841' title='bbox 1969 4928 2029 4970; x_wconf 85' lang='lat' dir='ltr'><strong>se</strong></span> <span class='ocrx_word' id='word_1_842' title='bbox 2055 4924 2333 4985; x_wconf 87' lang='lat' dir='ltr'><strong>susceptos</strong></span> <span class='ocrx_word' id='word_1_843' title='bbox 2363 4915 2594 4971; x_wconf 91' lang='lat' dir='ltr'><strong>honores</strong></span> <span class='ocrx_word' id='word_1_844' title='bbox 2622 4925 2956 4985; x_wconf 82' lang='lat' dir='ltr'><strong>peccassent,</strong></span> <span class='ocrx_word' id='word_1_845' title='bbox 2987 4914 3146 4968; x_wconf 90' lang='lat' dir='ltr'><strong>modo</strong></span> <span class='ocrx_word' id='word_1_846' title='bbox 3181 4913 3364 4967; x_wconf 86' lang='lat' dir='ltr'><strong>dicens</strong></span> <span class='ocrx_word' id='word_1_847' title='bbox 3397 4929 3410 4965; x_wconf 92' lang='lat'><strong>:</strong></span> <span class='ocrx_word' id='word_1_848' title='bbox 3453 4911 3550 4966; x_wconf 70' lang='grc' dir='ltr'><strong>γε.</strong></span> 
     </span>
    </p>
   </div>
   <div class='ocr_carea' id='block_1_112' title="bbox 1968 5004 3556 5072">
    <p class='ocr_par' dir='ltr' id='par_1_112' title="bbox 1968 5004 3556 5072">
     <span class='ocr_line' id='line_1_112' title="bbox 1968 5004 3556 5072; baseline -0.004 -12"><span class='ocrx_word' id='word_1_849' title='bbox 1968 5016 2250 5060; x_wconf 85' lang='lat' dir='ltr'><strong>rumtamen</strong></span> <span class='ocrx_word' id='word_1_850' title='bbox 2283 5022 2368 5061; x_wconf 82' lang='lat' dir='ltr'><strong>vos</strong></span> <span class='ocrx_word' id='word_1_851' title='bbox 2396 5007 2514 5061; x_wconf 75' lang='lat' dir='ltr'><strong>novi</strong></span> <span class='ocrx_word' id='word_1_852' title='bbox 2543 5023 2606 5061; x_wconf 74' lang='lat' dir='ltr'><strong>ea:</strong></span> <span class='ocrx_word' id='word_1_853' title='bbox 2641 5008 2871 5060; x_wconf 80' lang='lat' dir='ltr'><strong>omnibus</strong></span> <span class='ocrx_word' id='word_1_854' title='bbox 2908 5004 3134 5058; x_wconf 83' lang='lat' dir='ltr'><strong>tribubus</strong></span> <span class='ocrx_word' id='word_1_855' title='bbox 3171 5013 3318 5058; x_wconf 74' lang='lat' dir='ltr'><strong>teme</strong></span> <span class='ocrx_word' id='word_1_856' title='bbox 3341 5019 3361 5056; x_wconf 92' lang='lat'><strong><em>:</em></strong></span> <span class='ocrx_word' id='word_1_857' title='bbox 3403 5019 3556 5072; x_wconf 86' lang='lat' dir='ltr'><strong>prop-</strong></span> 
     </span>
    </p>
   </div>
   <div class='ocr_carea' id='block_1_113' title="bbox 1980 5087 3548 5169">
    <p class='ocr_par' dir='ltr' id='par_1_113' title="bbox 1980 5087 3548 5169">
     <span class='ocr_line' id='line_1_113' title="bbox 1980 5087 3548 5169; baseline -0.005 -15"><span class='ocrx_word' id='word_1_858' title='bbox 1980 5109 2115 5155; x_wconf 82' lang='lat' dir='ltr'><strong>terea</strong></span> <span class='ocrx_word' id='word_1_859' title='bbox 2133 5087 2394 5153; x_wconf 62' lang='lat' dir='ltr'><strong>uindicabo</strong></span> <span class='ocrx_word' id='word_1_860' title='bbox 2412 5116 2565 5169; x_wconf 84' lang='lat' dir='ltr'><strong>super</strong></span> <span class='ocrx_word' id='word_1_861' title='bbox 2577 5114 2662 5154; x_wconf 74' lang='lat' dir='ltr'><strong>vos</strong></span> <span class='ocrx_word' id='word_1_862' title='bbox 2678 5099 2957 5168; x_wconf 80' lang='lat' dir='ltr'><strong>impietates</strong></span> <span class='ocrx_word' id='word_1_863' title='bbox 2975 5103 2990 5129; x_wconf 78' lang='grc'>⁸</span> <span class='ocrx_word' id='word_1_864' title='bbox 3008 5107 3196 5150; x_wconf 71' lang='lat' dir='ltr'><strong>vestras</strong></span> <span class='ocrx_word' id='word_1_865' title='bbox 3209 5096 3385 5166; x_wconf 79' lang='lat' dir='ltr'><strong>(Amos</strong></span> <span class='ocrx_word' id='word_1_866' title='bbox 3403 5095 3454 5148; x_wconf 81' lang='lat'><strong>5.</strong></span> <span class='ocrx_word' id='word_1_867' title='bbox 3471 5093 3548 5161; x_wconf 56' lang='lat'><strong>2,3;</strong></span> 
     </span>
    </p>
   </div>
   <div class='ocr_carea' id='block_1_114' title="bbox 1970 5190 3554 5262">
    <p class='ocr_par' dir='ltr' id='par_1_114' title="bbox 1970 5190 3554 5262">
     <span class='ocr_line' id='line_1_114' title="bbox 1970 5190 3554 5262; baseline -0.004 -16"><span class='ocrx_word' id='word_1_868' title='bbox 1970 5192 2131 5246; x_wconf 89' lang='lat' dir='ltr'><strong>modo</strong></span> <span class='ocrx_word' id='word_1_869' title='bbox 2156 5201 2332 5247; x_wconf 90' lang='lat' dir='ltr'><strong>autem</strong></span> <span class='ocrx_word' id='word_1_870' title='bbox 2359 5209 2374 5246; x_wconf 91' lang='lat'><strong>:</strong></span> <span class='ocrx_word' id='word_1_871' title='bbox 2401 5192 2581 5262; x_wconf 81' lang='lat' dir='ltr'><strong>Accepi</strong></span> <span class='ocrx_word' id='word_1_872' title='bbox 2604 5207 2666 5244; x_wconf 80' lang='lat' dir='ltr'><strong>ea:</strong></span> <span class='ocrx_word' id='word_1_873' title='bbox 2693 5191 2813 5260; x_wconf 77' lang='lat' dir='ltr'><strong>[iliis</strong></span> <span class='ocrx_word' id='word_1_874' title='bbox 2834 5192 3008 5245; x_wconf 81' lang='lat' dir='ltr'><strong>vestris</strong></span> <span class='ocrx_word' id='word_1_875' title='bbox 3030 5191 3082 5244; x_wconf 80' lang='lat' dir='ltr'><strong>in</strong></span> <span class='ocrx_word' id='word_1_876' title='bbox 3103 5190 3404 5259; x_wconf 84' lang='lat' dir='ltr'><strong>praphetas,</strong></span> <span class='ocrx_word' id='word_1_877' title='bbox 3425 5197 3470 5240; x_wconf 87' lang='lat' dir='ltr'><strong>et</strong></span> <span class='ocrx_word' id='word_1_878' title='bbox 3493 5204 3554 5241; x_wconf 68' lang='lat' dir='ltr'><strong>es</strong></span> 
     </span>
    </p>
   </div>
   <div class='ocr_carea' id='block_1_115' title="bbox 1961 5279 3554 5352">
    <p class='ocr_par' dir='ltr' id='par_1_115' title="bbox 1961 5279 3554 5352">
     <span class='ocr_line' id='line_1_115' title="bbox 1961 5279 3554 5352; baseline 0.001 -17"><span class='ocrx_word' id='word_1_879' title='bbox 1961 5283 2227 5352; x_wconf 75' lang='lat' dir='ltr'><strong>juvenibus</strong></span> <span class='ocrx_word' id='word_1_880' title='bbox 2269 5283 2443 5336; x_wconf 80' lang='lat' dir='ltr'><strong>uestris</strong></span> <span class='ocrx_word' id='word_1_881' title='bbox 2483 5285 2537 5337; x_wconf 81' lang='lat' dir='ltr'><strong>in</strong></span> <span class='ocrx_word' id='word_1_882' title='bbox 2573 5284 3019 5352; x_wconf 78' lang='lat' dir='ltr'><strong>sanctiﬁcatiouem</strong></span> <span class='ocrx_word' id='word_1_883' title='bbox 3057 5281 3168 5352; x_wconf 86' lang='lat' dir='ltr'><strong>(Id.</strong></span> <span class='ocrx_word' id='word_1_884' title='bbox 3211 5281 3266 5334; x_wconf 75' lang='lat'><strong>2.</strong></span> <span class='ocrx_word' id='word_1_885' title='bbox 3317 5281 3427 5348; x_wconf 83' lang='grc' dir='ltr'><strong>Η).</strong></span> <span class='ocrx_word' id='word_1_886' title='bbox 3484 5279 3554 5336; x_wconf 84' lang='grc' dir='ltr'>Ει</span> 
     </span>
    </p>
   </div>
   <div class='ocr_carea' id='block_1_116' title="bbox 1969 5373 3550 5446">
    <p class='ocr_par' dir='ltr' id='par_1_116' title="bbox 1969 5373 3550 5446">
     <span class='ocr_line' id='line_1_116' title="bbox 1969 5373 3550 5446; baseline 0 -19"><span class='ocrx_word' id='word_1_887' title='bbox 1969 5383 2096 5430; x_wconf 89' lang='lat' dir='ltr'><strong>ante</strong></span> <span class='ocrx_word' id='word_1_888' title='bbox 2134 5373 2510 5444; x_wconf 84' lang='lat' dir='ltr'><strong>prophetarum</strong></span> <span class='ocrx_word' id='word_1_889' title='bbox 2555 5384 2796 5446; x_wconf 85' lang='lat' dir='ltr'><strong>tempora</strong></span> <span class='ocrx_word' id='word_1_890' title='bbox 2839 5389 2961 5429; x_wconf 90' lang='lat' dir='ltr'><strong>cum</strong></span> <span class='ocrx_word' id='word_1_891' title='bbox 2998 5373 3068 5430; x_wconf 88' lang='lat' dir='ltr'><strong>de</strong></span> <span class='ocrx_word' id='word_1_892' title='bbox 3105 5373 3382 5428; x_wconf 79' lang='lat' dir='ltr'><strong>sacriﬁciis</strong></span> <span class='ocrx_word' id='word_1_893' title='bbox 3424 5387 3550 5444; x_wconf 62' lang='lat' dir='ltr'><strong>age.</strong></span> 
     </span>
    </p>
   </div>
   <div class='ocr_carea' id='block_1_117' title="bbox 1969 5467 3552 5538">
    <p class='ocr_par' dir='ltr' id='par_1_117' title="bbox 1969 5467 3552 5538">
     <span class='ocr_line' id='line_1_117' title="bbox 1969 5467 3552 5538; baseline -0.001 -16"><span class='ocrx_word' id='word_1_894' title='bbox 1969 5477 2120 5523; x_wconf 90' lang='lat' dir='ltr'><strong>retnr</strong></span> <span class='ocrx_word' id='word_1_895' title='bbox 2156 5467 2441 5523; x_wconf 83' lang='lat' dir='ltr'><strong>ostendere</strong></span> <span class='ocrx_word' id='word_1_896' title='bbox 2482 5467 2702 5534; x_wconf 88' lang='lat' dir='ltr'><strong>volens,</strong></span> <span class='ocrx_word' id='word_1_897' title='bbox 2754 5477 2970 5538; x_wconf 89' lang='lat' dir='ltr'><strong>peccata</strong></span> <span class='ocrx_word' id='word_1_898' title='bbox 3013 5468 3167 5538; x_wconf 81' lang='lat' dir='ltr'><strong>longe</strong></span> <span class='ocrx_word' id='word_1_899' title='bbox 3203 5467 3388 5536; x_wconf 88' lang='lat' dir='ltr'><strong>majori</strong></span> <span class='ocrx_word' id='word_1_900' title='bbox 3427 5482 3552 5535; x_wconf 80' lang='lat' dir='ltr'><strong>sup-</strong></span> 
     </span>
    </p>
   </div>
   <div class='ocr_carea' id='block_1_118' title="bbox 1968 5557 3546 5630">
    <p class='ocr_par' dir='ltr' id='par_1_118' title="bbox 1968 5557 3546 5630">
     <span class='ocr_line' id='line_1_118' title="bbox 1968 5557 3546 5630; baseline 0 -18"><span class='ocrx_word' id='word_1_901' title='bbox 1968 5557 2129 5630; x_wconf 91' lang='lat' dir='ltr'><strong>plicio</strong></span> <span class='ocrx_word' id='word_1_902' title='bbox 2175 5557 2418 5629; x_wconf 87' lang='lat' dir='ltr'><strong>expiari,</strong></span> <span class='ocrx_word' id='word_1_903' title='bbox 2461 5573 2580 5614; x_wconf 91' lang='lat' dir='ltr'><strong>cum</strong></span> <span class='ocrx_word' id='word_1_904' title='bbox 2622 5574 2653 5615; x_wconf 91' lang='lat' dir='ltr'><strong>a</strong></span> <span class='ocrx_word' id='word_1_905' title='bbox 2697 5557 3100 5627; x_wconf 86' lang='lat' dir='ltr'><strong>sacerdotibus,</strong></span> <span class='ocrx_word' id='word_1_906' title='bbox 3147 5573 3304 5629; x_wconf 88' lang='lat' dir='ltr'><strong>quam</strong></span> <span class='ocrx_word' id='word_1_907' title='bbox 3352 5573 3473 5612; x_wconf 89' lang='lat' dir='ltr'><strong>cum</strong></span> <span class='ocrx_word' id='word_1_908' title='bbox 3516 5575 3546 5612; x_wconf 87' lang='lat' dir='ltr'><strong>a</strong></span> 
     </span>
    </p>
   </div>
   <div class='ocr_carea' id='block_1_119' title="bbox 2033 5735 2484 5801">
    <p class='ocr_par' dir='ltr' id='par_1_119' title="bbox 2033 5735 2484 5801">
     <span class='ocr_line' id='line_1_119' title="bbox 2033 5735 2484 5801; baseline 0.009 -13"><span class='ocrx_word' id='word_1_909' title='bbox 2033 5741 2049 5774; x_wconf 79' lang='grc' dir='ltr'><strong>ι</strong></span> <span class='ocrx_word' id='word_1_910' title='bbox 2087 5737 2192 5800; x_wconf 77' lang='grc' dir='ltr'><strong>Αιιὶ,</strong></span> <span class='ocrx_word' id='word_1_911' title='bbox 2212 5735 2484 5801; x_wconf 75' lang='lat' dir='ltr'><strong>injusticias.</strong></span> 
     </span>
    </p>
   </div>
  </div>
