3944 6202
2416 164 2453 184 ο

472 288 576 346 687
1216 285 1272 346 S.
1314 288 1591 346 JOANNIS
1628 288 2100 348 οιιιιῑδυδτοιιι
2140 291 2456 354 AllClllEl’.
2496 301 3031 369 CONSTANTINOP.

470 402 690 471 privatis
712 411 1119 475 perpetrantur,
1153 404 1393 473 praecipit
1424 412 1624 458 tantum
1672 420 1766 475 pro
1796 406 2049 462 sacerdo-

472 493 612 547 tibus
640 492 820 547 oll‘erri
853 494 1170 548 sacrificium
1194 535 1209 556 ,
1249 503 1503 562 quantum
1536 510 1631 564 pro
1671 496 1920 552 universo
1952 512 2046 566 po-

465 585 591 653 pulo
615 583 797 657 (Leuit.
842 584 895 639 4.
923 586 975 640 5.
1018 584 1128 654 14).
1172 585 1323 653 Quod
1367 586 1502 640 nihil
1545 585 1814 655 significat
1858 587 2041 657 aliud,

463 690 622 743 quam
668 673 964 730 sacerdotis
1005 676 1219 729 vulnera
1268 676 1470 744 majore
1518 677 1718 733 auxilio
1767 677 2042 749 indigere,

460 776 618 837 atque
648 775 825 829 tanta,
853 776 1051 837 quanto
1087 769 1371 838 conjuncta
1400 770 1561 825 simul
1588 770 1823 826 universi
1860 772 2042 841 pepuli

461 859 680 913 vulnera
728 857 962 927 indigent
1015 877 1028 912 :
1078 874 1239 928 porro
1283 859 1472 926 majori
1523 875 1858 930 nequaquam
1905 861 2044 916 indi-

457 958 663 1020 gerent.
689 949 789 1003 nisi
809 949 1051 1019 graviora
1077 958 1257 1005 essent
1283 968 1296 1003 :
1319 951 1563 1021 graviora
1585 959 1763 1005 autem
1788 960 1912 1006 sunt
1933 968 2040 1008 non

461 1054 646 1094 natura
672 1054 791 1106 sua,
818 1040 911 1094 sed
941 1041 1192 1110 dignitate
1212 1041 1504 1097 sacerdotis
1522 1041 1609 1096 illa
1635 1041 1915 1098 admittere
1939 1059 2038 1099 au-

453 1130 631 1184 dentis
658 1128 769 1199 (Id.
808 1130 898 1183 2i.
944 1130 1021 1200 9).
1050 1130 1117 1185 Et
1145 1130 1270 1201 quid
1302 1130 1491 1201 loquor
1539 1131 1608 1187 de
1657 1133 1783 1187 viris
1809 1132 1910 1189 hoc
1935 1135 2038 1190 mi-

2157 412 2436 512 tnmultum
2466 415 2720 488 incidam,
2748 426 3066 495 supplicium
3108 432 3317 501 quidem
3339 442 3556 509 quotidie
3577 454 3688 512 mihi

2152 505 2333 572 augeri
2370 520 2593 565 cernere
2626 521 2846 582 potero:
2878 516 2932 571 in
2967 520 3171 591 meipso
3205 505 3377 584 autem
3405 505 3688 607 cogitarent

2146 607 2293 651 nunc
2319 600 2515 669 cogito,
2545 617 2609 659 ac
2637 602 2876 664 furentes
2902 610 3067 668 animi
3095 614 3320 686 impetus
3347 600 3572 699 tranare,
3595 651 3685 692 non

2150 685 2224 742 ita
2254 688 2411 747 facile
2425 694 2537 748 erit
2570 696 2720 764 mihi,
2748 709 2807 754 ut
2833 702 2981 771 prius
3009 716 3144 761 erat.
3173 685 3307 767 ibiibi
3331 718 3514 789 quippe

2146 780 2479 873 eautiulirma,
2509 787 2716 856 pusilla,
2745 802 3009 864 captuque
3049 796 3235 867 facilis,
3275 780 3380 861 non
3421 780 3507 864 liis
3543 780 3690 873 solum

2148 868 2451 940 affectibus,
2484 877 2579 931 sed
2622 887 2677 934 et
2719 882 2958 938 omnium
3005 887 3367 962 acerbissimo,
3405 868 3692 970 nempe

2147 961 2308 1053 vidiae
2334 982 2348 1018 :
2377 981 2551 1037 neque
2595 970 2684 1025 illa
2724 978 3096 1047 contumelias,
3128 998 3299 1053 neque
3347 961 3566 1049 honores
3589 1012 3689 1053 mo-

2144 1052 2330 1111 derate
2350 1056 2492 1114 ferre
2516 1062 2695 1130 novit;
2718 1065 2815 1120 sed
2841 1075 2896 1121 et
2920 1069 3025 1126 illis
3041 1052 3324 1131 admodum
3346 1082 3624 1152 extollitur,
3643 1052 3689 1144 et

454 1221 731 1277 nistcrium
763 1221 1245 1288 pertractantibusi
1272 1220 1406 1289 Nam
1436 1231 1492 1277 et
1517 1223 1850 1279 sacerdotum
1881 1225 2026 1293 filiae,

449 1311 642 1380 quibus
683 1311 815 1365 nihil
839 1327 960 1366 cum
991 1310 1291 1367 sacerdotio
1324 1327 1628 1381 commune,
1679 1323 1896 1386 propter
1946 1332 2040 1386 pa-

454 1413 659 1458 ternam
689 1412 865 1458 tamen
901 1404 1210 1474 dignitatem
1234 1416 1574 1476 peccatorum
1605 1422 1822 1461 suorum
1867 1410 2036 1464 multo

447 1493 777 1547 acerbiorem
806 1509 1015 1563 pmnam
1045 1494 1271 1548 subeunt
1305 1494 1478 1569 (Deut.
1501 1495 1613 1566 Ἡ).
1644 1498 1724 1550 Ac
1749 1508 2032 1566 peccatum

446 1584 661 1655 quidem
683 1600 867 1640 earum
895 1598 1127 1656 peccans
1147 1587 1373 1643 aliarum
1394 1603 1458 1643 ex
1483 1589 1700 1658 privatis
1723 1592 2033 1660 parentibus

448 1687 827 1746 prognatarum
881 1693 976 1748 par
1027 1688 1081 1734 et
1128 1680 1333 1748 :equale
1385 1690 1469 1735 est
1511 1699 1525 1735 :
1577 1697 1699 1738 nam
1748 1683 2031 1741 fornicatio

443 1768 713 1838 utrimque
737 1778 820 1823 est
846 1787 860 1823 :
891 1770 985 1825 sed
1010 1771 1327 1840 supplicium
1354 1772 1509 1842 longe
1537 1775 1772 1842 gravius.

516 1857 601 1911 12.
644 1857 905 1930 Exemplis
944 1860 1186 1929 probatur
1222 1861 1499 1917 timendum
1536 1873 1583 1917 et
1624 1865 1899 1920 dolatdum
1927 1885 2033 1925 esse

439 1947 709 2001 sacerdoti.
744 1978 823 1990 —
871 1948 1057 2004 Viden’
1101 1966 1260 2020 quam
1309 1952 1520 2008 abunde
1564 1954 1804 2011 declaret
1846 1957 2026 2025 Deus,

441 2037 598 2107 longe
644 2041 901 2108 majorem
940 2056 999 2096 se
1039 2056 1252 2111 pinnam
1279 2058 1311 2098 a
1339 2044 1579 2114 principe
1599 2088 1615 2112 ,
1647 2063 1807 2117 quam
1835 2063 1863 2101 a
1896 2050 2027 2105 sub-

437 2128 564 2182 ditis
591 2133 916 2199 exposcere?
944 2132 1123 2203 Neque
1151 2135 1291 2189 enim
1320 2136 1412 2205 qui
1455 2138 1507 2190 in
1538 2139 1834 2195 sacerdotis
1860 2140 2020 2196 filiam

439 2220 607 2288 patris
645 2237 806 2277 causa
846 2224 1093 2294 gravius,
1136 2241 1294 2296 quam
1344 2227 1399 2282 in
1442 2229 1579 2285 alias
1624 2231 2020 2301 animadvertit,

436 2326 593 2376 οιιιιι,
626 2312 716 2381 qui
760 2314 836 2369 illi
882 2314 1302 2372 additamentum
1356 2333 1529 2388 pix-me
1575 2334 1857 2391 procurat,
1910 2324 2022 2394 pari

433 2418 554 2456 eum
595 2405 717 2458 aliis
746 2420 901 2475 paena
948 2407 1165 2477 plet-tet,
1196 2409 1291 2463 sed
1333 2411 1502 2465 multo
1540 2414 1787 2481 graviore
1820 2433 1833 2469 :
1863 2416 2022 2487 idque

431 2493 550 2563 jure
575 2509 641 2551 ac
667 2498 878 2552 merito.
911 2497 1026 2552 Non
1049 2501 1192 2554 enim
1219 2501 1472 2558 damnum
1516 2505 1566 2560 in
1596 2505 1712 2574 ipso
1745 2505 1862 2561 solo
1887 2522 2019 2562 eon-

431 2588 591 2649 sistit.
616 2589 709 2643 sed
732 2589 892 2644 etiam
918 2591 1293 2660 infirmiorum,
1319 2597 1406 2665 qui
1432 2596 1483 2649 in
1508 2596 1681 2666 ipsum
1707 2599 2016 2668 respiciunt,

430 2680 642 2733 artiums
667 2679 868 2749 dejicit.
901 2681 1014 2736 lloc
1048 2683 1218 2752 ipsum
1264 2684 1458 2741 docere
1486 2687 1502 2719 ί
1530 2703 1651 2741 cum
1693 2689 1857 2744 vellet
1887 2691 2019 2745 Eze-

429 2769 565 2823 chiel
588 2810 603 2830 ,
636 2772 832 2826 arietes
871 2773 939 2828 ab
966 2775 1153 2829 ovibus
1189 2776 1447 2833 discernit
1486 2779 1536 2833 in
1562 2779 1763 2847 judicio
1802 2779 2013 2852 (Ezeclt.

386 2866 393 2877 '
434 2864 524 2918 35.
564 2864 674 2934 l7).
717 2865 800 2919 An
828 2865 918 2920 tibi
948 2883 1089 2923 nunc
1128 2868 1372 2924 videmur
1396 2873 1519 2939 jure
1565 2874 1845 2929 timuisse?
1873 2875 2006 2930 Nam

430 2966 626 3024 praeter
653 2957 763 3021 illa,
793 2972 912 3027 qua:
941 2958 1079 3012 dicta
1102 2969 1244 3025 sunt,
1274 2976 1595 3032 quamquam
1622 2965 1843 3019 multum
1875 2981 2015 3022 nunc

428 3046 661 3101 laborem
684 3048 867 3103 subire
887 3058 1119 3120 Oportet,
1141 3067 1207 3106 ne
1232 3053 1300 3106 ab
1322 3054 1482 3107 animi
1505 3053 1782 3112 affectibus
1796 3057 2014 3113 omnino

427 3148 764 3209 prosternar,
798 3149 1033 3197 attamen
1063 3143 1298 3200 laborem
1325 3147 1580 3217 suscipio,
1610 3163 1710 3204 nec
1734 3160 2009 3206 certamen

423 3229 775 3299 subterfugio.
817 3230 1027 3287 Etenim
1055 3248 1084 3286 a
1123 3247 1257 3288 vana
1297 3236 1513 3305 quidem
1550 3239 1718 3309 gloria
1756 3255 1897 3295 nunc
1920 3256 2011 3296 ca-

424 3321 570 3389 pior;
598 3331 833 3376 attamen
878 3338 1022 3393 saepe
1058 3324 1349 3395 resipiseo,
1379 3336 1436 3382 et
1472 3344 1559 3384 me
1596 3341 1808 3401 captum
1845 3332 2008 3391 fuisse

421 3414 614 3467 video:
654 3413 922 3468 interdum
961 3431 1091 3470 vero
1130 3417 1181 3471 in
1219 3418 1530 3474 servitutem
1579 3422 1853 3478 redactum
1891 3426 2007 3479 ani-

423 3521 567 3559 mum
594 3506 830 3575 increpo.
861 3507 1122 3563 Absurdte
1148 3509 1425 3581 cupidines
1452 3528 1540 3567 me
1568 3514 1730 3569 etiam
1758 3532 1900 3572 nunc
1925 3519 2006 3573 in-

418 3604 656 3657 cessunt.
702 3596 796 3650 sed
834 3612 954 3667 quae
981 3600 1345 3656 remissiorem
1373 3600 1643 3660 ﬂammam
1684 3610 2000 3677 accendant,

415 3686 558 3755 ιιιιυιι
585 3687 821 3742 externis
844 3688 1013 3745 oculis
1040 3691 1261 3745 materia
1289 3693 1432 3749 nulla
1455 3695 1560 3765 igni
1585 3705 1707 3767 apta
1728 3710 1998 3770 suppetat.

416 3780 456 3829 Λ
491 3777 896 3834 maledictorum
924 3780 1121 3850 probro
1149 3791 1205 3837 et
1231 3784 1414 3838 auditu
1443 3799 1666 3855 prorsus
1694 3804 1846 3858 vaco,
1877 3806 2000 3848 cum

416 3870 568 3936 nulli,
601 3870 692 3940 qui
719 3887 805 3927 me
827 3873 1185 3943 alloquantur,
1211 3875 1428 3932 adsint:
1458 3895 1630 3950 neque
1656 3883 1797 3937 enim
1830 3883 1885 3938 bi
1910 3901 2001 3955 pa-

416 3960 581 4015 rietes
623 3962 869 4017 emittere
904 3979 1088 4019 vocem
1118 3976 1334 4035 queant.
1363 3968 1467 4024 Sed
1508 3986 1608 4026 nec
1636 3973 1704 4028 ab
1753 3974 1828 4028 ira
1859 3985 1997 4031 tem-

413 4063 604 4120 perure
644 4066 885 4122 possum,
916 4055 1129 4109 etiamsi
1173 4057 1350 4111 nullus
1375 4057 1516 4115 adsit
1550 4062 1639 4129 qui
1667 4075 1950 4134 exasperet
1979 4083 1995 4122 :

307 4186 314 4193 .
411 4139 711 4209 iniquorum
764 4142 960 4213 quippe
1007 4144 1244 4199 virorum
1298 4146 1641 4221 ipsorumque
1691 4150 1988 4210 facinorum

409 4231 669 4286 memoria
691 4232 930 4288 animum
976 4233 1109 4290 mihi
1137 4236 1494 4294 intumescere
1534 4238 1690 4309 facit;
1728 4259 1916 4300 verum
1942 4246 1993 4303 id

406 4337 512 4377 non
544 4338 713 4394 usque
753 4326 807 4380 in
848 4327 1010 4381 linem
1038 4345 1052 4382 :
1085 4329 1265 4384 statim
1310 4333 1453 4386 enim
1496 4333 1669 4403 ipsum
1714 4335 1990 4393 ardentem
2073 4354 2084 4364 '

402 4415 818 4483 compescimus,
843 4425 898 4473 et
916 4418 982 4473 ad
998 4420 1380 4489 quiescendum
1407 4423 1739 4492 deducimus,
1768 4428 1819 4482 in
1838 4429 1993 4486 nobis

408 4506 538 4575 ipsis
583 4508 858 4572 dicentes,
926 4512 1213 4568 admodum
1267 4515 1524 4571 insulsum
1566 4520 1587 4551 ³
1631 4530 1991 4593 extremmque

403 4596 636 4650 miseriae
657 4611 799 4662 esse,
832 4597 957 4653 dum
986 4610 1166 4657 nostra
1193 4606 1487 4663 omittimus
1517 4610 1678 4677 mala,
1708 4610 1775 4665 de
1798 4612 1989 4669 alienis

404 4694 513 4743 tam
530 4687 771 4743 curiosos
791 4704 929 4745 esse.
953 4690 1150 4746 Verum
1179 4693 1222 4748 si
1254 4695 1319 4750 ad
1343 4697 1549 4752 turbam
1577 4716 1666 4756 me
1690 4701 1984 4770 conferam,

404 4777 806 4848 innumerisque
827 4782 1137 4838 tumultibus
1154 4800 1405 4855 occuper,
1418 4789 1527 4859 jam
1550 4807 1657 4846 non
1683 4792 1987 4863 hujusmodi

399 4869 765 4927 admonitione
806 4871 998 4942 perfrui
1032 4886 1239 4946 potero,
1282 4895 1454 4950 neque
1477 4884 1827 4953 cogitationes
1866 4889 1986 4944 illas

401 4977 489 5017 me
519 4963 684 5031 probe
714 4964 1056 5021 instituentes
1080 4971 1320 5038 reperire
1351 4988 1364 5024 :
1411 4972 1503 5027 sed
1534 4977 1981 5042 quemadmodum

397 5053 432 5108 ii
453 5092 467 5117 ,
513 5055 602 5123 qui
630 5071 726 5125 per
751 5056 1039 5127 praecipitia
1070 5060 1151 5114 vel
1178 5058 1393 5117 fluentis
1415 5064 1678 5134 aliquibus
1696 5107 1713 5134 ,
1740 5070 1823 5124 vel
1874 5072 1980 5127 alio

396 5144 1115 5217 quodammodo’ducuntnr,
1140 5157 1436 5224 proximam
1456 5159 1666 5229 quidem
1690 5165 1976 5232 perniciem
2019 5179 2051 5228 Β

398 5237 693 5304 ιιιιευιοίόυιθ
722 5251 964 5308 possunt,
995 5244 1248 5300 auxilium
1279 5263 1406 5303 vero
1436 5250 1637 5308 nullum
1678 5255 1783 5311 sibi
1809 5272 1974 5314 exco-

391 5328 563 5396 gitare
590 5331 801 5387 valent:
833 5334 910 5413 sic
946 5345 1001 5391 et
1042 5353 1158 5407 ego,
1200 5339 1245 5394 si
1290 5340 1341 5396 in
1370 5352 1571 5400 tantum
1603 5348 1972 5419 a-gritudinum

455 5486 471 5549 ξ
510 5482 651 5549 savii.
677 5494 727 5537 et
752 5486 851 5549 alii,
874 5492 1138 5545 ostendere.

451 5548 472 5579 '
513 5545 612 5604 Alli,
636 5545 848 5600 ttoa‘t'mn.

452 5608 833 5693 ξυξιεριιοιςξιορι
857 5613 970 5677 alii;
997 5616 1083 5666 sed
1108 5620 1245 5670 satil.
1290 5629 1336 5671 et
1379 5620 1557 5685 aliquot
1580 5632 1708 5690 Mss,
1729 5628 1825 5679 alta
1845 5640 1965 5693 qua-

388 5670 504 5720 dam
526 5670 818 5721 necessitate.

2144 1143 2228 1199 bis
2256 1147 2410 1203 valde
2451 1149 2787 1220 deprimitur.
2816 1155 3270 1227 Quemadmodum
3312 1183 3438 1241 ergo
3468 1171 3583 1230 fera:

2143 1253 2349 1307 manes,
2377 1239 2505 1295 dum
2534 1258 2759 1314 corpore
2783 1248 2920 1306 bene
2945 1253 3124 1309 valent
3147 1271 3213 1313 ac
3235 1239 3481 1328 gestiunt.
3505 1279 3559 1321 se
3575 1268 3680 1324 ado-

2141 1327 2342 1383 rientes
2385 1329 2538 1388 facile
2582 1335 2835 1403 vincunt,
2876 1341 2920 1395 si
2969 1346 3199 1402 maxime
3227 1327 3264 1404 ii
3312 1327 3498 1408 inﬁrmi
3533 1357 3689 1417 sintut

2140 1419 2407 1489 imperiti;
2436 1427 2479 1479 si
2503 1429 2619 1497 quis
2648 1446 2776 1486 vero
2807 1434 2923 1490 illas
2947 1436 3086 1494 fame
3117 1445 3421 1513 macerarit,
3445 1447 3558 1504 hinc
3582 1466 3687 1508 eve-

2139 1515 2218 1566 nit
2243 1523 2297 1567 ut
2320 1515 2526 1572 illarum
2570 1519 2719 1577 furor
2756 1529 3023 1596 sopiatnr,
3054 1532 3355 1605 viriumque
3384 1554 3557 1609 magna
3585 1559 3689 1612 pars

2138 1604 2511 1674 exstinguatur
2543 1626 2558 1662 :
2581 1611 2659 1666 sic
2677 1621 2735 1691 et
2747 1616 2912 1672 animi
2939 1619 3261 1695 aﬂectusqni
3274 1604 3564 1687 imbecillos
3584 1604 3688 1689 red—

2136 1692 2231 1755 dit,
2266 1697 2485 1754 eosdem
2516 1712 2679 1759 recta:
2716 1708 2908 1764 rationi
2936 1692 3257 1784 subjicit;vsi
3286 1720 3404 1789 quis
3430 1733 3599 1778 contra
3621 1726 3689 1781 di-

2137 1783 2365 1854 ligenter
2401 1789 2629 1860 aluerit,
2682 1799 2982 1867 graviorem
3022 1805 3122 1859 sibi
3174 1783 3431 1867 adversus
3474 1827 3560 1869 eos
3603 1831 3691 1886 pu-

2132 1891 2290 1945 gnam
2318 1889 2491 1950 parat,
2520 1893 2575 1939 et
2603 1886 2672 1940 ita
2714 1891 2979 1948 terribiles
3011 1903 3028 1935 ι
3048 1896 3244 1967 reddit,
3291 1910 3349 1955 ut
3369 1903 3423 1957 in
3462 1907 3690 1963 servitute

2132 1981 2194 2023 ac
2217 1982 2359 2026 metu
2383 1981 2545 2031 totam
2570 1980 2729 2035 vitam
2755 1982 2932 2042 ducat.
2960 1988 3213 2057 Quantam
3241 1995 3398 2065 igitur
3426 1997 3686 2058 helluarth

2132 2058 2320 2116 harum
2368 2065 2657 2126 alimenta?
2705 2073 2866 2132 Vana:
2908 2079 3091 2149 gloria:
3136 2058 3356 2154 quidem
3403 2088 3615 2148 honores
3645 2106 3689 2151 ct

2131 2149 2339 2219 laudes,
2388 2163 2705 2230 arrogantiae
2751 2181 2879 2221 vero
2907 2149 3248 2238 potentia'et
3289 2177 3550 2248 dignitatis
3589 2199 3687 2236 ma-

2127 2246 2348 2314 gnitudo
2368 2290 2382 2312 ,
2411 2250 2597 2309 livoris
2622 2257 2852 2314 aliorum
2873 2263 3155 2322 celebritas
3171 2310 3186 2335 ,
3213 2273 3455 2328 avaritizc
3482 2273 3688 2345 largien-

2130 2338 2260 2393 tium
2310 2340 2640 2415 liberalitas,
2670 2348 2892 2407 luxuriae
2932 2354 3168 2426 deliciae,
3197 2370 3257 2416 et
3300 2338 3685 2434 frequens'mu-

2129 2431 2325 2489 lterum
2367 2439 2735 2497 consuetudo:
2766 2452 2820 2498 et
2845 2444 2922 2499 sic
2947 2446 3090 2503 aliud
3116 2451 3184 2505 ab
3212 2453 3327 2507 alio
3363 2431 3576 2511 fovetur.
3608 2456 3687 2511 lla:

2124 2538 2286 2593 porro
2304 2539 2493 2584 omnes
2519 2530 2707 2587 bellua:
2735 2550 2822 2591 me
2841 2536 2895 2591 in
2914 2554 3091 2594 rerum
3115 2543 3356 2600 medium
3377 2548 3688 2605 accedentem

2123 2614 2406 2684 invadent,
2437 2622 2673 2678 ultimam
2709 2641 2882 2683 meam
2924 2629 3297 2704 dilaniabunt,
3339 2645 3584 2695 terrorem
3619 2642 3687 2696 in-

2127 2710 2365 2778 cutient,
2393 2722 2449 2769 et
2488 2717 2702 2785 gravius
2738 2719 2870 2774 mihi
2898 2721 3156 2781 adversus
3178 2725 3274 2782 illa
3314 2729 3509 2786 bellum
3550 2747 3685 2803 para-

2118 2797 2283 2860 bunt:
2318 2800 2406 2859 hic
2426 2820 2553 2860 vero
2569 2807 2774 2864 sedenti
2808 2811 2960 2879 mihi,
2984 2829 3174 2886 magna
3190 2833 3330 2876 sane
3349 2797 3571 2877 adhibita
3587 2824 3683 2878 vio-

2119 2888 2281 2945 lentia
2301 2934 2316 2955 ,
2348 2894 2432 2949 vix
2481 2896 2859 2967 subjicientur;
2885 2903 3241 2974 subjicientur
3279 2918 3453 2967 tamen
3480 2928 3570 2982 per
3605 2913 3683 2969 Dei

2113 2983 2371 3050 gratiam,
2404 2986 2474 3040 ita
2522 2997 2579 3043 ut
2606 2999 2801 3059 praeter
2842 2993 3089 3051 latratum
3135 3000 3274 3057 nihil
3318 3003 3435 3073 plus
3462 3002 3684 3060 habeant.

2115 3072 2240 3128 Ideo
2270 3073 2410 3132 banc
2453 3078 2829 3138 domunculam
2881 3087 3085 3155 incolo,
3116 3072 3327 3148 nemini
3371 3094 3565 3151 aditum
3591 3096 3681 3160 do.

2113 3180 2238 3221 cum
2278 3170 2496 3225 neruine
2522 3176 2850 3230 consortium
2890 3179 3331 3255 colloquiumque
3366 3187 3592 3251 misceo,
3620 3188 3685 3242 sic

2110 3256 2372 3329 milesque
2390 3261 2523 3316 alias
2545 3264 2944 3324 criminationes
2969 3270 3285 3330 innumeras
3303 3276 3523 3332 audiens
3542 3275 3679 3332 facile

2111 3346 2239 3411 fero,
2287 3365 2420 3419 quas
2466 3352 2695 3409 libenter
2734 3357 2946 3427 quidem
2991 3362 3396 3434 abstergerem;
3432 3383 3546 3422 cum
3569 3381 3682 3423 vero

2110 3455 2214 3492 non
2245 3442 2465 3510 possim,
2511 3449 2788 3503 excrucior
2814 3450 3098 3522 doleoque.
3142 3455 3335 3528 Neque
3383 3460 3521 3515 enim
3566 3458 3678 3513 milii

2108 3530 2260 3586 facile
2289 3543 2373 3588 est
2419 3537 2582 3592 simul
2609 3537 2884 3596 hominum
2913 3547 3309 3605 consuetudine
3346 3552 3443 3619 uti,
3464 3562 3611 3623 atque
3633 3552 3679 3605 in

2108 3628 2357 3693 prceseuti
2379 3631 2669 3687 securitate
2693 3648 2909 3688 manere
2936 3654 2951 3691 :
2976 3640 3330 3706 quamobrem
3359 3655 3412 3698 te
3436 3658 3561 3714 rogo
3586 3643 3677 3697 mei

2105 3716 2280 3784 potius
2333 3726 2476 3771 tanta
2510 3719 2787 3793 intercepti
2814 3724 3126 3785 difficultate
3174 3732 3506 3798 miserearis,
3535 3749 3677 3804 quam

2106 3821 2193 3861 me
2221 3808 2564 3865 caiumuieris
2595 3829 2609 3866 :
2637 3823 2693 3868 at
2726 3815 2960 3871 nondum
3014 3818 3067 3874 id
3097 3820 3190 3876 tibi
3242 3825 3562 3892 persuadere
3590 3841 3675 3895 po-

2104 3898 2200 3949 tui.
2233 3899 2463 3970 Tempus
2491 3903 2668 3973 itaque
2695 3916 2798 3973 est,
2830 3917 2888 3963 ut
2913 3911 3053 3980 quod
3080 3927 3250 3969 unum
3279 3917 3412 3971 mihi
3438 3925 3671 3989 superest

2101 4002 2387 4055 arcanum,
2415 3990 2465 4045 id
2512 3993 2564 4047 in
2596 4002 2647 4050 te
2685 3998 2897 4053 tandem
2937 3999 3247 4071 effundam;
3275 4007 3425 4076 quod
3467 4008 3674 4062 fortasse

2103 4079 2285 4133 nmltis
2321 4082 2629 4140 incredibile
2658 4087 2937 4146 videatur:
2963 4107 3139 4164 neque
3163 4104 3352 4153 tamen
3377 4098 3430 4154 in
3454 4098 3671 4155 medium

2098 4171 2336 4238 proferre
2361 4174 2598 4244 pudebit.
2630 4176 2852 4235 Etiamsi
2882 4183 3024 4239 enim
3052 4186 3194 4255 quod
3226 4188 3472 4246 dicturus
3490 4206 3601 4247 sum
3624 4197 3673 4245 et

2097 4261 2254 4317 mala:
2277 4265 2618 4322 conscientia:
2649 4279 2702 4324 et
2736 4271 3135 4332 innumerorum
3177 4279 3500 4338 delictorum
3530 4295 3674 4352 algu—

2097 4364 2335 4410 mentum
2382 4357 2487 4425 sit,
2537 4375 2659 4415 cum
2698 4361 2749 4417 is
2793 4364 2884 4435 qui
2913 4380 3012 4421 nos
3049 4367 3389 4437 iudicaturus
3426 4383 3509 4429 est
3544 4375 3671 4429 Deus

2095 4446 2273 4499 omnia
2295 4457 2544 4505 accurate
2574 4453 2802 4522 noverit,
2830 4455 2955 4527 quid
2977 4457 3114 4513 ultra
3137 4461 3299 4518 nobis
3313 4479 3381 4520 ex
3407 4464 3669 4520 hominum

2095 4532 2390 4603 ignorantia
2433 4540 2661 4597 conferri
2694 4547 2918 4613 poterit?
2948 4547 3085 4614 Quid
3129 4553 3407 4625 estigitur
3437 4557 3562 4612 illud
3591 4572 3671 4611 ar-

2092 4628 2325 4682 canum?
2350 4630 2432 4685 Ab
2459 4646 2527 4687 eo
2566 4632 2683 4704 ipso
2708 4635 2814 4702 die,
2848 4653 2954 4709 quo
2989 4642 3119 4698 mihi
3148 4643 3290 4702 hanc
3316 4649 3667 4719 suspicionem

2092 4714 2344 4786 injecisti,
2368 4735 2510 4790 srepe
2530 4722 2622 4778 fuit
2655 4727 2952 4795 periculum
2983 4741 3040 4787 ut
3061 4733 3162 4790 hoc
3189 4752 3392 4808 corpus
3416 4714 3548 4795 mihi
3579 4754 3665 4810 pe-

2089 4808 2233 4864 nitus
2273 4809 2688 4884 dissolveretur;
2721 4828 2899 4878 tantus
2939 4823 3097 4879 timor
3141 4837 3430 4902 tantusque
3477 4808 3667 4888 man-or

2088 4899 2324 4954 animum
2382 4919 2559 4961 meum
2613 4913 2913 4981 occupavit.
2963 4915 3168 4973 Mecum
3220 4899 3372 4978 enim
3422 4935 3664 4995 reputans

2085 4988 2283 5047 Christi
2310 5008 2520 5063 sponsm
2542 4998 2786 5069 gloriam,
2812 5007 3170 5077 sanctitatem,
3192 4988 3531 5082 spiritualem
3552 5016 3661 5085 pul-

2084 5080 2440 5140 chritudinem
2462 5128 2478 5155 ,
2511 5090 2870 5162 prudentiam,
2898 5108 3143 5155 ornatum
3164 5142 3182 5167 ,
3224 5080 3461 5176 meaque
3490 5108 3660 5165 consi-

2082 5170 2278 5227 derans
2307 5176 2465 5240 mala,
2494 5194 2598 5234 non
2624 5185 2896 5240 cessabam
2927 5188 3066 5243 illam
3094 5191 3317 5261 deﬂere,
3350 5212 3544 5267 meque
3567 5198 3656 5252 mi-

2017 5294 2051 5313 ς.
2078 5277 2260 5319 serum
2308 5265 2511 5340 dicere,
2551 5286 2614 5326 ac
2655 5270 2963 5345 frequenter
3006 5294 3263 5351 gemens,
3312 5265 3653 5359 haerensque.

2080 5355 2203 5409 talia
2246 5373 2455 5414 mecum
2505 5361 2797 5432 loquebar:
2847 5369 2975 5436 Quis
3018 5375 3224 5430 consilii
3271 5375 3436 5447 hujus
3481 5355 3656 5434 auctor

2077 5441 2217 5501 fuit?
2283 5448 2409 5518 quid
2470 5460 2671 5507 tantum
2734 5460 2973 5527 peccavit
3038 5462 3280 5522 Ecclesia
3343 5441 3486 5523 hei?
3541 5483 3652 5538 qua

2077 5545 2221 5593 tanta
2274 5554 2363 5595 res
2411 5543 2693 5603 Dominum
2743 5550 2859 5623 rjns
2894 5557 3262 5625 exacerbavit,
3319 5569 3376 5615 ut
3418 5562 3651 5617 omnium

2139 5696 2156 5729 ι
2192 5695 2296 5760 Alii,
2313 5696 2641 5751 terribiliora.
