3944 6202
220 309 320 365 639

211 418 702 491 ignominiosissimo
749 418 877 472 mihi
934 417 1263 483 traderetur,
1318 427 1373 474 et
1419 427 1616 472 tantam
1674 434 1770 488 pa.

207 521 400 566 teretur
447 509 758 565 infamiam?
817 510 941 564 Ilzec
991 509 1299 580 frequenter
1343 527 1548 566 mecum
1601 512 1774 566 revol-

207 617 369 666 vens,
437 616 559 656 cum
630 600 958 671 indignitatis
1035 609 1194 655 tanta:
1264 617 1332 656 ne
1395 603 1768 671 cogitationem

202 694 407 763 quidem
455 693 599 748 ferre
653 707 902 762 possem,
950 693 1100 761 quasi
1148 693 1404 747 attonitus
1453 702 1507 747 et
1551 701 1770 760 stupore

202 785 470 852 perculsus
495 825 510 846 ,
541 799 639 838 nec
668 783 850 837 ridere
878 797 973 837 nec
1002 783 1186 838 audire
1211 783 1475 854 quidpiam
1509 793 1763 853 poteram.

199 876 325 930 Cum
367 891 456 929 me
503 875 603 928 hoc
630 874 788 926 animi
837 873 1121 943 deliquium
1165 873 1435 927 desereret
1467 872 1768 943 (interdum

198 967 385 1036 quippe
410 965 736 1033 desistebat),
757 963 1110 1018 succedebant
1139 964 1384 1033 lacryma:
1405 972 1457 1016 et
1485 964 1764 1018 maestitia:

200 1073 300 1114 tum
347 1070 466 1128 post
497 1060 844 1130 lacrymarum
875 1057 1172 1111 satietatem
1217 1056 1404 1109 iterum
1455 1055 1769 1110 adventabat

195 1153 384 1216 timor,
429 1160 658 1205 mentem
709 1148 963 1211 turbans,
1007 1145 1230 1200 tumultu
1277 1146 1487 1214 replens
1529 1161 1591 1200 ac
1634 1161 1764 1200 eon-

191 1244 415 1296 cutiens.
447 1239 502 1293 in
531 1250 662 1294 testu
706 1247 850 1291 tanto
881 1236 1200 1305 praeteritum
1247 1233 1476 1304 transegi
1521 1243 1762 1304 tempus;

192 1345 238 1387 tu
284 1348 419 1387 vero
451 1331 777 1402 ignorabas,
821 1337 878 1383 et
921 1328 971 1381 in
1022 1327 1397 1395 tranquillitate
1440 1341 1524 1380 me
1566 1326 1766 1380 versari

187 1425 533 1478 arbitrabare.
558 1423 624 1474 At
650 1435 788 1473 nunc
814 1419 904 1472 tibi
931 1417 1120 1470 animae
1145 1432 1277 1470 mea:
1307 1415 1588 1485 procellam
1619 1429 1767 1470 reve-

188 1515 290 1567 lare
337 1512 557 1567 tentabo
589 1526 604 1563 :
636 1509 757 1562 hinc
800 1507 1023 1561 fortasse
1067 1505 1192 1558 mihi
1218 1545 1232 1569 ,
1283 1504 1470 1572 positis
1511 1503 1761 1558 crimina-

187 1605 420 1660 tionibus
441 1641 458 1668 ,
486 1616 694 1656 veniam
721 1598 1001 1655 concedes.
1042 1597 1141 1666 Qui
1170 1596 1309 1650 illam
1341 1597 1429 1650 tibi
1455 1636 1472 1663 ,
1499 1597 1586 1666 qui
1613 1597 1764 1651 dete-

183 1714 301 1769 gere
329 1695 580 1766 possim?
605 1694 661 1750 Si
689 1692 900 1763 quidem
926 1690 1068 1747 clare
1098 1689 1275 1744 videre
1299 1689 1463 1743 velles
1485 1729 1501 1756 ,
1531 1703 1635 1742 non
1661 1689 1764 1744 alio

185 1791 337 1845 modo
366 1803 604 1859 possem,
621 1801 777 1857 quam
801 1799 894 1840 eor
906 1781 1201 1853 detegendo
1219 1796 1394 1836 meum
1417 1798 1430 1836 :
1449 1796 1568 1835 cum
1587 1788 1762 1836 autem

185 1884 229 1937 id
256 1883 374 1937 tieri
423 1888 687 1950 nequeat,
729 1893 824 1948 per
850 1877 1128 1930 obscuram
1171 1873 1452 1945 quamdam
1482 1873 1760 1942 imaginem

185 1991 272 2044 pro
315 1974 573 2028 facultate
599 1985 715 2026 mea
747 1968 1010 2024 ntmstitire
1038 1982 1169 2020 mete
1199 1965 1406 2020 interim
1434 1963 1634 2018 fumum
1664 1962 1758 2020 tibi

181 2064 464 2134 depingere
490 2061 751 2124 conabor;
778 2066 831 2113 tu
846 2073 973 2113 vero
989 2073 1052 2112 ex
1077 2057 1188 2126 ipsa
1207 2055 1432 2126 imagine
1457 2054 1760 2110 maestitiam

180 2156 343 2210 solum
399 2153 622 2220 colligas
671 2157 897 2220 Oportet.
947 2147 1316 2216 Supponamus
1366 2158 1485 2198 esse
1535 2142 1760 2212 puellam

179 2247 384 2300 cuidam
414 2243 755 2312 desponsam,
773 2239 912 2309 regis
939 2238 1026 2308 qui
1058 2237 1302 2290 universo
1329 2234 1443 2289 orbi
1459 2233 1761 2288 dominetur

180 2337 329 2391 filiam
360 2377 378 2399 ,
414 2331 752 2388 inenarrabili
799 2326 1184 2399 pulchritudine
1207 2364 1223 2392 ,
1259 2326 1326 2378 ita
1371 2332 1428 2378 ut
1476 2324 1758 2377 humanam

180 2426 523 2483 transcendat
563 2432 801 2478 naturam
827 2463 842 2487 ,
871 2428 926 2476 et
969 2419 1066 2473 hac
1109 2419 1161 2472 in
1206 2431 1263 2471 re
1304 2424 1468 2470 totum
1500 2413 1760 2468 muliebre

179 2535 335 2589 genus
366 2530 569 2586 magno
594 2512 878 2568 admodum
907 2509 1211 2565 discrimine
1247 2516 1462 2576 superet
1493 2519 1506 2559 :
1540 2504 1606 2560 ad
1645 2505 1760 2561 tunc

178 2608 329 2662 animi
361 2607 563 2660 virtute
592 2612 733 2658 tanta
757 2645 774 2668 ,
801 2609 860 2656 ut
885 2603 1119 2655 virorum
1149 2611 1318 2669 genus
1343 2611 1526 2652 eorum
1555 2595 1643 2666 qui
1673 2595 1758 2650 vel

177 2713 289 2756 ante
335 2701 593 2762 fuerunt,
643 2696 725 2751 vel
771 2703 889 2764 post
931 2692 1086 2745 futuri
1131 2700 1292 2756 sunt,
1339 2689 1495 2758 longo
1538 2696 1655 2758 post
1699 2703 1760 2743 se

178 2791 460 2846 intervallo
516 2789 814 2856 relinquat;
875 2795 1185 2852 morumque
1242 2779 1517 2834 honestate
1572 2771 1758 2833 omnes

175 2881 530 2951 philomphim
578 2877 828 2931 terminos
875 2872 1133 2934 excedat,
1180 2868 1436 2939 faciefque
1483 2875 1759 2923 venuSIate

176 2987 494 3042 corporeum
539 2983 751 3027 omnem
791 2965 1040 3020 decorem
1085 2961 1334 3016 obscuret
1377 2976 1391 3011 :
1437 2972 1760 3028 procumque

175 3066 282 3134 ejus
311 3080 428 3118 non
459 3062 529 3116 ob
557 3076 618 3116 ea
651 3067 871 3121 tantum,
903 3069 1019 3124 qua:
1047 3052 1296 3116 diximus,
1327 3049 1545 3118 virginis
1577 3063 1758 3104 amore

175 3160 364 3212 ardere
393 3197 409 3218 ,
437 3153 530 3209 sed
574 3162 829 3222 praeterea
873 3149 977 3202 alio
1005 3145 1184 3200 nescio
1221 3157 1326 3212 quo
1350 3157 1471 3211 erga
1501 3140 1642 3194 illam
1675 3139 1758 3194 fu-

175 3267 288 3306 rore
314 3241 464 3303 afﬁci
493 3289 506 3309 ,
538 3247 606 3299 ita
636 3254 692 3297 ut
719 3240 1079 3297 insanissimos
1102 3277 1119 3303 ,
1149 3235 1235 3305 qui
1267 3249 1513 3304 umquam
1543 3230 1755 3296 fuerint,

176 3350 446 3394 amatores
474 3337 627 3404 longe
657 3344 800 3387 retro
828 3330 1093 3396 relinquat
1116 3343 1128 3378 :
1155 3325 1276 3378 hinc
1303 3337 1559 3392 ponamus
1587 3321 1756 3384 illum,

177 3433 250 3487 sic
272 3443 468 3484 amore
497 3425 830 3495 ﬂagrantem,
857 3417 1098 3480 alicunde
1123 3415 1406 3479 audivisse,
1442 3413 1674 3467 futurum
1704 3421 1758 3466 ut

178 3524 412 3594 puellam
443 3519 583 3573 illam
615 3516 682 3570 ab
708 3529 768 3570 se
792 3513 1086 3567 adamatam
1112 3550 1127 3575 ,
1153 3508 1420 3561 vilissima:
1445 3506 1760 3561 conditionis

178 3619 254 3672 vir
275 3660 290 3683 ,
318 3611 578 3686 ignobilis
601 3651 616 3674 ,
659 3622 883 3677 corpore
913 3605 1126 3659 mutilus
1149 3643 1164 3662 ,
1192 3600 1532 3668 omniumque
1561 3609 1760 3651 morta-

179 3712 302 3765 lium
345 3706 710 3773 nequissimus
740 3703 790 3755 in
823 3713 1040 3753 uxorem
1081 3696 1256 3749 ducat.
1286 3697 1368 3747 An
1398 3693 1487 3746 tibi
1516 3691 1758 3761 exiguam

179 3801 382 3858 doloris
435 3796 604 3851 nostri
660 3791 936 3862 imaginem
982 3782 1518 3856 reprmseatavimus?
1561 3782 1761 3836 satisne

177 3896 272 3946 erit
299 3890 592 3960 imaginem
635 3885 904 3951 hucusque
928 3875 1250 3934 deduxisse?
1279 3875 1405 3928 Mea:
1431 3872 1757 3928 declaranda!

178 3984 450 4040 mestitiae.
477 3980 606 4034 satis
629 3991 748 4031 esse
774 3984 919 4044 puto,
943 3973 1093 4039 cujus
1109 3969 1261 4022 unius
1286 3980 1442 4020 causa
1459 3964 1759 4032 exemplum

179 4077 278 4130 hoc
323 4071 692 4128 adhibuimus.
735 4065 805 4120 Ut
844 4073 1018 4117 autem
1062 4069 1232 4114 metus
1273 4055 1611 4125 stuporisque
1656 4052 1762 4108 mei

178 4162 603 4235 magnitudinem
652 4157 743 4211 tibi
793 4153 961 4208 oculis
1015 4149 1326 4218 subjiciam,
1379 4145 1444 4200 ad
1487 4144 1635 4235 aliud
1676 4157 1760 4196 me

178 4232 399 4311 confero
442 4249 770 4317 exemplum.
814 4245 1078 4299 Ponamus
1123 4237 1411 4293 exercitum
1460 4232 1758 4304 peditibus,

180 4348 449 4418 equitibus
507 4340 833 4406 nauticisque
893 4333 1020 4387 viris
1076 4331 1385 4384 instructum
1435 4341 1450 4378 :
1500 4339 1564 4379 ac
1618 4339 1763 4380 mare

181 4439 397 4508 quidem
413 4433 624 4502 operiat
639 4427 931 4483 triremium
949 4435 1217 4483 numerus;
1233 4431 1544 4484 rursumque
1561 4429 1766 4484 campo.

184 4504 303 4580 rum
333 4524 602 4595 planities,
621 4517 983 4585 montiumque
1009 4511 1232 4566 vertices
1246 4517 1505 4577 occupent
1532 4504 1763 4572 peditum

188 4593 528 4686 equitumque
557 4609 841 4680 phalanges
875 4622 888 4658 :
921 4617 994 4657 ωδ
1017 4613 1284 4655 armorum
1313 4597 1440 4650 solis
1481 4593 1764 4663 splendore

188 4711 424 4762 reluceat
443 4748 459 4770 ,
499 4716 660 4772 atque
689 4701 810 4753 hinc
835 4695 1043 4752 emissis
1067 4692 1226 4746 radiis
1251 4690 1518 4759 galearum
1546 4686 1763 4756 clypeo-

181 4814 410 4868 rumque
439 4791 739 4850 coruscatio
767 4789 1002 4842 vibretur
1031 4801 1045 4837 :
1078 4783 1344 4837 hastarum
1376 4779 1568 4848 fragor,
1597 4791 1765 4846 equo-

181 4903 413 4958 rumque
457 4884 696 4940 hinnitus
737 4878 804 4932 ad
848 4878 1018 4946 ipsum
1063 4873 1247 4928 czclum
1294 4869 1488 4923 feratur
1532 4883 1546 4919 :
1599 4880 1766 4935 neque

179 4998 356 5043 mare,
375 4995 548 5049 neque
567 4987 705 5030 terra
723 4979 992 5043 appareat,
1011 4967 1102 5023 sed
1119 4981 1193 5020 ms
1213 4974 1266 5018 et
1291 4964 1481 5018 ferrum
1501 4961 1728 5031 undique
1747 4973 1762 5013 :

179 5077 424 5144 ipsique
444 5061 1002 5125 bellatoribusadversi
1019 5059 1132 5112 acie
1145 5060 1392 5110 instructa
1410 5063 1548 5107 stent
1567 5051 1762 5144 hostes,

177 5139 281 5222 feri
335 5139 557 5233 quidam
612 5169 890 5224 trucesque
943 5149 1060 5204 viri.
1118 5148 1279 5202 lnstet
1328 5148 1435 5212 jam
1492 5139 1768 5194 couiﬂictus

180 5268 400 5328 tempus
423 5272 437 5306 :
465 5253 588 5306 hinc
614 5258 821 5318 raptum
849 5243 1106 5315 quispiam
1136 5238 1546 5296 adolescentem,
1571 5234 1620 5286 in
1643 5245 1769 5300 agro

179 5323 514 5408 educatum,
545 5341 634 5412 qui
678 5345 869 5408 przeler
899 5332 1220 5404 pastoritiam
1269 5328 1431 5399 lyram
1479 5335 1531 5378 et
1579 5323 1768 5392 pedum

183 5438 318 5490 nihil
339 5447 573 5503 prorsus
599 5432 731 5484 sciat
762 5445 777 5484 :
809 5428 1084 5496 ipsumque
1113 5430 1375 5475 armatura
1402 5431 1540 5471 aerea
1567 5414 1769 5480 induat,

183 5541 247 5581 ac
481 5532 650 5576 totum
714 5517 1003 5573 exercitum
1068 5508 1470 5570 circumducat,
1528 5502 1773 5559 ostendat

187 5614 494 5686 manipulos
549 5609 1038 5678 manipulorumque
1088 5602 1373 5663 ductores,
1431 5596 1768 5667 sagittarios,

192 5707 515 5772 funditores,
547 5703 793 5757 ordinum
838 5696 1136 5768 praefectos,
1168 5692 1351 5758 duces,
1381 5687 1771 5760 cataphractos,

1408 304 1494 362 DE
1530 304 1976 362 SACEBDOTIO.
2017 304 2142 361 LIB.
2193 305 2272 360 Vl.

3354 318 3458 374 σου

1882 418 2106 488 equites,
2145 417 2483 488 iaculatores,
2521 420 2784 489 triremes,
2819 424 3110 480 triremium
3151 427 3450 497 prchrctos,

1876 511 2105 565 munitos
2123 511 2314 566 ibidem
2334 514 2548 580 milites,
2564 516 2924 570 machinarum
2939 520 3202 574 navalium
3221 523 3448 591 copiam:

1875 601 2119 657 ostendat
2144 604 2268 658 item
2295 604 2522 660 hostium
2547 608 2714 661 aciem
2740 609 3059 676 universam,
3080 611 3453 670 formidolosus

1873 703 2140 762 aspectus,
2175 711 2438 751 armorum
2484 709 2789 767 apparatum
2819 701 3106 769 diversum,
3139 703 3450 761 innuensam

1873 784 2303 847 multitudinem,
2363 787 2566 853 valles,
2631 789 2734 844 alta
2803 792 3130 861 praecipitia,
3191 798 3448 852 montium

1874 875 2122 930 scabrosa
2171 893 2185 927 :
2233 877 2475 930 ostendat
2518 879 2640 930 item
2686 880 2822 946 apud
2871 879 3199 939 adversarios
3245 887 3451 954 equites

1873 967 2184 1036 quibusdam
2230 970 2506 1039 praestigiis
2534 970 2776 1025 volantes
2802 1011 2817 1034 ,
2859 982 2912 1026 et
2939 974 3306 1044 cataphractos
3353 991 3450 1048 per

1871 1073 2048 1112 aerem
2063 1059 2283 1119 delatos.
2299 1061 2574 1131 omnisque
2592 1063 2960 1118 incantationis
2973 1068 3074 1118 vim
3087 1069 3442 1138 Speciemqne:

1871 1160 2144 1204 recenseat
2161 1150 2258 1219 ipsi
2274 1150 2531 1205 bellorum
2549 1151 2893 1215 calamitates.
2914 1155 3186 1210 missilium
3213 1159 3405 1214 nubem
3425 1201 3442 1226 ,

1871 1239 2095 1293 telorum
2127 1239 2372 1305 imbrem,
2392 1240 2515 1295 hinc
2541 1257 2780 1311 magnam
2803 1244 3076 1313 caliginem
3106 1254 3158 1300 et
3175 1249 3440 1314 tenebras,

1870 1328 2296 1384 obscurissimam
2329 1341 2558 1399 noctem,
2591 1347 2747 1402 quam
2779 1336 3086 1403 sagittarum
3117 1337 3196 1391 vis
3225 1337 3440 1404 efficiat,

1870 1420 1938 1473 ita
1983 1430 2038 1473 ut
2081 1421 2167 1474 illa
2213 1430 2354 1476 tanta
2396 1420 2688 1491 frequentia
2733 1425 2938 1480 solares
2975 1426 3150 1480 radios
3190 1437 3390 1482 avertat
3424 1443 3439 1484 :

1868 1509 2137 1580 pulverem
2169 1528 2272 1565 non
2318 1512 2531 1576 minus,
2577 1529 2732 1582 quam
2784 1515 3067 1584 tenebras,
3114 1517 3297 1573 oculos
3341 1520 3441 1572 ob-

1867 1613 2208 1668 scurautem,
2262 1603 2532 1673 sanguinis
2583 1606 2763 1671 rivos,
2820 1605 3117 1660 cadentium
3172 1609 3438 1678 gemitus,

1867 1695 2116 1748 stantium
2173 1695 2475 1761 clamores,
2534 1706 2914 1765 prostratorum
2978 1713 3236 1764 acervos,
3297 1711 3443 1755 rotas

1866 1787 2120 1856 sanguine
2163 1787 2348 1841 tinctas
2374 1827 2388 1850 ,
2430 1802 2593 1855 equos
2635 1802 2756 1842 cum
2802 1789 3099 1843 sessoribus
3144 1792 3437 1860 praecipites

1865 1886 2013 1932 actos
2039 1893 2068 1932 a
2098 1878 2433 1933 multitudine
2474 1877 2787 1934 cadaverum
2811 1919 2829 1947 ,
2875 1889 3067 1935 terram
3096 1883 3296 1936 mixtim
3327 1883 3441 1939 hanc

1864 1967 2043 2022 omnia
2083 1979 2346 2024 tenentem
2371 2009 2386 2033 ,
2415 1969 2721 2039 sanguinem
2745 2009 2762 2036 ,
2791 1985 2946 2024 arcus
2968 2012 2983 2034 ,
3012 1972 3112 2026 tela
3139 2012 3152 2033 ,
3181 1989 3439 2042 equorum

1865 2058 2106 2128 ungulas,
2129 2058 2504 2128 hominumque
2520 2061 2690 2130 capita
2709 2061 2863 2114 simul
2884 2061 3111 2129 jacentia
3131 2073 3183 2117 et
3203 2062 3435 2128 brachia,

1863 2150 2056 2203 collum
2081 2190 2097 2215 ,
2125 2149 2304 2203 tibiam
2329 2190 2343 2214 ,
2375 2158 2555 2217 pectus
2599 2149 2884 2204 dissectum
2910 2191 2925 2213 ,
2953 2150 3213 2206 cerebella
3251 2151 3440 2222 gladiis

1864 2239 2115 2294 haerentia
2141 2280 2157 2306 ,
2191 2241 2278 2294 teli
2323 2239 2597 2310 cuspidem
2640 2239 2907 2295 effractam
2933 2282 2950 2303 ,
2980 2242 3296 2312 oculumque
3338 2260 3438 2298 ceu

1864 2330 2191 2385 iuiibulatum
2244 2329 2524 2384 habentem
2572 2345 2588 2384 :
2637 2340 2850 2385 enarret
2895 2332 3021 2387 item
3073 2334 3268 2389 nautici
3313 2335 3437 2391 belli

1863 2421 2022 2489 mala,
2040 2422 2284 2476 triremes
2309 2422 2439 2477 alias
2469 2423 2657 2476 mediis
2683 2423 2732 2477 in
2764 2421 3006 2479 ﬂttchbus
3030 2425 3433 2496 eonflagrantes,

1862 2513 1994 2568 alias
2034 2527 2155 2567 cum
2200 2513 2451 2567 militibus
2500 2512 2627 2581 ipsis
2667 2513 2975 2580 demersas,
3028 2514 3280 2570 ﬂuctuum
3325 2517 3438 2572 fra-

1861 2618 2081 2673 gorem,
2132 2613 2407 2658 nautarum
2465 2603 2786 2670 tumultum,
2834 2605 3056 2660 militum
3107 2607 3434 2676 clamorem,

1862 2694 2000 2748 unda
2046 2695 2402 2764 sanguineque
2433 2697 2646 2748 mixtam
2691 2709 2932 2763 Spumam
2959 2737 2973 2759 ,
3005 2697 3353 2768 eamdemque
3383 2700 3436 2754 in

1862 2783 2085 2837 navibus
2127 2784 2281 2837 simul
2332 2783 2576 2838 omnibus
2625 2784 3046 2853 irrumpentem,
3094 2786 3146 2840 in
3191 2787 3438 2844 tabulatis

1861 2873 2156 2941 cadavera,
2204 2875 2305 2930 alia
2351 2874 2475 2928 item
2519 2874 2801 2938 demersa,
2850 2876 2950 2929 alia
2999 2879 3433 2946 supernatantia,

1861 2963 1960 3018 alia
1988 2972 2121 3018 aestu
2165 2965 2326 3017 maris
2351 2963 2416 3017 ad
2460 2963 2606 3018 littus
2646 2965 2861 3032 appulsa
2887 3004 2903 3029 ,
2933 2965 3034 3019 alia
3078 2967 3130 3020 in
3159 2967 3286 3036 ipsis
3329 2966 3434 3023 flu-

1862 3057 2034 3111 ctibus
2063 3056 2270 3122 obruta,
2290 3071 2407 3126 qum
2433 3056 2652 3110 navibus
2669 3056 2767 3109 iter
2790 3056 3036 3110 claudant
3055 3074 3068 3109 :
3088 3059 3438 3128 omnibusque

1863 3148 1985 3202 belli
2010 3147 2276 3217 tragoediis
2304 3155 2547 3200 accurate
2577 3146 2841 3208 exhibitis,
2866 3146 3021 3199 addat
3041 3156 3095 3202 et
3119 3149 3439 3218 captivitatis

1862 3239 2228 3305 Calamitates,
2275 3247 2330 3292 et
2379 3239 2520 3292 omni
2572 3248 2742 3292 morte
2787 3237 3054 3291 duriorem
3101 3241 3433 3295 servitutem.

1862 3331 1955 3386 His
1980 3344 2140 3402 porro
2176 3328 2328 3383 dictis
2351 3370 2367 3394 ,
2394 3328 2580 3398 juheat
2612 3344 2802 3398 equum
2833 3328 3007 3381 statim
3036 3329 3393 3385 conscendere
3412 3373 3426 3394 ,

1864 3423 2204 3493 universique
2245 3422 2384 3476 illius
2413 3421 2677 3476 exercitus
2718 3420 2905 3475 ducem
2949 3435 3127 3490 agere.
3160 3423 3239 3474 An
3284 3429 3430 3491 putat

1863 3513 2314 3569 adolescentulum
2349 3512 2493 3566 illurn
2513 3512 2592 3566 vel
2614 3512 2777 3565 solam
2798 3511 2987 3565 borum
3027 3513 3379 3566 narrationem
3411 3520 3427 3550 ί

1864 3606 2001 3660 ferre
2033 3619 2186 3673 posse
2210 3644 2225 3670 ,
2270 3618 2332 3657 ac
2375 3617 2480 3656 non
2525 3603 2698 3670 potius
2728 3601 2810 3655 vel
2839 3617 2867 3654 a
2900 3602 3069 3669 primo
3100 3603 3174 3656 rei
3218 3611 3434 3672 aspectu

1864 3697 2044 3749 animo
2064 3694 2390 3749 defecturunt
2413 3692 2565 3748 esse?

1939 3786 2022 3840 15.
2060 3783 2210 3839 Omni
2253 3799 2420 3854 pugna
2449 3781 2854 3837 vehementiorem
2897 3797 3003 3834 esse
3038 3781 3222 3835 diaboli
3249 3781 3300 3834 in
3347 3799 3438 3836 nos

1865 3876 2126 3931 assultum.
2145 3875 2307 3929 —Ac
2324 3888 2391 3928 ne
2416 3881 2566 3942 putes
2590 3888 2674 3926 me
2688 3886 2803 3930 rem
2829 3873 3068 3926 oratioiie
3091 3871 3434 3939 amplificare,

1866 3980 1999 4021 neve
2039 3967 2160 4035 quia
2202 3963 2304 4019 hoc
2326 3978 2548 4032 corpore
2576 3976 2672 4017 ceu
2698 3961 2926 4031 quodam
2967 3976 3180 4017 carcere
3207 3962 3392 4017 inclusi
3419 4003 3435 4026 ,

1868 4057 2206 4113 invisibilium
2238 4055 2365 4110 nihil
2397 4070 2612 4125 prorsus
2652 4069 2873 4110 cernere
2902 4069 3180 4124 possumus
3204 4094 3218 4118 ,
3250 4069 3438 4121 magna

1866 4164 1986 4204 esse
2001 4149 2162 4202 ducas
2184 4164 2266 4211 ea,
2285 4163 2402 4217 qua:
2418 4163 2447 4201 a
2467 4162 2549 4201 me
2562 4147 2701 4201 dicta
2722 4157 2863 4201 sunt.
2884 4146 3046 4200 Multo
3072 4146 3168 4200 hac
3186 4145 3436 4212 majorem

1867 4249 1922 4294 et
1947 4240 2333 4295 liorrihiliorem
2361 4255 2586 4309 pugnam
2613 4237 2841 4301 videres,
2873 4237 2918 4289 si
2945 4235 3438 4305 caliginosissimam

1867 4331 2061 4386 diaboli
2106 4332 2309 4396 aciem,
2360 4330 2717 4399 furiosumque
2763 4329 3066 4382 conflictum
3113 4327 3279 4382 oculis
3325 4329 3441 4382 istis

1867 4438 2088 4478 cernere
2131 4436 2331 4491 posses.
2360 4421 2475 4476 Non
2518 4422 2659 4476 enim
2705 4420 2810 4474 illic
2841 4419 3034 4473 ferrum
3072 4427 3164 4472 aut
3189 4433 3264 4474 ars
3286 4461 3302 4487 ,
3334 4436 3438 4474 nou

1869 4517 2030 4586 equi,
2062 4529 2248 4570 currus
2290 4521 2345 4568 et
2384 4522 2515 4568 rotze
2539 4553 2554 4579 ,
2588 4527 2693 4566 non
2735 4512 2869 4582 ignis
2910 4519 2966 4566 et
3003 4512 3106 4567 tela
3129 4552 3148 4580 ,
3178 4527 3283 4565 non
3329 4513 3442 4567 ltrcc

1872 4609 2124 4672 visibilia;
2147 4607 2238 4661 sed
2257 4607 2355 4659 alia
2375 4605 2539 4660 multo
2567 4604 2648 4657 his
2665 4603 2976 4658 terribiliora
2998 4605 3441 4658 machinamenta.

1870 4700 2201 4754 Adversariis
2229 4699 2344 4752 istis
2375 4697 2505 4750 nihil
2531 4710 2664 4765 opus
2689 4704 2770 4749 est
2800 4695 3015 4750 thorace
3038 4735 3053 4760 ,
3082 4711 3184 4748 non
3212 4695 3400 4765 clypeo
3425 4735 3441 4759 ,

1871 4805 1974 4845 non
2003 4788 2218 4844 ensibus
2241 4798 2295 4842 et
2321 4788 2483 4841 hastis
2508 4802 2525 4854 ;
2555 4787 2646 4841 sed
2672 4786 2758 4841 vel
2782 4786 2927 4841 solus
2950 4783 3288 4840 exsecrandc
3311 4782 3442 4837 acioi

1871 4891 2118 4950 aspectus
2167 4879 2395 4933 animam
2426 4878 2715 4931 dissolvere
2768 4878 2974 4945 possit,
3007 4874 3106 4928 nisi
3158 4872 3442 4927 admodum

1871 4985 2126 5040 generosa
2157 4970 2313 5024 fuerit
2337 5013 2350 5031 ,
2382 4980 2434 5023 et
2461 4985 2569 5038 pra:
2596 4968 2788 5021 virtute
2817 4967 3027 5034 propria
3057 4964 3217 5016 multa
3242 4963 3445 5015 fruatur

1872 5078 1901 5116 a
1936 5063 2041 5116 Deo
2085 5061 2433 5130 providentia.
2464 5061 2540 5114 Ac
2583 5059 2628 5113 si
2673 5058 2784 5112 fieri
2834 5066 3008 5123 posset
3038 5065 3094 5107 ut
3138 5053 3238 5107 hoc
3283 5062 3444 5106 exuto

1873 5169 2134 5223 corpore,
2162 5153 2245 5206 vel
2290 5167 2408 5206 cum
2455 5151 2568 5220 ipso
2609 5163 2870 5218 corpore,
2899 5147 3181 5214 conspicue
3225 5159 3288 5199 ac
3331 5145 3447 5199 sine

1877 5245 2064 5297 timore
2107 5250 2270 5296 totam
2301 5241 2414 5310 ejus
2457 5240 2624 5293 aciem
2672 5247 2726 5292 et
2771 5237 2964 5291 bellum
2993 5245 3176 5290 contra
3221 5250 3326 5298 nos,
3363 5234 3447 5288 in-

1875 5343 2131 5387 structum
2179 5331 2306 5402 ipsis
2334 5329 2501 5384 oculis
2541 5343 2788 5383 cerneres
2819 5344 2833 5380 :
2865 5326 3071 5380 videres
3115 5326 3293 5395 utique
3342 5341 3446 5381 non

1876 5423 2144 5493 sanguinis
2193 5429 2456 5475 torrentes
2477 5459 2494 5485 ,
2527 5435 2630 5472 non
2682 5417 2938 5471 cadavera
2963 5455 2981 5482 ,
3012 5415 3104 5469 sed
3152 5417 3447 5469 animarum

1877 5517 2056 5572 ruinas
2097 5521 2268 5568 tantas
2290 5552 2314 5593 ,_
2332 5510 2572 5582 adeoque
2612 5508 2792 5581 gravia
2819 5506 3036 5562 vulnera
3061 5548 3077 5573 ,
3111 5515 3167 5560 ut
3211 5514 3318 5561 tota
3363 5506 3449 5560 illa

1942 5691 1958 5722 ι
1994 5689 2066 5739 sic
2085 5683 2248 5738 norel.
2269 5698 2284 5748 ;
2306 5681 2395 5736 sed
2412 5681 2550 5732 Savil.
2578 5687 2629 5732 et
2647 5677 2830 5742 aliquot
2858 5683 2987 5738 Issa
3004 5674 3368 5728 ordinutimem.
