3944 6202
523 282 617 342 691

522 396 649 452 belli
699 394 1021 466 descriptio,
1068 409 1227 465 quam
1275 392 1435 448 modo
1480 391 1754 460 expressi,
1808 404 2092 459 puerorum

521 488 905 542 oblectamenta
955 493 1012 542 et
1058 485 1167 539 ludi
1216 498 1338 539 esse
1363 482 1641 537 videantur
1692 480 2095 552 potius,,quam

525 578 716 633 bellum
749 594 763 629 :
798 587 901 629 tam
947 575 1093 630 multi
1137 575 1339 630 scilicet
1381 575 1416 629 ii
1459 582 1583 628 sunt
1609 573 1696 643 qui
1735 572 1968 642 quotidie
2013 571 2093 626 le-

524 672 751 724 riuntur.
773 666 1006 722 Vulnera
1030 676 1206 721 autem
1231 681 1334 721 non
1359 666 1597 721 eamdem
1625 665 1857 719 inferunt
1883 677 2091 727 necem,

524 759 615 817 sed
643 769 902 829 quantum
924 766 1004 812 est
1044 756 1186 813 inter
1211 758 1442 810 animam
1471 764 1526 811 et
1551 770 1745 822 corpus
1769 754 2053 809 discrimen
2076 791 2093 817 ,

526 858 666 905 tanta
711 860 794 904 est
835 850 972 903 inter
1015 848 1149 903 hanc
1191 856 1246 903 et
1286 847 1430 902 illam
1459 845 1770 901 diderentia.
1799 843 1930 898 Nam
1973 859 2093 897 cum

520 944 697 996 anima
730 942 929 1010 plagam
958 941 1148 1010 accipit
1188 949 1242 994 et
1276 939 1456 1006 cadit,
1495 954 1601 993 non
1629 938 1746 992 sine
1773 947 1931 992 sensu
1954 936 2097 1006 jacet

524 1044 583 1089 nt
624 1048 855 1101 corpus;
883 1030 976 1086 sed
1014 1032 1124 1100 jam
1165 1032 1289 1086 inde
1329 1048 1393 1086 ex
1421 1032 1555 1085 mala
1599 1030 1920 1087 conscientia
1961 1045 2092 1085 con-

526 1122 743 1176 tabescit
767 1162 784 1188 ,
816 1132 934 1191 post
958 1122 1156 1176 obitum
1188 1137 1315 1176 vero
1337 1161 1353 1187 ,
1376 1121 1561 1191 judicii
1590 1130 1826 1190 tempore
1848 1160 1866 1186 ,
1894 1131 2096 1175 teterno

525 1213 748 1267 traditur
774 1212 1049 1282 supplicio.
1081 1212 1232 1280 Quod
1257 1213 1301 1268 si
1343 1213 1462 1283 quis
1491 1212 1557 1268 de
1594 1211 1900 1267 vulneribus
1927 1227 1956 1264 a
1985 1211 2100 1266 dia-

526 1300 648 1355 bolo
692 1301 901 1356 inﬂictis
942 1302 1073 1356 nihil
1118 1303 1333 1366 doleat,
1382 1302 1552 1371 majus
1592 1301 1691 1370 ipsi
1734 1300 1983 1356 damnum
2028 1316 2094 1357 ex

526 1392 810 1448 indolentia
838 1393 924 1447 illa
952 1392 1203 1463 inﬂigitur
1234 1410 1248 1447 :
1279 1408 1434 1461 quem
1459 1394 1599 1447 enim
1645 1392 1787 1460 prior
1815 1392 1963 1461 plaga
1993 1406 2096 1445 non

527 1482 735 1537 mordet
758 1524 773 1549 ,
819 1483 862 1537 is
886 1483 1172 1537 secundam
1202 1492 1256 1537 ct
1280 1481 1503 1537 subinde
1529 1481 1683 1535 aliam
1715 1479 1864 1535 facile
1890 1480 2099 1549 recipit.

525 1573 795 1642 Siquidem
838 1573 1069 1628 nefarius
1109 1573 1196 1628 ille
1227 1589 1394 1642 usque
1437 1573 1501 1627 ad
1531 1582 1830 1627 extremum
1877 1570 2099 1624 halitum

527 1679 814 1733 numquam
856 1665 1012 1718 tinem
1042 1663 1264 1718 feriendi
1304 1661 1469 1729 facit,
1497 1662 1543 1716 si
1585 1662 1826 1730 supinam
1871 1659 2103 1715 inveniat

526 1757 755 1809 animam
779 1795 796 1814 .
829 1755 1136 1824 prioresque
1185 1754 1362 1824 plagas
1409 1760 1874 1816 contemnentem;
1903 1752 2100 1808 etenim

527 1848 572 1901 si
613 1847 888 1901 conﬂictus
933 1846 1147 1901 modum
1195 1845 1495 1914 expendere
1537 1845 1704 1911 velis,
1755 1844 1896 1899 hunc
1939 1843 2101 1899 vehe-

527 1938 878 2004 mentiorem,
933 1937 1364 2007 callidioremque
1419 1936 1673 2005 reperias.
1726 1935 1909 2004 Neque
1958 1935 2102 1989 enim

527 2028 803 2097 quisquam
831 2038 932 2090 est,
957 2028 1045 2096 qui
1075 2027 1275 2082 fraudis
1299 2036 1352 2080 et
1377 2026 1481 2081 doli
1511 2034 1680 2080 tantas
1705 2027 1913 2095 species
1940 2027 2099 2090 norit,

527 2128 752 2188 quantas
798 2119 886 2175 ille
928 2120 1231 2174 scelestus:
1263 2133 1434 2189 neque
1486 2118 1786 2175 inimicitias
1830 2118 1947 2187 quis
1994 2126 2100 2171 tam

527 2210 886 2279 implacabiles
911 2224 1161 2265 exercere
1189 2209 1352 2277 possit
1376 2219 1560 2264 contra
1587 2209 1685 2263 sibi
1715 2208 2102 2263 infensissimos

529 2300 728 2362 hostes,
748 2309 973 2370 quantas
990 2299 1248 2369 malignus
1274 2300 1362 2355 ille
1388 2300 1592 2355 dtemon
1609 2309 1791 2355 contra
1818 2299 2101 2353 humanam

529 2402 794 2447 naturam.
822 2393 1067 2446 Animum
1113 2400 1287 2447 autem
1313 2391 1358 2447 si
1398 2391 1515 2461 quis
1551 2391 1930 2447 examinaverit
1952 2430 1968 2455 ,
1999 2404 2105 2456 quo

530 2498 756 2552 pugnam
784 2483 1067 2536 committit
1088 2522 1102 2547 ,
1132 2491 1279 2537 certe
1316 2482 1592 2536 ridiculum
1619 2480 1820 2550 putabit
1861 2478 2104 2535 homines

532 2573 630 2642 ipsi
676 2571 775 2626 hac
816 2587 868 2625 tn
922 2582 1070 2641 parte
1113 2571 1365 2628 conferri.
1402 2571 1493 2625 Sin
1535 2570 1960 2624 iracundissimus
1990 2578 2102 2623 tru-

529 2663 1020 2732 culentissimasqne
1061 2661 1204 2717 feras
1231 2662 1487 2731 quispiam
1518 2661 1754 2731 deligens
1779 2699 1795 2728 ,
1826 2676 1919 2715 eas
1964 2660 2106 2715 illius

531 2754 750 2809 insaniae
801 2768 1110 2824 comparare
1164 2754 1427 2820 voluerit,
1482 2754 1931 2808 mansuetissimos
1983 2751 2104 2807 illas

531 2843 1045 2914 humanissimasque
1071 2859 1190 2900 cum
1217 2844 1305 2899 illo
1328 2853 1663 2914 comparatas
1687 2858 1806 2897 esse
1832 2842 2101 2897 inveniet:

534 2944 733 2991 tantum
788 2934 878 2989 ille
931 2933 1161 2989 furorem
1215 2933 1416 3003 spirat,
1472 2948 1591 2988 cum
1642 2933 1846 2986 animas
1898 2939 2105 2986 nostras

529 3025 788 3080 adoritur.
815 3024 1010 3095 Pugna:
1053 3038 1210 3094 porro
1240 3023 1511 3077 hominum
1539 3023 1699 3077 breve
1746 3031 1951 3091 tempus
1981 3030 2100 3088 est;

532 3117 639 3171 imo
665 3116 716 3170 in
746 3115 843 3171 hac
871 3115 1123 3171 brevitate
1150 3115 1404 3184 temporis
1432 3113 1611 3168 multa:
1638 3112 1828 3167 dantur
1854 3112 2100 3167 inducite.

530 3207 643 3262 Nox
669 3208 863 3278 quippe
889 3207 1269 3275 superveniens
1293 3247 1308 3271 ,
1334 3214 1387 3260 et
1410 3204 1682 3260 occidendi
1708 3204 1859 3259 labor
1878 3244 1895 3271 ,
1922 3211 1978 3259 et
2000 3204 2105 3258 cibi

531 3299 771 3369 capiendi
825 3306 1032 3367 tempus
1054 3339 1071 3364 ,
1102 3299 1307 3366 aliaque
1360 3298 1525 3351 multa
1549 3339 1563 3361 ,
1596 3296 1746 3349 militi
1796 3294 2103 3365 quiescendi

534 3399 844 3461 potestatem
877 3390 1111 3455 faciunt,
1142 3390 1213 3443 ita
1238 3398 1295 3442 ut
1319 3399 1636 3442 armaturam
1665 3403 1876 3441 omnem
1902 3401 2005 3440 cxu
2023 3395 2061 3439 tt
2082 3424 2100 3452 ,

534 3496 821 3552 parumque
860 3480 1121 3548 respiret,
1150 3494 1311 3548 seque
1341 3477 1457 3532 cibo
1500 3489 1731 3547 potaque
1760 3476 1960 3531 retieiat
1983 3518 1999 3541 ,
2041 3491 2105 3531 ac

533 3571 715 3626 multis
742 3570 860 3625 aliis
901 3570 1061 3625 rebus
1105 3570 1349 3639 pristinas
1379 3569 1516 3623 vires
1542 3577 1838 3638 recuperet.
1881 3567 1938 3621 In
1968 3568 2104 3623 bello

533 3673 709 3718 autem
752 3672 937 3717 contra
964 3663 1249 3732 malignum
1294 3662 1439 3715 illum
1480 3676 1766 3731 numquam
1811 3661 1933 3716 licet
1957 3675 2103 3715 arma

534 3769 732 3823 ponere
755 3794 769 3816 ,
814 3767 912 3808 nec
939 3766 1182 3808 somnum
1225 3765 1418 3819 capere
1458 3766 1576 3805 eum
1607 3752 1694 3820 qui
1724 3751 1851 3805 velit
1894 3764 2104 3819 semper

533 3844 893 3899 invulneratus
933 3858 1069 3899 esse.
1098 3844 1177 3898 Ex
1217 3842 1423 3897 duobus
1448 3843 1585 3895 enim
1615 3857 1773 3895 unum
1806 3842 2105 3896 neccSSario

534 3936 693 4005 eligat
716 3943 923 4006 oportet
946 3974 961 4002 ,
991 3944 1049 3989 ut
1071 3946 1162 3990 aut
1188 3934 1340 3989 cadat
1365 3945 1421 3990 et
1449 3944 1629 4003 pereat
1652 3934 1814 3990 armis
1840 3936 2062 3989 nudatus
2087 3975 2101 3998 ,

533 4038 623 4081 aut
666 4035 899 4081 armatus
944 4034 1050 4081 stet
1090 4027 1644 4096 vigiletqnesempcr.
1690 4025 1822 4080 Nam
1870 4026 1957 4080 ille
2000 4034 2106 4080 stat

537 4129 789 4189 perpetuo
813 4134 933 4174 cum
957 4119 1073 4174 acie
1099 4135 1215 4182 sua,
1233 4127 1467 4173 nostram
1490 4118 1765 4187 segnitiem
1792 4117 2101 4182 observans,

535 4208 809 4278 majusque
849 4208 1079 4264 studium
1107 4208 1170 4261 ad
1201 4216 1436 4262 nostram
1480 4206 1766 4277 perniciem
1807 4207 2063 4262 adhibens
2084 4247 2101 4273 ,

531 4316 689 4369 qnam
716 4316 813 4355 nos
836 4300 901 4356 ad
928 4301 1149 4356 salutem
1191 4307 1445 4354 nostram.
1474 4302 1553 4354 Ac
1580 4298 1719 4369 quod
1749 4313 1778 4351 a
1808 4298 1960 4351 nobis
1997 4312 2102 4352 non

533 4392 771 4448 videatur
792 4434 807 4458 ,
836 4393 1079 4462 quodque
1103 4392 1388 4461 derepente
1413 4391 1668 4460 irrumpat
1695 4389 1850 4461 (qua:
1875 4388 2104 4444 maxime

2095 624 2157 664 χ’.

1235 281 1290 338 S.
1331 276 1607 349 103$le
1645 274 2115 335 CliRYSOSTOSH
2152 272 2466 334 ARCHIEP.
2508 269 3021 329 CONSTANTINOP
3622 279 3709 336 σω

2197 394 2251 444 in
2277 403 2437 443 causa
2465 398 2588 442 sunt
2612 383 3073 442 innumerabilium
3100 384 3392 458 malorum),
3419 388 3466 444 id
3491 402 3618 449 certe
3637 394 3711 463 iis,

2197 480 2286 551 qui
2317 495 2422 533 non
2450 492 2660 547 semper
2686 476 2941 546 vigilant,
2970 476 3137 544 magis
3177 475 3384 533 dubium
3410 478 3552 549 hujus
3581 500 3713 554 quam

2198 572 2341 626 illius
2388 570 2509 625 belli
2560 578 2807 624 eventum
2854 567 3000 622 facit.
3055 567 3152 622 ilic
3201 567 3352 638 igitur
3402 586 3490 626 nos
3536 574 3716 631 volebas

2199 661 2395 716 milites
2420 659 2612 715 Christi
2639 658 2877 714 ducere?
2906 658 2975 712 At
3000 657 3101 712 hoc
3124 656 3304 713 fuisset
3344 659 3537 716 diabolo
3559 664 3716 721 ducem

2199 766 2318 805 esse
2338 790 2351 804 .
2372 765 2492 804 nam
2510 764 2630 806 cum
2657 750 2720 814 is,
2740 750 2827 820 qui
2847 749 3005 804 debet
3025 749 3157 804 alios
3182 749 3247 803 ad
3270 750 3456 806 bellum
3474 754 3716 823 instruere,

2199 841 2434 911 ipsisque
2478 855 2742 909 Imperare
2763 879 2781 906 ,
2811 839 3048 894 omnium
3076 840 3486 908 imperitissimus
3512 848 3724 900 mlirmis-

2200 932 2470 1001 simusque
2496 940 2579 984 est
2601 971 2616 996 ,
2645 931 2905 1001 imperitia
2948 945 3043 985 sua
3071 929 3398 989 concreditos
3429 932 3522 986 sibi
3560 935 3724 991 milites

2202 1021 2431 1091 prodens
2452 1061 2467 1086 ,
2500 1021 2708 1075 diabolo
2746 1022 2913 1090 magis
2936 1060 2951 1084 ,
2996 1035 3153 1090 quam
3178 1019 3385 1075 Christo
3408 1026 3582 1077 ducem
3618 1027 3722 1095 agit.

2200 1112 2280 1166 Tu
2332 1127 2458 1166 vero
2508 1109 2634 1183 quid
2690 1110 3029 1181 ingemiscis.
3078 1109 3205 1180 quid
3256 1110 3585 1183 lacrymaris?
3630 1115 3723 1171 Non

2200 1203 2342 1257 enim
2370 1219 2486 1272 (ιιιςυ
2513 1202 2579 1257 ad
2608 1218 2694 1257 me
2724 1203 2988 1271 pertinent
3013 1216 3154 1256 nunc
3181 1201 3423 1274 lacrymis
3444 1203 3585 1273 digna
3605 1218 3725 1273 sunt,

2201 1295 2297 1349 sed
2339 1294 2530 1363 gaudio
2555 1302 2627 1349 et»
2651 1293 2847 1348 itctitia.
2881 1291 3210 1349 BASILIUS.
3241 1295 3309 1347 At
3333 1308 3434 1348 non
3460 1295 3573 1349 item
3596 1312 3691 1351 mea
3709 1336 3724 1363 ,

2201 1384 2391 1454 inquit,
2406 1383 2502 1439 sed
2529 1384 2700 1453 potius
2716 1386 2979 1439 sexcentis
3007 1394 3129 1438 sunt
3157 1383 3313 1453 digna
3341 1384 3632 1452 planctibus.
3649 1385 3729 1440 Vix

2202 1476 2343 1531 enim
2395 1476 2651 1531 hactenus
2700 1474 3127 1529 animadvertere
3178 1473 3362 1543 potui,
3417 1473 3467 1529 in
3515 1484 3729 1543 quantum

2203 1570 2463 1623 malorum
2491 1583 2579 1623 me
2619 1567 2931 1636 conjeceris.
2972 1566 3243 1635 Siquidem
3271 1565 3388 1621 ideo
3426 1575 3475 1620 te
3496 1567 3729 1632 adierant,

2205 1668 2262 1713 ut
2286 1659 2411 1729 quid
2439 1658 2870 1723 criminatoribus
2900 1658 3003 1712 tuis
3029 1657 3157 1711 mihi
3186 1656 3593 1727 respondendum
3617 1666 3733 1713 esset

2203 1751 2501 1805 ediscerem
2533 1766 2546 1802 :
2581 1759 2635 1803 tu
2680 1765 2809 1804 vero
2854 1764 2940 1803 me
2983 1748 3207 1805 dimittis
3250 1764 3428 1803 curam
3473 1748 3616 1802 aliam
3654 1763 3731 1818 pro

2204 1842 2304 1896 alia
2334 1840 2593 1910 injicieus.
2622 1839 2737 1894 Non
2779 1839 2923 1894 enim
2944 1839 3055 1909 jam
3085 1838 3214 1893 mihi
3257 1854 3396 1893 cura:
3422 1849 3499 1893 est
3519 1838 3630 1909 quid
3652 1839 3734 1894 illis

2205 1947 2302 2002 pro
2329 1941 2380 1987 te
2406 1931 2756 2002 respondeam
2781 1970 2797 1996 ,
2826 1931 2920 1986 sed
2963 1946 3119 2000 quam
3163 1930 3233 1985 ad
3263 1932 3421 1986 Deum
3450 1930 3627 1997 parabo
3659 1945 3735 1997 pro

2206 2039 2292 2079 me
2320 2037 2524 2093 proque
2549 2023 2701 2079 tnalis
2727 2023 2859 2077 meis
2883 2021 3268 2077 defensionem.
3288 2021 3540 2075 Caeterum
3565 2030 3610 2074 te
3634 2034 3737 2087 rogo

2205 2124 2262 2171 et
2287 2115 2512 2170 obsecro
2534 2154 2550 2180 ,
2580 2115 2625 2168 si
2666 2129 2766 2184 qua
2798 2113 2891 2168 tibi
2936 2121 3021 2168 83'.
3049 2127 3232 2167 rerum
3280 2125 3509 2166 mearum
3535 2125 3676 2175 cura,
3701 2108 3739 2163 si

2204 2222 2307 2276 qua
2353 2207 2406 2260 in
2433 2205 2645 2260 Christo
2689 2205 2979 2259 consttlatio
3015 2204 3297 2276 (Philipp.
3340 2203 3396 2258 2.
3444 2204 3551 2273 i),
3579 2203 3618 2257 si
3655 2217 3738 2271 qua

2206 2298 2409 2353 viscera
2454 2306 2508 2352 et
2558 2297 3050 2351 eommiserationes
3093 2294 3342 2365 (etenim
3384 2292 3516 2349 nosti
3554 2306 3631 2347 tne
3671 2301 3739 2345 tua

2208 2387 2541 2456 potissimum
2556 2401 2717 2455 opera
2747 2385 2797 2440 in
2818 2385 2916 2439 hoc
2942 2386 3236 2454 periculum
3253 2385 3539 2452 conjectum
3556 2380 3737 2450 fuisse):

2206 2494 2422 2534 manum
2466 2479 2594 2532 mihi
2639 2478 2879 2548 porrigas
2900 2517 2915 2543 ,
2947 2478 3036 2532 illa
3077 2477 3271 2532 dicens
3298 2475 3619 2545 faciensque,
3645 2486 3740 2541 qua:

2206 2586 2306 2626 nos
2345 2568 2631 2626 emendare
2672 2568 2876 2639 possint
2907 2587 2920 2621 :
2954 2582 3022 2636 ne
3061 2567 3305 2622 animum
3335 2566 3576 2629 inducas,
3613 2571 3663 2616 ut
3689 2558 3743 2617 ad

2204 2662 2572 2719 brevissimum
2591 2674 2686 2716 nos
2703 2671 2907 2730 tempus
2921 2659 3164 2725 deseras;
3181 2660 3283 2715 sed
3302 2674 3439 2713 nunc
3454 2657 3605 2726 magis
3617 2668 3743 2723 quam

2207 2755 2352 2825 prius
2372 2767 2656 2808 commune
2680 2752 2751 2807 sit
2779 2751 2930 2806 nobis
2954 2750 3389 2805 contubernium.
3412 2742 3742 2804 CllRYSOS’l‘.

2205 2844 2321 2916 Ego
2363 2854 2537 2900 autem
2565 2844 2630 2898 ad
2667 2843 2783 2898 hsce
2806 2844 2966 2899 verba
3007 2842 3298 2898 subridens
3330 2860 3344 2898 :
3375 2843 3438 2897 Et
3464 2856 3558 2911 qua
3596 2840 3640 2895 in
3664 2853 3742 2902 re,

2206 2936 2442 3006 inquam,
2464 2935 2556 2989 tibi
2584 2934 2698 2989 usui
2726 2949 2845 2988 esse
2859 2934 3059 3005 possim
3086 2934 3137 2987 in
3165 2943 3315 2988 tanta
3342 2933 3428 2989 illa
3457 2931 3744 3002 negotiorum

2206 3025 2388 3080 mole?
2414 3024 2695 3085 Caeterum.
2726 3026 2847 3094 quia
2879 3023 2930 3079 id
2961 3024 3053 3078 tibi
3080 3024 3132 3078 in
3161 3036 3292 3080 voto
3315 3033 3415 3090 est,
3445 3023 3574 3078 bono
3597 3019 3745 3074 animo

2205 3127 2358 3180 esto,
2407 3131 2441 3171 ο
2487 3115 2738 3170 dilectum
2783 3115 2912 3170 mihi
2956 3123 3113 3184 eaput
3154 3131 3168 3169 :
3221 3130 3330 3186 quo
3371 3114 3507 3170 enim
3544 3121 3747 3181 tempore

2204 3221 2234 3261 a
2265 3208 2405 3263 curis
2450 3206 2751 3275 huiusmodi
2795 3206 2885 3261 tibi
2931 3207 3197 3275 respirare
3244 3206 3456 3269 licebit,
3485 3203 3632 3257 adero
3668 3199 3744 3254 tibi

2206 3305 2362 3366 teque
2389 3295 2741 3361 consolabor,
2787 3304 3039 3365 quantum
3069 3296 3122 3349 in
3165 3310 3260 3350 me
3301 3302 3404 3350 erit
3445 3294 3577 3347 nulla
3600 3291 3678 3347 tibi
3702 3290 3745 3343 in

2205 3404 2264 3443 re
2306 3387 2605 3443 defuturus.
2634 3387 2711 3441 Ad
2739 3388 2853 3441 hinc
2896 3386 2985 3441 ille
3006 3387 3174 3456 magis
3224 3387 3557 3457 illacrymans
3592 3379 3747 3450 surgit.

2207 3477 2321 3548 Ego
2375 3491 2503 3533 vero
2558 3477 2728 3531 virum
2781 3476 3129 3545 complexus,
3184 3485 3455 3546 caputque
3507 3468 3748 3527 deoscula-

2206 3577 2291 3625 tus
2314 3611 2330 3636 ,
2359 3570 2531 3640 ipsum
2557 3568 2752 3624 deduxi
2796 3568 3033 3622 hortatus
3056 3609 3072 3633 ,
3105 3578 3162 3622 ut
3206 3568 3351 3638 quod
3377 3566 3628 3621 acciderat
3661 3560 3751 3615 for.

2207 3666 2330 3718 titer
2373 3663 2573 3729 ferret,
2621 3661 2703 3715 his
2748 3661 2971 3716 verbis:
3003 3660 3284 3715 Fiduciam
3334 3661 3387 3714 in
3434 3658 3632 3714 Christo
3672 3653 3749 3708 ha-

2207 3756 2306 3811 beo
2339 3795 2354 3819 ,
2410 3756 2499 3825 qui
2544 3763 2596 3808 te
2642 3753 2854 3808 vocavit
2897 3752 3113 3821 suisque
3162 3752 3407 3821 praefecit
3448 3748 3626 3805 ovibus
3653 3787 3666 3808 ,
3711 3755 3753 3797 to

2206 3855 2406 3899 tantam
2450 3860 2518 3899 ex
2575 3844 2674 3899 hoc
2724 3843 3019 3897 ministerio
3060 3843 3448 3912 acquisiturum
3492 3838 3708 3893 tidnciam
3733 3869 3749 3896 ,

2206 3944 2265 3991 ut
2304 3951 2402 3991 nos
2444 3937 2531 3991 illa
2571 3936 2658 3993 die
2704 3936 3064 4007 periclitantes
3108 3935 3160 3990 in
3205 3946 3411 3991 mterna
3455 3924 3755 3988 tabernacula

2206 4028 2430 4097 recipias
2471 4028 2510 4082 ⁸.

2271 4271 2287 4333 ι
2324 4278 2370 4319 In
2396 4269 2489 4319 ille
2511 4266 2690 4333 addunt
2705 4261 2900 4333 quidam
2919 4264 3114 4333 codices
3139 4267 3285 4333 hanc
3304 4262 3385 4333 vel
3428 4260 3627 4333 sitniietn
3645 4254 3754 4333 figi:

2208 4318 2379 4391 stilum,
2402 4318 2558 4394 gratia
2582 4337 2625 4394 et
2648 4318 2978 4394 misericordia
3001 4328 3149 4394 nostri
3173 4325 3370 4394 benigni
3399 4324 3502 4384 Dei,
3519 4320 3594 4373 cui
3612 4318 3757 4382 clomi

2209 4380 2324 4454 etc"
2348 4380 2493 4457 quam
2511 4394 2558 4441 in
2582 4391 2677 4441 line
2702 4391 2999 4440 hontiliarum
3021 4391 3196 4452 passim
3220 4380 3462 4438 videmus.

543 4610 3749 4662 MW‘W‘

1439 4648 1770 4660 -—_—_

1801 4646 2142 4660 ﬂ

1177 4787 1256 4847 IN
1298 4785 1709 4849 HOMILIAM
1752 4787 1915 4848 CUM
1954 4785 2414 4849 PRESBYTER
2461 4784 2642 4846 FUIT
2683 4782 3159 4849 OBDINATUS.
3314 4758 3318 4762 Δ

597 4971 749 5029 lianc
805 4971 1036 5043 primam
1093 4968 1283 5026 habuit
1340 4969 1624 5024 homiliam
1681 4969 2109 5042 Cbrysostomus

527 5072 816 5135 postquam
870 5076 900 5114 a
935 5060 1195 5115 Flaviano
1230 5058 1535 5113 Antiochiae
1573 5058 1832 5129 episcopo
1880 5061 1934 5114 in
1975 5078 2100 5131 pre-

527 5157 806 5227 sbyterum
840 5153 1085 5209 adlectus
1111 5160 1166 5207 et
1194 5151 1483 5207 ordinatus
1534 5152 1657 5214 fuit,
1710 5152 1930 5207 ineunte
1956 5155 2106 5209 vide-

522 5247 650 5302 licet
686 5258 831 5301 anno
862 5242 1009 5311 586;
1059 5254 1300 5315 tuncque
1347 5245 1584 5314 primum
1627 5245 1943 5300 concionari
1996 5261 2108 5301 cte-

523 5337 648 5409 pit,
697 5353 825 5392 cum
885 5336 1163 5399 antehac,
1220 5344 1278 5389 ut
1326 5335 1442 5403 ipse
1506 5335 1617 5400 ait,
1673 5335 1778 5392 hoc
1843 5338 2108 5405 palaestrae

523 5444 698 5499 genus
756 5444 1034 5498 nunquam
1085 5427 1374 5498 attigisset.
1441 5426 1674 5492 Quando
1743 5442 1925 5483 autem
2005 5429 2110 5481 hoc

527 5520 765 5590 primum
827 5529 942 5574 tum
1019 5520 1387 5590 eloquentia,
1466 5531 1580 5575 tum
1653 5521 1934 5576 modestia:
1997 5534 2110 5574 suae

525 5609 799 5680 specimen
822 5610 989 5677 dedit,
1020 5610 1494 5675 adolescentulus,
1527 5610 1902 5681 μειρακίσκος,
1944 5620 2062 5667 erat
2088 5628 2102 5640 °

2211 4970 2317 5025 hoc
2349 4983 2545 5039 nempe
2586 4982 2645 5024 se
2676 4967 2900 5023 nomine
2932 4983 3042 5023 non
3092 4968 3263 5025 semei
3316 4971 3556 5041 appellat
3597 4969 3646 5023 in
3688 4965 3767 5019 hac

2212 5061 2472 5116 homilia:
2508 5075 2848 5131 quanquam,
2888 5060 2935 5116 si
2962 5060 3130 5117 ducto
3178 5062 3397 5119 calculo
3449 5076 3620 5117 annos
3665 5056 3767 5111 vitze

2210 5154 2359 5210 illius
2393 5169 2766 5218 numeremus,
2813 5164 2976 5209 natus
3006 5170 3151 5211 anno
3177 5171 3306 5210 cum
3335 5156 3643 5211 tardissime
3663 5140 3767 5207 537.

2210 5258 2270 5302 ιιι
2310 5248 2363 5302 in
2399 5246 2521 5301 Vita
2567 5247 2684 5316 ejus
2730 5247 2981 5318 pluribus
3021 5258 3531 5315 commonstratur,
3575 5244 3766 5301 ordina-

2209 5348 2408 5409 tusque
2474 5340 2759 5412 presbyter
2818 5340 3039 5396 ineunte
3100 5337 3249 5406 386',
3311 5336 3766 5411 quadragesimum

2209 5431 2430 5486 circiter
2461 5433 2638 5488 aetatis
2666 5441 2849 5504 ageret
2894 5448 3095 5486 almum
3127 5450 3141 5487 :
3178 5448 3355 5502 usque
3388 5432 3525 5487 adeo
3547 5426 3768 5499 explora.

2210 5531 2324 5577 tum
2360 5539 2481 5577 esse
2524 5522 2707 5587 debet,
2768 5536 2831 5579 ex
2882 5525 3196 5595 hujnsmodi
3245 5524 3454 5593 verbis,
3521 5518 3765 5594 puerulus.

2204 5612 2651 5681 adolescentulus,
2677 5622 2732 5673 ct
2769 5617 3010 5675 vicissim
3055 5630 3230 5685 senex,
3264 5630 3525 5673 extrema!
3547 5620 3762 5671 senectu-

3468 5803 3495 5825 Ν
