3944 6202
178 320 241 375 63!
1404 306 1494 363 DE
1531 306 1989 365 SACERDOTIO.
2032 306 2158 364 LIB.
2207 306 2289 361 Vl.

176 431 246 503 τήν
277 427 459 483 ἐκείνου
503 423 815 499 παράταξιν
864 424 961 478 ml
1008 423 1102 477 τὸν
1154 422 1292 496 πρὸς
1348 424 1501 495 ἡμᾶς
1556 423 1794 496 πόλεμον

173 513 540 587 ὀφθαλμοφανῶς
575 514 704 568 ίδεῖν
727 551 744 577 ,
777 508 918 576 εἶδες
957 510 1025 566 ἂν
1055 512 1117 566 οὐ
1158 511 1496 585 χειμάρρους
1524 513 1790 584 αἱμάτων.

172 605 261 658 οὐδὲ
281 601 482 672 σώματα
510 600 703 673 νεκρά,
739 598 876 654 ἀλλά
909 598 1095 671 ψυχῶν
1126 597 1398 669 πτώματα
1418 598 1676 661 τοσαῦτα,
1702 600 1796 653 καὶ

171 690 402 766 τραύματα
434 688 577 743 οὕτω
605 688 821 761 χαλεπὰ
841 727 857 751 ,
893 688 969 751 ὡς
998 687 1217 742 ἃπασαν
1265 688 1482 760 ἐκείνην
1516 686 1610 742 τοῦ
1638 687 1797 741 πολέ-

171 798 248 851 μου
268 780 349 850 τὴν
376 777 699 849 ὑπογραφὴν
720 816 737 840 ,
765 777 833 848 ἢν
882 777 1008 848 ἄρτι
1037 775 1253 849 διῆλθον
1283 775 1421 847 πρὸς
1470 775 1553 841 σὲ,
1589 775 1796 830 παίδων

166 869 291 923 τινῶν
313 880 334 908 ι
360 866 649 939 ἀθύρματα
682 861 822 919 εἶναι
860 865 1102 936 νομίσαι,
1134 866 1229 919 ml
1272 865 1495 919 παιδιὰν
1529 865 1728 936 μᾶλλον
1759 865 1793 936 ἢ

169 960 379 1030 πόλεμονο
421 955 671 1010 τοσοῦτοι
721 957 769 1010 oi
816 954 939 1009 καθ’
987 955 1226 1031 ἑκάστην
1276 954 1644 1025 πληττόμενοι
1696 953 1795 1025 τὴν

166 1048 349 1118 ἡμέραν.
375 1043 455 1097 Τά
503 1043 560 1097 δὲ
589 1042 887 1115 τραύματα
913 1042 1014 1095 οὐκ
1051 1042 1174 1113 ἴσην
1218 1040 1514 1113 ἐργάζεται
1562 1042 1662 1111 τὴν
1708 1040 1797 1094 νέ-

167 1152 343 1202 κρωσιν,
369 1133 484 1186 ἀλλ’
514 1132 639 1186 ὅσον
670 1131 848 1203 ψυχῆς
879 1131 976 1184 καὶ
1009 1130 1263 1196 σώματος
1289 1130 1352 1182 τὸ
1379 1128 1570 1201 μέσον,
1602 1128 1796 1181 τοσοῦ-

165 1242 232 1276 τον
255 1222 451 1291 ἐκείνης
485 1221 579 1274 ml
631 1219 835 1287 ταύτης
867 1218 929 1271 τὸ
960 1218 1236 1287 διάφορον.
1266 1217 1439 1271 Ὅταν
1494 1216 1602 1288 γὰρ
1652 1216 1797 1289 λάϐῃ

166 1314 237 1384 τήν
261 1311 458 1383 πληγὴν
493 1311 526 1382 ή
558 1310 708 1381 ψυχὴ
760 1309 856 1362 καὶ
900 1307 1042 1379 πέσῃ
1066 1346 1081 1371 ,
1129 1307 1191 1361 οὐ
1226 1308 1406 1360 κεῖται
1452 1305 1708 1376 καθάπερ
1736 1305 1798 1358 τὸ

166 1401 284 1471 σῶμα
312 1398 721 1469 ἀνεπαισθήτως
743 1437 759 1461 ,
812 1395 950 1450 ἀλλά
994 1394 1341 1465 βασανίζεται
1398 1394 1495 1465 μὲν
1545 1393 1797 1447 ἐντεῦθεν

162 1490 237 1558 ήδη
259 1491 317 1559 τῇ
353 1487 569 1558 πονηρᾷ
615 1484 920 1555 συνειδήσει
951 1482 1233 1554 τηκομένη
1257 1498 1271 1512 ⁸
1311 1482 1451 1553 μετὰ
1493 1481 1552 1534 δὲ
1583 1481 1683 1553 τὴν
1711 1482 1798 1534 ἐν-

163 1577 275 1631 θένδε
301 1575 641 1646 ἀπαλλαγὴν,
680 1573 823 1628 κατά
849 1572 942 1625 τὸν
969 1571 1072 1642 τῆς
1104 1570 1342 1642 κρίσεως
1374 1568 1569 1639 καιρὸν
1596 1566 1799 1622 ἀθανά-

158 1682 215 1733 τῳ
238 1664 568 1735 παραδίδοται
590 1659 853 1733 τιμωρίᾳ.
885 1661 949 1714 El
977 1659 1035 1713 δέ
1063 1676 1148 1723 τις
1172 1658 1495 1729 ἀναλγήτως
1526 1656 1639 1726 ἔχοι
1660 1654 1798 1726 πρὸς

159 1754 233 1815 τὰς
254 1750 330 1805 τοῦ
362 1752 614 1806 διαϐόλου
648 1750 864 1822 πληγὰς
884 1790 898 1812 ,
935 1747 1118 1820 μεῖζον
1153 1745 1261 1800 ὑπὸ
1298 1746 1400 1816 τῆς
1437 1743 1799 1813 ἀναισθησίας

157 1841 310 1911 ἐκείνῳ
338 1841 550 1908 γίνεται
579 1840 639 1892 τὸ
671 1838 876 1892 δεινόν’
917 1837 946 1888 6
976 1834 1086 1906 γὰρ
1120 1833 1213 1888 ἐπὶ
1241 1835 1306 1905 τῇ
1344 1831 1588 1904 προτέρᾳ
1614 1830 1796 1902 πληγῇ

162 1930 217 2001 μή
235 1930 460 1999 δηχθεὶς,
496 1928 736 1991 εὐκόλως
778 1925 993 1996 δέχεται
1033 1923 1062 1964 δ
1093 1923 1189 1976 ml
1218 1921 1506 1993 δευτέραν,
1537 1921 1632 1973 ml
1680 1920 1798 1990 μετ’

157 2019 326 2089 ἐκείνην
370 2017 596 2089 ἑτέραν.
629 2016 705 2070 Οὐ
755 2015 865 2085 γάρ
909 2012 1262 2085 διαλιμπάνει
1305 2010 1466 2082 μέχρι
1514 2007 1666 2083 [455]
1708 2010 1801 2061 ml

156 2106 230 2174 τῆς
251 2106 469 2177 ἐσχάτης
500 2104 777 2175 ἀναπνοῆς
816 2102 993 2157 παίων
1019 2104 1048 2155 6
1080 2100 1278 2174 μιαρὸς
1303 2138 1318 2163 ,
1357 2099 1486 2152 ὅταν
1517 2095 1656 2168 εῦρῃ
1699 2096 1801 2166 ψυ-

155 2194 233 2263 χὴν
260 2194 467 2259 ὑπτίαν,
499 2194 595 2248 καὶ
619 2193 731 2246 τῶν
757 2191 1041 2264 προτέρων
1070 2186 1521 2259 καταφρονοῦσαν
1550 2184 1796 2257 πληγῶν.

155 2282 203 2332 Ei
230 2282 277 2333 δὲ
305 2282 389 2335 καὶ
430 2283 539 2353 τῆς
584 2280 862 2352 συμϐολῆς
906 2279 999 2333 τὸν
1028 2278 1232 2348 τρόπον
1260 2274 1536 2341 ἐξετάζειν
1574 2273 1798 2336 ἐθέλοις,

157 2370 260 2422 πολὺ
289 2371 490 2442 ταύτην
521 2382 544 2410 ε
578 2369 947 2442 σφοδροτέραν
988 2368 1084 2421 καὶ
1118 2364 1519 2435 ποικιλωτέραν
1548 2363 1683 2426 ίδοις
1712 2362 1797 2418 ἄν.

155 2456 263 2511 Οετε
302 2460 400 2531 γὰρ
448 2458 668 2527 κλοπῆς
717 2456 811 2511 ml
841 2456 993 2510 δόλου
1019 2453 1289 2517 τοσαύτας
1322 2468 1408 2514 τις
1441 2447 1582 2504 οἶδεν
1625 2449 1799 2514 ἰδέας,

155 2545 257 2609 ὅσας
279 2549 479 2612 ἐκεῖνος
517 2549 547 2601 6
577 2547 771 2619 μιαρός
794 2563 809 2576 ·
836 2543 1012 2618 ταύτῃ
1048 2542 1180 2613 γοῦν
1222 2540 1324 2612 τὴν
1351 2539 1571 2593 πλείονα
1604 2539 1803 2608 κέκτη-

152 2650 221 2686 ται
246 2635 461 2707 δύναμιν
491 2622 527 2668 ·’
549 2635 678 2690 οὔτε
724 2634 926 2707 ἐχοραν
958 2650 1046 2696 τις
1078 2629 1252 2694 οὕτως
1286 2629 1597 2701 ἀκήρυκτον
1644 2626 1803 2681 δύνα-

152 2738 220 2774 ται
237 2722 260 2762 δ
285 2724 420 2794 ἔχειν
460 2725 604 2797 πρὸς
628 2726 757 2789 τοὺς
793 2724 933 2793 ἄγαν
961 2718 1410 2792 πολεμιωτάτους
1441 2716 1589 2787 αὐτῷ
1617 2757 1640 2787 ,ο
1668 2717 1802 2786 ὅσην

151 2811 259 2880 πρὸς
285 2813 374 2895 τήν
402 2814 763 2886 ἀνθρωπείαν
792 2811 956 2883 φύσιν
996 2812 1025 2864 6
1058 2808 1295 2881 πονηρὸς
1322 2807 1533 2877 δαίμων
1570 2805 1799 2868 ἐκεῖνος.

149 2900 237 2953 Καὶ
259 2890 699 2975 τὴνπροθυμίαν
726 2901 785 2955 δὲ
816 2900 871 2954 εί
886 2915 972 2962 τις
1004 2896 1274 2962 ἐξετάζοι,
1320 2894 1439 2966 μεθ’
1464 2890 1533 2967 ἦς
1570 2892 1803 2964 μάχεται

147 2988 352 3059 ἐκεῖνος,
402 2990 726 3064 ἀνθρώποις
779 2988 878 3060 μὲν
912 2985 1145 3041 ἐνταῦθα
1175 2985 1269 3038 ml
1320 2983 1529 3052 γελοῖον
1574 2980 1804 3052 περιϐα-

146 3076 235 3131 λεῖν
256 3096 268 3109 ·
290 3083 334 3135 εί
355 3082 412 3135 δέ
443 3098 535 3145 τις
576 3079 646 3134 τὰ
684 3076 1029 3151 όργιλώτατα
1054 3074 1151 3129 καὶ
1182 3071 1533 3143 ἀπηνέστατα
1562 3070 1671 3122 τῶν
1704 3068 1804 3137 θη-

148 3168 256 3238 ρέων
292 3169 658 3239 ἐκλεξάμενος
705 3164 1037 3221 ἀντιτιθέναι
1085 3161 1227 3217 θέλοι
1260 3163 1328 3233 τῇ
1385 3158 1577 3213 τούτου
1615 3157 1799 3229 μανίᾳ,

146 3258 390 3327 πραότατα
418 3260 559 3312 ὄντα,
591 3256 686 3311 καὶ
708 3252 1042 3327 ἡμερώτατα
1071 3252 1298 3323 εὑρήσει
1330 3251 1396 3320 τῇ
1424 3246 1710 3320 παραϐολῇ
1738 3258 1761 3286 ο
1786 3260 1801 3275 ·

146 3347 366 3401 τοσοῦτον
395 3342 563 3410 οὗτος
589 3347 713 3398 πνεῖ
742 3343 936 3414 θυμὸν,
968 3343 1090 3404 ταῖς
1119 3338 1418 3411 ἡμετέραις
1447 3335 1805 3409 προσϐάλλων

144 3433 329 3504 ψυχαῖς.
362 3437 483 3491 Καὶ
503 3435 533 3487 ὁ
559 3435 659 3505 τῆς
693 3432 872 3503 μάχης
892 3430 950 3484 δὲ
966 3429 1158 3501 χρόνος
1182 3425 1418 3481 ἐνταῦθα
1453 3425 1551 3497 μὲν
1575 3424 1802 3497 βραχὺς,

146 3523 222 3574 καὶ
245 3526 296 3575 ἐν
326 3524 400 3595 τῷ
423 3523 628 3595 βραχεῖ
655 3521 714 3574 δὲ
750 3519 900 3590 αὐτῷ
930 3517 1122 3571 πολλαὶ
1149 3517 1205 3569 αἱ
1238 3513 1540 3584 ἀνακωχαί.
1564 3514 1674 3567 Καὶ
1695 3512 1805 3583 γὰρ

144 3612 222 3664 καί
264 3612 354 3678 νὺξ
399 3609 715 3665 ἐπελθοῦσα
740 3653 754 3674 ,
786 3609 879 3663 καὶ
910 3609 940 3662 ό
982 3606 1077 3660 τοῦ
1126 3603 1354 3675 σφάζειν
1400 3603 1678 3672 κάματος,
1710 3603 1806 3670 ml

143 3700 317 3769 τροφῆς
339 3699 539 3771 καιρὸς
558 3739 575 3763 ,
607 3698 703 3752 καὶ
730 3695 902 3749 πολλά
933 3693 1098 3765 ἔτερα
1132 3690 1487 3747 διαναπαύειν
1518 3688 1609 3742 τὸν
1646 3704 1808 3760 στρα-

139 3786 312 3857 τιώτην
337 3789 613 3859 πέφυκεν,
647 3786 724 3848 ώς
750 3786 844 3838 ml
886 3782 1153 3837 ἀποδῦναι
1186 3780 1286 3852 τήν
1317 3775 1682 3847 παντευχίαν,
1711 3776 1808 3828 ml

142 3875 458 3931 ἀναπνεῦσαι
494 3875 515 3915 τ
550 3874 783 3946 μικρὸν,
819 3872 913 3926 ml
941 3872 1075 3941 σίτῳ
1128 3868 1225 3922 καὶ
1272 3866 1422 3937 ποτῷ
1470 3860 1805 3934 καταψύξαι,

139 3964 222 4017 καί
260 3966 466 4037 ἑτέροις
518 3962 735 4026 πολλοῖς
765 3960 862 4032 τὴν
893 3958 1166 4031 προτέραν
1193 3951 1607 4025 ἀνακτήσασθαι
1648 3950 1810 4004 δύνα-

142 4069 241 4120 μιν.
278 4055 402 4108 Ἐπὶ
424 4054 489 4108 δὲ
518 4050 616 4106 τοῦ
648 4048 886 4122 πονηροῦ
932 4048 1035 4101 οὐκ
1059 4045 1175 4099 ἐστι
1199 4043 1270 4097 τὰ
1296 4042 1435 4096 ὅπλα
1474 4038 1809 4094 καταθέσθαι

140 4141 273 4205 ποτὲ,
300 4144 401 4197 οὐκ
431 4143 588 4196 ἐστιν
620 4139 787 4193 ῦπνον
819 4136 1058 4209 ἄρασθαι
1100 4134 1190 4188 τὸν
1219 4131 1543 4203 βουλόμενον
1566 4129 1810 4201 ἄτρωτον

141 4229 303 4297 μένειν
333 4230 655 4295 διαπαντός.
687 4228 930 4296 ’Δνάγκη
953 4224 1062 4296 γὰρ
1098 4222 1244 4276 δυοῖν
1282 4219 1531 4289 θάτερον,
1566 4218 1810 4289 ήπεσεῖν

192 4391 216 4419 ⁸
236 4390 384 4442 επιι.
424 4399 481 4442 et
520 4392 714 4453 aliquot
749 4382 1221 4453 ωσι-παίδωντινά,
1247 4380 1423 4431 Morel.
1447 4385 1500 4428 et
1523 4378 1605 4427 alii
1627 4377 1810 4425 παίδων

136 4455 282 4500 τινῶν.
309 4454 502 4503 Ibidem
529 4447 658 4502 unus
682 4453 765 4500 καὶ
789 4450 986 4511 παίγνια
1010 4447 1205 4511 μᾶλλον.

192 4513 221 4552 δ
241 4516 385 4578 Sain.
409 4524 468 4564 et
485 4516 570 4565 alii
593 4516 801 4578 δέχεται,
823 4510 994 4561 nerei.
1019 4510 1215 4564 δέξεται.

194 4578 219 4636 ἒ
248 4576 342 4625 Alii
359 4580 551 4636 ταύτης.

195 4635 221 4677 4
252 4638 347 4687 Alii
371 4641 643 4698 δυνήσεται.

199 4711 223 4739 ο
245 4700 337 4750 Alii
360 4701 408 4749 ἐν
422 4699 685 4813 τέεπαραϐ.
847 4755 872 4767 _
1359 4751 1372 4764 ο

199 4759 344 4813 fuit
370 4770 427 4813 et
516 4766 601 4812 vit.
625 4762 982 4813 διαναπνευσαι,
1013 4760 1067 4806 et
1088 4764 1200 4803 mox
1222 4752 1372 4813 ἀναψυ

192 4759 219 4806 ι
241 4761 344 4814 Alit
370 4770 427 4813 et
445 4751 601 4813 gavit.
625 4755 982 4817 διαναπνεῦσαι,
1013 4760 1067 4806 et
1088 4764 1200 4803 mox
1222 4751 1470 4815 ἀναψῦξαι.

3468 310 3577 367 692

1896 424 1990 478 ml
2020 421 2316 478 ἀπολέσθαι
2357 420 2745 493 γυμνωθέντα,
2781 422 2814 493 ἢ
2844 422 2932 476 διά
2965 425 3167 491 παντὸς
3191 423 3580 497 καθωπλισμέ-

1895 531 1984 568 νον
2016 511 2228 567 έστῶτα
2260 511 2289 554 ε
2326 510 2421 564 ml
2473 510 2814 582 ἐγρηγορότα
2864 508 3027 568 εἶναι.
3066 515 3177 569 Καὶ
3208 515 3319 587 γὰρ
3371 515 3579 578 ἐκεῖνος

1894 600 2187 664 διαπαντὸς
2241 599 2439 671 ἔστηκε
2487 598 2628 669 μετὰ
2679 600 2779 671 τῆς
2830 599 2996 654 αὐτοῦ
3056 602 3449 674 παρατάξεως,
3478 602 3580 667 τὰς

1894 689 2175 760 ἡμετέρας
2224 687 2495 759 ῥᾳθυμίας
2542 685 2878 759 παρατηρῶν
2904 728 2919 752 ,
2960 687 3183 745 πλείονά
3218 707 3278 744 τε
3309 692 3579 763 εἰσφέρων

1898 780 2135 852 σπουδὴν
2166 782 2241 843 είς
2283 779 2382 851 τὴν
2410 778 2688 851 ἡμετέραν
2734 778 3012 834 ἀπώλειαν
3034 822 3048 845 ,
3078 780 3111 851 ἢ
3157 782 3238 845 είς
3271 780 3369 852 τήν
3401 798 3582 853 σωτη-

1902 870 2021 941 ρίαν
2050 870 2212 940 ήμεῖς
2258 867 2358 937 τὴν
2406 866 2639 921 ἑαυτῶν.
2668 868 2779 921 Καὶ
2809 867 2871 921 τὸ
2916 868 2991 939 μὴ
3034 868 3267 939 δρᾶσθαι
3307 869 3365 923 δὲ
3414 869 3578 925 αὐτὸν

1899 957 1989 1027 ὑφ’
2013 955 2193 1027 ἡμῶν,
2220 954 2315 1010 ml
2349 954 2412 1008 τὸ
2453 953 2714 1027 ἐξαπίνης
2741 954 3079 1011 ἐπιτίθεσθαι
3114 956 3173 1027 (ἀ
3203 956 3439 1028 μάλιστα
3467 957 3579 1013 τῶν

1902 1046 2111 1118 μυρίων
2136 1046 2282 1099 ἐστὶν
2310 1043 2461 1097 αἴτια
2494 1043 2699 1113 κακῶν)
2732 1047 2843 1107 τοῖς
2869 1045 2968 1099 οῦκ
2997 1045 3328 1118 ἐγρηγορόσι
3353 1047 3579 1101 διαπαν-

1896 1135 1988 1197 τὸς
2016 1134 2149 1187 πολὺ
2180 1132 2370 1186 τοῦτον
2404 1130 2756 1203 ἀπορώτερον
2780 1132 2987 1186 ἐκείνου
3029 1132 3271 1187 δείκνυσι
3299 1133 3390 1187 τὸν
3417 1134 3579 1188 πόλε-

1902 1238 2020 1293 μον.
2046 1221 2316 1276 Ἐνταῦθα
2361 1217 2454 1275 οῦν
2497 1222 2648 1292 ἡμᾶς
2681 1219 2873 1291 ήθελες
2918 1224 3244 1292 στρατηγεῖν
3271 1225 3384 1286 τοῖς
3411 1238 3581 1294 στρα-

1895 1310 2119 1374 τιώταις
2148 1308 2245 1364 τοῦ
2266 1308 2540 1381 Χριστοῦ;
2578 1306 2743 1361 Ἀλλὰ
2774 1307 2851 1379 τῷ
2879 1307 3113 1379 διαϐόλῳ
3141 1309 3300 1364 τοῦτο
3320 1306 3387 1383 ἦν
3416 1327 3581 1382 στρα-

1897 1404 2103 1472 τηγεῖν.
2154 1401 2321 1453 Ὅταν
2371 1397 2478 1472 γάρ
2532 1399 2561 1451 ὁ
2597 1396 2905 1452 διατάττειν
2956 1398 3050 1451 ml
3085 1399 3400 1470 διακοσμεῖν
3451 1399 3583 1463 τοὺς

1897 1489 2120 1553 λοιποὺς
2142 1487 2398 1558 ὀφείλων,
2430 1487 2650 1541 πάντων
2678 1488 3038 1559 ἀπειρότατος
3066 1489 3161 1542 καὶ
3185 1489 3581 1548 ἀσθενέστατος

1896 1576 1963 1653 ᾖ,
1999 1579 2232 1651 προδοὺς
2273 1576 2378 1631 ὑπὸ
2425 1575 2526 1645 τῆς
2571 1574 2829 1643 ἀπειρίας
2876 1576 3003 1634 τοῦς
3049 1577 3474 1638 πιστευθέντας,
3503 1576 3582 1629 τῶ

1899 1666 2132 1738 διαϐόλῳ
2186 1665 2384 1735 μᾶλλον
2436 1664 2841 1736 ἐστρατήγησεν
2885 1664 2920 1735 ἢ
2947 1662 3026 1734 τῷ
3069 1662 3310 1736 Χριστῷ.
3344 1663 3501 1717 Ἀλλά
3530 1670 3581 1717 τί

1902 1755 2111 1819 στένεις
2133 1796 2147 1819 ,
2182 1753 2236 1806 τί
2268 1750 2525 1823 δακρύεις
2549 1766 2564 1816 ;
2591 1752 2652 1803 ού
2679 1751 2787 1823 γάρ
2820 1749 3036 1821 θρήνων
3076 1751 3202 1816 ἄξια
3242 1750 3310 1804 τὰ
3331 1753 3451 1804 κατ’
3482 1749 3583 1821 ἐμὲ

1900 1842 2018 1908 νῦν,
2044 1841 2158 1896 ἀλλ’
2184 1838 2527 1912 εὐφροσύνης
2546 1838 2640 1892 ml
2670 1839 2865 1911 χαρᾶς.
2896 1838 3274 1892 ΒΑΣΙΛΕΙΟΣ.
3297 1837 3438 1892 Ἀλλ’
3463 1837 3585 1909 οὐχὶ

1902 1932 1995 1984 καί
2032 1930 2102 1984 τὰ
2128 1929 2258 2000 ἐμά,
2292 1927 2478 1999 φησὶν,
2520 1925 2657 1980 ἀλλά
2686 1925 2895 1997 μυρίων
2925 1924 3052 1991 ἄξια
3083 1926 3258 1980 ταῦτα
3286 1926 3535 1981 κοπετῶν
3568 1944 3580 1956 ·

1902 2017 1997 2071 νῦν
2023 2017 2132 2089 γάρ
2165 2015 2319 2087 μόλις
2346 2013 2620 2085 ἠδυνήθην
2651 2013 2881 2066 συνιδεῖν
2911 2008 2968 2067 οἷ
2993 2012 3102 2066 τῶν
3131 2012 3316 2067 κακῶν
3350 2030 3418 2085 με
3447 2014 3586 2086 ἤγα-

1901 2121 2018 2174 γες,
2050 2102 2193 2172 Ἐγὼ
2219 2103 2319 2175 μὲν
2365 2102 2475 2173 γὰρ
2507 2100 2757 2172 εἰσῆλθον
2788 2100 2924 2171 πρὸς
2981 2100 3080 2165 σὲ,
3131 2101 3160 2154 ὅ
3200 2118 3252 2153 τι
3288 2099 3416 2154 ποτὲ
3445 2101 3586 2172 ὑπὲρ

1905 2195 2000 2248 σοῦ
2053 2193 2190 2264 πρὸς
2239 2193 2367 2256 τοὺς
2425 2190 2791 2260 ἐγκαλοῦντας
2843 2188 3298 2260 ἀπολογήσομαι,
3333 2188 3586 2261 δεόμενος

1907 2281 2132 2353 μαθεῖν·
2169 2282 2234 2334 σὺ
2279 2279 2339 2333 δέ
2376 2297 2446 2352 με
2478 2279 2786 2350 ἐκπέμπεις
2818 2278 3012 2349 ἑτέραν
3041 2278 3157 2332 ἀνθ’
3190 2277 3384 2349 ἐτέρας
3429 2296 3588 2351 φρον-

1902 2371 2024 2425 τίδα
2063 2369 2259 2433 ἐνθείς.
2293 2369 2368 2422 Οὐ
2397 2367 2508 2439 γὰρ
2555 2367 2635 2421 ἔτι
2671 2384 2761 2438 μοι
2807 2367 3029 2437 μέλλει,
3056 2366 3110 2420 τί
3158 2365 3296 2437 πρὸς
3341 2366 3587 2430 ἐκείνους

1905 2460 2045 2531 ὑπὲρ
2075 2459 2193 2522 σοῦ,
2230 2456 2366 2512 άλλά
2400 2456 2453 2509 τί
2484 2455 2620 2528 πρὸς
2640 2455 2731 2509 τὸν
2752 2454 2885 2509 Θεὸν
2919 2456 3059 2525 ὑπὲρ
3084 2454 3324 2527 ἐμαυτοῦ
3354 2457 3451 2509 καὶ
3475 2454 3586 2508 τῶν

1904 2548 2054 2619 ἐμῶν
2085 2547 2500 2618 ἀπολογήσομαι
2530 2544 2738 2599 κακῶν.
2767 2544 2915 2615 Πλὴν
2945 2543 3085 2598 ἀλλά
3123 2542 3219 2598 σοῦ
3269 2542 3463 2616 δέομαι
3491 2545 3587 2597 ml

1903 2636 2171 2693 ἀντιϐολῶ
2192 2680 2208 2705 ,
2242 2638 2374 2691 εἴτι
2414 2654 2498 2691 σοι
2527 2636 2679 2708 μέλει
2707 2634 2817 2689 τῶν
2850 2635 3024 2705 ἐμῶν,
3059 2634 3115 2689 εί
3133 2652 3220 2699 τις
3242 2635 3588 2706 παράκλησις

1904 2728 1961 2781 ἐν
1986 2726 2239 2800 Χριστῷ,
2270 2725 2390 2780 εἴτι
2417 2723 2762 2797 παραμύθιον
2792 2724 3015 2796 ἀγάπης
3039 2763 3054 2785 .
3078 2723 3133 2777 εί
3154 2740 3277 2777 τινα
3303 2723 3590 2795 σπλάγχνα

1904 2816 2001 2868 ml
2028 2812 2301 2887 οἰκτιρμοί
2334 2811 2451 2884 (καὶ
2487 2811 2595 2884 γὰρ
2649 2808 2827 2875 οἶδας,
2856 2811 2939 2864 ὅτι
2984 2827 3050 2881 με
3105 2809 3341 2882 μάλιστα
3367 2811 3589 2865 πάντων

1906 2903 2069 2966 αὐτὸς
2116 2903 2196 2965 είς
2240 2900 2431 2955 τοῦτον
2477 2899 2571 2953 τὸν
2603 2898 2846 2953 κίνδυνον
2889 2899 3157 2971 ήγαγες),
3186 2902 3346 2971 χεῖρα
3374 2898 3587 2971 ὄρεξον,

1905 2990 2001 3044 ml
2022 2990 2196 3058 λέγων
2236 2989 2330 3043 ml
2359 2988 2615 3061 πράττων
2649 2985 2801 3060 [636]
2841 2986 2911 3040 τά
2938 2988 3214 3057 δυνάμενα
3241 2989 3389 3059 ἡμᾶς
3426 2988 3585 3058 ἀνορ-

1906 3077 2034 3132 θοῦν
2053 3093 2067 3106 ⁸
2099 3077 2235 3148 μηδέ
2261 3077 2470 3147 ἀνάσχῃ
2501 3075 2637 3147 πρὸς
2666 3073 2798 3143 γοῦν
2823 3075 2886 3127 τὸ
2912 3074 3252 3146 βραχύτατον
3270 3076 3421 3147 ἡμᾶς
3451 3074 3591 3128 ἀποο

1905 3166 2085 3220 λιπεῖν
2104 3206 2120 3232 ,
2173 3163 2311 3218 ἀλλά
2338 3163 2434 3218 νῦν
2492 3161 2691 3234 μᾶλλον
2720 3162 2754 3234 ή
2786 3161 3052 3233 πρότερον
3101 3160 3287 3225 κοινάς
3314 3160 3585 3215 ποιεῖσθαι

1903 3252 2005 3319 τὰς
2032 3251 2337 3325 διατριϐάς.
2378 3250 2717 3306 ΧΡΥΣΟΣΤ.
2751 3248 2895 3320 Ἐγὼ
2926 3250 2985 3305 δὲ
3029 3249 3348 3321 μειδιάσας,
3390 3248 3499 3303 Καὶ
3534 3249 3589 3303 τί

1908 3342 2305 3418 συμϐαλέσθαι,
2330 3342 2488 3413 ἔφην,
2523 3340 2578 3395 τί
2605 3340 2663 3394 δέ
2699 3358 2759 3394 σε
2785 3340 2978 3410 ὀνῆσαι
3000 3339 3304 3411 δυνήσομαι
3327 3337 3464 3407 πρὸς
3493 3355 3588 3391 το-

1908 3436 2098 3490 σοῦτον
2127 3432 2468 3506 πραγμάτων
2502 3430 2702 3499 6γκον;
2747 3430 2896 3500 Πλὴν
2934 3428 3050 3483 ἀλλ’
3080 3426 3267 3498 ἐπειδή
3310 3443 3394 3480 σοι
3429 3426 3590 3481 τοῦτο

1907 3524 2027 3595 ἡδὺ,
2060 3523 2274 3595 θάρρει,
2301 3514 2347 3574 ὦ
2376 3519 2506 3590 φίλη
2536 3517 2746 3591 κεφαλή
2771 3535 2786 3550 ·
2820 3517 2913 3571 τὸν
2934 3517 3041 3590 γὰρ
3061 3516 3255 3589 καιρὸν
3287 3515 3407 3570 καθ’
3430 3515 3489 3570 ὃν
3522 3514 3589 3569 ἂν

1907 3613 2003 3685 ἐξῇ
2028 3631 2111 3667 σοι
2135 3611 2243 3665 τῶν
2268 3608 2478 3664 ἐκεῖθεν
2502 3606 2798 3685 φροντίδων
2820 3607 3104 3670 ἀναπνεῖν,
3135 3604 3230 3659 ml
3253 3603 3587 3675 παρέσομαι.

1909 3682 2005 3756 ml
2056 3696 2425 3772 παρακαλέσω
2448 3736 2464 3761 ,
2507 3697 2603 3749 ml
2650 3682 2877 3756 τῶνέίς
2922 3691 3152 3763 δύναμιν
3183 3691 3282 3764 τὴν
3315 3690 3454 3764 ἐμὴν
3498 3691 3589 3744 ἐλ-
3626 3743 3653 3761 ,

1908 3788 2079 3860 λείψω
2105 3786 2131 3825 ι)
2162 3788 2335 3841 οὐδέν.
2359 3784 2485 3839 Ἐπὶ
2505 3782 2718 3847 τούτοις
2748 3781 2912 3835 πλέον
2932 3782 3139 3846 ἐκεῖνος
3179 3779 3459 3850 δακρύσας
3488 3781 3588 3834 ἀνο

1913 3881 2126 3933 ίσταται
2143 3893 2161 3911 ο
2189 3875 2301 3945 ἐγὼ
2327 3874 2385 3929 δέ
2415 3872 2563 3945 αύτῷ
2588 3869 2928 3944 περιχυθεὶς,
2958 3869 3053 3924 καὶ
3083 3868 3462 3940 καταφιλήσας
3489 3868 3589 3941 τὴν

1911 3965 2152 4037 κεφαλὴν
2175 4004 2193 4030 ,
2224 3950 2587 4034 προῦπεμπον
2607 4000 2622 4024 ,
2650 3956 2985 4034 παρακαλῶν
3020 3957 3284 4027 γενναίως
3315 3958 3502 4029 φέρειν
3528 3957 3591 4009 τὸ

1913 4051 2281 4126 συμϐεϐηκός.
2314 4048 2563 4105 Πιστεύω
2590 4048 2728 4120 γὰρ,
2753 4046 2913 4119 ἔφην,
2942 4045 3021 4117 τῷ
3047 4045 3338 4099 καλέσαντι
3370 4061 3429 4097 σε
3456 4043 3591 4114 Χρι-

1916 4142 2059 4214 στῷ,
2086 4143 2181 4196 ml
2204 4143 2319 4205 τοῖς
2351 4139 2503 4203 ίδίοις
2533 4138 2889 4206 ἐπιστήσαντι
2920 4133 3245 4205 προϐάτοις,
3270 4133 3352 4185 ὅτι
3387 4129 3589 4185 τοσαύ-

1910 4246 2011 4299 την
2034 4231 2099 4282 ἐκ
2123 4229 2223 4298 τῆς
2250 4226 2526 4289 διακονίας
2554 4223 2758 4293 ταύτης
2788 4222 2965 4292 κτήσῃ
2993 4220 3091 4290 τὴν
3124 4216 3438 4289 παρρησίαν
3457 4257 3471 4280 ,
3513 4216 3591 4281 ώς

1912 4318 2006 4372 καὶ
2050 4318 2197 4387 ήμᾶς
2237 4315 2380 4368 κατὰ
2422 4314 2521 4384 τὴν
2553 4310 2766 4382 ἡμέραν
2813 4308 3030 4379 ἐκείνην
3067 4303 3475 4369 κινδυνεύοντας
3508 4305 3591 4370 είς

1911 4406 2011 4476 τὴν
2041 4403 2259 4458 αίώνιόν
2293 4420 2387 4456 σου
2416 4398 2670 4466 δέξασθαι
2696 4396 2924 4466 σκηνήν.

1979 4494 2005 4532 ε
2031 4487 2127 4542 Alii
2147 4490 2359 4548 ἑστάναι,
2384 4489 2567 4537 omisso
2582 4499 2696 4535 mox
2721 4483 2858 4541 εἶναι,
2888 4488 2943 4548 et
2960 4484 3032 4533 sic
3053 4478 3206 4548 savii.

1979 4554 2008 4593 ιι
2031 4538 2135 4604 Elii
2153 4538 2379 4616 ἐλλείψεί.
2400 4550 2455 4599 1n
2469 4551 2576 4616 _ﬁne
2594 4548 2780 4616 addunt
2798 4538 2997 4616 quidam
3021 4543 3222 4616 codices
3242 4542 3369 4616 lianc
3399 4539 3503 4616 νει
3521 4538 3591 4613 si:

1912 4599 2403 4676 militi—clausulam,
2417 4612 2579 4676 χάριτι
2609 4609 2691 4658 καὶ
2725 4599 3095 4676 οἱκξιρμοῖς-τοῦ
3110 4604 3447 4676 ,φιλανθρώπου
3463 4599 3591 4675 Θεοῦ

1913 4679 2074 4742 ἡμῶν,
2100 4676 2141 4740 ᾧ
2162 4677 2331 4741 πρέπει
2354 4666 2608 4734 δόεᾶ,ἐιε.
2629 4683 2775 4735 quam
2801 4666 2967 4719 in'tiue
2992 4666 3300 4718 homiliarum
3322 4666 3499 4729 passim
3518 4666 3592 4713 vi-

1914 4745 2107 4791 demus.

240 4892 3487 4951 =_____———_=-—————————————————-—'————————'__———'——-_—__
840 4936 960 4945 ...-
1186 4936 1191 4943 ,
1358 4935 1363 4942 ,
1438 4934 1455 4942 _
1532 4934 1540 4941 _
1780 4932 1881 4941 ___
1966 4906 3487 4938 Μ

1663 5059 2065 5125 MONITUM.

218 5239 310 5300 tis.
346 5237 562 5294 nullam
603 5251 768 5310 posse
794 5229 1162 5297 chronologim
1201 5227 1468 5283 rationem
1514 5225 1661 5281 duci.
1691 5221 1811 5278 Jam

214 5348 356 5389 sane
377 5332 729 5388 ostendimus
751 5331 857 5383 hoc
882 5322 1232 5395 computandi
1290 5335 1461 5392 genus
1525 5330 1814 5390 aggressos

221 5426 376 5480 viros
406 5425 601 5481 doctos
666 5422 978 5493 frequenter
1043 5418 1230 5488 lapsos
1285 5426 1427 5468 esse.
1476 5408 1598 5465 Uno
1651 5408 1815 5464 verbo

220 5516 578 5585 concludam,
601 5526 890 5588 postquam
916 5512 1156 5567 vidimus
1178 5515 1406 5563 matrem
1433 5502 1813 5575 Clirysostomi

223 5612 313 5664 vix
343 5608 834 5681 quadragesimum
865 5606 1156 5676 septimum
1188 5601 1365 5656 aetatis
1399 5612 1601 5654 annum
1629 5611 1816 5653 emen-

216 5715 346 5757 sam
380 5717 451 5758 se
481 5712 635 5758 aetate
660 5708 1002 5772 provectam,
1029 5696 1428 5766 γεγηρακυῖαν,
1465 5699 1519 5746 et
1568 5690 1818 5761 sepulcro

224 5798 547 5866 proximam
582 5797 787 5859 dicere,
819 5803 872 5849 et
898 5794 1077 5864 ipsum
1107 5789 1561 5861 Chrysnstomum
1590 5785 1823 5857 quadra-

558 5916 831 5975 ΡΑΤῐιιιι..
873 5911 989 5971 Gn.
1028 5905 1307 5970 XLVIII.

3438 5158 3469 5185 ς

1922 5222 2202 5294 genarium
2230 5235 2288 5277 se
2324 5217 2716 5291 μειρακίσκον,
2745 5211 3026 5283 puerulum
3067 5208 3152 5263 vel
3194 5206 3489 5261 adolescen-

1920 5317 2133 5380 tulum,
2183 5313 2494 5385 appellare,
2551 5310 2619 5365 ab
2672 5306 2985 5379 huiusmodi
3040 5300 3299 5371 temporis
3350 5296 3491 5353 notis

1920 5422 2149 5477 prorsus
2175 5405 2550 5460 abstineamus
2578 5406 2809 5470 oportet.

1992 5498 2184 5556 Incerti
2206 5496 2490 5568 cujusdam
2528 5487 3026 5562 interpretationem
3057 5492 3141 5539 sat
3178 5488 3492 5538 accuratam

1920 5603 1975 5651 et
2003 5594 2327 5664 elegantem,
2357 5589 2565 5660 aliquot
2617 5594 2799 5642 tamen
2858 5584 2912 5638 in
2959 5578 3098 5635 locis
3151 5573 3494 5634 emendatam

1920 5689 2270 5745 retinuimus.

3113 5877 3182 5939 11
