3944 6202
207 258 298 318 695

1039 279 1294 349 SERMO,
1328 282 1469 339 CUM
1506 282 1915 341 PRESBYTER
1954 285 2114 344 FUIT
2152 285 2548 345 ORDINATUS

3326 287 3433 345 69’:

222 496 3417 524 "mm

950 752 1794 849 cuanosth
1906 758 2429 853 HOMILIA
2524 765 2557 852 ι
2613 745 2680 884 ⁸,

635 1030 764 1086 Cum
797 1033 1065 1100 presbyter
1090 1033 1190 1101 fuit
1219 1033 1518 1096 ordinatus,
1553 1034 1616 1086 de
1648 1050 1722 1099 sc,
1756 1051 1817 1087 ac
1842 1036 1907 1089 de
1934 1036 2191 1107 episcopo,
2229 1038 2390 1107 deque
2412 1039 2593 1109 populi
2623 1038 2981 1098 multitudine.

233 1522 285 1576 Ι.
316 1520 446 1576 Num
486 1535 615 1575 vera
651 1528 777 1577 sunt
807 1535 927 1590 qua
979 1519 1134 1575 nobis
1152 1518 1645 1573 accideruntinum
1664 1532 1754 1571 ro-

171 1616 275 1684 ipsa
316 1624 458 1684 gesta
503 1622 666 1676 sunt,
695 1628 794 1668 nec
816 1613 943 1668 falsi
970 1627 1173 1675 sumus.
1223 1626 1400 1680 neque
1437 1624 1563 1678 quso
1604 1621 1747 1663 nunc

173 1707 298 1761 ﬁunt
329 1715 448 1760 sunt
512 1721 619 1760 nox
656 1715 712 1759 et
753 1704 1099 1761 somnia?au
1154 1718 1282 1757 vere
1311 1704 1331 1734 ²
1372 1701 1491 1756 dies
1517 1708 1600 1755 cst
1626 1741 1643 1765 ,
1692 1708 1748 1754 ct

170 1800 436 1867 vigilamus
462 1798 694 1853 omnes?
728 1798 794 1853 Et
832 1798 951 1868 quis
979 1796 1163 1852 credat
1202 1794 1343 1864 quod
1370 1795 1422 1847 in
1445 1793 1537 1849 die
1559 1832 1575 1857 ,
1622 1806 1743 1850 cum

171 1889 323 1943 sobrii
345 1898 465 1943 sunt
514 1905 578 1943 ac
604 1888 824 1958 vigilant
854 1889 1141 1951 homines,
1187 1885 1501 1940 adolescens
1549 1883 1746 1938 inﬁma:

174 1980 324 2035 sortis
347 1991 398 2034 et
433 1981 676 2049 ahjectus
699 1981 763 2034 ad
797 1989 1001 2034 tantum
1017 1979 1293 2050 dignitatis
1324 1977 1588 2045 fastigium
1620 1975 1745 2033 sub-

176 2085 343 2129 vectus
381 2075 491 2129 sit?
531 2075 665 2130 Nam
709 2085 866 2131 nocte
903 2075 1031 2130 talia
1077 2073 1319 2128 accidere
1364 2072 1500 2127 nihil
1542 2071 1613 2125 sit
1657 2070 1743 2124 in-

174 2167 429 2223 credibile.
462 2168 599 2224 Tum
646 2169 787 2224 enim
814 2168 1034 2239 quidam
1061 2177 1116 2221 et
1161 2181 1389 2236 corpore
1442 2164 1650 2230 mutili,
1689 2172 1746 2220 et

175 2256 295 2312 adeo
316 2267 588 2325 tenues,ut
604 2274 671 2313 ne
694 2259 1031 2314 necessarius
1056 2256 1739 2327 quidemsuppctatvictns,

176 2354 222 2407 in
236 2358 424 2410 somnis
440 2355 545 2410 sibi
564 2356 815 2411 videntur
830 2354 1050 2425 integris
1070 2353 1406 2419 membris,et
1429 2351 1668 2420 formosi,
1689 2360 1743 2405 ct

180 2448 319 2517 regali
345 2448 444 2503 frui
474 2463 662 2503 mensa
694 2466 706 2503 :
731 2448 825 2504 sed
850 2463 972 2519 quae
1000 2446 1317 2502 videbantur
1342 2452 1743 2510 somnus,erant

180 2549 221 2593 et
258 2539 634 2595 insomniorum
662 2540 888 2594 ludibria
932 2555 948 2594 :
981 2537 1248 2608 siquidem
1277 2535 1392 2591 hzec
1429 2545 1515 2591 est
1555 2543 1739 2589 natura

180 2631 479 2686 somniorum
510 2672 528 2698 ,
556 2630 708 2686 vafra
756 2631 999 2707 quaedam
1045 2644 1114 2685 ac
1149 2639 1362 2685 versuta
1392 2643 1481 2684 res
1522 2637 1605 2683 est
1630 2669 1647 2694 ,
1678 2641 1742 2683 ac

180 2720 514 2793 prodigiorum
545 2722 736 2778 artifex
760 2764 777 2789 ,
807 2722 1006 2794 gaudet
1044 2721 1199 2776 novis
1248 2729 1303 2775 et
1345 2719 1739 2776 incredibilibus

178 2811 446 2869 simulacris
472 2814 722 2869 illudere.
750 2814 823 2868 At
847 2828 975 2868 vero
1001 2829 1099 2869 nec
1128 2812 1357 2868 interdiu
1385 2852 1400 2878 ,
1428 2825 1529 2866 nec
1552 2824 1738 2865 revera

176 2904 275 2974 quis
298 2921 548 2976 umquam
567 2907 745 2963 videat
768 2907 872 2962 hoc
888 2907 1149 2962 accidere.
1176 2905 1372 2961 Verum
1393 2906 1569 2959 omnia
1598 2918 1737 2960 nunc

174 2996 518 3066 contigerunt,
574 2999 713 3053 facta
763 3007 920 3063 sunt,
948 2997 1181 3068 perfecta
1208 3005 1332 3052 sunt
1350 3037 1365 3063 ,
1391 2995 1738 3068 quemadmo-

175 3084 283 3141 dum
300 3088 536 3151 videtis;
567 3088 685 3143 hzec
709 3130 724 3154 ,
758 3088 972 3159 inquam
1005 3130 1022 3156 ,
1054 3089 1385 3144 somniorum
1409 3088 1537 3142 visis
1561 3087 1735 3142 incre-

166 3176 390 3233 dibilium
420 3197 437 3233 ε
466 3188 522 3234 et
544 3180 734 3235 civitas
760 3189 925 3235 tanta:
950 3177 1345 3251 magnitudinis,
1364 3187 1474 3235 tam
1501 3177 1739 3247 frequen-

164 3278 274 3332 tata.
290 3272 520 3342 populus
540 3282 595 3328 et
618 3274 813 3328 multus
830 3281 887 3328 et
911 3272 1255 3328 admirandus
1270 3272 1337 3327 ad
1363 3286 1536 3327 meam
1566 3270 1737 3326 inhiat

159 3364 490 3433 exiguitatem
523 3405 539 3430 ,
572 3373 839 3435 tamquam
868 3379 899 3420 a
939 3364 1094 3421 nobis
1116 3379 1364 3436 magnum
1393 3361 1642 3434 quiddam
1671 3376 1736 3418 ac

160 3456 464 3526 pra-clarum
510 3456 806 3511 auditurus.
848 3456 1006 3527 Atqui
1059 3456 1268 3512 etiamsi
1320 3454 1453 3509 mihi
1499 3453 1732 3508 amnium

158 3564 295 3603 more
340 3551 660 3619 perennium
703 3548 990 3619 proﬁceret
1033 3549 1205 3603 oratio
1228 3589 1243 3612 ,
1269 3549 1425 3619 sique
1446 3547 1730 3603 verborum

157 3637 323 3694 futues
362 3648 552 3694 essent
603 3638 657 3693 in
698 3653 799 3694 ore
828 3654 971 3704 meo,
998 3638 1248 3709 protinus
1268 3653 1339 3694 ex
1364 3646 1525 3692 tanta:
1551 3636 1732 3692 multi-

155 3727 343 3784 tudinis
366 3728 433 3784 ad
457 3729 783 3784 audiendum
812 3744 1076 3786 concursu
1102 3738 1252 3786 metu
1298 3730 1577 3786 sisteretur
1603 3744 1731 3800 pro-

155 3820 364 3877 ﬂuvium
384 3862 399 3885 ,
438 3828 499 3878 et
519 3830 670 3877 retro
697 3821 894 3879 fluenta
942 3822 1230 3878 resilirent.
1254 3821 1405 3877 Nunc
1433 3836 1561 3877 vero
1611 3836 1731 3876 cum

153 3920 348 3965 tantum
394 3911 633 3966 absimus
660 3926 690 3966 a
735 3911 1015 3969 ﬂutninum
1060 3928 1124 3968 ac
1172 3912 1395 3968 fontium
1423 3912 1577 3984 copia
1607 3953 1624 3979 ,
1674 3922 1734 3967 ut

151 4017 245 4059 occ
264 4002 476 4074 exigua:
494 4004 747 4075 pluviolae
787 4005 1213 4061 mediocritatem
1231 4006 1575 4062 obtineamus
1593 4046 1610 4073 ,
1640 4007 1731 4077 qui

147 4092 258 4148 ﬁeri
293 4094 504 4164 possit,
534 4103 594 4149 ut
613 4109 703 4150 me
741 4111 851 4150 non
877 4096 1089 4153 deﬁciat
1120 4104 1229 4152 tam
1270 4097 1493 4168 exiguus
1517 4096 1692 4152 ﬂuxos
1713 4137 1730 4162 ,

149 4192 287 4240 metu
331 4184 639 4250 arefactus,
668 4184 914 4258 idemque
958 4188 1207 4251 eveniat,
1254 4187 1396 4258 quod
1450 4188 1503 4242 in
1538 4202 1730 4259 corpo-

167 4272 290 4330 ribus
338 4275 486 4330 solet
540 4276 835 4332 accidere?
862 4277 1000 4346 Quid
1040 4278 1235 4334 accidit
1277 4278 1332 4333 in
1364 4279 1732 4349 corporibus?

169 4358 303 4419 llslta
342 4364 654 4435 frequenter
684 4382 806 4438 qua
849 4383 1011 4423 manu
1058 4378 1333 4435 tenemus,
1387 4385 1508 4440 quae
1554 4369 1733 4440 digitis

166 4458 455 4527 stringimus
472 4499 492 4525 ,
520 4473 639 4528 prae
684 4468 829 4515 metu
848 4460 1009 4516 nobis
1036 4461 1289 4517 excidunt
1314 4462 1491 4517 omnia
1515 4502 1531 4529 ,
1560 4460 1735 4516 disso-

170 4543 276 4603 lutis
324 4551 503 4604 nervis
548 4550 751 4606 nostris
770 4593 787 4618 ,
835 4553 1189 4623 corporisque
1248 4554 1436 4625 vigore
1482 4553 1730 4609 remisso.

167 4632 338 4693 Itidem
363 4639 491 4695 mihi
520 4640 763 4710 profecto
787 4658 928 4699 num
974 4654 1148 4700 metus
1190 4654 1280 4701 est
1298 4686 1312 4709 .
1344 4659 1415 4701 nc
1439 4645 1578 4715 idem
1600 4660 1733 4703 eve-

162 4728 258 4785 niat
296 4731 353 4785 in
375 4734 557 4788 animo
598 4744 788 4791 nostro
812 4777 829 4803 ,
858 4736 1106 4793 videlicet
1148 4753 1217 4792 ne
1257 4753 1375 4808 quae
1416 4738 1588 4793 multo
1611 4753 1731 4797 cum

160 4818 331 4879 labore
354 4827 805 4897 excogitavi-tus,
839 4843 1160 4899 quamquam
1199 4838 1256 4885 et
1289 4832 1406 4885 lucc
1448 4843 1580 4884 sane
1606 4845 1735 4900 per-

160 4926 305 4980 quam
346 4916 507 4971 exilia
557 4919 815 4990 parvique
882 4920 1143 4975 momenti
1171 4961 1187 4985 ,
1215 4936 1328 4992 prae
1389 4937 1587 4992 pavore
1634 4937 1730 4978 ve-

162 5007 295 5063 niant
368 5009 426 5064 in
483 5010 843 5080 oblivionem,
887 5020 943 5068 et
1008 5022 1329 5069 evanescant
1395 5014 1734 5085 abeantquc,

162 5100 384 5155 animum
410 5112 651 5159 nostrum
692 5105 960 5161 desertum
1003 5106 1378 5176 relinquenda.
1405 5107 1738 5178 Quapropter

168 5192 352 5255 pariter
393 5207 616 5260 omnes,
660 5205 770 5250 tum
826 5211 927 5253 vos
976 5198 1067 5267 qui
1121 5212 1245 5253 cum
1286 5198 1510 5267 imperio
1554 5198 1684 5253 eatis
1714 5238 1732 5264 ,

171 5289 263 5338 tum
308 5300 411 5341 vos
459 5286 551 5356 qui
602 5289 801 5358 pavetis
842 5289 1105 5360 imperio,
1146 5290 1373 5345 obsecro
1414 5306 1428 5345 :
1478 5298 1533 5343 ut
1571 5305 1734 5360 quau-

175 5381 261 5428 tam
317 5378 477 5432 nobis
557 5379 878 5435 anxietatem
954 5380 1212 5449 injecistis
1272 5368 1452 5435 vestro
1519 5379 1588 5434 ad
1643 5395 1737 5434 au-

178 5463 405 5524 diendum
458 5483 724 5525 concursu
748 5513 765 5537 ,
812 5470 1139 5527 tantumdem
1190 5470 1345 5527 nobis
1385 5470 1619 5526 audacia:
1653 5472 1737 5526 in-

227 5624 241 5654 ¹
271 5626 445 5677 Pollam
469 5635 547 5678 est
566 5643 675 5680 cum
697 5632 867 5681 (indice
882 5632 1012 5680 mlh.
1041 5630 1176 5681 illm.

228 5685 247 5715 ³
278 5695 369 5737 \‘ox
391 5726 405 5749 ,
427 5704 550 5752 evre,
574 5693 719 5745 deest
742 5695 788 5744 in
811 5696 983 5745 Codice
1004 5691 1133 5744 Coll).

1856 1526 2024 1587 spirat
2048 1535 2264 1589 procum
2293 1532 2587 1582 vestrarum
2616 1528 2886 1599 diligentia
2914 1574 2933 1600 ,
2965 1534 3009 1589 si
3040 1539 3236 1606 rogetis
3267 1540 3433 1608 illum,

1854 1609 1943 1677 qui
1973 1609 2065 1664 dat
2106 1627 2407 1670 sermonem
2439 1620 2925 1689 evarigclizantibus
2950 1625 3144 1682 virtute
3165 1631 3350 1697 multa,
3383 1643 3438 1687 ut

1858 1699 2013 1753 nobis
2040 1716 2251 1772 quoque
2272 1704 2366 1759 det
2390 1721 2692 1763 sermonem
2717 1712 2769 1765 in
2806 1716 3082 1783 apertione
3121 1718 3231 1774 oris
3273 1726 3438 1779 ευθειτὶ

1857 1788 2031 1858 (Paul.
2062 1794 2151 1849 (i7.
2194 1796 2263 1849 {'2
2293 1812 2307 1859 ;
2339 1795 2530 1866 Ephes.
2559 1800 2613 1855 6.
2658 1801 2771 1873 19).
2804 1803 2990 1861 Nullus
3020 1809 3239 1865 omnin
3288 1813 3439 1870 vobis

1856 1890 1930 1939 tot
1954 1898 2017 1937 ac
2055 1886 2213 1940 tantis
2243 1887 2368 1945 viris
2408 1889 2557 1945 labor
2572 1892 2677 1946 erit
2720 1894 2875 1951 unius
2903 1897 3262 1959 adulescentis
3316 1906 3434 1959 aui-

1853 1988 1999 2031 tuum
2044 1975 2240 2033 timore
2280 1978 2601 2035 dissolutum
2629 1982 2807 2039 denuo
2828 1988 3157 2046 conﬁrmare
3189 2008 3203 2045 :
3231 1995 3356 2063 quia
3385 2008 3439 2053 et

1855 2079 1949 2134 par
1972 2065 2137 2121 fuerit
2162 2108 2178 2132 ,
2204 2077 2263 2123 ut
2292 2071 2437 2140 quod
2468 2088 2607 2129 nunc
2637 2076 2897 2144 petimus,
2924 2084 3190 2148 praeswtis
3226 2103 3241 2138 :
3271 2102 3439 2155 quatt-

1850 2158 2135 2229 doquidem
2163 2169 2365 2217 tantam
2396 2165 2566 2219 aleam
2605 2167 2899 2224 subivimus
2942 2181 3158 2241 propter
3204 2191 3298 2230 vos
3350 2194 3438 2234 ve-

1850 2260 2121 2323 stramque
2162 2255 2460 2320 curionem,
2498 2272 2604 2327 qua
2642 2258 2775 2314 nihil
2813 2260 3094 2319 violentius
3139 2275 3233 2321 aut
3269 2267 3437 2339 impe-

1848 2342 2070 2408 riosius,
2099 2353 2159 2397 ut
2198 2359 2323 2414 quae
2373 2362 2473 2401 nos
2513 2363 2618 2403 non
2654 2349 2939 2407 admodum
2979 2354 3189 2412 dicendi
3232 2362 3437 2430 peritos

1849 2434 1915 2489 ad
1962 2433 2247 2490 dicendum
2276 2438 2572 2506 pertraxit,
2613 2440 2896 2511 effecitque
2948 2451 3006 2499 ut
3060 2446 3128 2502 ad
3170 2448 3436 2510 doctrinae

1846 2524 2085 2581 stadium
2113 2527 2380 2583 exiremus
2405 2568 2421 2595 ,
2479 2528 2602 2584 licet
2629 2532 2856 2588 antehac
2884 2533 2990 2590 hoc
3032 2537 3298 2608 palaestra:
3341 2558 3435 2614 ge-

1848 2633 1949 2675 nus
1993 2636 2279 2690 numquam
2317 2622 2680 2692 attigerimus,
2719 2625 2814 2680 sed
2854 2641 3069 2698 semper
3112 2629 3166 2685 in
3224 2634 3433 2689 audito-

1846 2726 1964 2765 rum
1988 2712 2184 2768 ordine
2238 2713 2423 2783 quieto
2469 2715 2682 2771 silentio
2719 2717 2826 2773 frui
2876 2720 3167 2779 soleamus.
3228 2723 3428 2783 Verum

1845 2801 1967 2870 quis
2015 2803 2085 2857 sit
2126 2802 2261 2858 adeo
2290 2804 2456 2860 durus
2506 2816 2566 2860 .ct
2594 2807 2980 2877 intractabilis,
3022 2821 3081 2868 ut
3122 2814 3284 2872 istum
3333 2833 3423 2875 ve-

1844 2901 2012 2947 strum
2034 2903 2357 2951 conventum
2380 2897 2599 2952 silentio
2628 2909 2928 2969 praetereat,
2944 2912 2998 2957 et
3021 2904 3221 2962 amicos
3242 2921 3430 2967 nactus

1842 2983 2090 3041 audiendi
2135 2986 2310 3042 studio
2347 2986 2635 3059 ﬂagrantes
2676 3004 2783 3046 non
2831 2993 3166 3064 alloquatur,
3214 3000 3423 3058 etiamst

1843 3078 2081 3132 omnium
2133 3078 2408 3135 hominum
2446 3091 2596 3138 esset
2646 3083 2899 3154 loquendi
2949 3087 3377 3160 imperitissimus
3403 3098 3428 3150 ἲ

1843 3167 2135 3238 Cupiebam
2184 3170 2431 3241 equidem
2482 3172 2710 3242 primum
2755 3174 2807 3229 in
2858 3176 3097 3236 Ecclesia
3143 3181 3423 3253 dicturus,
3486 3238 3495 3248 ,

1844 3262 2227 3332 prooemiorum
2270 3263 2532 3338 primitias
2555 3265 2629 3322 illi
2658 3265 2835 3324 dicare
2854 3309 2872 3337 ,
2898 3270 2987 3340 qui
3012 3271 3252 3344 linguam
3265 3278 3423 3334 uuida

1842 3354 1982 3412 hanc
2007 3355 2190 3422 dedit,
2221 3357 2471 3413 nimirum
2500 3358 2637 3420 Dec.
2670 3360 2845 3430 Atque
2867 3361 2944 3421 ita
2970 3377 3102 3420 sane
3128 3364 3247 3422 ﬁeri
3270 3382 3435 3440 opor-

1840 3449 1942 3504 tuit
1970 3465 1985 3503 :
2007 3465 2183 3521 neque
2206 3450 2358 3507 enim
2387 3466 2529 3508 areae
2566 3460 2777 3508 tantum
2801 3469 2865 3510 ac
2888 3457 3172 3513 toreularia
3188 3501 3207 3526 ,
3238 3476 3423 3520 verum

1838 3541 1999 3597 etiam
2025 3542 2309 3599 verborum
2349 3543 2610 3614 primitias
2632 3554 2845 3615 Oportet
2873 3547 3039 3603 verbo
3067 3552 3375 3620 persolvere
3401 3597 3416 3621 ,

1837 3635 2114 3706 multoque
2141 3636 2312 3707 magis
2340 3636 2622 3693 verborum
2648 3653 2806 3709 quam
2837 3640 3248 3710 manipulorum.
3280 3643 3423 3712 Quin

1837 3727 1998 3783 etiam
2024 3735 2083 3782 ut
2115 3727 2183 3783 ad
2208 3742 2308 3782 uos
2356 3727 2446 3783 hic
2468 3726 2677 3784 fructus
2720 3730 2888 3799 magis
2912 3731 3144 3801 pertinet
3165 3774 3182 3798 ,
3208 3735 3281 3791 ita
3326 3737 3423 3807 ipsi

1839 3818 1952 3873 Deo
1973 3818 2064 3889 qui
2092 3818 2386 3874 honoratur
2400 3819 2669 3889 acceptior
2689 3828 2790 3874 est.
2817 3819 3039 3876 Botrum
3065 3823 3206 3878 enim
3231 3833 3289 3880 et
3313 3826 3424 3895 spi-

1834 3923 1955 3967 cam
2003 3924 2102 3967 suo
2131 3919 2270 3966 terra
2305 3911 2502 3967 emittit
2537 3911 2779 3981 gremio,
2819 3911 2915 3966 alit
2965 3912 3267 3983 pluviarum
3296 3917 3421 3972 irri-

1815 4003 1980 4073 _gatio
1999 4043 2018 4068 ,
2044 4002 2172 4058 colit
2196 4002 2552 4073 agricolarum
2573 4016 2808 4058 manus:
2835 4011 2890 4057 at
2923 4017 3134 4060 sacrum
3162 4005 3417 4078 hymnum

1838 4094 1978 4163 parit
2019 4094 2182 4148 animi
2235 4094 2404 4163 pietas
2427 4135 2443 4159 ,
2474 4093 2569 4148 alit
2608 4093 2745 4149 bona
2778 4094 3143 4162 conscientia,
3191 4095 3330 4151 Deus
3371 4098 3422 4152 in

1838 4184 2068 4239 ca-lcstia
2119 4184 2308 4254 recipit
2349 4186 2541 4240 horrea
2587 4200 2601 4236 :
2646 4197 2808 4252 porro
2844 4192 3044 4253 quanto
3087 4186 3424 4253 pmstantior

1838 4286 1920 4331 est
1952 4276 2165 4329 animus
2201 4283 2338 4329 terra
2367 4316 2381 4337 ,
2417 4282 2565 4328 tanto
2598 4273 2688 4328 hic
2730 4274 2819 4327 illo
2856 4272 3048 4327 melior
3074 4283 3157 4328 est
3191 4289 3421 4343 proven-

1839 4378 1945 4423 tus.
1977 4366 2311 4435 Quapropter
2336 4373 2391 4419 et
2413 4363 2788 4434 prophetarum
2799 4362 3060 4433 quispiam
3095 4362 3177 4417 vir
3196 4378 3420 4436 magnus

1838 4470 1894 4517 et
1931 4459 2291 4522 admirandus,
2323 4471 2517 4510 nomen
2544 4454 2621 4510 illi
2648 4454 2807 4522 Osce,
2831 4468 2927 4511 eos
2950 4456 3040 4525 qui
3066 4455 3233 4513 Deum
3253 4457 3422 4535 offen~

1838 4553 2065 4619 derant,
2107 4551 2471 4622 parabantque
2519 4548 2667 4604 illum
2688 4546 2791 4605 sibi
2833 4548 3119 4620 propitium
3146 4550 3374 4608 reddere
3406 4596 3423 4618 ,

1838 4647 2153 4704 adhortatur
2181 4644 2222 4710 ί,
2252 4652 2311 4699 ut
2339 4642 2513 4698 ferant
2553 4655 2736 4697 secum
2787 4655 2897 4697 non
2934 4650 3175 4698 armenta
3217 4643 3378 4700 boum
3402 4686 3419 4712 ,

1839 4755 2014 4812 neque
2037 4737 2227 4794 similae
2256 4750 2532 4792 mensuras
2558 4742 2636 4790 tot
2663 4742 2757 4789 aut
2784 4741 2901 4800 tot,
2930 4749 3105 4807 neque
3130 4743 3415 4804 turturem,

1838 4846 2012 4903 neque
2052 4828 2351 4885 columbam
2381 4867 2399 4894 ,
2428 4841 2601 4896 neque
2640 4825 2785 4881 aliud
2813 4824 3095 4896 quidquam
3127 4826 3421 4884 istiusmodi

1839 4938 2022 4978 rerum
2054 4937 2068 4975 :
2097 4919 2192 4975 sed
2215 4918 2341 4990 quid
2365 4918 2389 4971 ?
2418 4917 2574 4972 Ferte
2589 4916 2841 4971 vobiscum
2867 4914 3013 4970 verba
3045 4912 3200 4987 (Osee
3227 4914 3315 4970 14.
3342 4913 3421 4988 3),

1845 5014 2033 5085 inquit.
2089 5012 2158 5068 Et
2201 5011 2360 5082 quale
2392 5007 2712 5065 sacriﬁcium
2738 5048 2755 5072 ,
2801 5005 2998 5060 dixerit
3036 5004 3257 5077 aliquis,
3300 5018 3425 5062 sunt

1841 5104 2051 5160 verba?
2082 5103 2367 5159 Maximum
2395 5099 2606 5169 quidem
2627 5137 2645 5162 ,
2684 5111 2719 5152 ο
2740 5095 3015 5152 carissime
3037 5135 3054 5161 ,
3082 5109 3147 5152 ac
3187 5096 3423 5167 splendi-

1841 5197 2117 5253 dissimum
2146 5236 2162 5261 ,
2196 5191 2509 5261 exterisque
2537 5187 2784 5243 omnibus
2820 5186 3178 5258 praestantius.
3218 5187 3285 5242 Et
3306 5186 3424 5258 quis

1843 5288 1943 5344 ista
1985 5284 2159 5342 dicit?
2191 5283 2272 5337 his
2312 5281 2558 5336 nimirum
2602 5277 2692 5347 qui
2724 5277 2839 5332 haec
2885 5277 3061 5333 omnia
3082 5275 3231 5332 novit
3254 5277 3425 5333 maxi-

1843 5395 1930 5435 me
1956 5387 2114 5447 atque
2149 5372 2486 5431 exactissime
2509 5411 2524 5435 ,
2569 5368 2813 5424 videlicet
2843 5368 3209 5439 magnanimus
3248 5367 3336 5424 ille
3362 5385 3424 5424 ac

1844 5484 2067 5543 magnus
2090 5466 2276 5523 David.
2316 5465 2364 5521 ls
2390 5463 2531 5520 enim
2553 5477 2673 5519 cum
2699 5460 2983 5533 aliquando
3003 5459 3115 5517 Deo
3132 5461 3422 5534 gratiarum

1907 5691 1926 5723 ί
1961 5687 2109 5748 coll»,
2145 5685 2429 5738 adhortatur
2451 5683 2615 5734 dicens
2645 5694 2661 5732 :
2688 5687 2824 5734 Ferte
2848 5679 3101 5733 mbiscum.
