3944 6202
549 294 661 347 ἰῖῦῒί

555 419 801 474 actiones
840 399 1141 469 immolaret
1164 421 1260 479 pro
1287 406 1508 463 victoria
1531 418 1689 475 quam
1729 418 1795 459 ex
1824 404 1976 458 hoste
2001 400 2142 456 tulec

557 519 682 575 rat,
715 507 783 562 ita
814 504 979 560 ferme
1008 502 1274 572 loquitur:
1305 494 1550 551 Laudabo
1578 511 1758 549 nomen
1787 490 1887 547 Dei
1911 492 2011 547 mei
2031 508 2146 546 cum

554 603 753 657 cantico
781 615 800 654 :
824 594 1159 669 magniﬁcabo
1184 610 1297 648 eum
1334 591 1388 645 in
1419 591 1570 645 laude
1594 587 1710 661 (Ps.
1742 587 1833 645 68.
1879 585 1994 653 51).
2022 583 2143 639 Mox

555 694 715 763 hujus
743 689 986 746 sacrificii
1008 686 1367 758 prmstantiam
1394 682 1555 737 nobis
1588 680 1867 751 aperiens,
1891 675 2139 747 subjecit,

559 788 623 841 Et
655 783 870 859 placebit
902 781 1006 836 Deo
1035 794 1192 850 supra
1219 776 1430 831 vitulum
1469 772 1721 828 novellum
1745 812 1760 835 ,
1788 786 1978 824 cornua
2024 783 2143 836 pro-

557 881 822 935 ducentem
851 883 898 929 et
938 871 1156 943 ungulas
1181 867 1287 943 (Ib.
1332 882 1381 921 υ.
1410 864 1525 935 52).
1566 862 1857 932 Cupiebam
1899 860 2057 929 igitur
2088 866 2144 913 et

555 973 669 1040 ipse
712 967 872 1023 hodie
900 965 997 1019 has
1018 970 1253 1018 mactare
1281 958 1553 1020 victimas,
1599 964 1654 1010 et
1682 954 1848 1008 altare
1867 949 2143 1022 spirituale

550 1063 702 1117 ltiSce
726 1066 1008 1114 cruentare
1044 1052 1274 1117 hostiis,
1302 1049 1397 1105 sed
1431 1048 1555 1119 quid
1612 1044 1843 1101 faciam?
1870 1042 1967 1098 Vir
2019 1041 2140 1111 qui-

553 1157 676 1209 dam
704 1152 921 1222 sapiens
936 1148 1150 1203 obturat
1169 1143 1299 1200 milti
1316 1157 1399 1210 os,
1418 1141 1756 1208 deterretque
1775 1136 1961 1192 dicens
1983 1151 1996 1188 :
2019 1131 2140 1187 Non

552 1255 624 1301 cst
659 1243 884 1314 speciosa
906 1241 1017 1295 laus
1044 1239 1097 1293 in
1125 1250 1213 1292 ore
1234 1232 1510 1307 peccatoris
1532 1229 1720 1304 (Eccli.
1745 1226 2141 1299 15.9).Quem-

552 1334 842 1391 admodum
885 1330 1028 1386 enim
1080 1328 1134 1383 in
1181 1323 1395 1382 coronis
1423 1337 1529 1378 non
1570 1330 1652 1377 sat
1689 1329 1771 1376 est
1811 1317 1971 1374 flores
2022 1331 2142 1373 esse

554 1441 717 1500 purus
736 1470 750 1491 ,
792 1425 894 1479 nisi
923 1436 1050 1494 pura
1080 1420 1150 1481 sit
1183 1427 1238 1474 et
1268 1429 1460 1472 manus
1499 1428 1596 1470 eas
1638 1421 1961 1467 contexens:
1985 1409 2063 1464 sic
2087 1416 2142 1463 et

555 1524 605 1575 in
627 1516 797 1575 sacris
841 1513 1054 1585 hymnis
1077 1516 1289 1583 oportet
1317 1523 1423 1562 non
1454 1504 1614 1561 verba
1637 1512 1840 1559 tantum
1870 1516 1993 1557 esse
2018 1500 2100 1570 pia
2119 1540 2136 1565 ,

556 1607 910 1665 verumetiam
934 1605 1169 1659 animum
1191 1600 1420 1674 hymnos
1440 1595 1913 1653 concinentem.At
1937 1593 1983 1648 is
2007 1592 2138 1646 mihi

554 1706 795 1772 impurus
837 1708 921 1754 est
944 1740 958 1763 ,
986 1696 1193 1751 fiducita
1221 1709 1420 1749 vacuus
1452 1733 1466 1757 ,
1504 1699 1687 1761 utpote
1713 1688 2000 1744 multorum
2027 1685 2142 1759 ple-

553 1811 655 1852 nus
699 1794 982 1850 scelerum.
1013 1790 1180 1845 Porro
1222 1787 1301 1843 sic
1337 1785 1544 1842 alfectis
1574 1800 1679 1839 non
1709 1783 1826 1837 lucc
1850 1781 2010 1836 modo
2055 1780 2138 1833 lex

551 1888 766 1944 obturat
795 1899 858 1940 os
878 1925 894 1950 ,
922 1879 1273 1938 verumetiam
1288 1878 1398 1933 alia
1439 1874 1682 1947 quaedam
1721 1874 1810 1929 illa
1838 1871 2099 1927 vetustior
2120 1910 2137 1934 ,

552 1992 606 2036 et
634 1988 760 2036 ante
795 1977 939 2033 illam
987 1976 1094 2030 luta
1119 2015 1134 2040 ,
1159 1986 1318 2044 quam
1363 1981 1418 2024 et
1472 1970 1644 2042 ipsam
1693 1965 1891 2036 adjecit
1933 1964 2016 2032 is,
2048 1962 2141 2033 qui

554 2074 713 2130 modo
742 2071 898 2127 nobis
936 2068 1004 2124 de
1050 2064 1332 2123 sacrificiis
1359 2064 1612 2133 loquutus
1658 2068 1743 2116 est
1778 2057 1963 2114 David.
2006 2055 2140 2112 Cum

550 2168 692 2222 enint
739 2165 847 2218 ait:
870 2162 1103 2216 Laudate
1126 2159 1398 2214 Dominum
1420 2156 1483 2211 de
1507 2156 1644 2210 cadis
1667 2196 1683 2220 ,
1713 2152 1917 2208 laudate
1943 2169 2058 2207 eum
2086 2151 2140 2205 in

550 2260 758 2314 excelsis
785 2255 956 2327 (Psal.
989 2253 1113 2309 148.
1144 2251 1199 2324 1)
1226 2270 1239 2306 :
1264 2260 1323 2308 et
1367 2250 1526 2321 paulo
1549 2256 1671 2321 post.
1699 2261 1882 2302 rursus
1904 2245 2091 2300 dicens
2122 2261 2136 2298 :

555 2349 781 2406 Laudate
808 2346 1083 2402 Dominum
1125 2345 1190 2399 de
1241 2351 1376 2398 terra
1402 2358 1424 2398 :
1465 2357 1587 2397 cum
1628 2347 1909 2409 utramque
1954 2338 2141 2392 invitat

551 2449 882 2506 creaturam,
914 2445 968 2493 et
995 2451 1115 2508 qua:
1142 2449 1354 2491 sursum
1383 2440 1487 2500 est,
1515 2440 1571 2488 et
1592 2447 1710 2502 qua:
1740 2428 1968 2495 inferne,
2014 2443 2139 2483 scn-

550 2533 760 2587 sibilem
781 2539 941 2600 atque
966 2525 1353 2597 iutelligibilem
1372 2566 1387 2591 ,
1419 2523 1761 2593 conspicuam
1790 2531 1844 2576 et
1873 2520 2142 2589 inconspio

551 2639 727 2688 cnam,
772 2636 891 2692 quae
919 2634 1081 2690 supra
1120 2616 1282 2673 etclos
1308 2624 1391 2670 est
1417 2623 1474 2671 et
1515 2629 1635 2684 qua:
1663 2612 1764 2667 sub
1792 2613 1925 2667 caelo
1948 2651 1964 2675 ,
1996 2620 2050 2666 et
2075 2624 2140 2665 ex

548 2725 775 2785 utraque
817 2712 1041 2768 chorum
1085 2708 1361 2766 censtituit
1416 2721 1616 2771 unum;
1658 2713 1817 2773 atque
1868 2704 1939 2757 ita
1988 2701 2142 2774 jubet

547 2805 766 2878 hymnis
812 2804 1085 2859 celebrare
1136 2814 1315 2871 regem
1367 2799 1771 2861 universorum,
1805 2809 2138 2865 nequaquam

544 2896 797 2953 invitavit
831 2902 1204 2966 peccatorcm,
1252 2890 1348 2946 sed
1394 2898 1449 2944 et
1486 2888 1573 2943 hic
1602 2887 1680 2942 illi
1712 2888 1850 2942 fores
1893 2885 2137 2942 occlusit.

620 2990 678 3044 2.
709 2987 959 3042 Peccator
1002 2985 1070 3038 ad
1098 2982 1414 3039 laudandum
1451 2980 1617 3035 Deum
1642 2996 1743 3034 non
1788 2986 2040 3033 evocatur.
2071 3007 2142 3017 —

549 3082 839 3146 Caeterum,
875 3089 931 3134 ut
972 3078 1124 3134 vobis
1152 3076 1292 3148 quod
1330 3074 1454 3131 dico
1485 3075 1574 3129 fiat
1619 3073 1939 3138 evidentius,
1966 3071 2141 3143 ipsum

512 3175 814 3244 ..psalmum
871 3172 941 3228 ab
988 3171 1139 3227 initio
1165 3169 1315 3224 vobis
1359 3167 1731 3238 pmlegemus.
1765 3164 1998 3219 Laudate
2034 3161 2146 3217 Do-

545 3270 745 3322 minum
790 3266 855 3320 de
903 3265 1070 3330 aclis,
1116 3262 1323 3317 laudate
1386 3276 1499 3314 eum
1553 3259 1608 3312 in
1649 3258 1891 3322 excelsis;
1938 3255 2145 3311 laudate

546 3374 671 3412 cum
718 3371 891 3410 omnes
929 3354 1095 3424 angeli
1131 3353 1280 3424 ejus;
1309 3351 1513 3405 laudate
1546 3365 1660 3403 eum
1703 3365 1874 3403 omnes
1924 3345 2144 3403 Virtutes

550 3451 685 3520 «ius.
730 3446 889 3503 Vides
936 3444 1156 3516 angelos
1184 3442 1505 3499 laudantes?
1552 3440 1703 3497 vides
1753 3439 2143 3510 archangelos?

550 3542 705 3597 vides
739 3537 1026 3595 Cherubim
1050 3545 1108 3593 et
1131 3533 1411 3605 Seraphim
1431 3575 1447 3599 ,
1474 3548 1709 3588 summas
1736 3532 1853 3587 illas
1881 3531 2144 3587 virtutes?

554 3635 685 3690 Cum
712 3632 859 3689 enim
886 3632 980 3697 ait,
1013 3629 1199 3684 Omnes
1235 3627 1453 3683 Virtutes
1481 3627 1611 3700 ejus,
1643 3624 1949 3681 universum
1974 3639 2145 3696 popu-

553 3727 662 3780 lum
689 3725 958 3780 caalestem
1007 3721 1400 3793 complectitur.
1428 3718 1688 3775 Numcubi
1718 3718 1868 3775 vides
1899 3726 2144 3788 peccato-

556 3818 714 3874 rem?
762 3817 830 3872 Et
856 3815 1125 3887 quomodo
1153 3858 1169 3881 ,
1200 3814 1394 3870 dixerit
1447 3814 1672 3884 aliquis,
1704 3812 1756 3867 in
1781 3812 1915 3868 carlo
1961 3811 2145 3867 videre

558 3910 816 3979 possum?
840 3909 978 3980 Ergo
1007 3923 1103 3977 age
1131 3908 1183 3961 iu
1215 3916 1409 3961 terram
1439 3905 1829 3962 descendamus
1854 3946 1870 3969 ,
1897 3904 1964 3960 ad
2008 3904 2144 3961 alte-

559 4018 670 4057 ram
696 4001 845 4057 chori
876 4009 1080 4072 partem
1116 4007 1452 4053 transeuntes
1472 4039 1486 4060 ,
1516 4013 1615 4051 nec
1660 3997 1745 4051 hic
1774 4011 1959 4051 rursus
1988 3996 2143 4051 vide-

558 4094 637 4150 bis
679 4101 1035 4165 peccatorem.
1081 4088 1310 4144 Laudate
1339 4087 1615 4143 Dominum
1644 4088 1705 4142 de
1734 4097 1867 4142 terra
1903 4086 2147 4142 dracones

548 4196 604 4239 et
651 4200 823 4239 omnes
856 4183 1062 4254 abyssi,
1094 4181 1263 4237 bestiae
1314 4190 1361 4235 et
1402 4181 1568 4235 omnia
1596 4195 1811 4250 pecora,
1842 4180 2044 4249 reptilia
2099 4189 2147 4234 et

556 4278 782 4333 vo‘lucres
812 4284 1044 4346 pennata:
1068 4272 1190 4346 (Ps.
1222 4273 1344 4329 148.
1398 4272 1512 4345 10).
1547 4271 1695 4327 Haud
1753 4272 1945 4327 frustra
1974 4287 2147 4343 neque

552 4379 760 4423 temere
781 4409 799 4435 ,
832 4369 958 4422 dum
991 4367 1104 4421 haec
1132 4367 1323 4437 loquor
1344 4407 1360 4431 ,
1393 4366 1654 4421 intersilui
1685 4383 1698 4419 :
1722 4365 1841 4436 quia
1870 4374 1925 4420 et
1954 4365 2147 4420 mentis

558 4460 807 4531 cogitatio
841 4469 989 4514 metu
1028 4457 1253 4515 confusa
1282 4468 1396 4524 est,
1426 4458 1494 4514 ad
1520 4472 1730 4513 amaras
1772 4472 1940 4528 usque
1971 4458 2147 4528 lacry-

561 4565 675 4605 mas
700 4563 1025 4620 gravemque
1049 4549 1303 4619 ejulatum
1332 4547 1444 4604 fere
1487 4549 1762 4619 perducta.
1790 4548 1925 4617 Quid
1979 4548 2144 4615 enim,

557 4642 786 4697 obsecro
810 4682 827 4707 ,
876 4640 1047 4711 possit
1073 4654 1193 4696 esse
1218 4640 1627 4697 miserabilius?
1655 4641 1862 4711 Scorpii
1878 4683 1892 4706 ,
1925 4655 2148 4711 serpen-

558 4747 638 4790 tes
674 4748 740 4789 ac
762 4732 1024 4789 dracones
1053 4732 1342 4788 invitantur
1369 4732 1435 4788 ad
1466 4732 1786 4790 laudandum
1814 4750 1937 4791 eum
1967 4750 1998 4790 a
2041 4749 2148 4805 quo

558 4826 759 4884 conditi
803 4835 929 4882 sunt
956 4844 969 4881 :
995 4825 1143 4882 solus
1190 4834 1442 4897 peccator
1487 4825 1555 4882 ab
1589 4827 1689 4882 hac
1749 4841 1901 4883 sacra
1950 4828 2147 4886 chorea

558 4924 840 4977 submotus
879 4926 997 4988 est,
1043 4919 1202 4989 idque
1243 4918 1363 4989 jure
1391 4918 1615 4988 optimo.

631 5012 905 5068 Peccatum
931 5012 1068 5066 mala
1098 5011 1519 5067 παίω-λίθω
1557 5020 1612 5066 et
1649 5010 1811 5068 ell‘era
1850 5010 2020 5068 bestia
2067 5026 2152 5068 est

567 5115 871 5177 peccatum,
903 5118 1008 5159 non
1038 5102 1251 5175 quidem
1292 5103 1347 5159 in
1372 5117 1630 5159 conserva
1677 5118 1901 5174 corpora
1951 5105 2150 5160 malum

567 5198 863 5271 proferens,
912 5196 1010 5255 sed
1052 5197 1104 5253 in
1147 5197 1315 5271 ipsam
1352 5197 1565 5254 Domini
1607 5198 1829 5272 gloriam
1873 5196 2152 5256 etl‘undens

510 5366 519 5381 ί
569 5288 1096 5381 malitiam:Propter
1113 5307 1220 5358 vos,
1251 5288 1455 5362 inquit,
1501 5307 1684 5346 nomen
1725 5307 1891 5346 meum
1917 5290 2154 5363 blasphe-

570 5389 748 5432 matur
779 5379 833 5432 in
858 5380 1097 5449 gentibus
1128 5377 1286 5449 (lsai.
1324 5379 1416 5435 52.
1448 5379 1517 5449 5;
1550 5379 1703 5437 Rom.
1733 5381 1788 5436 2.
1816 5382 1930 5452 24).
1964 5381 2154 5453 quue

570 5476 918 5539 peccatorem
949 5479 1231 5542 tamquam
1259 5485 1291 5527 e
1320 5485 1480 5527 sacra
1506 5475 1683 5544 patria
1717 5474 1896 5546 abegit
1915 5490 1981 5531 ex
2019 5477 2152 5531 orbe

568 5572 839 5619 terrarum
871 5565 1161 5635 propheta,
1197 5574 1255 5620 et
1283 5564 1545 5623 exsulare
1582 5567 1761 5639 coegit
1799 5586 1815 5624 :
1866 5576 2031 5638 atque
2063 5569 2145 5622 uti

574 5653 805 5708 musicus
834 5656 1065 5723 optimus
1099 5670 1133 5709 e
1170 5654 1371 5711 cithara
1423 5655 1558 5710 bene
1601 5657 1869 5712 modulata
1897 5657 2149 5712 chordam

574 5742 841 5799 dissonam
883 5753 1124 5813 resecat,
1169 5760 1238 5801 ne
1276 5745 1599 5817 reliquarum
1641 5761 1831 5804 vocum
1873 5747 2147 5807 harmonia

1280 290 1337 345 S.
1377 283 1655 344 JO.\NNIS
1690 276 2163 340 ιὶίιιιγεοετοΜι
2204 283 2525 341 ARCHIEP.
2563 284 3100 343 CONSTANTINOP.

3661 306 3742 365 696

2254 399 2506 466 vitietur;
2547 409 2603 456 et
2632 402 2830 471 peritus
2854 403 2984 458 artis
3013 401 3247 458 medicus
3273 406 3536 464 membrum
3561 422 3748 485 putrela.

2250 500 2393 546 ctum
2419 502 2693 563 amputat,
2739 508 2807 548 ne
2845 493 2962 549 haec
2993 495 3104 550 lues
3133 495 3196 551 ad
3220 508 3397 554 caetera
3425 507 3626 561 tuembta
3650 526 3747 568 sana

2252 586 2818 642 transiliatzeumdem
2865 586 2930 642 ad
2978 587 3190 642 modum
3221 592 3458 660 prepheta
3485 594 3617 656 fecit.
3652 602 3749 659 dum

2248 678 2411 731 veluti
2440 678 2696 733 chordam
2722 678 2993 733 dissonam
3020 695 3083 734 ac
3110 679 3265 735 veluti
3295 684 3565 740 membrum
3592 706 3747 759 agrum

2247 771 2315 825 ab
2357 771 2604 827 universo
2651 782 2909 827 creatum
2945 786 3171 842 corpore
3217 784 3525 842 peccatorem
3569 795 3747 837 reseca.

2247 863 2382 933 Quid
2424 864 2581 935 igitur
2604 864 2758 919 nobis
2787 864 3086 920 faciendum
3113 864 3231 919 est?
3268 864 3584 937 Posteaquam
3607 874 3748 940 rejecti

2246 970 2431 1010 sumus
2450 998 2465 1021 ,
2499 965 2843 1026 posteaquam
2875 957 3064 1011 resecti
3095 971 3309 1025 sumus,
3336 960 3533 1015 omnino
3554 963 3751 1021 sileamus

2246 1056 2459 1117 oportet
2487 1066 2500 1101 :
2528 1048 2616 1103 dic
2646 1049 2826 1120 igitur,
2857 1049 3112 1114 obsecro,
3146 1065 3269 1104 num
3298 1052 3598 1107 tacebimus?
3621 1072 3752 1127 neque

2246 1137 2507 1208 quispiam
2535 1140 2689 1194 nobis
2714 1140 2986 1209 permittet
3012 1138 3222 1212 hymnis
3246 1140 3502 1197 celebrare
3527 1143 3751 1201 Dominum

2246 1232 2526 1286 nostrum?
2547 1246 2746 1302 ergone
2761 1231 2953 1286 frustra
2975 1240 3182 1286 vestras
3199 1246 3376 1302 preces
3395 1232 3751 1303 imploravimus;

2244 1320 2440 1376 frustra
2485 1321 2551 1377 ad
2609 1331 2780 1378 vestra
2833 1322 3170 1395 confugimus
3220 1323 3528 1393 patrocinia?
3560 1325 3685 1381 Absit
3712 1340 3753 1380 ιιι

2245 1412 2441 1468 frustra
2466 1432 2481 1469 :
2506 1415 2677 1484 reperi
2706 1415 2847 1470 enim
2870 1455 2885 1480 ,
2916 1414 3092 1484 reperi
3135 1423 3189 1470 et
3235 1414 3450 1469 alterum
3490 1414 3755 1485 glorilitautli

2248 1504 2490 1568 modum,
2521 1508 2713 1581 vestris
2739 1505 2791 1559 in
2819 1504 2919 1560 hac
2947 1503 3280 1559 bresitatione
3308 1504 3553 1574 precibus,
3577 1520 3657 1560 ceu
3678 1507 3754 1559 [ιιι-

2243 1594 2462 1665 guribus
2492 1595 2545 1649 in
2569 1595 2796 1665 caligine
2823 1594 3202 1666 apparentibus
3219 1609 3518 1650 :conservos
3539 1595 3754 1650 laudabo“

2244 1685 2347 1741 Fas
2392 1686 2536 1741 enim
2586 1695 2668 1740 est
2719 1696 2774 1741 et
2820 1700 3109 1740 conservos
3156 1693 3365 1739 nostros
3408 1684 3626 1752 laudare,
3664 1687 3754 1756 qui-

2244 1775 2343 1831 bus
2370 1777 2602 1832 laudatis
2634 1777 2773 1832 haud
2801 1776 3016 1832 dubium
3046 1785 3156 1841 est,
3190 1776 3313 1846 quin
3345 1791 3401 1831 ea
3424 1774 3576 1846 gloria
3599 1776 3652 1829 ad
3678 1776 3756 1830 Do~

2243 1869 2446 1922 miuum
2477 1878 2709 1924 transeat
2732 1867 2976 1923 omnino.
3006 1867 3157 1935 Quod
3202 1876 3374 1922 autem
3402 1867 3516 1921 hinc
3538 1866 3749 1937 glorificco

2232 1966 2351 2027 sur,
2382 1961 2540 2014 docet
2567 1960 2678 2030 ipse
2706 1960 2948 2015 Christus
2986 1958 3173 2014 dicens
3206 1977 3219 2013 :
3252 1958 3432 2012 Luceat
3456 1960 3477 1991 '
3527 1963 3605 2012 tua:
3634 1968 3757 2011 vestra

2241 2066 2415 2105 coram
2459 2050 2775 2115 hominibus,
2819 2061 2875 2104 ut
2920 2050 3121 2105 videant
3173 2065 3326 2121 opera
3363 2060 3514 2104 vestra
3551 2048 3688 2114 bona,
3719 2059 3756 2099 et

2243 2142 2523 2213 gloriﬁcent
2550 2140 2759 2196 Patrem
2785 2151 3002 2196 vestrum
3028 2142 3115 2212 qui
3152 2141 3209 2196 in
3256 2141 3388 2195 aclis
3416 2150 3481 2194 est
3512 2138 3699 2211 (Matth.
3719 2140 3756 2192 5.

2244 2233 2358 2305 16).
2383 2234 2459 2288 Εη
2482 2234 2618 2289 alter
2644 2233 2972 2306 glorificandi
2996 2233 3187 2289 modus
3211 2276 3227 2301 ,
3257 2249 3361 2303 quo
3384 2242 3434 2287 et
3459 2231 3684 2302 peccaturi
3705 2231 3761 2283 fas

2243 2336 2327 2383 est
2368 2328 2441 2382 uti
2464 2369 2479 2393 ,
2521 2336 2581 2382 ut
2607 2328 2777 2399 legem
2811 2338 2985 2383 tamen
3018 2343 3123 2382 non
3153 2326 3338 2382 violet.

2314 2419 2368 2474 3.
2412 2418 2720 2473 Flavianum
2766 2417 3075 2488 EpiscOpum
3118 2415 3578 2482 laudat.—Quem
3618 2412 3760 2482 igitur.

2243 2523 2444 2580 quem.
2504 2510 2760 2580 inquam,
2818 2523 3200 2564 conservorum
3251 2505 3591 2562 laudabimus?
3636 2503 3763 2568 Quem

2242 2599 2404 2657 alium
2425 2641 2441 2667 ,
2496 2614 2654 2670 quam
2699 2599 2846 2655 illum
2886 2613 3230 2654 communem
3262 2598 3414 2668 hujus
3437 2595 3601 2666 patria:
3623 2593 3765 2648 docto-

2243 2706 2356 2747 rem
2376 2731 2391 2755 ,
2423 2699 2478 2745 et
2507 2705 2602 2761 per
2624 2690 2850 2760 patriam
2876 2689 3114 2745 universi
3141 2688 3293 2744 orbis
3318 2685 3597 2744 terrarum?
3616 2683 3764 2751 Quem-

2243 2782 2528 2838 admodum
2570 2784 2711 2838 enim
2758 2797 2854 2838 vos
2883 2782 2972 2838 ille
3015 2766 3200 2837 docuit
3241 2791 3298 2836 ut
3325 2794 3485 2851 usque
3509 2776 3567 2831 ad
3592 2782 3766 2830 mortem

2245 2891 2342 2946 pro
2379 2876 2601 2932 veritate
2635 2875 2846 2930 staretis
2872 2893 2887 2929 :
2911 2874 2980 2928 ita
3006 2882 3062 2929 et
3088 2888 3186 2929 vos
3218 2874 3351 2929 alios
3374 2871 3601 2927 homines
3622 2865 3766 2922 docui-

2244 2971 2372 3034 stis,
2400 2984 2430 3024 a
2458 2968 2562 3024 vita
2598 2967 2757 3024 citius
2794 2983 2953 3038 quam
2996 2983 3026 3020 a
3071 2967 3274 3036 pietate
3317 2961 3643 3021 recedendum
3662 2971 3766 3014 esse.

2246 3059 2420 3115 Vultis
2463 3060 2623 3130 igitur
2653 3059 2727 3113 illi
2761 3059 2981 3128 posthac
3016 3057 3234 3113 laudum
3260 3071 3481 3112 coronas
3504 3045 3770 3124 plectamusl

2246 3151 2502 3208 Volebam
2527 3151 2772 3221 equidem
2803 3158 2857 3205 et
2894 3150 3043 3219 ipse,
3076 3148 3171 3204 sed
3204 3148 3364 3204 video
3392 3157 3532 3203 recte
3564 3143 3770 3198 factorum

2246 3245 2470 3316 pelagus
2511 3244 2786 3300 immensa:
2817 3242 3189 3313 profunditatis
3204 3285 3226 3310 ,
3259 3254 3542 3309 vereorque
3559 3251 3617 3293 ne
3636 3244 3772 3289 sema

2247 3344 2429 3391 uoster
2447 3335 2514 3390 ad
2539 3333 2760 3390 fundum
2787 3334 3017 3400 delatus,
3031 3349 3143 3405 pra:
3164 3332 3525 3390 imbecillitate
3541 3343 3632 3384 non
3647 3321 3776 3397 possit

2246 3427 2299 3482 in
2346 3427 2509 3482 altum
2555 3441 2855 3482 recurrere.
2905 3422 3130 3496 Oportet
3167 3425 3318 3480 enim
3365 3431 3559 3479 vetusta
3601 3427 3772 3473 narrate

2247 3520 2481 3576 facinora
2504 3560 2519 3585 ,
2560 3520 3048 3590 peregrinationes,
3090 3518 3325 3589 vigilias,
3374 3529 3555 3579 curas,
3590 3507 3774 3582 judicia,

2247 3628 2472 3684 pugnas,
2501 3622 2703 3683 trepzca
2727 3613 2962 3680 tropaeis,
2993 3611 3248 3666 victorias
3270 3608 3499 3665 victoriis
3516 3603 3774 3663 cumulatas.

2245 3720 2336 3760 res
2361 3713 2541 3776 gestas
2568 3718 2677 3759 non
2710 3712 2949 3758 nostram
2979 3702 3139 3758 modo
3157 3744 3173 3767 ,
3208 3702 3306 3760 sed
3330 3711 3385 3758 et
3408 3712 3608 3756 omnem
3634 3694 3779 3751 huma-

2249 3812 2372 3852 nam
2417 3797 2652 3868 linguam
2693 3804 3024 3865 superantes,
3070 3810 3302 3866 queque
3344 3807 3522 3849 vocem
3560 3787 3779 3858 requiram

2248 3889 2544 3959 apostolico
2570 3889 2759 3959 spiritu
2785 3887 3105 3943 concitatam
3125 3927 3142 3954 ,
3193 3887 3286 3958 qui
3317 3894 3489 3958 potest
3512 3880 3668 3938 omnia
3697 3884 3779 3930 tum

2247 3980 2443 4051 eloqui,
2465 3988 2577 4035 tum
2597 3979 2826 4035 docere:
2848 3978 2943 4034 sed
2968 3979 3102 4033 hanc
3119 3988 3329 4048 partem
3350 3976 3779 4047 pretercurrentes.

2250 4074 2318 4129 ad
2348 4073 2570 4128 alteram
2616 4088 2734 4143 qua:
2788 4072 2964 4127 minus
3007 4071 3168 4127 habet
3219 4070 3442 4143 periculi
3489 4063 3780 4124 accedemus.

2251 4180 2409 4236 quam
2439 4165 2525 4220 vel
2550 4166 2741 4236 exigua
2766 4164 2961 4234 scapha
2991 4164 3117 4219 licet
3143 4164 3452 4234 enavigare.

2320 4255 2603 4311 Flavianus
2625 4255 2679 4310 in
2708 4255 2858 4310 domo
2878 4264 3173 4327 sumptuosa
3188 4256 3454 4311 educatus.
3472 4281 3539 4293 —
3556 4251 3655 4321 Age
3666 4243 3784 4316 igitur

2249 4349 2318 4406 de
2359 4350 2711 4420 temperantia
2748 4348 2931 4405 dicere
2960 4348 3321 4415 tentabimus,
3366 4344 3625 4420 quomodo
3657 4335 3783 4394 venui

2253 4444 2553 4515 imperarit,
2580 4442 2851 4514 quomodo
2878 4441 3099 4498 delicias
3123 4440 3542 4512 contempserit,
3570 4426 3784 4508 quoade

2251 4548 2491 4589 mensam
2522 4543 2888 4603 sumptuosam
2913 4532 3196 4601 deriserit,
3230 4533 3393 4604 idque
3435 4546 3552 4586 cum
3590 4528 3639 4582 in
3667 4524 3786 4579 domo

2250 4634 2562 4699 sumptuosa
2583 4635 2726 4682 esset
2750 4626 3024 4681 educatus.
3048 4626 3181 4680 Nam
3218 4626 3416 4682 mirum
3445 4638 3546 4679 non
3570 4627 3673 4683 est,
3696 4622 3782 4666 eum

2251 4722 2339 4791 qui
2362 4721 2415 4775 in
2434 4728 2742 4790 paupertate
2761 4718 2913 4785 vixit,
2931 4717 2998 4772 ad
3019 4717 3157 4773 hanc
3172 4717 3471 4788 squalidam
3499 4714 3786 4782 asperam“

2251 4812 2436 4867 venire
2455 4811 2638 4877 vitam,
2661 4807 3091 4880 quandoquidem
3116 4809 3161 4864 is
3182 4808 3348 4864 habet
3366 4808 3533 4878 ipsam
3562 4803 3784 4875 μυρετυ-

2255 4909 2360 4957 tem
2382 4900 2829 4971 peregrinationis
2854 4913 2919 4955 ac
2941 4899 3041 4954 vite
3055 4884 3332 4964 comitem,
3356 4913 3476 4968 qua:
3496 4889 3788 4951 illi-sarcinam

2255 4993 2308 5047 in
2336 4991 2455 5048 dies
2479 4990 2652 5046 reddit
2687 4989 2969 5046 leviorem.
3004 4989 3187 5060 Atqui
3214 4987 3318 5044 fuit
3341 4987 3633 5043 divitiarum
3659 4971 3791 5032 domi-

2255 5098 2357 5139 nus
2375 5124 2390 5148 ,
2431 5081 2576 5137 haud
2614 5081 2769 5138 facile
2796 5096 2921 5138 sese
2944 5081 3012 5138 ab
3038 5081 3251 5137 illarum
3276 5080 3510 5151 explicet
3533 5070 3794 5142 complet“:

2256 5182 2461 5230 tantum
2489 5173 2838 5244 cupiditatum
2861 5187 3085 5229 examen
3103 5172 3343 5228 animam
3366 5173 3509 5227 illam
3531 5155 3797 5223 circumval-

2258 5267 2415 5322 lavit:
2436 5275 2542 5321 tam
2566 5266 2744 5337 gravis
2768 5274 2823 5321 et
2846 5265 3136 5336 caliginosa
3155 5263 3446 5320 affectuum
3469 5260 3628 5317 nubes
3645 5244 3800 5309 mentis

2257 5358 2402 5415 illius
2426 5358 2610 5414 oculos
2634 5356 2872 5424 obducit,
2903 5365 2964 5412 ut
2990 5371 3098 5412 non
3122 5355 3263 5412 sinat
3281 5354 3354 5410 ad
3383 5353 3568 5410 caelum
3593 5342 3800 5402 intuitum

2321 5574 2341 5611 ι
2374 5572 2530 5625 Verba
2550 5574 2676 5634 haec,
2698 5585 2946 5625 conservos
2967 5571 3192 5634 laudabo,
3211 5571 3418 5634 desunt_
3433 5572 3483 5622 in
3515 5565 3743 5634 Colb,_ne¢
3759 5552 3806 5601 3b

2702 5621 3521 5755 ᾒέιὲὲὶέέίὲἓίὲξῗζξδξέἐέιῗεῑῗεεξξ
3538 5621 3809 5752 se...

2321 5710 2343 5730 ι
2374 5710 2448 5748 διο
2467 5710 2607 5749 savu.
2635 5710 2687 5749 et
2715 5710 2899 5758 nocet,
2922 5710 3012 5747 seu
3034 5710 3163 5748 (mu.
3183 5710 3232 5749 et
3256 5710 3446 5760 interpr

2262 5760 2379 5811 dion
2401 5759 2548 5825 igitur
2570 5767 2616 5812 et
2639 5761 2740 5826 ipse
2764 5760 2917 5822 dicit,
2942 5760 3117 5813 luceat.
