3944 6202
228 263 325 317 697

225 378 457 447 rrigere,
503 372 599 427 sed
642 377 797 441 cogat
835 367 1085 423 deorsum
1126 363 1382 419 inclinare
1425 367 1622 429 caput,
1652 367 1705 412 ct
1733 354 1798 410 ad

228 481 421 523 terram
450 464 678 518 inhiare.
705 460 812 516 Nec
841 467 925 515 est
950 457 1050 512 alia
1080 471 1186 515 res,
1232 469 1351 524 qua:
1383 449 1600 519 perinde
1628 448 1805 503 obstet

221 573 325 629 quo
350 555 529 610 sirius
570 552 970 623 proﬁciscamur
1009 547 1060 600 in
1103 544 1290 601 caelum
1316 584 1332 610 ,
1378 556 1441 596 ac
1478 539 1706 601 divitiae,
1749 546 1803 591 et

225 628 345 707 hinc
374 646 641 703 venientia
673 641 832 698 tnala.
854 640 961 695 Nec
989 652 1138 693 meus
1166 644 1249 691 est
1280 635 1364 689 hic
1386 646 1586 696 sermo,
1617 628 1711 684 sed
1735 629 1803 683 ab

226 757 339 813 ipso
356 739 577 796 Christo
599 736 810 794 devenit
830 730 1088 788 sententia
1119 746 1132 784 :
1164 727 1392 781 Facilius
1413 727 1429 755 ¹
1452 734 1554 785 est,
1597 722 1799 791 inquit,

224 812 471 886 seruolum
502 845 591 898 per
618 830 845 899 foramen
881 838 1002 876 acus
1044 817 1276 890 ingredi,
1323 831 1474 887 quam
1514 814 1713 868 diuitem
1750 812 1804 864 in

225 941 433 997 regnum
477 921 716 976 striarum
757 915 969 987 (Matth.
1013 913 1103 967 i9.
1148 908 1265 980 24).
1310 906 1414 997 sed
1457 921 1617 970 ecce,
1661 902 1804 973 quod

226 1024 339 1071 erat
362 1012 607 1077 difficile,
632 1009 715 1063 vel
744 1004 1073 1075 impossibile
1100 1001 1276 1071 potius
1299 1041 1315 1065 ,
1346 996 1542 1052 factum
1572 1004 1655 1052 est
1684 1008 1804 1063 pos-

226 1108 381 1163 sibile
407 1124 423 1160 :
445 1113 503 1160 et
524 1104 594 1158 de
617 1115 722 1171 quo
747 1100 937 1156 Petrus
971 1097 1099 1152 olim
1128 1094 1403 1151 dubitabat
1428 1090 1566 1161 apud
1593 1089 1803 1143 Praece-

228 1208 465 1270 ptorem,
488 1194 765 1261 voluitque
785 1206 852 1245 ex
879 1204 945 1245 eo
964 1189 1193 1252 discere,
1205 1185 1311 1256 jam
1345 1183 1456 1252 ipsa
1482 1179 1805 1270 experientia

228 1269 475 1345 novimus
503 1297 723 1347 «uitnes,
769 1281 876 1338 imo
916 1279 1077 1335 etiam
1117 1275 1364 1346 amplius.
1393 1272 1508 1328 Non
1535 1271 1677 1326 enim
1697 1269 1806 1339 jam

225 1382 377 1436 dives
416 1378 534 1448 ipse
575 1370 943 1430 tantummodo
970 1367 1213 1424 ascendit
1257 1367 1310 1421 in
1337 1364 1559 1426 caelum,
1600 1376 1809 1418 verum-

226 1473 394 1528 etiam
443 1468 697 1539 populum
736 1462 1057 1528 introducit,
1106 1474 1228 1515 cum
1270 1466 1465 1528 praeter
1503 1454 1719 1510 divitias
1756 1463 1810 1508 et

230 1564 335 1618 alia
364 1560 450 1615 bis
477 1574 581 1613 non
611 1557 821 1624 minora
860 1552 1057 1607 habeat
1094 1548 1501 1619 impedimenta,
1537 1542 1680 1615 quod
1719 1543 1808 1613 ju-

231 1654 383 1710 venis
426 1659 547 1715 est,
594 1646 735 1717 quod
782 1652 906 1699 ante
955 1653 1165 1712 tempus
1206 1637 1513 1709 orpbanus,
1559 1649 1679 1705 qua:
1722 1647 1811 1689 res

231 1743 475 1816 quemvis
504 1738 734 1795 hominis
752 1736 985 1791 animum
1011 1735 1214 1804 possint
1238 1731 1291 1786 in
1320 1728 1559 1784 fraudem
1580 1726 1806 1782 illioere:

232 1834 501 1905 ejusmodi
550 1831 746 1886 habent
795 1829 1218 1888 incantamenta,
1263 1821 1521 1894 ejusmodi
1573 1820 1815 1890 praebent

231 1941 465 1983 venena.
491 1923 689 1978 Verum
718 1920 833 1976 hmo
855 1920 958 1974 iste
975 1918 1193 1982 devicit,
1216 1926 1270 1972 et
1298 1915 1488 1971 cerium
1512 1912 1813 1985 apprehen-

234 2018 334 2084 dit,
373 2028 607 2084 seseque
632 2011 857 2067 contulit
880 2008 947 2065 ad
977 2009 1247 2063 cmlestem
1285 2004 1710 2077 philosolibiam,
1753 2017 1817 2057 ac

236 2123 411 2179 neque
434 2103 775 2175 splendorem
797 2100 1078 2172 praesentis
1095 2097 1452 2153 consideravit
1477 2096 1618 2160 vitae,
1643 2108 1816 2163 neque

236 2199 303 2253 ad
345 2196 742 2267 progenitorum
787 2191 1082 2248 claritatem
1117 2188 1386 2259 respexit:
1412 2187 1521 2242 imo
1550 2185 1722 2255 potius
1750 2184 1816 2238 ad

237 2287 502 2357 majorum
543 2284 837 2339 claritatem
877 2279 1133 2350 respexit,
1186 2295 1291 2334 non
1334 2277 1547 2348 quidem
1593 2277 1813 2331 istorum

238 2396 377 2451 quos
421 2378 524 2448 ipsi
579 2384 767 2431 natura
816 2372 1118 2430 necessario
1171 2371 1528 2437 devinxerat,
1581 2369 1675 2424 sed
1727 2371 1817 2437 qui

239 2472 388 2542 hsta
415 2468 629 2540 pietatis
652 2465 983 2536 propositum
1010 2462 1279 2533 conjuncti
1302 2469 1458 2526 sunt,
1501 2475 1673 2529 eoque
1701 2459 1819 2513 talis

243 2563 411 2616 factus
430 2569 515 2615 est
534 2557 719 2629 quales
745 2555 819 2610 illi
845 2554 1061 2609 fuerint.
1093 2553 1344 2622 Respexit
1371 2551 1434 2605 ad
1465 2549 1817 2620 patriarcbam

244 2650 546 2714 Abraham,
587 2645 822 2716 respexit
858 2644 926 2699 ad
968 2658 1217 2714 magnum
1264 2642 1412 2696 illum
1465 2641 1698 2703 Mosem,
1730 2640 1818 2709 qui

238 2757 363 2796 etum
390 2747 535 2795 esset
553 2739 606 2792 in
630 2736 780 2807 regio
803 2733 1057 2790 educatus
1078 2734 1291 2803 palatio,
1313 2747 1493 2786 mensa
1522 2730 1820 2802 Sybaritica

240 2831 343 2886 frui
383 2835 698 2892 consuetus,
738 2834 794 2881 et
835 2825 976 2879 inter
1009 2822 1289 2895 Egyptios
1316 2818 1533 2877 relictus
1569 2821 1822 2890 strepitus

240 2937 304 2975 ac
324 2919 584 2975 tumultus
610 2916 804 2987 (nostis
821 2923 998 2970 autem
1023 2913 1320 2984 cujusmodi
1347 2913 1452 2966 sint
1478 2912 1820 2968 barbarorum

243 3014 459 3068 illorum
487 3025 684 3072 mores,
706 3023 862 3078 quam
889 3006 1058 3061 fastus
1086 3017 1140 3060 et
1160 3005 1477 3075 arrogantia:
1501 3004 1642 3074 pleni
1668 3004 1821 3072 sint),

238 3101 565 3171 contemptis
586 3100 689 3155 illis
711 3099 977 3162 omnibus,
1002 3097 1067 3152 ad
1097 3097 1270 3151 lutum
1293 3103 1348 3151 et
1371 3095 1607 3150 laborem
1636 3094 1822 3164 figulo-

243 3209 365 3249 rum
406 3192 552 3248 ultro
591 3205 651 3245 se
682 3188 909 3244 contulit
930 3228 949 3255 ,
975 3197 1029 3243 et
1058 3187 1113 3242 in
1137 3201 1413 3242 servorum
1452 3199 1675 3239 numero
1706 3198 1826 3240 esse

240 3284 588 3353 concupivit,
623 3281 713 3351 qui
753 3296 847 3335 rex
891 3287 1088 3335 eratet
1115 3277 1256 3348 regis
1293 3276 1450 3331 filius.
1490 3276 1652 3345 Atqui
1689 3273 1827 3330 hanc

243 3378 316 3431 ob
353 3389 568 3431 causam
602 3382 720 3442 post
743 3386 993 3428 reversus
1017 3379 1101 3425 est
1142 3370 1344 3439 majore
1372 3383 1493 3424 cum
1532 3368 1785 3438 dignitate
1807 3408 1823 3435 ,

245 3482 404 3537 quam
438 3473 595 3520 antea
621 3463 841 3534 gerebat
877 3471 1035 3532 atque
1062 3460 1348 3531 abjecerat.
1395 3458 1665 3529 Siquidem
1709 3468 1828 3529 post

246 3559 493 3615 exsilium
512 3599 527 3622 ,
563 3565 680 3627 post
714 3555 1018 3610 servitutem
1046 3552 1185 3623 apud
1211 3567 1475 3618 socerum,
1495 3559 1613 3621 post
1629 3566 1825 3605 terum-

248 3667 343 3706 nas
368 3663 596 3721 peregre
620 3649 901 3711 toleratas,
942 3646 1136 3713 rediit,
1177 3646 1313 3713 regis
1344 3646 1509 3714 ipsius
1536 3643 1786 3714 princeps
1809 3685 1823 3706 ,

248 3745 357 3799 imo
373 3743 551 3798 verius
577 3741 688 3811 regi
714 3741 823 3810 jam
849 3740 1017 3795 factus
1041 3738 1172 3795 deus
1194 3756 1209 3792 τ
1231 3736 1372 3801 Feci.
1401 3739 1590 3808 inquit,
1615 3745 1668 3791 te
1680 3737 1827 3791 deum

254 3832 515 3888 Pharaoni
544 3830 738 3903 (Exod.
765 3831 821 3885 7.
847 3828 905 3901 1)
927 3845 942 3883 :
962 3829 1183 3899 ipsoque
1205 3842 1329 3898 rege
1346 3827 1677 3898 splendidior
1691 3839 1823 3889 erat,

249 3940 358 3979 non
377 3933 596 3992 gestans
614 3920 859 3976 diadema
877 3959 900 3984 ,
923 3932 1097 3989 neque
1116 3935 1342 3988 purpura
1373 3919 1598 3974 amictus
1611 3961 1626 3983 ,
1657 3932 1829 3988 neque

247 3992 409 4072 curru
434 4024 619 4071 vectus
638 4028 824 4080 aureo,
842 4011 934 4067 sed
956 4013 1202 4065 universo
1222 4011 1313 4065 illo
1336 4009 1472 4064 fastu
1496 4010 1825 4065 conculcata.

253 4105 431 4162 Omnis
450 4105 586 4159 enim
611 4103 733 4171 ﬁlia:
751 4103 881 4173 regis
904 4101 1067 4173 gloria
1088 4101 1149 4154 ab
1171 4101 1306 4155 intus
1338 4099 1452 4170 (Ps.
1477 4101 1567 4155 44.
1590 4099 1700 4169 14).
1726 4099 1828 4153 Re-

251 4210 437 4251 versus
461 4204 548 4249 est
575 4193 733 4264 igitur
759 4199 1027 4260 sceptrum
1055 4199 1268 4259 gestans
1287 4231 1302 4256 ,
1334 4189 1475 4260 quod
1506 4191 1827 4259 imperaret,

254 4303 357 4342 non
385 4284 696 4342 hominibus
716 4292 943 4349 tantum,
967 4283 1061 4338 sed
1088 4292 1137 4339 et
1169 4284 1321 4345 caelo.
1356 4292 1535 4349 terrae,
1566 4284 1826 4352 marique,

255 4378 391 4432 seris
413 4385 471 4432 et
498 4390 756 4446 aquarum
783 4381 1016 4439 natum,
1047 4373 1273 4441 stagnis,
1306 4372 1539 4428 fontibus
1564 4387 1627 4428 ac
1653 4372 1828 4427 numi-

258 4468 409 4523 nibus
431 4485 447 4520 :
473 4467 527 4522 in
552 4479 901 4537 quaecumque
923 4465 1068 4520 enim
1093 4465 1258 4519 voluit
1280 4464 1473 4530 Moses,
1497 4463 1548 4517 in
1570 4477 1633 4519 ea
1656 4472 1832 4519 verte-

263 4555 444 4611 bantur
470 4557 759 4620 eielnenta,
797 4564 855 4612 et
889 4556 941 4609 in
990 4554 1232 4611 manibus
1264 4553 1406 4608 illius
1441 4553 1619 4609 denuo
1660 4558 1831 4609 trans-

268 4647 588 4703 ierim-batur
635 4657 1058 4716 creatura:qua:
1112 4661 1214 4699 non
1257 4646 1391 4699 alter
1437 4660 1594 4714 quam
1641 4644 1829 4699 ancilla

263 4738 521 4809 quapiam
550 4737 813 4801 officiosa,
836 4736 1139 4805 conspicata
1170 4736 1282 4790 beri
1310 4735 1390 4789 sui
1417 4736 1646 4792 amicum
1667 4735 1829 4790 adve-

259 4834 417 4898 nisse,
466 4847 563 4901 per
604 4830 781 4885 omnia
827 4828 1078 4898 parebat.
1128 4828 1374 4898 dictoque
1418 4828 1720 4883 audientem
1774 4842 1833 4884 se

253 4921 563 4992 praebebat,
591 4919 809 4990 perinde
836 4928 996 4989 atque
1026 4918 1123 4987 Ipsi
1150 4918 1385 4971 domino.
1425 4917 1502 4971 Ad
1534 4931 1689 4986 quem
1715 4916 1828 4979 hic,

247 5028 415 5085 quem
462 5028 607 5068 nunc
647 5010 964 5066 laudandum
1002 5008 1319 5078 suscipimus
1342 5050 1357 5073 ,
1402 5009 1726 5079 respiciens,
1759 5007 1831 5062 illi

242 5105 447 5161 similis
488 5103 710 5159 euectus
756 5110 867 5167 est,
920 5115 1041 5156 eum
1094 5108 1237 5155 esset
1277 5100 1509 5171 juvenis,
1556 5100 1602 5156 si
1659 5108 1834 5155 tamen

241 5210 510 5265 unquam
554 5192 653 5248 fuit
685 5192 1050 5262 juvenismou
1096 5191 1238 5247 enim
1279 5203 1408 5246 sane
1430 5190 1626 5257 credo,
1669 5206 1836 5260 usque

240 5287 392 5343 adeo
421 5287 495 5342 illi
524 5287 593 5341 ab
622 5286 750 5356 ipsis
777 5284 1053 5340 cunabulis
1088 5298 1241 5339 mens
1265 5291 1379 5339 crat
1401 5297 1534 5337 cana
1553 5300 1568 5337 :
1586 5282 1679 5337 scd
1706 5297 1826 5337 cum

236 5381 405 5453 juxta
424 5376 855 5449 supputationem
870 5376 1041 5447 aetatis
1058 5386 1201 5431 esset
1219 5374 1454 5445 juvenis,
1471 5391 1682 5430 omnem
1700 5376 1834 5430 arri-

242 5601 358 5712 “;
380 5606 460 5649 us.
488 5596 619 5648 Coth.
647 5596 811 5654 habet,
834 5592 921 5646 sed
940 5592 997 5644 al:
1024 5591 1118 5645 illis
1138 5590 1381 5645 descendit
1403 5589 1629 5643 sententia
1658 5602 1674 5642 :
1700 5591 1837 5642 Faci-

1100 250 1350 317 SERMO,
1389 248 1532 305 CUM
1564 242 1969 301 PRESBYTER
2009 242 2168 301 FUIT
2205 245 2603 305 ORDINATUS

3376 250 3481 307 698‘

1915 358 2024 425 puit
2059 359 2444 431 philosophiam
2470 380 2484 416 :
2506 370 2561 417 et
2595 369 2937 433 posteaquam
2969 373 3293 433 cognoverat
3321 375 3479 420 natu~

1909 464 2024 503 ram
2062 450 2292 505 hominis
2317 465 2438 507 esse
2473 452 2635 508 veluti
2659 452 2884 509 fundum
2910 454 3193 524 quemdam
3221 463 3276 510 et
3296 468 3499 523 agrum.

1908 539 2222 611 sylvestrcm
2241 582 2258 607 ,
2289 542 2451 597 animi
2483 544 2699 599 morbos
2723 545 2968 600 oratione
2997 544 3210 615 picmis
3227 560 3329 602 ceu
3350 545 3485 601 falce

1909 631 2152 700 quapiam
2194 632 2350 687 facile
2394 634 2654 700 resecuit,
2697 635 2943 705 agricola:
2993 645 3209 706 purgata
3256 636 3485 693 reddens

1911 739 2037 778 arva
2090 726 2156 779 ad
2207 726 2515 796 jaciendum
2563 737 2859 784 sementem
2892 745 2908 783 :
2937 744 2996 784 ea
3051 738 3261 800 recepta
3316 738 3487 786 totum

1912 831 2099 872 semen
2122 817 2191 873 ad
2219 819 2481 887 profunda
2506 820 2751 886 demisit,
2798 829 2853 876 ut
2879 821 3130 878 deorsum
3160 822 3481 887 radicatam,

1914 923 2014 964 nec
2051 909 2120 965 ad
2152 911 2405 968 solarium
2442 912 2710 968 radiorum
2750 915 3008 985 impetum
3045 916 3290 983 cederet,
3334 932 3434 973 nec
3456 932 3488 972 δ

1911 1000 2076 1068 spinis
2115 1001 2254 1056 male
2295 1002 2662 1060 sul’l'ocaretur.
2707 1006 2959 1059 Animum
2999 1006 3212 1077 quidem
3255 1008 3325 1062 ad
3350 1008 3487 1064 hunc

1912 1093 2117 1147 curavit
2150 1093 2604 1149 modunncarnis
2636 1110 2767 1150 vero
2807 1096 3077 1152 lasciviam
3124 1098 3490 1169 temperantia:

1914 1182 2164 1238 remediis
2202 1185 2541 1254 compressit,
2572 1194 2841 1256 tamquam
2867 1201 3006 1256 equo
3029 1188 3255 1257 cuipiam
3282 1187 3489 1251 rebelli.

1916 1272 2127 1342 corpori
2149 1273 2338 1344 jejunii
2364 1274 2586 1333 fraznum
2618 1275 2879 1345 injicicns,
2907 1286 2960 1331 et
2983 1278 3116 1332 adeo
3140 1278 3191 1333 in
3220 1278 3509 1335 ditersum'

1914 1363 2140 1420 tendens
2159 1406 2175 1429 ,
2217 1374 2277 1420 ut
2303 1366 2417 1436 ipsa
2441 1366 2993 1436 eoneupiseentiarum
3021 1382 3114 1423 ora
3145 1384 3265 1423 cum
3304 1372 3488 1425 mode«

1914 1455 2119 1510 ratione
2158 1466 2484 1527 congruente
2521 1468 2845 1514 cruentaret.
2893 1458 3027 1518 Nam
3079 1475 3251 1531 neque
3297 1475 3502 1531 corpus

1916 1545 2270 1609 excruciabat,
2318 1561 2384 1600 ne
2424 1546 2708 1604 immodice
2747 1549 3055 1619 stringendo
3081 1564 3279 1621 quam
3302 1550 3405 1605 sibi
3428 1551 3499 1605 ad

1918 1636 2270 1692 ministerium
2324 1636 2570 1694 redderet
2621 1639 2898 1707 inutilem,
2969 1655 3145 1710 neque
3195 1641 3496 1711 patiebatur

1917 1739 2077 1796 supra
2120 1726 2337 1783 modum
2364 1728 2584 1784 obesum
2610 1728 2769 1795 fieri,
2806 1745 2875 1785 ne
2898 1730 3260 1800 corpulentior
3297 1731 3501 1796 factus,

1921 1832 2108 1872 rursus
2131 1818 2359 1889 erigeret
2387 1834 2509 1875 sese
2530 1818 2786 1876 adversus
2813 1822 3077 1878 rationem
3117 1821 3354 1877 habeans
3383 1837 3499 1877 mo-

1919 1912 2193 1996 derantem
2218 1930 2232 1968 :
2251 1912 2345 1968 sed
2365 1914 2522 1970 simul
2547 1923 2600 1969 et
2622 1915 2868 1970 sanitatis
2892 1914 3033 1970 illius
3050 1926 3107 1970 et
3124 1915 3501 1979 moderationis

1919 2019 2105 2060 curam
2153 2003 2356 2060 habuit.
2393 2005 2576 2077 Neque
2621 2020 2750 2062 vero
2793 2021 2916 2069 cum
2963 2007 3083 2062 talis
3125 2010 3180 2063 in
3220 2007 3511 2078 juventute-

1921 2093 2105 2149 fuisset
2126 2136 2142 2161 ,
2181 2104 2523 2165 posteaquam
2556 2105 2791 2151 teneram
2835 2104 3044 2151 aetatem
3075 2097 3337 2163 excessit,
3367 2098 3502 2152 banc

1920 2198 2131 2255 quoque
2167 2200 2345 2241 curam
2390 2186 2583 2256 ahjecit
2609 2204 2625 2242 :
2651 2201 2834 2241 verum
2865 2187 3022 2242 etiam
3055 2198 3193 2242 nunc
3216 2189 3304 2258 qui
3332 2189 3384 2243 in
3412 2204 3500 2244 se-

1923 2283 2154 2340 nectute,
2186 2275 2331 2330 velut
2357 2277 2407 2330 in
2435 2291 2649 2332 amoeno
2674 2286 2827 2346 portu
2854 2276 3024 2342 sedet,
3053 2292 3235 2332 rursus
3258 2278 3502 2333 eamdem

1923 2381 2105 2422 curam
2149 2367 2414 2422 observat.
2464 2367 2595 2422 Nam
2639 2369 2922 2438 juventus,
2967 2383 3001 2421 ο
3047 2368 3269 2434 dilecte,
3318 2370 3509 2440 pelago

1923 2458 2117 2513 furenti
2162 2459 2351 2515 similis
2390 2468 2506 2527 cst,
2556 2461 2847 2516 immitibus
2886 2462 3128 2517 undisae
3153 2463 3324 2519 ventis
3351 2463 3503 2519 malis

1924 2548 2154 2605 referto:
2174 2551 2395 2605 canities
2442 2567 2570 2607 vero
2595 2551 2742 2607 velut
2781 2553 2834 2607 in
2865 2553 3149 2623 tranquillo
3178 2562 3331 2624 portu
3359 2552 3504 2608 fovet

1925 2653 2109 2695 eorum
2136 2641 2365 2708 animos,
2398 2642 2487 2713 qui
2518 2653 2939 2710 consenuerunt,
2967 2653 3224 2714 prtestans
3252 2653 3310 2700 ut
3335 2645 3525 2700 artatis.

1930 2732 2194 2790 beneficio
2226 2741 2373 2801 parta
2403 2732 2758 2801 periculorum
2785 2732 3118 2788 immunitate
3145 2733 3374 2803 jucunde
3401 2734 3507 2789 fru-

1930 2836 2107 2882 antur.
2139 2825 2249 2881 liae
2273 2825 2656 2896 tranquillitate
2678 2840 2799 2880 cum
2832 2824 2917 2880 hic
2947 2840 3088 2880 nunc
3117 2833 3229 2880 tuto
3253 2826 3509 2896 potiatur,

1927 2926 2083 2986 atque
2123 2916 2174 2970 in
2207 2927 2359 2985 portu
2380 2956 2395 2979 ,
2421 2924 2481 2970 ut
2508 2915 2613 2969 dixi
2637 2956 2653 2981 ,
2680 2914 2874 2970 sedens
2894 2957 2908 2979 ,
2939 2915 3107 2970 nihilo
3136 2917 3308 2971 minus
3332 2925 3522 2973 tamen

1928 3020 2011 3065 est
2040 3008 2297 3063 sollicitus
2321 3026 2333 3062 :
2358 3018 2412 3061 at
2448 3008 2588 3063 hunc
2616 3008 2862 3062 timorem
2889 3009 3094 3076 accepit
3116 3023 3144 3061 a
3172 3009 3336 3064 Paulo
3358 3049 3374 3075 ,
3418 3012 3510 3079 qui

1930 3116 2053 3157 cum
2079 3100 2407 3155 ascendisset
2434 3100 2485 3154 in
2507 3100 2719 3164 omium,
2742 3110 2902 3170 atque
2923 3099 3046 3156 inde
3066 3110 3319 3156 reversus
3340 3108 3511 3157 terras

1929 3205 2115 3248 rursus
2151 3190 2441 3260 attigisset,
2489 3188 2689 3253 aiebat,
2746 3187 2929 3243 Vereor
2966 3205 3030 3244 ne
3066 3193 3198 3260 forte
3239 3208 3357 3246 cum
3393 3192 3523 3245 aliis

1929 3282 2327 3353 prcdicaveﬁm,
2339 3283 2446 3354 ipse
2458 3282 2696 3353 reprobus
2711 3282 2896 3353 e/jiciar
2909 3282 2959 3354 (i
2970 3322 2986 3339 .
3000 3283 3120 3338 Cor.
3133 3282 3187 3339 9.
3201 3285 3293 3354 τι)
3313 3301 3327 3339 :
3341 3298 3512 3353 eoque

1934 3376 2021 3430 hic
2044 3389 2163 3432 sese
2207 3375 2259 3429 in
2301 3385 2558 3446 perpetuo
2588 3375 2777 3430 timore
2821 3373 3130 3438 constituit,
3174 3382 3231 3428 ut
3269 3382 3414 3430 esset
3458 3375 3509 3428 iu

1932 3476 2185 3539 perpetua
2210 3465 2423 3533 fiducia,
2454 3465 2821 3535 assidcrctque
2849 3464 3020 3528 clavo,
3052 3480 3157 3520 non
3187 3465 3273 3521 ille
3294 3465 3510 3535 quidem

1931 3558 2208 3614 stellarum
2236 3568 2453 3613 exortus
2482 3556 2772 3612 observans
2794 3597 2810 3622 ,
2843 3572 3016 3627 neque
3045 3572 3206 3627 rupes
3232 3556 3332 3613 sub
3363 3559 3515 3627 aquis

1932 3649 2189 3713 latentes,
2240 3664 2412 3718 neque
2455 3647 2732 3716 scopulos,
2782 3646 2877 3703 sed
2918 3647 3219 3702 daetnonum
3251 3648 3529 3711 insultus,

1932 3756 1995 3795 ac
2013 3739 2207 3796 diaboli
2225 3739 2504 3805 versutias,
2523 3739 3005 3809 cogitationemque
3021 3752 3245 3810 pugnas,
3263 3740 3523 3811 omnique-

1934 3842 2092 3904 parte
2112 3832 2344 3886 lustrans
2367 3831 2687 3895 exercitum,
2727 3839 2949 3884 cunctos
2988 3830 3043 3884 in
3080 3838 3196 3884 tuto
3218 3829 3520 3886 constituit.

1931 3923 2113 3995 Neque
2135 3922 2281 3978 enim
2309 3919 2437 3976 illud
2463 3920 2629 3977 modo
2658 3927 2891 3990 spectat,
2922 3934 2993 3974 ne
3014 3920 3210 3989 scapha
3239 3917 3514 3989 demerga—

1939 4027 2057 4078 tur;
2086 4014 2181 4069 sed
2225 4028 2293 4069 ne
2319 4013 2441 4084 quis
2462 4027 2649 4067 eorum
2669 4052 2684 4076 ,
2726 4025 2861 4081 quos
2898 4026 3082 4068 secum
3123 4011 3283 4068 habet
3310 4012 3367 4068 in
3392 4014 3527 4068 navi

1938 4117 2204 4172 vectores,
2229 4122 2258 4160 a
2288 4104 2510 4160 tumultu
2540 4104 2767 4175 quodam
2796 4118 2895 4159 ceu
2920 4118 2949 4156 a
2978 4104 3163 4173 piratis
3191 4104 3508 4174 abripiatur.

1935 4197 2065 4253 nihil
2110 4213 2214 4251 non
2244 4206 2393 4251 curat
2434 4195 2721 4266 agitatque.
2766 4194 2868 4248 Per
2910 4193 3085 4256 hunc,
3125 4208 3325 4263 perque
3356 4192 3525 4262 hujus

1933 4287 2248 4357 sapientiam
2296 4302 2394 4339 nos
2442 4300 2628 4339 onmes
2680 4281 2911 4338 secundo
2960 4280 3268 4351 navigamus
3312 4290 3510 4347 vento,

1934 4380 2089 4451 plena
2120 4378 2268 4431 navis
2296 4377 2407 4432 vela
2436 4375 2745 4445 pandentes.

2004 4473 2057 4527 ιι.
2098 4470 2179 4525 De
2214 4468 2421 4523 Heloria
2457 4467 2767 4522 Antiocheno
2815 4466 3055 4536 loquitur.
3093 4495 3166 4507 --
3201 4467 3341 4523 Sane
3388 4482 3527 4522 cum

1935 4565 2167 4635 priorem
2184 4563 2330 4617 illum
2353 4570 2555 4631 patrem
2583 4559 2948 4615 amisissemus
2963 4598 2988 4625 ,
3003 4561 3090 4629 qui
3116 4571 3181 4617 et
3200 4558 3339 4615 hunc
3356 4559 3528 4616 nobis.

1934 4657 2153 4728 genuit,
2173 4656 2225 4710 in
2249 4654 2491 4724 angustia
2522 4668 2609 4708 res
2651 4661 2848 4708 nostra:
2875 4660 3059 4707 erant:
3091 4666 3265 4723 quare
3291 4652 3513 4709 misera-

1937 4746 2114 4801 biliter
2144 4744 2591 4809 lamentabamur,
2617 4755 2670 4797 ut
2700 4743 2790 4813 qui
2817 4758 2921 4797 non
2951 4742 3297 4811 sperabamus
3323 4742 3437 4796 fore
3459 4749 3525 4794 ut

1938 4835 2023 4891 hic
2046 4835 2265 4890 thronus
2294 4835 2452 4888 alium
2482 4834 2654 4889 virum
2687 4835 2846 4889 talem
2874 4835 3160 4905 acciperet.
3185 4829 3379 4887 Verum
3426 4831 3515 4886 ubi

1940 4928 2024 4983 hic
2046 4928 2278 4993 advenit,
2311 4937 2363 4982 ct
2390 4926 2440 4981 in
2471 4926 2613 4982 clara
2638 4927 2755 4983 luce
2772 4925 2913 4981 visus
2937 4934 3018 4981 est
3037 4968 3052 4992 ,
3077 4922 3240 4980 efﬁcit
3268 4932 3325 4977 ut
3346 4927 3520 4979 omnis

1940 5022 2026 5075 illa
2058 5021 2298 5091 anguStia
2326 5018 2490 5074 veluti
2513 5019 2684 5074 nubes
2715 5017 3058 5087 praeterierit,
3083 5025 3138 5073 et
3165 5030 3351 5072 omnes
3389 5030 3505 5071 meo

1940 5113 2108 5169 lestiae
2133 5112 2462 5168 evanuerint.
2507 5110 2692 5181 Neque
2717 5110 2915 5165 sensim
2941 5109 3093 5165 nobis
3118 5109 3317 5165 luctum
3364 5107 3512 5163 illum

1939 5204 2169 5268 exemit,
2197 5203 2288 5257 scd
2337 5201 2476 5256 adeo
2516 5210 2767 5270 repente,
2791 5200 2940 5270 quasi
2975 5199 3117 5256 idem
3160 5199 3253 5255 ille
3272 5199 3460 5257 beatus
3485 5217 3520 5255 e

1942 5295 2147 5350 tumulo
2160 5293 2427 5350 redivivus
2450 5294 2505 5345 in
2533 5291 2674 5346 hunc
2704 5290 2952 5347 thronum
2971 5290 3154 5347 denuo
3171 5289 3519 5348 ascendisset.

1942 5385 2138 5441 Verum
2165 5382 2529 5452 imprudentes
2547 5397 2729 5436 amore
2757 5380 3034 5450 studioque
3063 5379 3317 5448 prmclare
3334 5387 3515 5451 gesto-

1946 5494 2060 5534 rum
2090 5478 2254 5547 patris
2282 5473 2485 5539 nostri,
2515 5489 2815 5530 sermonem
2845 5474 2978 5529 ultra
3009 5473 3224 5529 modum
3266 5473 3514 5544 produxi-

1943 5585 2097 5634 mus,
2123 5582 2229 5621 non
2274 5565 2392 5620 dico
2439 5565 2574 5620 ultra
2612 5564 2827 5621 modum
2877 5579 3059 5620 eorum
3101 5581 3220 5636 qua:
3266 5564 3353 5621 hic
3398 5577 3533 5621 cum

1948 5661 2098 5717 laude
2124 5660 2322 5732 gessit;
2346 5673 2467 5712 nam
2508 5657 2574 5713 de
2600 5656 2681 5712 bis
2706 5672 2773 5713 nc
2799 5656 2943 5726 loqui
2971 5656 3182 5726 quidem
3226 5657 3522 5726 carpimus;
