3944 6202
502 228 608 284 699

498 344 593 401 sed
647 345 786 402 ultra
842 344 1257 400 mediocritatem
1302 353 1498 399 nostra:
1546 342 1906 414 juventutis‘.
1947 345 2080 413 Age-

498 440 624 495 dum
648 438 804 507 igitur
822 450 1008 490 rursus
1032 434 1175 490 velut
1215 435 1266 488 in
1291 444 1505 505 portum
1542 434 1839 488 orationem
1866 433 2082 488 silentio

496 529 562 584 ad
585 528 816 599 quietem
835 540 1177 582 revocemus:
1209 534 1460 580 caeterum
1479 539 1542 579 ea
1561 523 1807 580 desinere
1823 539 1926 579 non
1948 523 2081 590 vult,

496 620 590 674 sed
609 635 749 689 aegre
768 616 891 684 fert,
905 616 1312 686 indignaturque
1328 615 1549 686 cupiens
1566 624 1679 670 toto
1697 625 1847 686 prato
1856 614 2080 684 expleri.

501 710 693 766 Verum
708 709 760 763 id
784 708 1111 778 impossibile
1127 717 1208 763 est
1222 750 1238 773 ,
1265 722 1299 762 o
1320 708 1493 777 pueri.
1514 708 1829 763 Desinamus
1845 708 2002 777 igitur
2020 722 2082 761 ea

500 802 776 872 persequi,
798 817 918 872 qua:
950 816 1052 855 non
1084 815 1366 870 possumus
1385 800 1627 872 assequi;
1647 799 2085 856 sufﬁciantnobis

494 893 560 949 ad
586 894 830 948 solatium
883 907 946 946 ea
991 908 1110 963 qua:
1155 891 1294 947 dicta
1343 900 1488 947 sunt.
1539 890 1981 961 Quandoquidem
2028 891 2080 944 in

496 985 741 1055 pretiosis
768 985 1050 1054 unguentis
1069 1000 1173 1037 non
1197 991 1399 1038 tantum
1434 982 1479 1038 si
1514 982 1634 1052 quis
1661 981 1896 1037 effundat
1934 982 2085 1052 [ecy-

496 1077 645 1131 tbum
665 1116 683 1142 ,
701 1091 886 1131 verum
906 1075 1063 1130 etiam
1091 1075 1136 1130 si
1156 1075 1277 1144 quis
1304 1074 1389 1129 vel
1419 1073 1643 1128 summis
1680 1072 1858 1143 digitis
1899 1087 2086 1141 super-

498 1168 668 1224 ficiem
695 1167 953 1238 attingat,
975 1174 1030 1222 et
1055 1181 1232 1222 aerem
1263 1180 1401 1220 novo
1424 1165 1606 1221 colore
1640 1165 1829 1232 tinxit,
1848 1174 1902 1220 et
1925 1173 2084 1234 quoto

494 1268 625 1329 quot
648 1260 876 1324 adsunt,
908 1258 1167 1312 suavitate
1207 1255 1509 1327 fragrantia:
1538 1255 1786 1326 replevit.
1828 1253 1982 1321 Quod
2032 1262 2087 1308 et

497 1354 548 1406 in
581 1350 862 1421 prmsentia
892 1349 1142 1417 contigit,
1173 1363 1279 1403 non
1303 1348 1505 1402 viribus
1524 1348 1844 1417 eloquentia:
1865 1356 2084 1411 nostrae,

496 1442 592 1498 sed
641 1450 856 1513 pr0pter
881 1441 988 1496 vim
1038 1441 1106 1495 ab
1155 1439 1259 1496 hoc
1300 1440 1438 1495 bene
1478 1447 1774 1509 gestorum.
1822 1438 2087 1493 Abeamus

497 1535 670 1604 igitur,
719 1534 973 1588 abeamus
1017 1532 1084 1586 ad
1129 1546 1316 1601 preces
1353 1529 1714 1594 divertentes,
1741 1529 2089 1599 deprecemur

500 1627 701 1690 Deum,
731 1632 787 1679 ut
806 1622 1106 1678 communis
1133 1631 1303 1677 mater
1331 1631 1513 1675 nostra
1536 1618 1834 1675 illabefacta
1880 1627 1936 1674 et
1984 1619 2088 1672 im-

497 1728 640 1773 mota
659 1724 889 1782 maneat,
913 1723 971 1769 ut
996 1713 1138 1769 hunc
1171 1721 1398 1783 patrem,
1425 1711 1722 1778 doctorem,
1744 1718 2009 1780 pastorem
2036 1718 2089 1765 et

497 1809 942 1880 gubernatorem,
976 1806 1045 1860 ad
1100 1806 1311 1876 longam
1352 1804 1611 1874 producat
1658 1802 1842 1857 vitam.
1871 1800 1929 1856 Si
1979 1816 2084 1870 qua

496 1901 650 1957 vobis
677 1901 837 1956 etiam
876 1899 1047 1954 nostri
1093 1898 1232 1952 ratio
1270 1905 1385 1962 est;
1418 1909 1593 1965 neque
1641 1893 1783 1950 enim
1824 1892 1934 1962 jam
1989 1905 2088 1948 nos

499 1994 643 2064 ipsos
689 1992 743 2047 in
797 1989 1139 2046 sacerdotum
1186 2002 1409 2043 numero
1477 2000 1678 2057 ponere
1744 1984 2085 2052 audebimus,

528 2209 537 2218 _
564 2149 578 2177 ²
611 2141 665 2191 In
690 2145 781 2193 hac
805 2143 1026 2205 verbum,
1051 2140 1331 2205 iuventutis,
1356 2140 1537 2190 desinit
1574 2138 1714 2191 savii.
1757 2137 1953 2202 Reliqua
1974 2136 2093 2187 deli-

497 2222 554 2257 εε-

1211 230 1269 287 S.
1307 230 1584 288 JOANNIS
1620 230 2092 288 CHRYSOSTOMI
2134 232 2454 292 ARCHIEP.
2493 236 3032 296 CONSTANTINOP.
3601 250 3686 306 700

2187 348 2401 418 quando
2432 365 2532 405 nec
2561 350 2635 409 fas
2667 362 2752 407 est
2777 354 3045 408 abortivos
3077 365 3254 425 partus
3276 370 3386 415 cum
3409 360 3624 434 legitimis
3643 384 3691 424 ac

2190 437 2439 507 perfectis
2466 456 2748 498 numerare
2773 460 2788 507 ;
2817 442 2957 515 quod
2984 443 3026 498 si
3059 460 3161 515 qua
3179 487 3195 512 ,
3224 446 3421 518 inquam
3440 492 3454 516 ,
3486 464 3560 508 est
3580 461 3693 519 apud

2187 543 2283 584 vos
2310 538 2364 585 et
2406 533 2572 587 nostri
2602 533 2738 588 ratio
2777 550 3025 604 tanquam
3076 534 3212 592 fetus
3253 540 3502 608 cujusdam
3541 546 3696 604 abortu

2188 621 2341 691 ejecti
2363 665 2378 690 ,
2407 633 2557 680 orate
2600 633 2658 680 ut
2705 641 2734 681 e
2754 627 3000 696 supernis
3029 628 3180 684 nobis
3217 632 3402 687 multus
3424 637 3698 695 aeeedatvi-

2187 729 2302 783 gnr.
2357 715 2502 786 Opus
2550 717 2763 786 quidem
2794 729 2908 774 erat
2961 721 3114 775 nobis
3150 731 3204 777 et
3232 725 3368 793 prius
3411 728 3572 795 tutela,
3597 731 3699 787 dum

2188 804 2288 859 soli
2314 806 2473 860 vitam
2504 806 2819 876 degeremus
2841 825 2871 863 a
2891 812 3112 881 negotiis
3135 812 3344 870 liberam
3366 826 3446 871 :at
3467 828 3702 889 postquam

2190 899 2242 951 in
2284 898 2516 953 medium
2544 899 2784 969 producti
2833 915 3047 968 sumus;
3078 903 3262 958 omitto
3306 908 3576 975 quomodo,
3615 912 3704 967 sive

2190 990 2424 1045 humano
2485 992 2691 1060 studio,
2742 993 2855 1049 sive
2924 993 3105 1051 favore
3157 996 3379 1053 divino:
3428 1000 3550 1054 nihil
3592 1004 3704 1058 enim

2192 1083 2467 1138 vobiscum
2520 1082 2619 1139 liae
2659 1084 2727 1139 de
2775 1100 2835 1139 re
2853 1086 3205 1154 contendam,
3237 1104 3303 1144 ne
3339 1091 3422 1144 cui
3454 1091 3614 1146 videar
3632 1109 3706 1163 per

2189 1174 2665 1229 dissimulationem
2717 1184 2771 1231 et
2801 1176 3024 1231 ironiam
3070 1178 3244 1249 loqui;
3270 1189 3487 1236 attamen
3536 1185 3708 1252 quando
3803 1164 3811 1176 ’

2192 1266 2431 1335 producti
2481 1282 2696 1332 sumus,
2750 1283 2814 1323 ac
2847 1268 3029 1338 jugum
3086 1269 3189 1325 hoc
3230 1271 3450 1326 validum
3491 1288 3710 1342 graveth

2190 1358 2523 1426 suscepimus
2542 1398 2555 1422 ,
2593 1358 2775 1412 multis
2802 1358 2957 1414 nobis
2981 1375 3117 1430 opus
3138 1370 3220 1416 est
3247 1362 3476 1417 manibus
3493 1402 3509 1429 ,
3533 1363 3711 1419 inﬁnitis

2195 1449 2440 1518 precibus
2463 1491 2478 1515 ,
2508 1466 2613 1519 quo
2635 1451 2902 1519 possimus
2938 1451 3238 1519 depositum
3290 1454 3482 1508 salvum
3528 1456 3712 1511 reddere

2191 1537 2410 1594 domino
2447 1541 2536 1610 qui
2586 1540 2866 1612 deposuit,
2898 1541 2949 1596 in
2981 1543 3069 1597 die
3098 1544 3221 1609 illo,
3250 1560 3364 1600 cum
3393 1546 3425 1599 ii
3462 1546 3630 1616 quibus
3648 1556 3710 1599 ta-

2194 1634 2334 1689 lenta
2374 1635 2575 1690 credita
2622 1644 2781 1702 sunt,
2817 1636 3141 1699 citabunlur,
3187 1648 3242 1693 et
3279 1637 3472 1707 judicio
3507 1639 3716 1694 sistentur

2192 1726 2453 1781 rationem
2496 1725 2774 1781 reddituri.
2801 1727 2963 1781 Orate
3007 1728 3184 1798 igitur,
3230 1744 3295 1782 ne
3322 1729 3468 1783 nobis
3515 1730 3714 1794 eveniat,

2193 1818 2333 1889 quod
2359 1819 2536 1874 evenit
2558 1818 2660 1873 illis
2685 1818 2912 1889 alligatis
2931 1820 3048 1874 etin
3070 1820 3316 1875 tenebras
3335 1822 3604 1875 exteriores
3618 1836 3720 1874 con-

2189 1910 2380 1981 jectis:
2410 1909 2506 1965 sed
2550 1911 2719 1965 simus
2767 1910 2820 1965 in
2869 1926 3054 1966 eorum
3102 1912 3470 1983 numero,qui
3517 1919 3721 1982 poterunt

2194 2002 2635 2072 qualemcumque
2662 2000 2871 2071 assequi
2902 2002 3113 2056 veniam
3131 2044 3147 2067 ,
3178 2003 3344 2072 gratia
3373 2013 3424 2057 et
3447 2002 3723 2072 benignitate

2197 2093 2408 2149 Domini
2454 2092 2622 2147 nostri
2650 2091 2777 2148 Jesu
2809 2092 3040 2160 Christi,
3066 2094 3151 2148 cui
3183 2093 3349 2164 gloria
3369 2134 3382 2159 ,
3414 2094 3661 2164 imperium
3682 2102 3723 2146 et

2197 2184 2437 2240 adoratio
2457 2185 2510 2239 in
2542 2183 2735 2240 macula
2756 2183 3094 2239 saeculorum.
3123 2187 3317 2241 Amen.

527 2455 3708 2509 W

1389 2748 1465 2808 [Ν
1503 2745 1897 2808 HOMILIAS
1936 2744 2043 2806 DE
2080 2743 2890 2808 INCOMPREHENSIBIU

576 3071 720 3127 inter
748 3068 955 3141 primas
981 3064 1363 3139 Chrysostomi
1396 3061 1720 3124 conciones,
1748 3073 1846 3114 eas
1895 3056 2089 3113 videli-

504 3186 589 3236 cet
608 3193 749 3249 quas
773 3191 920 3232 anno
940 3172 1047 3231 586
1067 3172 1136 3229 ad
1160 3172 1424 3244 populum
1447 3168 1851 3225 Antioclienum
1874 3164 2087 3232 habuit,

506 3286 671 3340 hasce
732 3282 811 3337 De
864 3278 1380 3351 ineomprchensibili
1436 3278 1870 3347 consignamus:
1927 3273 2088 3344 cujus

507 3386 773 3458 temporis
802 3396 965 3440 notas
1008 3386 1127 3454 ipse
1161 3382 1510 3453 suppeditat;
1539 3396 1731 3437 verum
1781 3380 2087 3447 intricatas,

508 3503 566 3549 et
590 3500 651 3547 ut
677 3490 1073 3562 Chrysostomo
1107 3488 1160 3543 in
1189 3502 1344 3542 more.
1370 3494 1472 3552 est,
1534 3500 1641 3541 non
1672 3486 1748 3542 ita
1800 3485 2091 3555 diligenter

510 3597 741 3671 positas.
786 3595 969 3650 Prima
1012 3595 1196 3666 itaque
1240 3604 1368 3650 nota
1416 3593 1618 3664 petitur
1654 3608 1719 3649 ex
1767 3592 1988 3648 homilia
2039 3606 2092 3647 tv

508 3705 587 3762 De
618 3701 1149 3775 incompreltensibili,
1180 3701 1272 3756 ubi
1304 3702 1385 3756 sic
1413 3700 1648 3772 legitur:
1686 3701 1821 3754 Ante
1868 3700 1961 3754 Iros
2000 3700 2091 3754 de-

512 3828 626 3868 cem
657 3828 824 3865 annos
894 3811 1112 3881 quidam
1176 3807 1509 3878 tyrannidem
1563 3807 1870 3877 aﬂ'eclautes
1903 3807 2092 3875 depre-

517 3917 658 3969 hensi
683 3914 925 3983 captique
968 3919 1114 3974 sunt,
1152 3911 1292 3982 quod
1348 3929 1437 3966 vos
1474 3928 1579 3966 non
1637 3913 1914 3982 ignoratis.
1957 3911 2091 3966 Tum

513 4014 709 4086 aliquis
736 4015 793 4068 in
821 4016 1138 4087 magistratu
1160 4017 1502 4077 constitutus.
1534 4017 1775 4073 criminis
1803 4035 1922 4074 reus
1950 4035 2092 4074 com-

506 4132 709 4191 pertus,
735 4138 852 4175 cum
883 4124 953 4175 ad
993 4131 1214 4175 mortem
1247 4121 1371 4191 fune
1400 4122 1470 4176 ad
1494 4140 1551 4175 os
1593 4122 1820 4194 alligato
1872 4124 2093 4180 ducere-

506 4236 614 4294 tur,
649 4237 760 4282 tota
789 4227 914 4282 urbs
940 4228 1010 4282 ad
1040 4225 1441 4297 hippodromum
1481 4230 1739 4292 accurrit,
1788 4228 2093 4300 eductisque

509 4352 536 4389 e
592 4351 800 4389 carcere
861 4336 1121 4404 captivis,
1181 4334 1341 4388 simul
1426 4344 1570 4389 totus
1658 4336 1884 4405 populus
1943 4352 2088 4390 reum

506 4443 864 4510 imperatoria:
894 4442 1108 4509 ultioni,
1147 4441 1246 4496 etsi
1300 4440 1449 4495 nulla
1499 4441 1716 4513 dignum
1766 4442 1934 4509 venia,
1969 4442 2092 4495 sub-

504 4543 677 4596 duxit.
716 4537 901 4617 Palam
958 4559 1092 4598 sane
1125 4543 1343 4599 videtur
1378 4560 1500 4600 esse
1553 4545 1644 4600 hic
1691 4544 1760 4599 de
1815 4543 2091 4601 Theodori

505 4651 917 4721 conspiratione
942 4650 1051 4721 agi,
1108 4651 1202 4721 qui
1238 4667 1384 4706 anno
1431 4666 1556 4705 eum
1615 4651 1929 4706 tardissime
1981 4650 2089 4706 574

504 4757 682 4827 capite
711 4756 906 4825 plexus
936 4765 1056 4811 est:
1094 4755 1276 4811 missis
1332 4756 1479 4809 enim
1530 4754 1653 4811 aliis
1710 4770 1832 4825 qua:
1885 4771 1951 4810 ex
1986 4756 2090 4811 hac

507 4861 895 4934 Clirysostomi
929 4859 1250 4917 narratione
1271 4859 1528 4915 oriuntur
1555 4858 1987 4924 difficultatibus,
2029 4861 2085 4915 in

500 4969 622 5038 ejus
656 4967 779 5022 Vita
805 4967 1187 5038 explanandis,
1217 4967 1268 5022 id
1295 4976 1441 5023 certe
1461 4966 1686 5037 planum
1712 4966 1944 5027 videtur,
1978 4983 2087 5022 non

506 5089 675 5145 posse
720 5072 994 5130 Theodori
1050 5087 1240 5128 necem
1281 5071 1422 5127 ultra
1479 5088 1686 5128 annum
1721 5072 1827 5127 574
1863 5073 2085 5130 differri.

503 5179 623 5248 Quo
655 5181 838 5252 posito
868 5179 1102 5246 calculo,
1139 5194 1250 5234 non
1294 5188 1418 5234 ante
1458 5179 1553 5233 hos
1590 5179 1788 5243 decem,
1837 5180 1921 5235 vel
1969 5189 2090 5235 ante

507 5289 596 5340 I.os
629 5286 909 5341 duodecim
939 5301 1115 5341 alarios
1167 5286 1414 5342 dicturus
1461 5293 1581 5341 erat
1635 5285 2086 5359 Clirysostomus,

506 5399 568 5447 ut
598 5393 918 5463 supputatio
966 5401 1283 5448 constaret:
1312 5408 1435 5447 nam
1483 5392 1537 5446 in
1584 5391 1958 5464 presbyterum
1991 5392 2090 5447 ad-

504 5495 683 5552 iectus
709 5511 855 5551 anno
877 5495 1006 5563 586,
1041 5497 1249 5567 aliquot
1292 5498 1496 5569 elapsis
1548 5507 1735 5569 postea
1778 5498 2083 5569 mensibus,

500 5600 616 5659 haec
646 5602 1091 5662 concionabatur.

2266 3056 2506 3111 Alteram
2566 3066 2751 3113 notam
2784 3068 3104 3116 mutuamur
3136 3076 3203 3118 ex
3252 3062 3476 3118 bomilia
3531 3059 3733 3134 quadam

2197 3175 2383 3218 contra
2409 3163 2628 3220 ludam
2681 3182 2828 3223 anno
2871 3166 2976 3222 587
3015 3167 3241 3235 habita,
3299 3168 3392 3224 ubi
3456 3167 3577 3223 talia
3623 3166 3741 3220 fatur

2196 3263 2660 3337 Clirysostomus:
2699 3267 2852 3335 Quod
2882 3286 3001 3325 vero
3043 3270 3163 3341 jam
3196 3272 3440 3327 dicturus
3469 3286 3577 3325 sum
3610 3268 3740 3323 etiam

2195 3372 2485 3427 admodum
2510 3374 2790 3445 juvenibus
2818 3387 2896 3431 est
2924 3375 3126 3431 clarum
3156 3396 3227 3433 ac
3270 3379 3610 3450 perspicuum.
3644 3373 3742 3427 Non

2197 3478 2335 3531 enim
2365 3488 2567 3548 gestum
2603 3489 2681 3533 est
2711 3480 2806 3535 sub
2854 3480 3093 3535 Adriano
3145 3491 3245 3535 aut
3286 3480 3640 3538 Constantino.
3671 3475 3742 3530 sed

2198 3582 2291 3637 sub
2324 3585 2637 3653 imperatore
2673 3586 2765 3655 qui
2801 3584 2905 3655 fuit
2930 3595 3085 3641 (etate
3127 3596 3319 3641 nostra
3352 3596 3479 3641 ante
3507 3599 3655 3639 annos
3682 3579 3745 3634 ri-

2200 3689 2356 3758 ginti.
2383 3690 2595 3743 Etenim
2621 3706 2738 3743 cum
2767 3687 3044 3759 Julianus,
3077 3692 3167 3763 qui
3225 3693 3557 3762 imperatores
3595 3699 3741 3742 anum

2198 3796 2465 3864 superavit
2500 3797 2792 3866 impietate,
2828 3808 3033 3852 vocaret
3085 3797 3213 3853 illos
3249 3798 3320 3852 ad
3370 3792 3742 3864 sacriﬁcandum

2198 3900 2377 3966 idolis,
2417 3910 2548 3968 etc.,
2572 3902 2664 3956 ubi
2694 3917 2879 3972 parem
2911 3903 3322 3976 ἀναχρονισμόν
3358 3900 3741 3972 animadvertas.

2198 4002 2448 4060 Julianus
2486 4005 2630 4060 enim
2672 4022 2818 4062 anno
2868 4007 2974 4063 565
3006 4009 3322 4064 exstinctus
3368 4018 3470 4074 est,
3517 4022 3545 4066 a
3588 4017 3683 4074 quo
3706 3997 3744 4054 Si

2200 4108 2522 4177 supputatio
2548 4107 2862 4174 duceretur,
2915 4125 3061 4164 anno
3096 4110 3206 4165 585
3256 4114 3374 4168 haec
3429 4109 3747 4166 concinnatus

2198 4225 2346 4272 esset
2372 4215 2820 4288 Cbrysostomus.
2851 4217 3016 4289 Atqui
3050 4228 3181 4275 tunc
3213 4221 3483 4277 diaconus
3522 4217 3604 4272 ille
3633 4218 3745 4275 eral:

2198 4339 2378 4394 neque
2415 4323 2583 4381 ullam
2625 4325 2692 4381 ad
2722 4327 2982 4397 populum
3021 4328 3353 4385 concionem
3400 4325 3587 4383 habuit
3623 4330 3749 4377 ante-

2200 4444 2364 4499 quam
2402 4430 2683 4502 presbyter
2715 4431 3087 4496 ordinaretur,
3119 4441 3180 4488 ut
3224 4434 3347 4504 ipse
3378 4433 3433 4487 iu
3476 4430 3641 4503 prima
3667 4437 3745 4481 sua

2202 4531 2442 4587 homilia‘
2483 4534 2807 4591 testiﬁcatur
2862 4551 3069 4608 supra:
3119 4538 3414 4594 ordinatus
3462 4545 3632 4591 autem
3684 4538 3748 4585 est

2195 4657 2341 4697 anno
2375 4641 2500 4708 586,
2535 4653 2594 4698 ut
2628 4659 2770 4713 saepe
2828 4644 3070 4700 diximus
3100 4654 3153 4700 et
3186 4645 3445 4716 pluribus
3495 4650 3746 4699 common-

2196 4749 2463 4804 strabitur
2487 4749 2542 4803 in
2566 4748 2687 4804 Vita
2715 4750 2837 4821 ejus
2859 4749 2926 4805 ad
2947 4750 3155 4806 calcem
3174 4748 3422 4821 Operum
3445 4742 3745 4804 adornanda.

2194 4851 2251 4913 in
2299 4873 2502 4914 annum
2556 4858 2741 4929 itaque
2776 4857 2882 4914 586
2941 4857 3044 4913 lias
3095 4858 3357 4914 bomilias
3407 4853 3746 4913 conferimus:

2193 4980 2370 5037 neque
2410 4974 2669 5035 putamus
2711 4973 2890 5019 tamen
2923 4964 3090 5019 hasce
3120 4973 3311 5018 contra
3341 4962 3617 5017 Ariamazes
3659 4954 3748 5009 dis-

2190 5071 2526 5141 ceptationes
2579 5070 2768 5125 eodem
2804 5069 3087 5125 absolutas
3110 5085 3259 5124 anno
3281 5084 3429 5132 esse,
3461 5065 3587 5127 sed,
3619 5069 3670 5114 IIl
3691 5056 3746 5110 de

2192 5179 2436 5235 liomiliis
2476 5188 2662 5233 contra
2699 5177 2921 5242 Iudaeos
2953 5176 3093 5232 infra
3130 5178 3384 5245 dicetur,
3418 5191 3555 5246 quas
3596 5178 3748 5235 caepe:

2190 5295 2275 5339 rat
2307 5300 2453 5339 anno
2482 5284 2611 5349 586,
2646 5300 2791 5340 atino
2821 5283 3070 5355 sequenti
3100 5284 3329 5338 ineunte
3363 5278 3612 5337 absolvit.
3649 5270 3744 5326 llu-

2187 5390 2279 5462 jus
2310 5406 2441 5446 vero
2473 5391 2843 5462 cbroiioiogize
2877 5390 3018 5445 ratio
3060 5387 3342 5446 constabit
3389 5402 3457 5443 ex
3507 5384 3602 5449 iis,
3646 5388 3749 5448 qu2

2188 5498 2242 5552 in
2278 5497 2483 5555 Monito
2521 5499 2586 5556 ad
2623 5498 2888 5555 llomilias
2934 5506 3122 5554 contra
3161 5496 3382 5553 Juda'os
3421 5492 3559 5551 infra
3594 5487 3751 5544 dicen.

2190 5614 2295 5661 tur.
