3944 6202
131 379 300 447 λιμένα,
325 377 480 432 nam
502 381 565 451 τῇ
596 382 723 453 σιγῇ
756 382 885 447 τοὺς
912 382 1105 454 λόγους
1137 388 1559 459 ἀναπαύσωμεν.
1589 390 1731 444 Ἀλλ’

129 466 202 518 οὐκ
230 465 482 519 ἐθέλουσιν
506 467 853 536 ἀφίστασθαι,
887 472 1025 527 ἀλλὰ
1050 473 1457 547 δυσχεραίνουσι
1481 479 1576 531 καὶ
1597 479 1731 545 ἀγαο

129 551 367 616 νακτοῦσι,
412 550 622 619 πάντως
666 558 1043 631 ἐμπλησθῆναι
1089 562 1183 614 τοῦ
1236 562 1499 634 λειμῶνος
1540 565 1732 619 ἐπιθυ-

128 639 328 710 μοῦντες.
364 640 519 695 Ἀλλὰ
545 643 704 696 τοῦτο
735 647 1036 717 ἀμήχανον,
1071 641 1116 700 ὦ
1147 650 1353 713 παῖδες.
1386 650 1733 722 Παυσώμεθα

125 724 194 781 οὖν
242 728 504 794 διώκοντες
554 732 821 802 ἀκίχητα’
870 736 1033 807 ἀρκεῖ
1069 739 1150 800 είς
1202 739 1555 811 παραμυθίαν
1602 742 1732 811 ἡμῖν

124 816 196 870 καὶ
226 815 285 869 τὰ
308 815 560 887 εἰρημένα
579 834 593 848 ·
625 821 748 873 ἐπεὶ
792 823 885 874 καὶ
927 823 1022 876 ἐπὶ
1061 824 1170 877 τῶν
1213 824 1398 898 μύρων
1427 827 1536 880 τῶν
1565 829 1731 881 πολυ-

121 902 269 968 τελῶν,
301 904 392 957 οὐκ
437 904 532 958 ἐὰν
561 905 654 959 τὸν
696 906 899 978 λέϐητα
944 910 1043 985 χέῃ
1085 929 1169 977 τις
1219 913 1398 983 μόνον,
1443 915 1579 968 ἀλλὰ
1627 916 1732 970 κᾶν

123 989 259 1063 ἄκρας
282 992 371 1062 τῆς
412 992 733 1062 ἐπιφανείας
781 997 987 1067 ἅψηται
1032 1001 1147 1062 τοῖς
1196 1000 1513 1065 δακτύλοις,
1550 1003 1639 1057 τόν
1672 1021 1729 1057 τε

120 1078 225 1148 ἀέρα
256 1079 551 1149 ἀνέχρωσε,
578 1083 673 1135 καί⁵
729 1084 854 1147 τοὺς
907 1085 1181 1154 παρόντας
1226 1089 1326 1159 τῆς
1368 1090 1598 1149 εὐωδίας
1645 1092 1732 1143 ὲν.

122 1163 306 1234 ἔπλησεν
348 1164 624 1231 ἃπανταςο
656 1169 685 1222 ὅ
731 1169 793 1240 δὴ
852 1171 946 1223 καὶ
977 1171 1073 1224 νῦν
1102 1173 1360 1241 γέγονεν,
1409 1176 1470 1229 οὗ
1513 1176 1601 1231 διὰ
1632 1178 1730 1249 τὴν

120 1251 297 1321 δύναμιν
316 1252 418 1306 τῶν
448 1255 736 1327 ἡμετέρων
768 1256 963 1325 λόγων,
998 1259 1135 1314 ἀλλὰ
1161 1260 1249 1314 διὰ
1270 1261 1367 1333 τὴν
1401 1264 1598 1335 ἀρετὴν
1623 1267 1730 1317 τῶν

120 1337 261 1391 τούτου
287 1340 739 1413 κατορθωμάτων.
771 1346 1048 1417 Ἀπίωμεν
1080 1346 1194 1413 οὖν,
1234 1349 1485 1420 ἀπίωμεν
1525 1352 1604 1414 είς
1641 1353 1731 1405 εὐ·

119 1428 190 1495 κάς
217 1427 602 1494 καταλύσαντες
626 1447 638 1461 ’
675 1432 960 1504 δεηθῶμεν
1006 1434 1147 1488 ὥστε
1198 1437 1303 1507 τὴν
1348 1439 1531 1509 κοινὴν
1573 1440 1729 1511 ἡμῶν

121 1516 283 1585 μητέρα
306 1516 596 1571 ἀσάλευτον
627 1519 810 1589 μένειν
840 1522 933 1575 καὶ
967 1523 1245 1596 ἀκίνητον,
1278 1526 1486 1579 καὶτὸν
1518 1530 1729 1601 πατέρα

120 1603 278 1668 τοῦτον,
313 1605 398 1659 τὸν
424 1606 769 1671 διδάσκαλον,
809 1608 901 1662 τὸν
946 1611 1201 1680 ποιμένα,
1243 1613 1336 1666 τὸν
1363 1614 1726 1688 κυϐερνήτην,

117 1690 216 1758 πρὸς
238 1695 568 1765 μακροτέραν
586 1695 927 1766 ἐξενεχθῆναι
950 1697 1191 1767 ζωήν.Εί
1210 1718 1294 1764 τις
1310 1702 1438 1772 ὑμῖν
1460 1704 1555 1756 καὶ
1571 1705 1601 1775 ἡ
1612 1704 1727 1774 μῶν

114 1776 258 1844 λόγος·
288 1781 345 1833 οὐ
368 1783 472 1852 γὰρ
507 1782 576 1852 δὴ
605 1783 743 1853 μετὰ
779 1782 889 1837 τῶν
923 1786 1111 1856 ἱερέων
1139 1789 1363 1853 ἑαυτοὺς
1406 1791 1728 1861 καταλέγειν

113 1865 411 1938 τολμήσομεν,
434 1868 593 1943 [445]
616 1871 799 1942 ἐπειδὴ
823 1871 956 1942 μηδὲ
977 1871 1136 1942 θέμις
1153 1875 1224 1928 τὰ
1238 1876 1566 1948 ὲκτρώματα
1589 1882 1728 1950 μετὰ

114 1952 194 2004 τῶν
222 1954 535 2025 ἀρτιοτόκων
568 1959 823 2031 ἀριθμεῖν
843 1975 856 1991 ⁸
884 1960 934 2012 εί
968 1958 1025 2013 δέ
1064 1977 1148 2024 τις
1178 1962 1306 2035 ὑμῖν
1332 1964 1426 2019 καὶ
1469 1965 1604 2038 ἐμοῦ
1632 1967 1723 2020 λό-

1188 2404 1301 2415 ..-
1332 2404 1755 2416 -.----ρ-

1007 268 1263 340 SERMO,
1301 273 1446 331 CUM
1481 274 1892 332 PRESBYTER
1931 277 2094 334 FUIT
2132 279 2550 342 0RDINATUS.

3385 287 3492 342 700

1833 409 1951 460 γος,
1990 394 2179 468 ὥσπερ
2221 398 2620 471 ἀμϐλωθριδίου
2647 400 2826 465 τινὸς,
2865 400 3091 474 δεήθητε
3132 399 3332 471 πολλὴν
3366 402 3502 471 ἡμῖν

1831 481 2038 535 ἄνωθεν
2081 484 2332 552 ⁴γενέσθαι
2373 486 2473 557 τὴν
2515 487 2705 557 ῥοπήν.
2754 488 2900 541 Ἔδει
2944 489 3042 559 μὲν
3079 489 3190 559 γὰρ
3217 490 3351 559 ἡμῖν
3401 490 3500 542 καὶ

1832 569 2097 640 πρότερον
2118 571 2437 640 ἀσφαλείας,
2460 574 2547 626 ὅτε
2571 573 2693 627 καθ’
2712 576 2938 639 ἑαυτοὺς
2968 575 3178 646 ἐζῶμεν
3199 575 3289 629 τὸν
3318 574 3500 646 ἀπρά-

1832 672 2009 726 γμονα
2050 658 2193 729 βίον·
2228 660 2418 731 ἐπειδὴ
2452 661 2508 714 δὲ
2553 664 2629 726 είς
2681 662 2843 732 μέσον
2875 662 3150 735 ἦχθημεν·
3182 662 3244 716 τὺ
3281 663 3339 716 δὲ
3377 663 3497 726 πῶς

1832 742 2090 814 παρίημι,
2109 746 2219 798 είτε
2241 746 2556 820 ἀνθρωπίνῃ
2582 750 2806 821 σπουδῇ,
2832 750 2943 803 εἴτε
2969 752 3149 822 χάριτι
3172 751 3318 821 θείᾳο
3343 750 3497 804 οὐδὲν

1832 830 1941 903 γὰρ
1970 834 2103 902 ἡμῖν
2135 833 2444 902 φιλονεικῶ,
2466 836 2555 890 ἴνα
2584 838 2657 908 μή
2685 855 2767 901 τις
2798 840 2891 891 καὶ
2916 837 3300 910 εἰρωνεύεσθαι
3329 838 3494 907 φαίη’

1833 918 1973 989 πλὴν
2014 919 2131 973 ἀλλ’
2170 922 2357 993 ἐπειδὴ
2386 924 2670 995 ἧχθημεν,
2700 925 2795 978 καὶ
2842 926 2931 980 τὸν
2973 924 3138 994 ζυγὸν
3171 925 3359 980 τοῦτον
3398 926 3501 978 ὑπ-

1832 1004 2028 1076 έδυμεν
2053 1008 2145 1060 τὸν
2173 1010 2390 1081 ἰσχυρὸν
2417 1012 2508 1063 καὶ
2543 1012 2730 1081 βαρὺν,
2763 1012 2972 1067 πολλῶν
2998 1014 3129 1083 ἡμῖν
3160 1012 3242 1064 δεῖ
3278 1012 3498 1082 χειρῶν,

1835 1095 2045 1166 μυρίων
2092 1098 2289 1168 εὐχῶν,
2336 1097 2475 1152 ὥστε
2526 1100 2819 1171 δυνηθῆναι
2866 1102 2966 1172 τὴν
3026 1100 3500 1172 παρακαταθήκην

1831 1183 2124 1238 ἀποδοῦναι
2155 1184 2299 1239 σώαν
2326 1185 2405 1257 τῷ
2434 1188 2944 1260 παρακαταθεμένῳ
2969 1189 3212 1259 Δεσπότῃ
3237 1188 3377 1241 κατὰ
3401 1188 3500 1259 τὴν

1830 1273 2045 1344 ἡμέραν
2088 1275 2323 1345 ἐκείνην,
2351 1276 2481 1329 ὅταν
2508 1278 2558 1329 οἱ
2602 1277 2670 1330 τὰ
2710 1276 2948 1331 τάλαντα
2984 1276 3363 1339 πιστευθέντες
3402 1293 3501 1330 κα-

1832 1362 2029 1417 Λῶνται
2057 1364 2151 1417 καί
2181 1364 2527 1433 είσὰγωνται,
2564 1366 2656 1419 καὶ
2686 1364 2784 1429 τὰς
2812 1364 3041 1428 εὐθύνας
3075 1364 3335 1435 ὑπέχωσι.
3362 1364 3497 1433 Δεή-

1832 1448 1963 1521 θητε
1994 1449 2170 1503 τοίνυν
2192 1450 2266 1522 μὴ
2290 1450 2398 1503 τῶν
2427 1451 2724 1522 δεδεμένων
2749 1453 2895 1522 ἡμᾶς
2917 1450 3195 1520 γενέσθαι,
3227 1450 3361 1521 μηδὲ
3388 1449 3498 1501 τῶν

1830 1539 1912 1600 είς
1939 1538 2000 1591 τὸ
2032 1537 2222 1601 σκότος
2246 1538 2680 1610 ἐκϐαλλομένων,
2707 1538 2842 1593 ἀλλὰ
2879 1540 2988 1592 τῶν
3017 1538 3331 1609 δυναμένων
3368 1553 3499 1604 συγ-

1835 1619 2059 1691 γνώμης
2092 1620 2222 1689 γοῦν
2271 1622 2496 1692 μετρίας
2537 1624 2742 1691 τυχεῖν,
2774 1620 2955 1692 χάριτι
2990 1621 3085 1675 καὶ
3118 1618 3501 1690 φιλανθρωπίᾳ

1833 1710 1927 1762 τοῦ
1973 1710 2180 1781 Κυρίου
2225 1712 2381 1781 ἡμῶν
2426 1709 2600 1781 Ἰησοῦ
2651 1710 2909 1781 Χριστοῦ,
2956 1703 3000 1777 ᾧ
3031 1712 3064 1780 ἡ
3113 1709 3241 1775 δόξα
3287 1707 3383 1760 καὶ
3434 1705 3497 1758 τὸ

1832 1795 2033 1868 κράτος
2057 1798 2152 1851 καὶ
2179 1800 2212 1869 ἡ
2239 1796 2607 1870 προσκύνησις
2629 1796 2708 1861 εἰς
2733 1797 2859 1861 τοὺς
2893 1796 3093 1860 αἰῶνας
3122 1796 3232 1850 τῶν
3262 1794 3491 1850 αἰώνων.

1843 1885 2035 1957 Ἀμήν.

1583 2664 1981 2727 MONITUM.

227 2978 364 3057 [ut]
408 2984 663 3057 Primam
689 3002 822 3044 vero
848 2988 1075 3044 absente
1096 2987 1357 3045 Flaviano
1380 2988 1636 3058 episcopo
1663 2988 1731 3042 ad

180 3089 411 3157 populum
447 3091 668 3146 habuit.
703 3090 844 3148 Hinc
877 3092 1107 3149 solerter
1133 3093 1226 3148 ille
1259 3091 1517 3147 laudandi
1546 3101 1731 3163 pasto-

178 3190 240 3242 ris
272 3207 451 3247 ansam
519 3193 753 3263 arripit;
805 3205 994 3265 postea
1036 3196 1360 3267 jampridem
1406 3195 1732 3250 destinatam

178 3306 343 3351 contra
371 3299 682 3356 Anommos
725 3315 962 3371 pugnam
1005 3301 1142 3357 init:
1173 3317 1336 3372 quam
1375 3316 1435 3356 se
1465 3300 1592 3357 ideo
1622 3311 1733 3354 tar-

177 3397 283 3455 dius
328 3403 651 3474 suscepisse
700 3414 1119 3470 commemorat,
1158 3405 1303 3476 quod
1351 3404 1555 3460 multos
1582 3405 1734 3458 Ano-

184 3517 422 3560 muzorum
449 3507 669 3562 videret
694 3508 1057 3565 concionibus
1101 3510 1293 3566 adesse
1340 3511 1477 3575 suis,
1510 3526 1574 3566 ac
1608 3526 1735 3567 cum

177 3610 428 3675 voluptate
453 3628 629 3668 aures
658 3614 762 3669 sibi
793 3614 1032 3684 praebere
1058 3634 1072 3670 :
1099 3615 1456 3685 quamobrem
1500 3631 1569 3671 ne
1597 3631 1736 3686 pra:-

174 3712 278 3765 dam
318 3718 578 3788 abigeret,
604 3717 682 3772 ait
710 3717 820 3785 ille,
851 3728 1036 3789 utpote
1067 3720 1308 3790 ipsorum
1360 3722 1572 3775 animos
1607 3720 1740 3774 irre-

175 3820 301 3886 tiret,
335 3822 584 3893 linguam
614 3823 684 3878 ab
729 3822 1047 3894 huiusmodi
1089 3824 1481 3880 certaminibus
1518 3838 1739 3879 coerce-

175 3919 269 3976 bat.
313 3921 544 3981 Demum
588 3925 934 3984 hortantibus
973 3927 1083 3984 illis
1126 3928 1258 3998 ipsis
1292 3936 1351 3983 ut
1414 3928 1469 3983 in
1511 3943 1734 3983 arenam

176 4029 540 4097 descenderet,
582 4031 978 4089 Anommurum
1007 4050 1224 4091 errores
1273 4035 1535 4106 impetere
1575 4049 1738 4092 orsus

169 4141 257 4196 εει,
277 4135 456 4192 amico
479 4147 667 4192 tamen
695 4138 901 4207 animo,
932 4154 1042 4195 non
1069 4150 1128 4196 ut
1160 4140 1501 4197 adversarios
1522 4140 1729 4209 feriret,

169 4238 250 4291 sed
277 4250 333 4294 ut
353 4241 613 4310 jac-entes
636 4241 887 4314 erigeret.

231 4339 535 4400 Secundam
557 4356 743 4401 contra
774 4348 1054 4403 Anomaeos
1099 4348 1379 4404 bomiliam
1414 4348 1736 4419 interposito

173 4449 447 4505 multorum
508 4450 724 4507 dierum
789 4454 968 4524 spatio
1019 4455 1435 4525 pronuntiavit:
1494 4456 1733 4526 plurima

171 4552 784 4629 enimerysostomum
825 4575 857 4614 a
905 4560 1175 4618 destinato
1214 4578 1380 4619 cursu
1426 4563 1739 4634 interpella-

179 4668 323 4715 runt:
355 4672 550 4717 contra
588 4662 808 4721 Judaeos
853 4680 1050 4738 nempe
1099 4666 1306 4733 habita,
1339 4683 1514 4740 eaque
1543 4670 1737 4725 admo-

170 4762 285 4818 dum
326 4768 640 4824 necessaria
681 4772 1046 4827 concertatio:
1085 4771 1308 4828 Patrum
1367 4776 1734 4844 quorumdam

167 4871 544 4941 spiritualium,
597 4875 679 4931 sic
707 4876 825 4943 ille,
851 4879 1155 4934 adventus:
1194 4879 1296 4935 hos
1318 4894 1484 4950 porro
1517 4879 1734 4937 vicinos

160 4978 421 5043 quosdam
456 4979 750 5052 episcopos
774 4980 944 5039 fuisse
966 4983 1099 5039 dicit
1132 4984 1203 5052 is,
1239 4984 1336 5054 qui
1365 4983 1587 5039 titulum
1634 4986 1736 5041 ho-

164 5081 320 5136 milia:
361 5085 754 5151 concinnavit;
794 5102 983 5143 verum
1025 5088 1130 5144 hac
1170 5089 1237 5145 de
1266 5104 1326 5144 re
1375 5089 1629 5159 pluribus
1681 5091 1735 5146 in

172 5177 287 5236 Vita
324 5184 713 5257 Chrysostomi
739 5207 752 5243 :
777 5189 999 5247 demum
1033 5191 1142 5247 illis
1166 5191 1234 5246 ad
1262 5191 1379 5246 loca
1410 5207 1511 5248 sua
1550 5208 1735 5249 rever-

160 5286 245 5350 sis,
278 5298 538 5346 sanctum
566 5308 869 5361 praeconem
907 5310 1170 5367 excepere
1206 5297 1486 5352 memorias
1527 5306 1733 5369 marty-

158 5404 269 5447 rum
331 5392 687 5466 frequentes,
745 5399 946 5471 quibus
1000 5401 1288 5459 celebratis
1353 5404 1724 5461 intermissam

159 5501 624 5559 concertationem
651 5506 883 5576 repetiit.

1911 2986 1968 3041 In
2002 2986 2160 3042 tertia
2186 2987 2328 3042 idem
2354 2997 2735 3057 argumentum
2778 2993 2843 3044 de
2870 2990 3416 3061 incomprehensibili-

1838 3102 1942 3145 tate
1972 3090 2069 3145 Dei
2116 3101 2303 3147 contra
2352 3093 2647 3150 Auommos
2673 3095 3057 3164 prosequitur:
3093 3084 3199 3150 sub
3248 3095 3412 3148 linem

1840 3213 1972 3252 vero
2035 3197 2090 3251 in
2142 3196 2421 3252 auditores
2466 3197 2819 3253 vehementer
2871 3198 3184 3265 invehitur,
3230 3199 3411 3267 quod,

1839 3302 2110 3359 concione
2132 3303 2221 3357 cui
2252 3302 2507 3358 alacriter
2536 3318 2756 3373 operam
2788 3302 2991 3357 dabant
3043 3302 3245 3369 soluta,
3291 3317 3417 3358 sese

1840 3407 2028 3464 statim
2067 3406 2457 3471 subducerent,
2485 3416 2540 3461 et
2564 3406 2737 3463 sacris
2764 3406 3040 3479 mysteriis
3083 3422 3207 3478 qum
3240 3406 3418 3463 conti-

1841 3531 1952 3570 nuo
1981 3514 2403 3570 celebrabantur
2429 3529 2537 3569 non
2563 3513 2913 3569 interessent.

1906 3617 1963 3672 ln
1996 3625 2211 3688 quarta,
2243 3624 2366 3687 post
2388 3616 2579 3671 solitas
2611 3623 2799 3671 contra
2823 3616 3107 3672 liaareticos
3145 3615 3417 3672 velitatio-

1839 3739 1958 3789 nes,
2007 3722 2173 3779 οξειυί
2226 3722 2530 3792 gratulatur
2574 3722 2721 3792 quod
2766 3721 2991 3776 monitis
3035 3723 3151 3778 suis
3192 3709 3417 3777 'morem

1840 3822 2073 3893 gesserit
2108 3836 2443 3892 pravamque
2469 3829 2596 3877 ante
2629 3837 2784 3877 sacra
2835 3823 3092 3894 mysteria
3124 3822 3417 3879 recedendi

1840 3927 2297 3985 consuetudinem
2344 3926 2641 3998 abjecerit:
2681 3927 2827 3982 dolet
2872 3936 3054 3983 tamen
3093 3927 3238 3998 quod
3275 3943 3420 3983 mar-

1840 4035 2126 4106 supiorum
2177 4039 2422 4089 sectores
2460 4031 2682 4102 quidam
2722 4032 3045 4088 concionem
3087 4031 3421 4087 interturba-

1839 4150 1986 4207 rent,
2018 4147 2316 4211 monetque
2339 4156 2409 4197 ne
2438 4156 2633 4195 aurum
2661 4147 3016 4210 argentumve
3038 4137 3094 4192 in
3120 4135 3418 4204 marsupiis

1840 4245 2109 4313 deferant,
2138 4246 2184 4301 si
2221 4245 2386 4301 velint
2414 4246 2573 4301 talem
2602 4254 2810 4317 pestem
2838 4243 3077 4314 abigere.

1909 4348 1970 4405 In
2007 4350 2199 4421 quinta
2242 4350 2496 4415 demum,
2534 4349 2604 4404 iis
2649 4347 2886 4403 breviter
2931 4345 3244 4402 retractatis
3292 4359 3415 4415 qua:

1839 4456 1993 4528 prius
2026 4456 2259 4520 dixerat,
2308 4468 2457 4509 nova
2508 4449 2665 4507 all‘ert
2699 4459 2888 4506 contra
2921 4450 3211 4507 Anomaeos
3256 4465 3420 4521 argu-

1840 4569 2046 4617 menta.
2078 4558 2137 4613 in
2167 4558 2256 4613 his
2279 4571 2445 4629 porro
2485 4555 2845 4612 concionibus
2885 4555 3064 4611 elucet
3094 4554 3418 4626 Chrysosto-

1838 4663 1914 4718 mi
1935 4678 2043 4718 non
2072 4663 2249 4718 solum
2287 4659 2622 4731 eloquentia,
2656 4660 2750 4715 sed
2793 4661 2964 4715 etiam
3005 4659 3277 4732 ἐνέργεια,
3315 4673 3414 4716 seu

1837 4769 1923 4824 vis
1958 4774 2406 4839 argumentorum
2438 4783 2453 4822 :
2490 4780 2593 4821 nec
2637 4766 2822 4820 minus
2870 4764 3234 4836 suspiciendae
3284 4773 3414 4819 sunt

1842 4874 2229 4945 responsiones
2254 4872 2322 4928 ad
2356 4872 2569 4943 objecta
2601 4871 3017 4937 hereticorum;
3050 4870 3124 4923 ita
3177 4876 3236 4925 ut
3273 4866 3417 4922 haud

1840 4994 1871 5033 a
1902 4994 2034 5034 vero
2061 4979 2279 5034 aberret
2310 4977 2358 5033 si
2386 4977 2511 5047 quis
2552 4977 2654 5032 has
2682 4975 2936 5031 bomilias
2962 4974 3105 5029 inter
3153 4981 3418 5042 praestan-

1841 5083 2056 5139 tissima
2087 5081 2260 5139 sancti
2295 5080 2539 5136 doctoris
2569 5095 2736 5151 opera
2766 5075 3182 5149 computaverit.

1906 5186 2417 5259 lnterpretationem
2464 5198 2631 5254 porro
2679 5180 2955 5238 Theodori
2999 5180 3186 5246 Gazae,
3227 5187 3413 5249 utpote

1838 5290 2308 5363 παραφραστικῶς
2353 5288 2707 5352 adornatam,
2769 5287 2954 5343 verbis
3013 5294 3069 5340 et
3120 5284 3419 5355 aliquando

1838 5396 2126 5452 sententiis
2153 5394 2574 5462 redundantem,
2606 5391 2922 5465 rejecimns,
2951 5404 3259 5463 novamque
3296 5389 3415 5445 edi-

1835 5503 2042 5561 dimus.
