3944 6202
262 330 355 389 701
1180 317 1268 373 DE
1303 306 1996 373 INCOMPBEHENSIBILI
2035 303 2144 359 DEI
2179 299 2484 359 NATURA.
2526 300 2567 356 1.

265 526 1668 567 _____________________..

3393 290 3499 347 ’102

1692 510 3497 548 ____________.______________..

490 883 1198 1016 EJUSDEM
1309 878 1506 1003 DE
1622 859 3301 1041 INCOMPBEHENSIBILI,

615 1354 1086 1451 CONTRA
1176 1342 1829 1448 ANOMGEOS‘,
1922 1338 2446 1431 ABSENTE
2549 1324 3170 1421 EPISCOPO.

818 2008 1035 2048 HOIILIA
1075 2007 1234 2047 PBH”
1245 2032 1258 2046 .

316 2126 364 2181 ι.
381 2124 535 2194 Quid
553 2136 637 2180 est
657 2124 797 2180 hoc?
818 2132 999 2195 pastor
1025 2124 1197 2187 abest,
1217 2131 1271 2177 et
1299 2129 1474 2177 tamen
1491 2134 1619 2175 oves
1640 2126 1843 2174 rectum

250 2214 498 2270 ordinem
513 2217 758 2288 apprime
781 2226 1016 2271 servant.
1040 2215 1181 2271 Sane
1204 2214 1254 2269 id
1282 2228 1494 2284 quoque
1511 2212 1634 2267 boni
1662 2220 1843 2281 pasto-

250 2308 318 2363 ris
364 2307 614 2362 ofﬁcium
630 2316 735 2370 est,
772 2316 829 2363 ιιι
879 2322 983 2362 non
1019 2316 1224 2362 tantum
1264 2307 1379 2376 ipso
1435 2313 1720 2376 presente,
1749 2302 1842 2356 sed

248 2398 400 2452 etiam
423 2398 673 2464 absente,
692 2413 907 2453 omnem
930 2398 1071 2453 ovile
1087 2396 1412 2467 diligentiam
1428 2393 1848 2450 exhibeatJrra-

251 2488 535 2545 tionabiles
564 2490 763 2561 quippe
788 2505 941 2555 oves,
960 2490 1167 2554 cumis,
1186 2489 1275 2559 qui
1298 2488 1364 2544 ad
1389 2502 1579 2557 pascua
1611 2485 1842 2541 eductu-

249 2596 334 2638 rus
371 2593 489 2645 est,
516 2582 692 2647 abest,
725 2580 863 2636 intra
908 2589 1058 2651 septa
1113 2595 1331 2635 manere
1375 2593 1595 2634 necesse
1620 2586 1736 2640 est;
1758 2575 1844 2631 vel

249 2673 288 2725 si
315 2672 530 2742 absque
554 2682 771 2741 pastore
792 2688 822 2727 e
842 2672 992 2727 caula
1011 2671 1327 2742 prodierint,
1342 2670 1497 2740 longe
1516 2667 1770 2722 aberrant
1790 2678 1844 2721 et

247 2773 512 2836 vagantur
543 2783 557 2818 :
590 2765 677 2820 hic
704 2774 877 2819 autem
904 2763 1035 2819 nihil
1062 2762 1385 2834 huiusmodi,
1415 2762 1508 2817 sed
1534 2762 1695 2815 etiam
1720 2761 1843 2815 abs-

247 2867 363 2911 ente
404 2867 658 2926 pastore,
690 2857 795 2911 ritu
822 2867 878 2911 et
904 2856 1092 2911 ordine
1118 2856 1285 2910 multo
1312 2855 1468 2910 solita
1507 2868 1704 2924 pascua
1743 2853 1842 2906 ad-

250 2945 401 3000 iistis.
434 2946 549 3000 lmo
580 2947 753 3016 potius
783 2958 962 3016 pastor
989 2947 1161 3011 adest,
1189 2947 1290 3002 etsi
1315 2962 1419 3000 non
1443 2960 1626 3013 carne,
1653 2945 1840 2999 saltem

248 3036 443 3091 affectu
470 3040 486 3068 ¹
512 3054 528 3103 ;
558 3038 657 3093 etsi
685 3054 787 3091 non
840 3038 1121 3107 prtesentia
1154 3052 1410 3107 corporea
1432 3079 1448 3103 ,
1478 3037 1560 3092 vel
1590 3036 1704 3105 ipso
1730 3034 1840 3089 sal-

250 3137 348 3182 tetu
394 3140 509 3183 tam
563 3137 889 3201 congruente
938 3129 1115 3200 gregis
1158 3128 1365 3183 ordine.
1412 3114 1641 3196 Ideoque
1675 3126 1842 3197 magis

250 3219 396 3271 illum
428 3218 669 3273 admiror
698 3219 1016 3288 beatumque
1047 3218 1297 3287 prxdico,
1343 3216 1486 3288 quod
1516 3224 1723 3271 tantum
1748 3232 1842 3270 vo-

250 3307 373 3362 bis’
404 3307 645 3362 studium
703 3308 887 3363 indere
928 3307 1182 3379 potuerit.
1231 3306 1367 3362 Nam
1419 3307 1687 3362 exercitus
1738 3307 1840 3361 du-

248 3415 359 3453 cem
387 3411 504 3454 tum
533 3399 763 3456 tnaxime
786 3400 1126 3471 suspicimus,
1152 3415 1273 3455 cum
1317 3401 1476 3455 etiam
1508 3400 1598 3453 illo
1622 3400 1841 3455 absente

249 3492 419 3561 copia:
449 3506 607 3547 suum
647 3502 862 3546 servant
889 3490 1153 3547 ordinem.
1178 3489 1290 3545 lloc
1310 3491 1573 3546 etPaulus
1599 3492 1650 3544 iu
1677 3491 1839 3545 disci-

250 3585 388 3653 pulis
407 3585 703 3653 quaerebat,
724 3600 843 3641 cum
865 3584 1063 3640 diceret
1086 3584 1316 3654 :Itaque,
1338 3586 1520 3656 fratres
1544 3586 1639 3638 mei
1652 3585 1693 3647 ³,
1712 3585 1841 3638 sicut

249 3692 449 3746 semper
477 3677 732 3741 obedistis,
766 3693 866 3731 non
887 3686 942 3731 ut
972 3678 1024 3732 in
1044 3678 1310 3748 prazsentia
1354 3678 1451 3731 mei
1481 3688 1677 3731 tantum
1704 3696 1723 3743 ;
1750 3680 1841 3731 sed

251 3768 408 3820 multo
432 3768 594 3838 magis
623 3768 675 3820 in
705 3766 934 3821 absentia
978 3784 1108 3821 mea.
1161 3768 1341 3835 Quare
1390 3768 1557 3821 Multo
1598 3770 1759 3839 magis
1786 3770 1841 3822 in

251 3859 476 3912 absentia
502 3875 617 3912 mea
644 3860 666 3931 (
695 3859 999 3930 Philipp.2.
1030 3859 1098 3913 12
1122 3857 1142 3931 )
1164 3859 1188 3913 ?
1207 3859 1339 3928 Quia
1370 3868 1632 3929 praesente
1652 3869 1835 3930 pasto-

252 3963 325 4011 re,
347 3948 515 4004 etiam
544 3948 590 4002 si
616 3950 770 4017 lupus
794 3964 1013 4019 gregem
1037 3948 1273 4012 invadat,
1301 3950 1455 4004 facile
1496 3951 1680 4019 procul
1727 3951 1838 4004 ovi-

251 4040 348 4095 bus
375 4041 670 4110 repellitur,
723 4042 944 4097 absente
984 4058 1114 4097 vero
1159 4042 1329 4112 majus
1390 4052 1661 4099 certamen
1709 4045 1841 4100 inire

251 4148 466 4204 gregem
488 4148 711 4189 necesse
735 4145 838 4200 est,
865 4134 1077 4189 nemine
1101 4144 1373 4189 servante.
1392 4134 1471 4189 Ad
1514 4134 1628 4190 hare
1658 4144 1834 4190 antem

254 4235 434 4294 pastor
457 4241 580 4281 cum
601 4242 762 4297 grege
796 4226 1123 4292 mercedem,
1182 4227 1226 4281 si
1271 4242 1507 4297 prmsens
1549 4226 1640 4293 sit,
1670 4230 1837 4298 parti-

255 4326 366 4385 tur;
388 4319 472 4373 sin
502 4319 662 4385 absit,
696 4327 866 4374 totum
897 4319 1045 4390 gregi
1089 4316 1211 4373 boni
1240 4319 1418 4388 operis
1469 4321 1717 4374 meritum
1751 4336 1837 4375 re-

255 4410 493 4482 linquere
519 4411 746 4466 videtur.
775 4410 870 4466 llis
899 4428 996 4465 nos
1036 4411 1321 4480 alloquitur
1344 4419 1399 4465 et
1424 4410 1611 4464 doctor
1632 4421 1835 4478 noster,

260 4513 308 4557 ct
329 4504 647 4574 ubicumque
673 4505 884 4559 tandem
914 4507 1008 4570 sit,
1032 4520 1127 4559 nos
1143 4505 1251 4573 jam
1265 4515 1613 4573 nostrumque
1639 4513 1834 4559 emtum

263 4606 430 4649 mente
461 4595 710 4660 revolvit,
730 4611 830 4649 nec
851 4604 956 4650 tam
995 4610 1090 4650 cos
1129 4594 1441 4665 quibuscum
1461 4594 1572 4664 jam
1604 4612 1839 4664 prmsens
1866 4598 1879 4609 ‘

266 4698 495 4744 versatur
516 4704 674 4758 quam
698 4702 797 4744 nos
820 4689 1067 4743 absentes
1095 4688 1326 4759 respicit.

327 4778 462 4832 laus
490 4776 746 4832 Flaviani.
768 4809 839 4819 —
865 4778 1001 4834 Novi
1034 4777 1327 4834 ferventem
1366 4779 1509 4833 illius
1537 4778 1835 4844 caritatem,

260 4869 463 4939 igneam
491 4871 661 4937 illam,
702 4870 977 4926 ardentem
1024 4880 1186 4942 atque
1216 4871 1834 4943 insuperabilem,quam

258 4959 439 5015 intimo
467 4961 633 5017 animi
675 4962 785 5018 alte
810 4962 1047 5017 deﬁxam
1073 4962 1251 5030 habet,
1305 4978 1608 5034 magnoque
1659 4965 1835 5017 studio

258 5053 398 5107 colit.
429 5054 606 5110 Probe
633 5054 828 5124 quippe
854 5055 1000 5108 novit
1024 5054 1195 5125 ipsam
1221 5070 1340 5110 esse
1360 5066 1519 5125 caput
1567 5057 1830 5112 bonorum

258 5146 515 5212 omnium,
544 5145 800 5212 radicem,
829 5148 1025 5201 fontem
1065 5156 1120 5201 et
1156 5155 1403 5213 matrem,
1445 5162 1547 5217 qua
1569 5147 1838 5204 destitutis

260 5245 570 5294 ceterorum
595 5236 739 5290 nulla
772 5237 925 5292 nobis
954 5237 1174 5308 utilitas.
1221 5236 1347 5291 llazc
1373 5238 1515 5291 enim
1543 5238 1837 5309 discipulo-

260 5342 373 5382 rum
416 5328 629 5383 Domini
668 5330 844 5400 imago
869 5339 973 5397 est,
1005 5343 1286 5387 servorum
1314 5330 1403 5384 Dei
1430 5329 1726 5395 clnracter,
1751 5332 1835 5385 iu-

260 5418 446 5473 dicium
464 5419 825 5489 apostolorum
851 5438 865 5473 :
892 5418 958 5473 In
987 5420 1100 5486 hoc,
1128 5419 1320 5490 inquit,
1351 5432 1646 5491 cognoscent
1665 5438 1836 5477 omnes

321 5554 340 5620 ξ
366 5561 499 5620 llaec,
521 5552 614 5603 etsi
632 5619 635 5620 ν
650 5568 743 5604 non
783 5567 948 5620 carne,
972 5553 1143 5606 saltem
1162 5556 1352 5620 aﬂ‘ectu,
1375 5556 1553 5606 desunt
1576 5558 1623 5607 in
1650 5558 1835 5617 Morel.,

265 5616 342 5687 sed
365 5616 607 5687 habentur
628 5619 676 5666 iu
698 5615 835 5687 savil.
857 5624 917 5687 et
932 5618 979 5667 iu
995 5615 1655 5682 umximinuntnscripturum
1681 5615 1833 5684 terte.

321 5680 344 5749 ἶ
373 5677 475 5749 ΑΨ*
497 5676 940 5749 ηρρίδτΡῙίίιιυθδυ

325 5739 344 5769 ⁸
379 5739 481 5791 alii.
503 5741 668 5796 dilecti
691 5741 803 5794 mei.

1951 1980 2087 2050 quod
2110 1979 2346 2049 discipuli
2371 1994 2466 2031 me:
2488 1985 2605 2031 estis
2630 1974 2649 2046 (
2694 1973 2852 2029 Joan.
2900 1973 2987 2028 15.
3027 1972 3098 2027 35
3126 1973 3144 2040 )
3172 1988 3186 2025 :
3219 1970 3272 2025 iu
3300 1983 3427 2039 quo,
3456 1968 3544 2023 die

1953 2070 2131 2124 mihi?
2169 2083 2296 2123 num
2325 2066 2466 2137 quod
2508 2073 2748 2119 mortuos
2801 2062 3090 2124 suscitetis,
3121 2061 3360 2129 leprosos
3384 2074 3540 2113 mun-

1949 2161 2106 2224 detis,
2139 2168 2231 2213 aut
2273 2157 2547 2213 danuones
2589 2154 2869 2225 expellatis
2901 2152 2925 2206 ?
2951 2151 3188 2214 Minime,
3220 2149 3412 2219 inquit,
3442 2148 3538 2203 sed

1952 2250 2034 2305 his
2056 2251 2304 2306 omnibus
2347 2247 2740 2318 praetermissis.
2772 2244 2838 2298 In
2865 2245 2978 2310 hoc,
3006 2243 3198 2312 inquit,
3239 2249 3541 2311 cognoscent

1949 2358 2121 2396 omnes
2139 2341 2273 2412 quod
2296 2338 2536 2409 discipuli
2561 2338 2661 2392 mei
2684 2337 2827 2401 estis,
2868 2336 2911 2389 si
2934 2350 3021 2388 vos
3045 2333 3260 2387 invicem
3286 2331 3530 2404 diligatis.

2018 2432 2101 2485 Ad
2115 2432 2376 2485 caritatem
2390 2431 2612 2483 humana
2627 2426 2893 2497 diligentia
2905 2422 3373 2492 requiritur.—llla
3386 2423 3534 2492 quip-

1949 2523 2193 2594 peunius
2219 2535 2466 2591 supernae
2484 2519 2670 2589 gratiae
2708 2517 2849 2571 dot-ta
2894 2524 3042 2581 sunt,
3083 2514 3186 2569 hoc
3231 2522 3410 2569 autem
3437 2512 3537 2567 huc

1948 2629 2122 2670 manu:
2172 2614 2334 2668 etiam
2378 2609 2671 2681 diligentia:
2699 2616 2782 2663 est
2808 2621 2963 2677 opus.
2995 2604 3329 2661 Geuerosum
3357 2613 3535 2661 autem

1948 2715 2185 2762 nontam
2203 2704 2407 2758 eelitus
2425 2701 2548 2756 data
2576 2714 2797 2755 munera
2843 2711 3126 2753 secernere
3151 2695 3348 2762 solent,
3375 2711 3536 2765 quam

1946 2796 2177 2869 propriis
2198 2793 2473 2849 laboribus
2508 2791 2652 2847 edita
2683 2805 2843 2862 opera
2891 2807 2905 2843 :
2941 2803 3108 2860 quare
3135 2803 3240 2843 non
3262 2802 3293 2842 a
3340 2787 3531 2856 signis,

1947 2887 2043 2943 sed
2070 2900 2100 2940 a
2125 2885 2412 2940 dilectione
2460 2882 2750 2952 discipulos
2787 2894 2916 2936 suos
2950 2878 3243 2935 internosci
3289 2876 3536 2935 Christus

1946 2980 2039 3032 ait.
2073 2977 2181 3031 Hac
2204 2976 2347 3029 enim
2373 2982 2654 3044 praesente,
2679 2971 2828 3027 nulla
2854 2970 3208 3043 philosophia:
3240 2987 3363 3042 pars
3393 2986 3522 3043 pos-

1946 3068 2138 3123 sidenti
2159 3066 2375 3141 deﬁcit;
2404 3063 2497 3121 sed
2524 3064 2830 3119 universam
2881 3064 2972 3120 ille
2994 3062 3397 3133 perfectamque
3423 3063 3541 3116 vir-‘

1949 3166 2114 3215 tatem
2142 3158 2365 3224 obtinet,
2384 3154 2833 3227 quemadmodum
2858 3154 3081 3208 absente
3127 3166 3328 3207 vacuus
3380 3150 3536 3206 bonis

1946 3249 2194 3304 omnibus
2212 3254 2314 3304 est.
2345 3247 2681 3315 Quapropter
2705 3243 2901 3300 Paulus
2929 3242 3099 3313 ipsam
3117 3241 3298 3297 laudat
3321 3242 3532 3297 verbis-

1945 3356 2050 3412 que
2077 3339 2287 3396 cauillit
2311 3353 2327 3406 ;
2364 3338 2472 3392 iuno
2501 3334 2839 3407 quantumvis
2863 3333 3081 3400 dixerit,
3113 3347 3222 3388 non
3250 3332 3319 3387 ad
3359 3331 3525 3402 digni-

1947 3442 2111 3489 tatem
2137 3427 2494 3502 ejusattingit.

2015 3523 2070 3578 2.
2098 3523 2237 3591 Quid
2263 3523 2408 3578 enim
2431 3520 2557 3576 huic
2593 3534 2691 3590 par
2714 3533 2835 3575 esse
2875 3517 3069 3588 possit,
3095 3532 3214 3587 quas
3241 3515 3531 3586 prophetas

1948 3626 2220 3687 totamque
2243 3616 2416 3685 legem
2444 3615 2702 3678 continet,
2727 3622 2782 3666 et
2806 3611 2925 3666 sine
2945 3626 3051 3680 qua
3080 3623 3186 3665 non
3233 3608 3386 3673 ﬁdes,
3419 3624 3525 3663 non

1945 3710 2187 3775 scientia,
2211 3723 2316 3762 non
2342 3704 2719 3777 mysteriorum
2774 3702 3027 3772 cognitio,
3060 3715 3166 3756 non
3188 3700 3360 3770 ipsqu
3390 3715 3532 3753 mar-

1948 3800 2163 3871 tyrium,
2187 3814 2298 3851 non
2322 3795 2471 3851 aliud
2521 3794 2792 3864 quidpiam
2818 3794 2900 3847 his
2942 3793 3167 3862 potitum
3195 3806 3413 3846 servare
3432 3806 3529 3845 va-

1947 3893 2052 3946 leat
2078 3892 2102 3945 ‘l
2130 3890 2269 3945 Nam
2292 3891 2335 3943 si
2379 3888 2656 3955 tradidero,
2702 3887 2892 3957 inquit,
2940 3901 3124 3956 corpus
3150 3901 3314 3938 meum
3366 3885 3437 3937 ita
3473 3895 3529 3939 ut

1946 3983 2178 4046 ardeant,
2195 3981 2455 4035 caritatem
2480 3988 2645 4033 autem
2671 3995 2770 4032 non
2795 3976 3037 4044 Itabtsero,
3055 3976 3185 4030 nihil
3210 3976 3334 4030 mihi
3361 3976 3491 4047 prod
3506 4006 3527 4016 -

1947 4078 2062 4144 εει(
2096 4074 2146 4127 l.
2178 4072 2297 4127 Cor.
2320 4073 2407 4127 l3.
2442 4073 2479 4126 ὃ
2507 4071 2548 4142 ).
2572 4068 2644 4124 Et
2674 4068 2801 4123 alibi
2843 4082 3061 4122 rursum
3103 4082 3220 4123 eam
3274 4065 3527 4121 omnibus

1947 4164 2226 4234 majorem,
2250 4170 2308 4217 et
2332 4161 2592 4215 bonorum
2657 4172 2778 4214 esse
2822 4165 2982 4226 caput
3022 4155 3257 4211 ostendit
3304 4155 3526 4210 dicens:

1946 4256 2065 4311 Sive
2108 4254 2386 4325 prophetia:
2431 4251 2823 4312 cremabantur,
2864 4248 2967 4302 sive
3014 4248 3203 4317 lingua
3237 4244 3522 4311 cessabunt,

1944 4349 2047 4402 sive
2098 4346 2310 4401 scientia
2351 4345 2631 4398 destruetur
2659 4341 2679 4412 (
2706 4339 2843 4393 Ibid.
2876 4354 2924 4392 υ.
2947 4338 3048 4409 8).
3096 4336 3307 4391 Manent
3359 4347 3528 4390 autem

1945 4439 2093 4508 fides,
2120 4453 2232 4506 spes
2253 4445 2299 4489 ct
2343 4434 2547 4496 caritas,
2599 4432 2695 4486 tria
2733 4431 2879 4496 hinc;
2905 4431 3069 4498 major
3105 4437 3271 4482 autem
3301 4428 3530 4482 omnibus

1945 4544 2018 4586 est
2042 4531 2226 4585 caritas
2254 4530 2271 4598 (
2299 4528 2382 4582 Ib.
2411 4544 2458 4581 υ.
2485 4528 2554 4581 l5
2573 4525 2613 4596 ).
2644 4525 2749 4579 Sed
2774 4538 2881 4578 non
2899 4522 3162 4578 modicam
3190 4522 3347 4576 nobis
3369 4537 3522 4591 quie-

1945 4619 2397 4678 stionemhtecde
2432 4619 2655 4673 caritate
2702 4616 2845 4670 dicta
2891 4614 3180 4670 inducunt:
3211 4628 3331 4667 nam
3379 4611 3521 4683 quod

1946 4713 2237 4784 prephetia:
2261 4719 2592 4767 evocarentur
2635 4717 2697 4763 et
2739 4708 2931 4778 lingua:
2968 4716 3201 4772 cessent,
3237 4705 3368 4759 nihil
3391 4703 3518 4760 inde

1943 4806 2166 4867 durum;
2196 4819 2321 4858 cum
2334 4802 2476 4857 enim
2500 4801 2614 4856 haec
2636 4813 2877 4866 uulnera,
2900 4810 3181 4869 postquam
3205 4812 3359 4851 suum
3393 4811 3529 4864 prae.

1945 4897 2177 4952 stiteriut
2192 4912 2366 4959 usum,
2387 4903 2567 4964 postea
2583 4891 2887 4956 cessabunt,
2908 4889 3036 4944 nihil
3057 4890 3219 4943 verbo
3239 4902 3532 4942 nocumen-

1947 4991 1982 5044 ti
2009 4988 2203 5043 aﬂ‘errc
2225 4996 2491 5057 poterunt,
2525 4984 2786 5054 sim-idem
2836 4982 2946 5051 jam
2977 4979 3252 5049 prephetia
3284 4992 3390 5031 non
3420 4986 3521 5041 est,

1945 5098 2051 5137 non
2068 5082 2371 5153 linguarum
2394 5092 2607 5143 namus,
2635 5085 2693 5131 et
2715 5084 2897 5129 tanien
2919 5072 3137 5143 pietatis
3171 5071 3393 5126 verbum
3420 5082 3528 5124 nou

1945 5176 2255 5245 impeditur.

2017 5266 2283 5332 Quomodo
2306 5264 2616 5333 intelligatur
2668 5260 2821 5324 illud,
2850 5258 3071 5315 scientia
3106 5257 3431 5312 destruetur.
3450 5283 3521 5296 —

1943 5360 2096 5428 Quod
2112 5367 2293 5414 autem
2311 5357 2533 5413 scientia
2556 5356 2883 5416 destrtntur,
2906 5352 2974 5407 de
3025 5351 3115 5405 illo
3148 5349 3375 5420 qinestio
3396 5363 3514 5405 m—

1945 5465 2120 5511 vetur.
2148 5454 2278 5508 Cum
2309 5453 2454 5507 enim
2478 5449 2721 5511 dixisset,
2749 5448 2869 5503 Sive
2897 5444 3174 5515 prophetia:
3198 5441 3521 5497 evacuatur:-

1945 5560 2047 5614 tur,
2071 5552 2174 5604 sive
2200 5548 2388 5619 lingua:
2406 5548 2690 5611 cessabunt,
2715 5544 2919 5606 intulit,
2936 5544 3055 5597 Siec
3076 5540 3286 5595 scicntia
3304 5538 3533 5592 destruc-

1946 5653 2047 5696 tur.
2071 5641 2126 5696 Si
2152 5650 2327 5695 autem
2360 5640 2592 5694 futurum
2642 5648 2725 5693 est
2752 5644 2810 5692 ut
2860 5633 3083 5689 scientia
3111 5638 3306 5693 cesset,
3331 5644 3435 5683 non
3467 5629 3526 5683 iu

1946 5731 2152 5799 melius,
2180 5731 2273 5788 sed
2323 5732 2376 5788 in
2425 5730 2576 5802 pejus
2627 5745 2714 5787 res
2760 5736 2960 5787 nostra:
3007 5725 3243 5783 cedent:
3276 5722 3391 5777 sine
3435 5716 3523 5773 illa
