3944 6202
429 250 536 305 705

430 359 630 429 quippe
659 357 709 413 id
740 374 953 430 quoque
976 359 1116 430 quod
1162 360 1404 416 homines
1433 361 1621 427 simus,
1663 360 1970 415 amittemus
1999 376 2013 414 :

431 449 598 505 Deum
627 452 768 507 enim
795 494 809 516 ,
840 454 1027 523 inquit,
1063 454 1198 520 time,
1229 464 1276 507 et
1319 454 1561 508 mandata
1610 455 1721 523 ejus
1772 454 1977 508 observa
2002 468 2021 507 :

434 543 530 595 hoc
560 554 630 596 est
655 544 787 596 enim
839 544 1003 597 omnis
1053 544 1203 597 [tanta
1230 544 1248 615 (
1274 543 1445 599 Eccle.
1468 543 1555 598 12.
1589 546 1655 599 13
1747 544 1805 600 Si
1845 546 2020 614 itaque

434 634 595 687 homo
622 648 743 688 esse
770 634 909 689 idem
940 636 1009 689 sit
1044 636 1185 705 quod
1218 637 1378 689 Deum
1411 637 1617 701 timere,
1650 638 1808 691 timor
1839 646 2017 692 autem

434 728 625 783 Deiex
665 728 885 783 scientia
935 730 1175 798 prodeat,
1226 730 1555 800 scientiaque
1602 730 1930 796 destruatur,
1966 739 2023 784 ut

433 821 511 872 ait
562 819 752 874 beatus
798 820 1034 884 Paulus,
1074 830 1201 876 tunc
1240 820 1475 876 funditus
1527 823 1844 892 peribimus,
1898 837 2020 877 cum

446 912 669 967 scientia
701 929 805 968 non
833 916 955 981 erit,
983 917 1269 986 omniaque
1287 925 1469 972 nostra
1495 917 1749 985 detinent,
1767 932 1830 972 ac
1855 918 2023 972 brutis

439 1004 605 1059 nihilo
625 1004 861 1059 meltoris
887 1008 1107 1073 erimus,
1136 1008 1243 1062 imo
1269 1010 1437 1063 multo
1465 1009 1660 1079 pejoris
1677 1008 2019 1064 conditionis.

440 1098 552 1152 llac
575 1100 716 1152 enim
746 1115 805 1153 re
834 1116 935 1153 una
966 1101 1068 1154 iiilS
1105 1110 1418 1170 praestamus
1441 1142 1456 1168 ,
1491 1113 1548 1155 ut
1575 1103 1626 1155 in
1674 1102 1792 1155 aliis
1836 1101 2018 1155 omni-

437 1188 535 1242 bus
550 1190 824 1258 corporeis
852 1190 920 1245 ab
950 1190 1014 1243 iis
1038 1192 1192 1261 longe
1234 1205 1571 1260 superentur.
1594 1191 1731 1259 Quid
1765 1190 1924 1260 igitur
1942 1199 2025 1245 est

438 1278 507 1333 de
524 1295 630 1349 quo
656 1280 890 1350 loquitur
913 1280 1129 1343 Paulus,
1159 1296 1280 1336 cum
1311 1283 1404 1345 ait,
1437 1282 1665 1337 Scientia
1691 1283 1972 1337 destruetur
2001 1284 2026 1337 ?

436 1371 551 1426 Non
579 1372 647 1427 de
674 1374 984 1439 universali,
1017 1373 1110 1428 scd
1135 1374 1201 1429 de
1244 1374 1546 1444 particulari
1578 1374 1806 1444 quadam
1845 1376 2024 1430 scien-

439 1463 507 1516 tia
537 1463 787 1534 loquitur,
817 1465 1232 1520 destructionem
1257 1481 1454 1520 vocans
1473 1481 1815 1537 progressum
1833 1466 1884 1520 itt
1909 1481 2025 1521 tne-

441 1553 541 1609 lius
572 1571 585 1607 :
622 1555 777 1609 itaut
813 1556 1146 1625 particularis
1178 1557 1266 1612 illa
1302 1544 1597 1623 destructa,
1640 1574 1746 1611 non
1795 1558 2023 1626 amplius

440 1646 509 1698 sit
549 1645 904 1714 particularis,
939 1645 1035 1700 sed
1088 1647 1339 1715 perfecta.
1381 1647 1841 1716 Quemadmodum
1883 1648 2025 1703 enim

442 1736 657 1804 puerilis
682 1748 811 1791 atlas
863 1737 1174 1803 destruitnr,
1220 1756 1324 1793 non
1353 1740 1529 1794 deleta
1581 1742 1903 1807 substantia,
1927 1740 2022 1795 sed

439 1836 594 1882 aucta
620 1839 819 1882 statura
846 1840 900 1883 et
924 1830 976 1884 in
1006 1830 1175 1884 virum
1206 1832 1498 1900 perfectum
1550 1831 1836 1899 evadente,
1876 1832 1953 1885 sic
1973 1841 2028 1886 et

441 1921 493 1974 itt
525 1921 745 1975 scientia
775 1923 968 1977 evenit.
998 1922 1184 1985 Parva,
1211 1923 1400 1992 inquit,
1428 1922 1542 1977 ltzcc
1563 1940 1672 1978 non
1705 1924 1837 1977 ultra
1865 1939 2025 1994 parva

446 2013 568 2077 etit,
600 2011 813 2082 quando
839 2012 1093 2083 deinceps
1132 2028 1321 2084 magna
1385 2014 1689 2069 efficietur:
1719 2015 1796 2070 sic
1828 2013 2022 2069 intelli-

439 2102 834 2173 gendumillud,
864 2103 1146 2158 destruetur
1166 2120 1187 2158 :
1214 2104 1354 2174 quod
1385 2105 1580 2160 clarius
1604 2105 1656 2159 itt
1680 2105 2028 2175 sequentibus

437 2188 739 2265 explicavit.
773 2195 1021 2262 Utenim,
1052 2211 1171 2250 cum
1206 2196 1358 2251 audis
1387 2197 1687 2262 destruetur,
1721 2211 1827 2251 non
1848 2196 2025 2251 omni-

440 2287 651 2342 modam
681 2286 1098 2343 destructionem
1150 2304 1271 2344 esse
1322 2299 1571 2360 putares,
1602 2289 1697 2345 sed
1725 2289 2027 2345 incremen-

440 2387 550 2432 tum
577 2377 865 2448 quoddam,
911 2386 966 2433 et
1006 2393 1345 2449 progressum
1387 2380 1438 2434 itt
1484 2381 1697 2443 melius,
1743 2388 2024 2449 postquam

438 2468 664 2533 dixerat,
707 2470 1011 2538 destruetur,
1038 2470 1240 2526 addidit
1273 2490 1286 2526 :
1316 2470 1400 2525 Ea;
1437 2482 1580 2542 parte
1609 2473 1739 2526 enim
1764 2472 2026 2542 cognosci-

439 2577 571 2625 mus,
595 2571 644 2615 et
667 2577 732 2616 ea:
751 2571 894 2631 parte
921 2563 1277 2634 praphetantus
1295 2581 1314 2618 :
1339 2579 1453 2617 cum
1479 2575 1645 2618 autent
1692 2566 1874 2618 venerit
1894 2565 2031 2634 quod

439 2654 713 2722 perfectum
738 2661 830 2718 est,
848 2663 967 2706 tum:
990 2653 1309 2708 evacuabitur
1326 2655 1461 2724 quod
1486 2671 1547 2707 ea:
1574 2665 1718 2724 parte
1738 2664 1809 2708 est
1831 2672 1851 2720 ;
1878 2657 1946 2709 ita
1969 2665 2029 2710 ut

441 2758 546 2798 non
578 2744 716 2799 ultra
763 2759 829 2799 ex
864 2756 1016 2813 parte
1036 2746 1123 2810 sit,
1147 2745 1239 2801 sed
1263 2744 1579 2815 perfectum.
1601 2746 1783 2816 Itaque
1822 2746 2025 2816 imper—

441 2835 602 2889 fectio
624 2835 741 2905 ejus
761 2837 1070 2901 destruitur,
1121 2847 1177 2891 ut
1229 2851 1338 2891 non
1361 2838 1497 2891 ultra
1522 2838 1592 2893 sit
1621 2836 2016 2907 imperfectum,

438 2928 533 2983 sed
561 2928 873 2999 perfectum.
915 2930 1215 2986 Destructio
1259 2931 1417 3001 igitur
1439 2941 1521 2987 est
1549 2932 2025 3003 complementum,

438 3027 492 3073 et
523 3021 575 3074 in
610 3020 781 3090 majus
809 3031 1172 3091 augmentum.
1644 3083 1655 3097 ο

510 3113 563 3167 '5.
596 3112 770 3181 Atque
795 3113 1159 3169 animadverte
1180 3115 1308 3170 tttihi
1327 3113 1475 3169 Pauli
1502 3113 1838 3185 prudentiam
1866 3133 1880 3170 :
1911 3131 2019 3171 non

436 3202 578 3256 enim
607 3202 760 3268 dixit,
814 3204 1026 3259 Partem
1074 3207 1478 3275 cognoscimus;
1508 3206 1625 3274 sed,
1661 3205 1743 3261 Ea:
1764 3217 1910 3278 parte
1924 3223 2013 3262 σοι

436 3293 725 3364 guascimus
757 3296 776 3366 (
807 3295 859 3350 1.
893 3293 1012 3350 Cor.
1046 3297 1132 3350 15.
1160 3296 1255 3366 9),
1284 3296 1571 3351 ostendens
1592 3311 1692 3350 nos
1723 3298 1885 3366 partis
1913 3313 2028 3367 par.

440 3394 546 3438 tem
579 3394 782 3440 tenere.
815 3385 1067 3440 Fortasse
1109 3386 1296 3442 audire
1344 3389 1560 3457 optatis,
1611 3400 1864 3459 quantam
1897 3390 2025 3445 reti-

440 3489 660 3528 neamus
678 3484 903 3544 partem,
932 3485 1294 3547 quantamque
1322 3479 1704 3548 relinquamus,
1734 3490 1788 3535 et
1812 3494 1878 3534 an
1906 3496 2025 3535 ma-

435 3568 607 3637 jorem
641 3568 970 3625 minoremve
992 3580 1196 3640 partem
1227 3579 1521 3626 teneamus.
1542 3571 1611 3627 Ut
1639 3575 1818 3641 itaque
1845 3573 2024 3630 discas

440 3669 492 3714 te
530 3659 789 3714 minorem
825 3670 1007 3716 tenere
1034 3669 1261 3731 partem,
1285 3670 1340 3717 et
1368 3678 1474 3716 non
1500 3673 1703 3718 tantum
1735 3663 2019 3734 minorem,

437 3749 553 3811 sed,
587 3759 645 3804 ut
672 3750 741 3804 ita
761 3750 955 3819 dicam,
972 3753 1341 3820 centesimam,
1359 3754 1643 3809 autdecies
1659 3755 1993 3814 millesimam
2008 3797 2024 3825 ,

438 3842 562 3896 andi
617 3859 735 3913 qua:
782 3856 1121 3914 sequuntur:
1163 3846 1246 3900 vel
1302 3847 1480 3916 potius
1536 3858 1823 3919 antequam
1869 3852 2024 3906 vobis

438 3934 785 4003 apostolicam
798 3950 982 3990 vocem
1011 3936 1269 4006 legamus,
1298 3938 1607 4007 exemplum
1635 3938 1883 4005 referam,
1911 3956 2021 4010 quo

438 4024 589 4079 vobis
618 4024 937 4092 declaretur,
987 4035 1045 4081 ut
1084 4028 1331 4097 exemplo
1380 4028 1494 4084 fieri
1539 4037 1736 4099 potest,
1765 4041 2020 4100 quantum

438 4115 678 4170 relictum
702 4117 793 4185 sit,
815 4127 870 4172 et
909 4127 1165 4187 quantum
1220 4120 1289 4174 sit
1332 4119 1474 4190 quod
1517 4135 1659 4176 nunc
1703 4123 2016 4178 retinemus.

441 4208 708 4275 Quantum
736 4210 896 4281 igitur
934 4212 1222 4268 discrimen
1252 4221 1336 4268 est
1368 4213 1508 4268 inter
1545 4229 1686 4281 eam,
1717 4231 1837 4285 qua:
1865 4217 2019 4271 nobis

441 4298 497 4351 in
541 4298 719 4354 futuro
762 4301 1009 4371 dabitur,
1033 4304 1343 4371 scientiam,
1371 4314 1425 4359 et
1452 4307 1805 4376 prmsentem?
1834 4309 2017 4375 Quan-

443 4400 554 4444 tum
608 4395 747 4448 inter
789 4395 959 4449 virum
1007 4396 1296 4465 perfectum
1346 4405 1402 4453 et
1443 4396 1726 4454 lactentem
1804 4418 1819 4455 :
1864 4416 2019 4472 mque

440 4484 584 4536 enim
617 4493 835 4553 prmstat
864 4489 1111 4555 praesenti
1154 4489 1328 4544 futura
1356 4490 1596 4546 scientia.
1632 4492 1785 4560 Quod
1834 4504 2017 4549 autem

435 4573 489 4628 id
545 4589 729 4629 verum
778 4577 1064 4647 sit,caque
1112 4580 1183 4634 sit
1220 4581 1365 4635 illius
1412 4583 1790 4651 prmcellentia,
1825 4584 2017 4641 Paulus

435 4664 631 4720 iterum
658 4665 922 4722 declarat:
945 4683 1064 4722 eum
1094 4670 1235 4723 enim
1257 4670 1480 4726 dixisset
1504 4712 1519 4735 ,
1545 4672 1630 4726 Ex
1656 4683 1802 4743 parte
1825 4689 2016 4745 cogno-

434 4756 642 4823 scimus,
675 4765 729 4812 et
768 4757 924 4812 vellet
949 4759 1234 4815 ostendere
1271 4777 1334 4814 ex
1362 4772 1558 4831 quanta
1608 4776 1779 4832 parte,
1812 4781 2016 4836 nosque

435 4844 803 4903 brevissimam
826 4864 967 4904 nunc
998 4857 1203 4916 tenere,
1231 4851 1407 4906 intulit
1439 4869 1453 4905 :
1484 4851 1609 4907 Cum
1641 4870 1799 4907 essent
1826 4872 2015 4924 paruu-

433 4939 532 5003 lus,
557 4938 796 5010 loquebar
821 4950 875 4992 ut
899 4941 1160 5011 parvulus,
1207 4942 1465 5011 sapiebam
1491 4953 1545 4996 ut
1583 4945 1845 5013 parvulus,
1878 4950 2017 5020 cogi-

432 5028 605 5082 tabant
629 5039 686 5082 ut
711 5030 954 5101 paruulus
981 5045 1002 5085 :
1025 5047 1138 5085 cum
1163 5043 1330 5088 autem
1352 5037 1517 5105 factus
1536 5050 1649 5089 sum
1680 5036 1772 5102 vir,
1798 5052 2016 5092 evacua-

432 5123 477 5175 υἱ
505 5137 622 5192 quae
638 5132 780 5177 erant
802 5125 1045 5193 ραι-ναῖε(
1078 5124 1161 5179 lb.
1194 5142 1242 5180 υ.
1274 5127 1331 5182 il
1364 5125 1384 5198 )
1416 5146 1431 5183 :
1477 5144 1597 5184 cum
1629 5140 1768 5185 statu
1801 5133 2014 5201 parvuli

430 5228 752 5286 praesentem
787 5220 1084 5283 scientiam,
1105 5237 1225 5277 cum
1252 5224 1472 5295 perfecti
1494 5225 1592 5281 viri
1622 5236 1761 5283 statu
1783 5228 2016 5287 futuram

429 5322 764 5380 comparans.
788 5311 973 5384 Neque
1018 5314 1171 5378 dixit,
1204 5312 1345 5369 Cum
1388 5332 1562 5373 essent
1618 5335 1784 5389 puer:
1818 5338 1939 5377 nam
1963 5332 2020 5379 et

432 5397 714 5456 duodecim
742 5416 1005 5459 annorum
1036 5406 1052 5438 ⁸
1097 5421 1228 5476 puer
1279 5406 1510 5474 dicitur;
1538 5409 1633 5465 sed
1655 5450 1670 5476 ,
1703 5410 1829 5466 Cum
1859 5430 2017 5469 essem

435 5491 695 5561 parvulus,
723 5493 776 5550 id
806 5504 908 5562 est,
941 5495 1145 5553 lactens
1174 5507 1229 5554 et
1278 5498 1474 5556 infans.
1516 5501 1667 5571 Quod
1695 5504 1837 5560 enim
1867 5506 2016 5564 Scri-

501 5705 513 5734 ‘
554 5722 670 5765 ‘trcs
693 5723 818 5775 atas.
847 5719 1013 5770 decem
1032 5734 1282 5774 annorum.

1150 248 1206 303 S.
1249 245 1524 303 JOANNIS
1560 243 2037 302 CHRYSOSTOMI
2078 245 2397 303 ARCHIEP.
2437 247 2970 307 CONSTANTINOP.
3555 264 3639 319 τοι

2131 370 2281 430 plura
2310 362 2468 418 talem
2486 366 2649 420 vocet
2665 363 2943 431 infantem,
2971 363 3092 421 audi
3113 364 3364 424 Psalmum
3384 370 3640 433 dicentem:

2128 450 2344 506 Bonane
2380 451 2632 508 Dominus
2660 464 2850 519 noster,
2899 470 3051 525 quant
3075 455 3359 513 adunrabtle
3398 472 3461 515 cst
3492 481 3641 522 nomen

2123 540 2348 596 tuunt‘in
2374 544 2607 597 universa
2637 544 2814 599 terra!
2842 544 3094 610 Quoniam
3139 546 3320 600 elevata
3347 561 3411 603 est
3437 556 3640 623 magniﬁ-

2122 634 2284 686 centia
2315 644 2403 687 tua
2424 651 2577 705 super
2596 635 2746 690 eiulas
2769 651 2788 689 :
2808 652 2871 690 ex
2921 653 3009 689 ore
3042 636 3306 704 infantium
3340 651 3382 693 et
3405 642 3651 701 ludentium

2124 724 2377 793 perfecisti
2419 724 2622 780 laudent
2649 726 2668 796 (
2695 725 2838 781 Psaf.
2878 727 2932 781 8.
2969 725 3021 780 2.
3049 726 3140 797 '5).
3182 726 3332 784 Vides
3360 729 3461 800 jatn
3488 748 3651 803 parvu-

2126 817 2231 868 lntn
2264 830 2358 885 pro
2377 816 2613 873 lactente
2635 818 2828 888 ubique
2850 818 3044 872 vocari.
3077 818 3219 874 Tum
3260 821 3439 890 spiritu
3478 826 3654 895 prospi-

2128 908 2277 961 ciens
2306 906 2606 962 futurorum
2652 909 2929 963 hominum
2975 908 3656 983 intpudcnthuu,neqnehoc

2128 1012 2233 1049 uno
2268 1007 2551 1053 contentus
2589 999 2863 1069 exemplo,
2893 986 3185 1055 secundum
3212 1001 3364 1055 etiam
3390 1017 3447 1056 ac
3475 1006 3655 1060 tertium

2126 1091 2190 1143 ad
2242 1090 2701 1147 confirmationem
2748 1092 2969 1147 addidit.
3044 1093 3483 1162 Quemadmodum
3540 1100 3659 1153 enim

2126 1183 2335 1255 Moyses
2357 1199 2478 1238 cunt
2502 1184 2569 1239 ad
2617 1183 2834 1240 Judmos
2886 1187 3204 1251 mitteretur,
3240 1186 3389 1241 trinnt
3427 1188 3660 1258 signorum

2128 1278 2378 1332 indicium
2409 1278 2741 1350 accipiebatt
2768 1279 2936 1335 Exod.
2965 1282 2999 1336 5
3033 1283 3072 1350 ),
3111 1282 3164 1336 ιιί
3184 1284 3227 1336 si
3257 1282 3420 1352 primo
3445 1302 3538 1340 non
3562 1301 3659 1342 crc-

2126 1371 2332 1437 dcrent,
2352 1371 2571 1426 secundi
2591 1388 2776 1428 vocem
2803 1374 3082 1438 audirent;
3110 1374 3192 1429 sin
3219 1377 3374 1430 ctiam
3397 1378 3491 1433 hoc
3510 1394 3664 1448 asper-

2129 1470 2403 1527 narentur,
2433 1462 2589 1517 tertio
2616 1462 2880 1531 pudcfacti
2911 1464 3224 1534 prolihetam
3272 1467 3554 1537 reciperent
3575 1485 3587 1521 :
3607 1469 3662 1522 ita

2128 1563 2181 1609 et
2224 1553 2310 1608 hic
2355 1554 2449 1607 tria
2508 1554 2655 1624 ponit
2699 1555 2941 1624 exempla
2975 1556 3031 1621 ¹;
3080 1557 3306 1626 primum
3344 1574 3407 1612 ex
3453 1560 3667 1627 parvulo,

2126 1645 2252 1699 dum
2277 1645 2371 1708 ait,
2396 1642 2523 1701 Cum
2562 1662 2717 1700 essent
2747 1645 2989 1716 parvulus
3008 1687 3024 1711 ,
3055 1648 3309 1719 sepiebant
3339 1659 3391 1702 ut
3425 1653 3669 1716 parvulus:

2127 1738 2418 1792 secundum
2437 1753 2503 1792 ex
2527 1739 2765 1808 speculo,
2783 1739 2996 1794 tertium
3016 1753 3083 1794 ex
3102 1740 3398 1811 amigmate.
3423 1741 3669 1813 Postquam

2127 1828 2336 1884 dixerat
2353 1831 2494 1885 enim
2514 1871 2531 1898 ,
2559 1830 2683 1885 Cum
2713 1847 2871 1885 essent
2900 1832 3171 1901 parvulus,
3199 1833 3390 1897 intulit,
3430 1833 3636 1888 Videmus
3656 1837 3673 1865 '

2127 1932 2294 1975 autem
2321 1940 2455 1978 nunc
2478 1941 2567 1994 per
2586 1926 2849 1994 speculum
2884 1926 2936 1979 iu
2979 1926 3267 1998 (enigmata.
3301 1926 3374 1981 En
3398 1927 3577 1997 quippe
3599 1942 3675 1982 sc-

2128 2012 2361 2067 cundum
2402 2015 2705 2084 exemplum
2750 2015 3075 2071 infirmitatis
3113 2019 3393 2086 prazscntis
3425 2036 3438 2073 :
3465 2018 3679 2088 quodque

2129 2105 2440 2176 imperfecm
2470 2108 2540 2162 sit
2564 2108 2785 2163 scientia
2805 2149 2819 2172 ,
2850 2110 3007 2164 tertio
3034 2110 3293 2180 probatur
3317 2110 3398 2166 his
3422 2111 3599 2175 verbis,
3627 2109 3678 2165 lu

2127 2198 2415 2269 wuigmate.
2445 2197 2685 2269 Namque
2719 2199 2971 2268 parvulus
2998 2200 3164 2255 multa
3199 2202 3411 2272 quidem
3430 2201 3579 2267 videt,
3600 2218 3680 2254 att-

2129 2286 2206 2341 dit
2237 2296 2291 2343 et
2337 2288 2611 2357 loquitur:
2643 2289 2774 2344 nihil
2822 2299 2999 2346 tamen
3039 2290 3274 2347 dilucide
3314 2291 3395 2346 vel
3424 2291 3589 2357 videt,
3613 2292 3681 2346 vel

2129 2380 2294 2447 audit,
2321 2381 2403 2435 vel
2429 2381 2663 2452 loquitur
2688 2397 2703 2437 :
2727 2391 2782 2437 et
2802 2383 2940 2453 sapit
2963 2383 3200 2454 quidem,
3227 2384 3319 2439 scd
3340 2383 3467 2439 nihil
3489 2385 3682 2454 integre.

2130 2473 2204 2527 Ita
2234 2483 2291 2528 et
2330 2489 2430 2545 ego
2459 2473 2572 2530 scio
2612 2474 2828 2545 quidem
2872 2477 3035 2531 multa
3055 2517 3071 2544 ,
3115 2477 3212 2533 scd
3241 2493 3423 2532 eorum
3452 2493 3550 2533 non
3578 2477 3682 2531 novi

2130 2567 2368 2621 modum.
2417 2568 2583 2623 Deum
2614 2569 2755 2624 enim
2802 2568 2994 2640 ubique
3022 2583 3147 2625 esse
3187 2570 3310 2625 novi
3335 2611 3351 2636 ,
3382 2579 3540 2625 totum
3579 2570 3684 2623 item

2131 2658 2327 2729 ubique
2345 2672 2467 2714 esse
2493 2660 2646 2725 novi;
2673 2659 2943 2730 quomodo
2967 2669 3166 2724 autem,
3194 2662 3374 2717 nescio
3398 2679 3410 2714 :
3437 2660 3544 2716 sine
3567 2660 3687 2729 prin-

2128 2751 2300 2822 cipio,
2343 2766 2447 2807 non
2493 2753 2764 2824 genitum,
2809 2754 3200 2823 sempiternum
3247 2755 3407 2820 novi;
3452 2752 3691 2824 quomodo

2127 2852 2325 2909 autem,
2375 2846 2578 2899 nescio.
2628 2844 2811 2915 Neque
2858 2845 3086 2899 humana
3133 2844 3277 2900 ratio
3320 2860 3507 2915 capere
3547 2844 3687 2909 valet,

2127 2934 2398 3004 quomodo
2426 2937 2595 3006 possit
2621 2951 2744 2991 esse
2790 2936 3087 2992 substantia
3111 2979 3127 3004 ,
3177 2954 3301 3008 quae
3329 2953 3428 2993 nec
3462 2952 3491 2991 a
3518 2936 3693 3005 seipsa,

2130 3041 2230 3082 nec
2271 3028 2340 3082 ab
2382 3028 2486 3082 alio
2521 3029 2772 3100 quopiam
2812 3044 2932 3085 esse
2960 3030 3250 3100 acceperit.
3279 3030 3404 3086 Scio
3430 3031 3589 3099 ipsum
3613 3043 3692 3097 ge-

2128 3121 2308 3174 nuisse
2333 3119 2559 3187 Filium;
2587 3119 2855 3191 quomodo
2891 3128 3093 3187 autem,
3123 3120 3316 3191 ignoro
3349 3139 3362 3174 :
3397 3120 3515 3177 novi
3538 3117 3691 3189 Spiri-

2128 3222 2238 3266 tum
2261 3227 2325 3266 ex
2354 3211 2471 3280 ipso
2496 3226 2651 3278 esse;
2683 3211 2953 3282 quomodo
2973 3222 3149 3267 autem
3174 3228 3244 3268 ex
3272 3213 3389 3283 ipso
3408 3212 3493 3276 sit,
3516 3210 3692 3265 nescio.

2125 3305 2287 3359 Cibus
2344 3304 2646 3372 comedo’;
2687 3320 2793 3376 quo
2855 3314 3036 3376 pacto.
3067 3315 3250 3361 autem
3311 3290 3605 3361 dividantur
3644 3301 3692 3356 in

2128 3395 2390 3465 pituitam,
2413 3396 2748 3466 sanguinem,
2767 3395 3047 3452 humorem
3069 3405 3122 3452 et
3148 3397 3322 3464 hilim,
3344 3399 3545 3469 ignoro.
3567 3394 3691 3457 Haec.

2126 3501 2244 3556 qum.
2267 3485 2504 3556 quotidie
2523 3487 2870 3542 comedentes
2892 3486 3153 3549 videmus,
3180 3488 3492 3559 ignoramus
3517 3494 3699 3550 tamen,

2123 3586 2179 3631 et
2206 3572 2301 3632 Dei
2328 3577 2677 3632 substantiam
2706 3579 2917 3634 curiose
2950 3586 3255 3634 scrutamur
3274 3580 3300 3633 ’ἔ

2193 3678 2249 3726 4.
2277 3670 2462 3725 Contra
2483 3671 2748 3726 Auomwos
2772 3671 3010 3743 loquitur.
3037 3702 3111 3712 —
3137 3670 3242 3728 Ubi
3270 3680 3397 3726 sunt
3426 3671 3594 3742 igitur,
3618 3668 3695 3738 qui

2124 3776 2184 3817 se
2209 3770 2368 3816 totam
2399 3761 2674 3817 scientiam
2695 3763 2968 3833 accepisse
3003 3761 3210 3831 dicunt,
3241 3764 3442 3834 quique
3463 3773 3625 3817 tamen
3653 3760 3697 3813 in

2125 3853 2430 3907 barathrum
2456 3852 2770 3923 ignorantia:
2788 3852 2990 3923 delapsi
3012 3852 3175 3908 sunt?
3200 3853 3339 3909 Nam
3358 3853 3446 3924 qui
3473 3866 3604 3907 nunc
3623 3849 3696 3904 di-

2122 3951 2249 3999 cunt
2267 3962 2325 4000 sc
2346 3953 2512 3998 totum
2533 3944 2821 4013 accepisse,
2848 3943 2899 3998 in
2926 3943 3103 3998 futuro
3128 3959 3190 4000 se
3211 3942 3527 4000 omnimodo
3544 3941 3698 3997 scien-

2125 4038 2193 4091 tia
2238 4051 2434 4091 vacuos
2471 4037 2821 4091 constituunt.
2867 4034 2982 4106 Ego
3021 4036 3218 4106 quippe
3243 4036 3338 4107 qui
3373 4037 3494 4092 dico
3529 4050 3608 4089 me
3641 4048 3701 4087 es

2124 4138 2273 4198 parte
2301 4140 2626 4197 cognoscere
2648 4168 2664 4192 ,
2695 4126 2795 4181 etsi
2824 4126 2997 4181 dicam
3026 4125 3165 4182 hanc
3191 4127 3477 4183 scientiam
3508 4125 3701 4180 destru-

2121 4228 2265 4274 ctum
2302 4218 2407 4283 iri,
2454 4218 2506 4272 in
2546 4217 2738 4272 melius
2764 4232 2828 4273 ac
2853 4216 3139 4289 perfectius
3167 4218 3510 4290 progredior,
3536 4222 3700 4284 utpote

2120 4325 2265 4377 cum,
2290 4309 2555 4364 destructa
2575 4308 2876 4378 particulari
2893 4308 3130 4373 scientia,
3150 4308 3451 4379 perfectior
3472 4304 3701 4362 accedat:

2120 4401 2208 4457 ille
2231 4416 2363 4456 vero
2387 4399 2477 4471 qui
2501 4399 2629 4455 dicit
2653 4413 2715 4454 se
2739 4408 2926 4465 totam,
2954 4399 3320 4455 omnimodam
3346 4408 3403 4456 et
3429 4396 3700 4470 perfectam

2121 4494 2318 4549 habere
2359 4492 2636 4549 scientiam
2661 4534 2676 4560 ,
2716 4500 2771 4547 et
2809 4500 2988 4562 postea
3019 4490 3211 4546 fatetur
3235 4493 3414 4563 ipsam
3460 4491 3512 4545 in
3544 4487 3707 4544 futuro

2121 4585 2445 4640 destructum
2487 4585 2587 4652 iri,
2613 4599 2673 4640 se
2699 4583 2922 4640 scientia
2949 4597 3174 4639 vacuum
3206 4582 3450 4638 futurum
3477 4595 3595 4638 esse
3620 4578 3703 4632 de~

2119 4680 2288 4735 clarat
2305 4721 2321 4748 ,
2349 4695 2471 4735 cum
2495 4680 2610 4735 hzee
2635 4678 2954 4735 destruenda
2972 4722 2989 4747 ,
3014 4679 3271 4750 nullaque
3297 4678 3405 4735 alia
3434 4675 3707 4749 perfectior

2120 4771 2417 4828 imlueenda
2441 4771 2552 4827 sit:
2580 4770 2841 4841 siquidem
2863 4770 2980 4826 haec
3000 4772 3301 4826 secundum
3334 4772 3461 4825 illos
3488 4767 3707 4840 perfecta

2121 4865 2343 4921 scientia
2376 4874 2478 4920 est.
2517 4864 2790 4919 Videtisne
2825 4877 2932 4934 quo
2962 4871 3116 4933 pacto
3135 4904 3151 4930 ,
3179 4862 3314 4918 dum
3354 4877 3418 4917 se
3438 4870 3606 4916 totum
3635 4856 3710 4910 hic

2120 4956 2318 5012 habere
2343 4955 2689 5022 contendunt,
2709 4969 2883 5026 neque
2904 4954 2991 5010 hic
3013 4953 3313 5019 obtineant,
3346 4962 3512 5024 atque
3538 4952 3639 5006 illic
3661 4963 3709 5000 se

2121 5057 2232 5105 toto
2257 5047 2589 5104 destituant?
2617 5045 2844 5102 Tantum
2887 5045 3091 5102 scilicet
3128 5045 3331 5101 malum
3372 5053 3461 5102 est
3489 5045 3626 5101 intra
3654 5040 3708 5094 li-

2185 5227 2202 5258 ι
2238 5223 2324 5294 alii
2365 5231 2508 5288 post,
2532 5224 2784 5294 exempla,
2818 5223 2999 5294 addunt
3018 5257 3032 5281 ,
3058 5218 3362 5294 οοπβηῃωιξ
3403 5219 3537 5294 quod

2118 5282 2391 5361 ostettdere'.
2412 5294 2465 5336 tn
2482 5282 2644 5338 Morel.
2664 5282 2796 5348 haec,
2814 5284 3102 5350 con/imum
3125 5282 3256 5349 quod
3282 5282 3437 5336 voluit
3450 5282 3705 5337 ostendere.

2117 5350 2474 5403 desiderantur.

2183 5416 2204 5445 ³
2236 5421 2338 5482 Duo
2366 5420 2473 5463 Mss.
2497 5411 2683 5482 habent
2705 5425 2734 5482 :7
2754 5409 2977 5463 Videmus
3007 5421 3121 5461 vero
3342 5421 3438 5482 per
3475 5402 3708 5482 speculum

2119 5482 2165 5528 ει
2203 5474 2499 5548 manta-Ian
2519 5475 2664 5548 ξιαοςρ
2685 5481 2940 5548 utrumque
2960 5470 3239 5548 εςυεηιηιυηξ
3258 5470 3709 5548 deitatem???“

2184 5610 2207 5636 ³
2236 5610 2372 5652 abas
2391 5610 2605 5657 comedo,
2631 5610 2682 5650 et
2703 5610 2961 5662 sequentia
2989 5611 3148 5661 usque
3167 5610 3225 5649 au
3248 5630 3265 5656 ,
3291 5610 3608 5647 scrutantur:
3627 5610 3706 5640 ue-

2121 5674 2233 5715 sunt
2256 5663 2306 5713 in
2332 5662 2515 5723 March,
2538 5661 2628 5713 sed
2651 5662 2893 5713 habentur
2916 5665 2962 5714 in
2985 5662 3121 5714 savil.
3160 5670 3207 5712 et
3235 5660 3287 5709 in
3313 5661 3532 5710 nxaxima
3556 5668 3708 5706 manu.-

2120 5726 2402 5789 scrtptorum
2418 5740 2469 5790 pa
2478 5734 2574 5777 rte.
