3944 6202
367 253 471 307 7(‘5

360 366 628 422 Τοσοῦτόν
654 371 768 423 ἐστι
798 372 969 424 κακὸν
1000 371 1060 424 τὸ
1094 372 1169 442 μὴ
1205 372 1386 443 μένειν
1411 373 1543 425 εἴσω
1569 373 1680 425 τῶν
1708 373 1850 441 ὅρων
1874 364 1950 423 ὧν
1981 369 2040 433 ἐξ

361 456 537 526 ἀρχῆς
586 457 774 523 ἔταξεν
819 459 949 529 ἡμῖν
992 460 1021 511 ό
1051 458 1203 522 Θεός.
1237 458 1397 512 Οὕτω
1443 462 1540 513 καὶ
1584 450 1613 511 6
1647 460 1821 529 ’Λδάμ
1863 458 2040 510 ἐλπίδι

362 542 608 605 πλείονος
628 543 796 612 τιμῆς
839 543 933 596 καὶ
964 543 1063 613 τῆς
1107 542 1274 611 οῦσης
1312 542 1568 608 ἐξέπεσεν
1588 560 1601 573 °
1632 544 1779 597 οὕτω
1824 545 1920 598 καὶ
1948 542 2042 595 ἐπὶ

361 626 470 682 τῶν
495 628 842 699 φιλαργύρων
866 629 1074 697 γίνεται
1097 645 1110 658 ⁸
1140 630 1326 683 πολλοὶ
1351 631 1608 694 πολλάκις
1634 630 1896 700 μειζόνων
1920 631 2041 682 ἐπι-

363 717 661 788 θυμοῦντες
694 718 789 771 καὶ
831 718 899 771 τὰ
930 719 1172 789 παρόντα
1205 718 1527 773 ἀπώλεσαν·
1569 718 1715 773 οῦτω
1757 717 1853 772 καὶ
1892 710 2039 770 οὗτοι

360 804 770 876 προσδοκῶντες
799 804 1034 858 ἐνταῦθα
1064 807 1126 859 τὸ
1155 809 1263 860 πᾶν
1293 806 1459 878 ἔχειν,
1483 807 1579 860 καὶ
1611 807 1706 859 τοῦ
1735 806 1935 878 μέρους
1954 804 2015 870 ἐξ

358 894 580 946 ἐπεσον.
612 892 704 945 Διὸ
749 893 1002 961 παραινῶ
1034 893 1260 961 φεύγειν
1289 894 1469 947 αὐτῶν
1500 894 1599 964 τὴν
1634 893 1865 964 μανίαν·
1920 909 2031 962 μα·-

358 979 481 1043 νίας
530 980 640 1050 γάρ
691 980 925 1051 ἐσχάτης
964 980 1331 1050 φιλονεικεϊνιι
1364 982 1563 1035 εἰδέναι
1616 981 1669 1034 τί
1719 980 1818 1051 τὴν
1846 979 2039 1033 οὐσίαν

358 1068 508 1121 ἐστὶν
536 1070 565 1121 6
590 1068 743 1131 θεός.
776 1069 884 1121 Καὶ
918 1069 1007 1122 ἵνα
1050 1069 1229 1141 μάθῃς
1254 1070 1335 1123 ὅτι
1370 1070 1566 1141 μανίας
1595 1068 1829 1139 ἐσχάτης
1860 1066 2037 1133 τοῦτο,

360 1155 471 1209 ἀπὸ
504 1155 611 1209 τῶν
646 1158 943 1228 προφητῶν
972 1160 1102 1227 ύμῖν
1123 1158 1283 1212 τοῦτο
1311 1159 1524 1228 ποιήσω
1557 1157 1788 1230 φανερόν
1808 1174 1822 1188 ’
1851 1156 1902 1208 οἱ
1930 1154 2039 1225 γάρ

360 1245 641 1314 προφῆται
666 1244 725 1296 οὐ
763 1246 920 1314 μόνον
947 1246 1000 1298 τί
1039 1247 1136 1315 τὴν
1166 1246 1356 1299 οὐσίαν
1388 1246 1536 1299 ἐστὶν
1568 1246 1891 1313 ἀγνοοῦντες
1915 1242 2040 1311 φαί-

361 1348 565 1393 νονται,
597 1331 733 1384 ἀλλά
762 1333 856 1385 καὶ
884 1334 1013 1405 περὶ
1049 1334 1149 1404 τῆς
1184 1332 1374 1403 σοφίας
1402 1333 1566 1387 αὐτοῦ
1601 1334 1743 1403 πόση
1779 1334 1864 1396 τίς
1891 1334 2039 1385 ἐστιν

363 1419 663 1489 ἀποροῦσγ
696 1419 871 1473 καίτοι
904 1437 969 1488 γε
1001 1422 1101 1491 οὐχ
1126 1424 1160 1492 ή
1188 1421 1348 1475 οὐσία
1367 1422 1475 1475 ἀπὸ
1501 1422 1600 1492 τῆς
1626 1422 1839 1491 σοφίας,
1867 1420 1982 1474 ἀλλ’
2005 1422 2038 1491 ή

364 1506 526 1573 σοφία
560 1508 624 1559 ἐκ
653 1507 751 1575 τῆς
774 1507 1162 1572 οὐσίας.”οταν
1190 1508 1247 1561 δὲ
1276 1508 1409 1579 μηδὲ
1432 1508 1636 1580 ταύτην
1660 1509 1922 1562 δύνωνται
1942 1525 2042 1560 κα-

360 1591 730 1663 ταλαμϐάνειν
766 1596 817 1647 οἰ
859 1596 1137 1667 προφῆται
1162 1597 1278 1666 μετ’
1310 1596 1616 1668 ἀκριϐείας,
1657 1596 1831 1667 πόσης
1858 1594 1925 1648 ἂν
1952 1594 2037 1665 εἴη

368 1679 563 1749 μανίας
589 1682 650 1733 τὸ
687 1683 788 1753 τὴν
820 1684 1006 1736 οὐσίαν
1038 1684 1210 1755 αὐτὴν
1242 1685 1484 1755 νομίζειν
1522 1684 1784 1739 δύνασθαι
1824 1687 1935 1746 τοῖς
1962 1685 2041 1736 οἰ-

365 1766 532 1829 κείοις
557 1768 877 1823 ὑποϐάλλειν
903 1770 1211 1841 λογισμοῖςς
1254 1771 1602 1841 Ἀκούσωμεν
1634 1772 1812 1824 τοίνυν
1855 1771 1908 1824 τί
1939 1788 2028 1841 φηο

367 1871 451 1907 σιν
477 1857 506 1908 6
534 1858 820 1927 προφήτης
851 1860 979 1928 περὶ
1006 1858 1175 1928 αὐτῆς
1197 1875 1212 1889 ⁸
1259 1860 1711 1927 Ἐθαυμαστώθη
1743 1860 1781 1926 ἡ
1820 1857 2042 1927 γνῶσίς

365 1958 483 1995 σου
508 1941 577 2006 ἐξ
605 1943 769 2011 ἐμοῦ.
809 1945 1025 1999 Μᾶλλον
1056 1946 1112 1999 δὲ
1143 1945 1401 2016 ἀνωτέρω
1428 1946 1518 1998 τὸν
1538 1945 1695 2013 λόγον
1721 1945 2037 2015 ἀγάγωμεν.

380 2029 928 2099 Ἐξομολογήσομαί
970 2049 1091 2096 σοι,
1120 2033 1209 2086 ὅτι
1257 2031 1520 2101 φοϐερῶς
1556 2033 2037 2101 ἐθαυμαστώθης.

366 2116 432 2169 Τί
459 2116 574 2170 ἐστι
601 2118 863 2187 φοϐερῶς
883 2135 902 2181 ;
926 2118 1102 2172 Πολλά
1131 2119 1484 2190 θαυμάζομεν
1510 2118 1626 2183 νῦν,
1657 2119 1773 2173 ἀλλ’
1803 2119 1863 2172 οὐ
1906 2121 2041 2189 μετά

367 2205 555 2276 φόϐου.
590 2204 702 2260 οἷον
748 2208 945 2261 κιόνων
992 2208 1188 2279 κάλλη,
1241 2208 1428 2262 τύπων
1481 2206 1799 2279 ζωγραφίας
1815 2208 1866 2272 ι),
1905 2208 2041 2277 ἄνθη

368 2294 637 2364 σωμάτων
656 2312 669 2325 ·
702 2294 1059 2366 θαυμάζομεν
1086 2296 1248 2350 πάλιν
1272 2296 1374 2367 τῆς
1405 2296 1681 2365 θαλάσσης
1704 2296 1766 2349 τὸ
1793 2295 2040 2366 μέγεθος,

367 2381 462 2435 καὶ
486 2381 576 2435 τὸν
604 2382 831 2453 ἄπειρον
865 2382 1044 2452 βυθὸν,
1080 2384 1218 2437 ἀλλά
1262 2383 1400 2454 μετά
1427 2383 1617 2451 φόϐου,
1644 2384 1776 2435 ὅταν
1811 2382 1949 2453 πρὸς
1985 2383 2045 2435 τὸ

370 2469 532 2540 βάθος
565 2470 994 2541 κατακύψωμεν.
1022 2470 1186 2524 Οῦτω
1210 2471 1389 2524 τοίνυν
1416 2472 1512 2524 καὶ
1533 2472 1562 2523 6
1596 2470 1880 2541 προφήτης
1910 2469 2045 2541 πρὸς

366 2558 429 2612 τὸ
456 2559 682 2630 ἄπειρον
704 2560 803 2611 κα)⁸
828 2558 1031 2629 ἀχανὲς
1054 2559 1293 2627 πέλαγος
1311 2559 1412 2628 τῆς
1436 2558 1534 2612 τοῦ
1562 2558 1698 2610 Θεοῦ
1728 2556 2045 2626 κατακύψας

369 2646 582 2716 σοφίας.
620 2648 715 2699 καὶ
762 2646 1092 2714 ἰλιγγιάσας,
1148 2647 1285 2717 μετά
1324 2647 1489 2716 φόϐου
1527 2646 1722 2699 πολλοῦ
1763 2646 2048 2715 θαυμάσας

368 2733 682 2804 ἀνεχώρησε
711 2732 851 2803 βοῶν
881 2734 976 2786 καὶ
1006 2732 1181 2802 λέγων
1199 2752 1211 2764 ·
1254 2734 1803 2803 Ἐξομολογήσομαί
1830 2748 1928 2787 σοι
1958 2733 2048 2787 ὅτι

370 2819 636 2891 φοϐερῶς
655 2820 1123 2890 ἐθαυμαστώθης
1141 2838 1154 2852 ⁸
1183 2821 1486 2891 θαυμάσια
1515 2825 1588 2877 τὰ
1617 2823 1760 2892 ἔργα
1782 2836 1899 2876 σου
1917 2839 1931 2852 ·
1956 2823 2050 2876 καὶ

371 2909 533 2964 πάλιν
553 2924 567 2940 ο
614 2909 1075 2977 Ἔθαυμαστώθη
1106 2910 1144 2977 ἡ
1178 2909 1402 2978 γνῶσίς
1429 2925 1546 2964 σου
1578 2909 1650 2974 ἐξ
1679 2909 1847 2979 ἐμοῦ,
1875 2909 2049 2977 ἐκραο

367 2995 607 3064 ταιώοη,
637 2997 710 3050 οὺ
738 2994 823 3065 μὴ
851 2995 1114 3066 δύνωμαι
1165 2996 1317 3065 πρὸς
1356 2997 1570 3066 αὑτήν.

441 3084 582 3157 Ὅρα
615 3082 1033 3153 εὐγνωμοσύνην
1070 3083 1302 3137 οἰκέτου·
1348 3081 1701 3153 Εὐχαριστῶ
1743 3100 1864 3147 σοι,
1895 3083 2049 3154 φησὶ,

369 3170 456 3225 διὰ
477 3170 654 3235 τοῦτο,
676 3171 758 3224 ὅτι
781 3171 1164 3241 ἀκατάληπτον
1188 3170 1298 3242 ἔχω
1318 3172 1611 3241 Δεσπότην·
1637 3172 1697 3225 οὐ
1721 3171 1848 3241 περὶ
1866 3171 2053 3230 οὐσίας

372 3257 603 3312 ἐνταῦθα
630 3256 821 3326 λέγων·
842 3258 1017 3310 ἐκεῖνο
1043 3257 1142 3327 μὲν
1168 3259 1275 3328 γὰρ
1303 3258 1378 3321 ὡς
1402 3257 1821 3328 ὡμολογημένον
1845 3258 2052 3311 ἀκατά-

369 3346 574 3417 ληπτον
590 3340 729 3398 εἶναι
758 3344 997 3416 παρῆκεο
1025 3345 1233 3415 περίδέ
1258 3344 1351 3397 τοῦ
1381 3344 1655 3416 πανταχοῦ
1686 3345 1937 3416 παρεῖναι
1964 3343 2053 3397 τὸν

370 3433 506 3486 Θεὸν
535 3432 707 3488 ταῦτά
730 3450 888 3502 φησι,
923 3433 1135 3495 δεικνὺς
1166 3433 1248 3485 ὅτι
1273 3432 1395 3486 οὐδὲ
1428 3432 1560 3486 αὐτὸ
1590 3433 1748 3486 τοῦτο
1777 3426 1907 3493 οἶδε,
1935 3431 2053 3493 πῶς

374 3519 651 3590 πανταχοῦ
689 3522 973 3592 πάρεστιν.
1005 3520 1127 3572 Ὅτι
1166 3521 1274 3591 γὰρ
1300 3520 1428 3588 περὶ
1458 3520 1648 3574 τούτου
1681 3522 1864 3591 φησὶν,
1889 3520 2053 3573 ἄκουε

371 3607 481 3663 τῶν
509 3607 656 3677 ἐξῆς.
676 3607 811 3660 Ἐὰν
829 3606 1029 3662 ἀναϐῶ
1056 3609 1142 3671 εἰς
1164 3608 1270 3662 τὸν
1294 3608 1572 3676 οὐρανὸν,
1600 3608 1681 3662 σὺ
1708 3607 1834 3662 ἐκεῖ
1853 3604 1927 3661 εἷ’
1948 3607 2056 3661 ἐὰν

375 3695 609 3750 καταϐῶ
629 3697 717 3761 εἰς
741 3694 851 3749 τὸν
872 3695 1046 3763 ᾅδην,
1073 3694 1265 3763 πάρει.
1289 3692 1442 3759 Εἶδες
1473 3697 1588 3761 πῶς
1612 3695 1888 3767 πανταχοῦ
1916 3696 2057 3768 πάρ-

374 3799 553 3846 εστιν;
599 3782 740 3836 Ἀλλ’
773 3783 802 3836 6
855 3782 1144 3852 προφήτης
1195 3783 1298 3835 οὐκ
1346 3777 1507 3848 οἶδεν,
1558 3783 1672 3836 ἀλλ’
1710 3783 1915 3855 ἰλιγγιᾷ
1961 3784 2056 3837 καὶ

373 3872 570 3943 ἀπορεῖ
610 3871 702 3923 καὶ
733 3869 979 3938 φοϐεῖται
1022 3870 1180 3940 μόνον
1201 3882 1222 3909 ο
1269 3871 1349 3933 εἰς
1375 3870 1499 3923 νοῦν
1529 3872 1660 3925 αὐτὸ
1691 3871 1903 3936 λαϐών;
1931 3871 2055 3934 Πῶς

373 3953 468 4011 οῦν
515 3958 616 4010 οὐκ
658 3957 894 4028 ἐσχάτης
931 3957 1117 4021 ἀνοίας
1163 3957 1291 4021 τοὺς
1322 3957 1576 4010 τοσοῦτον
1613 3959 1914 4029 ἀπέχοντας
1954 3958 2055 4027 τῆς

381 4044 592 4098 ἐκείνου
627 4043 849 4115 χάριτος
875 4043 1044 4116 αὐτὴν
1070 4043 1164 4097 τοῦ
1192 4044 1328 4097 Θεοῦ
1350 4044 1824 4117 πολυπραγμονεῖν
1850 4044 1948 4115 τὴν
1967 4045 2058 4097 οὐ-

377 4132 500 4187 σίαν
523 4151 537 4198 ;
576 4132 771 4188 Καίτοι
796 4123 955 4197 οὗτός
977 4134 1123 4186 ἐστιν
1148 4135 1177 4186 6
1199 4132 1488 4204 προφήτης
1519 4135 1547 4186 6
1578 4131 1750 4200 λέγων
1769 4149 1782 4162 ·
1815 4130 1893 4185 Τὰ
1914 4131 2058 4200 ἄδη-

374 4223 457 4275 λα
483 4220 685 4275 καὶτὰ
718 4220 940 4290 κρύφια
986 4219 1097 4288 τῆς
1136 4220 1357 4289 σοφίας
1403 4237 1519 4273 σου
1561 4218 1877 4288 ἐδήλωσάς
1910 4238 2013 4289 μοι
2044 4240 2057 4254 ·

376 4308 492 4361 ἀλλ’
521 4309 674 4379 ὅμως
719 4307 789 4361 τά
835 4307 1007 4378 άδηλα
1051 4308 1147 4361 καλ⁸
1196 4307 1266 4361 τὰ
1311 4306 1517 4380 κρύφια
1547 4310 1646 4379 τῆς
1675 4307 1865 4378 σοφίας
1892 4307 2056 4361 αὐτοῦ

375 4393 596 4467 μαθὼν,
633 4396 765 4466 περὶ
794 4395 966 4466 αὐτῆς
1013 4397 1150 4467 φησί
1186 4394 1413 4467 ταύτης,
1442 4396 1524 4450 ὅτι
1571 4395 1795 4468 ἄπειρός
1826 4395 1910 4458 τίς
1941 4396 2056 4448 ἐστι

376 4484 474 4537 καὶ
500 4482 906 4552 ἀκατάληπτος.
927 4482 1130 4552 Μέγας
1156 4484 1266 4555 γὰρ
1288 4488 1321 4540 ό
1347 4482 1585 4553 Κύριος,
1610 4484 1764 4553 φησὶ,
1790 4484 1887 4537 καὶ
1904 4481 2057 4555 [H9]

375 4570 607 4641 μεγάλη
635 4571 675 4637 ἠ
699 4569 883 4638 ἰσχὺς
906 4570 1115 4634 αὐτοῦ,
1139 4572 1237 4625 καὶ
1266 4570 1375 4640 τῆς
1395 4572 1705 4637 συνέσεως
1730 4572 1915 4626 αὑτοῦ
1946 4573 2058 4625 οὐκ

377 4659 554 4712 ἔστιν
588 4656 858 4726 ἀριθμὸς,
890 4657 1191 4721 τουτέστιν,
1216 4659 1317 4711 οὐκ
1355 4658 1472 4712 ἐστι
1517 4658 1841 4729 κατάληψις.
1871 4658 1936 4711 Τί
1966 4658 2057 4711 λέ-

379 4762 534 4815 γεις;
575 4745 610 4816 ή
655 4744 818 4814 σοφία
848 4744 1232 4816 ἀκατάληπτος
1264 4746 1341 4816 τῷ
1374 4747 1649 4817 προφήτῃ,
1680 4746 1775 4800 καὶ
1826 4747 1859 4817 ή
1900 4746 2059 4800 οὐσία

378 4838 517 4907 ἡμῖν
547 4833 905 4906 καταληπτή;
940 4829 1050 4907 ἆρα
1093 4834 1153 4887 οὐ
1182 4833 1393 4904 φανερά
1425 4832 1621 4905 αῦτηή
1658 4832 1823 4904 μανία
1847 4850 1861 4899 ;
1888 4835 1921 4905 ή
1963 4851 2059 4905 με·

381 4921 671 4993 γαλωσύνη
716 4920 883 4975 αὐτοῦ
927 4923 1027 4975 οὐκ
1056 4921 1169 4993 ἐχει
1197 4920 1390 4995 πέρας,
1415 4922 1509 4976 καὶ
1542 4922 1640 4992 τὴν
1678 4920 1861 4976 οὐσίαν
1892 4923 2058 4977 αὐτοῦ

382 5008 751 5084 περιγράφεις
770 5025 787 5077 ;

454 5173 516 5224 ε’.
539 5165 729 5223 Ταῦτα
751 5165 848 5220 καὶ
866 5166 895 5218 6
927 5165 1153 5228 Ἡσαΐας
1181 5164 1485 5235 φιλοσοφῶν
1511 5165 1688 5235 ἔλεγε·
1710 5165 1829 5234 Τὴν
1850 5166 2062 5236 γενεὰν

383 5254 573 5312 αὐτοῦ
605 5256 698 5322 τις
725 5252 1076 5326 διηγήσεται
1092 5261 1113 5319 ;
1138 5253 1253 5307 Οὐκ
1281 5247 1401 5308 εἷπε
1424 5271 1436 5283 ·
1463 5254 1561 5319 Τίς
1588 5256 1875 5327 διηγεῖται,
1901 5255 2057 5319 ἀλλὰ,

448 5464 475 5527 ξ
503 5462 610 5527 Quo
630 5475 744 5527 mss.
772 5462 940 5527 μανίαν
959 5464 1049 5527 γὰρ
1071 5461 1219 5527 ἔγωγε
1238 5462 1373 5524 οἶμαι
1395 5462 1601 5527 ἐσχάτην
1623 5463 1679 5511 τὸ
1700 5463 1995 5527 φιλονεικεῖν.

450 5480 475 5493 "
506 5480 610 5511 υιιο
630 5480 744 5511 mss.
772 5480 940 5525 μανιαν
959 5480 1049 5527 γαρ
1071 5480 1219 5525 εγωγε
1238 5480 1373 5524 οιμαι
1395 5480 1601 5525 εσχατην
1623 5480 1679 5511 το
1737 5480 1995 5511 υςονεικειν.

450 5522 480 5587 Ρ
506 5524 678 5574 Iorel.
702 5531 756 5573 et
774 5526 970 5587 quidam
1010 5538 1126 5573 mss.
1167 5524 1327 5573 τύπων
1369 5524 1648 5587 ζωγραφίας,
1698 5480 1850 5574 ξανὶι.
1871 5532 1942 5587 ,ει
1975 5524 2061 5572 alii

387 5585 866 5693 nixwv‘tug‘tpaqaiav.
894 5586 1048 5636 Paulo
1069 5590 1179 5648 post
1202 5587 1403 5647 quidam
1428 5585 1544 5636 m'ss;
1572 5586 1815 5644 θαλάσσης
1835 5585 1891 5633 τὸ
1910 5588 2060 5634 πέλα-

390 5664 474 5711 γος
494 5664 575 5711 και
595 5663 695 5711 τ-ν.
830 5707 874 5711 Δ-
1183 5709 1191 5711 ξ
1230 5710 1233 5711 ν
1412 5708 1430 5711 ᾼ
1516 5709 1524 5711 _
1684 5709 1737 5711 νώ
1886 5708 1895 5711 Α

453 5712 477 5742 ο
514 5708 663 5758 Savil.
687 5712 738 5755 et
759 5707 956 5766 quidam
981 5721 1095 5757 mss.
1118 5709 1197 5756 καὶ
1220 5708 1431 5772 διαπορεῖ
1453 5709 1532 5756 καὶ
1554 5709 1815 5769 θορυϐεῖται
1838 5708 1996 5768 μόνον.

1146 258 1204 315 S.
1240 256 1523 314 JOANNIS
1558 252 2047 314 CHRYSOSTOMI
2087 252 2411 311 ARCIIIEP.
2454 254 3005 312 CONSTANTINOP.
3658 262 3740 317 706

2154 370 2248 437 Τίς
2278 371 2648 443 διηγήσεται,
2678 373 2774 426 καὶ
2797 371 2858 423 τὸ
2887 370 3077 442 μέλλον
3108 368 3406 422 ἀπέκλεισε.
3436 371 3533 423 Καὶ
3567 374 3592 423 6
3622 375 3741 443 μένι

2145 460 2308 514 Δαυῖδ
2333 475 2527 530 φησιν’
2580 457 3033 527 Ἐ’θαυμαστώθη
3058 457 3097 523 ἠ
3132 454 3349 526 γνῶσίς
3371 472 3479 511 σου
3509 458 3572 523 ἐξ
3594 461 3742 527 ἐμοῦ*

2145 548 2173 599 ὁ
2206 546 2264 600 δὲ
2299 547 2525 607 Ἡσαΐας
2555 547 2657 599 οὐκ
2685 547 2777 612 ἀφ’
2798 544 2994 599 ἑαυτοῦ
3025 545 3183 615 μόνον
3206 545 3383 613 φησὶν,
3410 542 3535 597 ἀλλὰ
3555 547 3637 599 καὶ
3660 549 3748 602 ἀπὺ

2147 633 2329 703 πάσης
2367 634 2467 703 τῆς
2502 632 2854 704 ἀνθρωπίνης
2886 634 3101 701 φύσεως
3130 630 3530 685 ἀποκεκλεῖσθαι
3554 634 3640 704 τὴν
3657 634 3753 706 διήο

2143 736 2308 787 γησιν
2337 719 2564 790 ταύτην.
2584 719 2724 774 Ἀλλ’
2753 719 2977 789 ἴδωμεν,
3008 718 3215 789 μήποτε
3246 719 3274 770 6
3295 716 3495 781 Παῦλος
3518 712 3751 780 οἷδεν,ἆτε

2143 806 2208 878 δὴ
2246 807 2492 877 μείζονος
2529 806 2916 869 ἀπολελαυκὼς
2944 807 3165 877 χάριτος
3185 822 3199 834 ·
3231 805 3390 867 αὐτὸς
3420 805 3511 875 μὲν
3533 801 3616 858 οὖν
3639 808 3756 860 ἐστιν
3859 798 3865 807 ’

2143 896 2173 947 6
2201 894 2404 963 λέγων·
2444 895 2539 949 Ἐκ
2562 894 2786 964 μέρους
2802 895 3194 965 γινώσκομεν,
3219 893 3312 945 καὶ
3340 892 3407 946 ἐκ
3428 891 3627 961 μέρους
3643 910 3756 961 προ-

2143 983 2502 1050 φητεύομεν.
2534 984 2646 1037 Καὶ
2683 984 2784 1036 οὐκ
2820 982 3050 1036 ἐνταῦθα
3082 981 3261 1051 μόνον,
3285 980 3416 1034 ἀλλά
3439 980 3528 1033 καὶ
3546 979 3760 1050 ἀλλαχοῦ,

2143 1070 2205 1121 οὐ
2238 1070 2367 1141 περὶ
2390 1069 2600 1135 οὐσίας,
2624 1070 2761 1123 ἀλλά
2800 1069 2925 1142 περὶ
2953 1069 3145 1138 σοφίας
3191 1068 3286 1121 καὶ
3312 1068 3468 1131 αὐτὸς
3493 1067 3761 1136 διαλεγόμε-

2144 1172 2234 1219 νος
2267 1157 2367 1225 τῆς
2400 1158 2458 1209 ἐν
2485 1160 2551 1228 τῇ
2581 1158 2810 1228 προνοίᾳ.
2854 1158 3206 1227 φαινομένης,
3236 1155 3297 1208 οὐ
3329 1155 3425 1225 τῆς
3466 1153 3671 1208 καθόλου
3693 1154 3763 1207 λέ-

2144 1260 2245 1311 γω,
2281 1244 2403 1297 καθ’
2432 1244 2500 1314 ἣν
2528 1245 2777 1312 ἀγγέλων
2802 1246 2896 1298 καὶ
2917 1243 3277 1315 ἀρχαγγέλων
3305 1242 3397 1296 καί
3416 1242 3520 1294 τῶν
3540 1242 3638 1295 ἀνω
3655 1257 3764 1311 προ-

2144 1335 2256 1385 νοεῖ
2279 1332 2582 1403 δυνάμεων,
2611 1332 2725 1386 ἁλλ’
2747 1330 2924 1387 ἐκεῖνο
2947 1333 3046 1403 τῆς
3073 1331 3329 1403 προνοίας
3356 1331 3417 1384 τὸ
3446 1329 3598 1401 μέρος
3615 1327 3766 1394 ἐξετά-

2145 1418 2274 1484 ζων,
2310 1422 2430 1473 καθ’
2449 1420 2478 1474 δ
2507 1424 2727 1492 προνοεῖ
2747 1420 2853 1474 τῶν
2877 1422 2935 1473 ἐν
2962 1423 3030 1491 τῇ
3059 1423 3129 1490 γῇ
3156 1419 3252 1473 ἀνθ
3260 1417 3477 1490 ρώπων,
3500 1418 3588 1469 καὶ
3604 1414 3769 1483 ταύτης

2145 1509 2318 1577 αὐτῆς
2350 1508 2513 1562 πάλιν
2547 1509 2731 1580 μέρος.
2758 1507 2894 1561 Οὐδὲ
2916 1508 3025 1577 γάρ
3052 1507 3222 1578 αὐτὴν
3249 1506 3377 1576 ὅλην
3406 1503 3649 1568 ἐξετάζει,
3671 1500 3768 1554 καθ’
3882 1548 3895 1565 ,

2150 1594 2217 1665 ἢν
2243 1595 2524 1649 ἀνατέλλει
2551 1596 2642 1649 τὸν
2676 1596 2848 1667 ἥλιον,
2882 1595 3005 1649 καθ’
3030 1596 3097 1665 ἠν
3139 1593 3321 1665 ψυχὰς
3360 1594 3567 1663 ἐμπνεῖ,
3591 1589 3693 1643 καθ’
3720 1589 3772 1657 ἣν

2149 1681 2378 1751 σώματα
2426 1683 2766 1745 διαπλάττει,
2802 1682 2924 1736 καθ’
2952 1682 3020 1752 ἣν
3067 1681 3256 1753 τρέφει
3301 1680 3428 1741 τοὺς
3461 1678 3550 1731 ἐπὶ
3582 1677 3673 1747 γῆς
3696 1675 3773 1735 ἀνι

2146 1766 2415 1837 θρώπους,
2444 1770 2565 1824 καθ’
2591 1771 2659 1842 ῆν
2690 1773 2985 1841 συγκρατεῖ
3004 1779 3027 1807 ο
3075 1768 3165 1822 τὸν
3216 1767 3446 1836 κόσμον,
3472 1764 3586 1818 καθ’
3610 1764 3670 1835 ἢν
3698 1762 3775 1825 τὰς

2147 1857 2397 1927 ἐτησίους
2446 1858 2633 1912 δίδωσι
2678 1858 2886 1929 τροφάς
2907 1873 2919 1886 ·
2949 1857 3083 1911 ἀλλὰ
3107 1855 3283 1909 ταῦτα
3311 1854 3489 1908 πάντα
3517 1852 3677 1920 ἀφεὶς,
3702 1850 3776 1902 καὶ

2151 1945 2344 2015 μικρόν
2390 1962 2442 1997 τι
2490 1946 2659 2015 μέρος
2706 1944 2970 2009 ἐξετάσας
2999 1944 3101 2015 τῆς
3135 1942 3397 2015 προνοίας
3439 1936 3777 2003 αὐτοῦ,καθ’ὃ

2146 2032 2273 2096 τοὺς
2301 2033 2399 2101 μὲν
2433 2032 2721 2097 Ἰουδαίους
2748 2032 2996 2098 ἐξέϐαλε,
3027 2034 3153 2095 τοὺς
3182 2031 3243 2085 δὲ
3273 2030 3335 2096 ἐξ
3359 2026 3528 2081 ἐθνῶν
3551 2023 3778 2089 εἰσεδέξα-

2146 2134 2227 2180 το,
2256 2121 2351 2173 καί
2381 2120 2517 2191 πρὸς
2545 2121 2677 2173 αὐτὸ
2712 2120 2870 2173 τοῦτο
2914 2120 2975 2173 τὺ
3027 2119 3223 2190 μικρὸν
3259 2117 3449 2189 μέρος,
3481 2113 3651 2185 ὥσπερ
3671 2112 3778 2180 πρὸς

2150 2207 2385 2273 πέλαγος
2440 2208 2666 2279 ἄπειρον
2717 2208 3042 2276 ἰλιγγιάσας,
3088 2207 3183 2259 κα)⁵
3229 2205 3400 2275 βάθος
3444 2202 3561 2255 ἰδὼν
3599 2200 3776 2269 ἀχανὲς.

2148 2295 2500 2366 ἀπεπήδησεν
2528 2296 2752 2361 εὐθέως,
2778 2297 2872 2349 καὶ
2904 2297 3047 2366 μέγα
3069 2294 3371 2365 ἀνεϐόησεν
3400 2289 3589 2345 εἰπών·
3614 2284 3673 2342 Ὦ
3695 2287 3781 2350 βά·

2150 2386 2253 2448 θος
2276 2385 2545 2438 πλούτου
2581 2385 2680 2439 καὶ
2722 2385 2938 2453 σοφίας
2973 2384 3071 2438 καὶ
3105 2381 3390 2453 γνώσεως
3420 2379 3580 2446 Θεοῦ,
3606 2380 3677 2443 ὡς
3698 2376 3781 2428 ἁν-

2150 2470 2515 2538 εξερεύνητα
2565 2472 2636 2534 τὰ
2673 2473 2928 2542 κρίματα
2977 2470 3188 2525 αὐτοῦ.
3218 2469 3345 2524 Οὐκ
3376 2464 3555 2527 εἶπεν,
3595 2460 3782 2518 Ἀκατά-

2151 2560 2350 2631 ληπτα,
2381 2560 2494 2613 ἀλλ’
2509 2597 2526 2623 ν
2560 2562 3029 2633 Ἀνεερρεύγητα.
3046 2560 3176 2616 Εἰδὲ
3196 2556 3557 2631 ἐρευνηθῆναι
3582 2553 3638 2606 οῦ
3658 2550 3785 2605 66w-

2151 2666 2262 2710 ται,
2298 2649 2476 2718 πολλῷ
2508 2647 2709 2719 μᾶλλον
2740 2647 3157 2720 καταληφθῆναι
3189 2646 3483 2701 ἀδύνατον.
3505 2642 3607 2696 Καὶ
3645 2636 3784 2699 ἀνεξ-

2155 2738 2450 2805 ιχνίαστοι
2484 2739 2545 2790 αἱ
2588 2736 2716 2791 ὀδοί
2755 2736 2961 2791 αὑτοῦ.
2988 2738 3055 2789 Αἰ
3098 2735 3208 2789 ὁδοὶ
3247 2732 3419 2788 αὐτοῦ
3444 2728 3786 2799 ἀνεξιχνίαστοι

2156 2826 2251 2877 καὶ
2283 2824 2445 2887 αὐτὸς
2469 2820 2980 2894 καταληπτὸς;εἰπέ
3014 2842 3132 2895 μοι.
3166 2824 3283 2878 Καὶ
3313 2824 3367 2876 τί
3397 2821 3535 2889 λέγω
3558 2817 3673 2887 περὶ
3700 2812 3786 2866 τῶν

2154 2912 2324 2975 ὁδῶν;
2360 2912 2428 2965 τὰ
2477 2912 2687 2965 ἔπαθλα
2738 2912 2807 2965 τὰ
2853 2912 3187 2981 ἀποκείμενα
3238 2914 3379 2983 ήμῖν
3436 2905 3782 2975 ἀκατάληπτα’

2169 2998 2495 3069 Ὀφθαλμὸς
2520 2998 2630 3070 γὰρ
2678 2998 2817 3053 αὐτά
2860 3001 2971 3053 οὐκ
3010 2998 3193 3062 εἶδεν,
3236 2997 3388 3053 οὐδὲ
3415 2992 3522 3062 οὖς
3546 2995 3785 3062 ἤκουσεν.

2157 3086 2301 3140 οὐδὲ
2334 3086 2434 3140 ἐπὶ
2467 3087 2719 3157 καρδίαν
2744 3086 3058 3155 ἀνθρώπου
3100 3087 3310 3154 ἀνέϐη,
3364 3085 3404 3139 ἂ
3447 3075 3787 3152 ἡτοίμασενό

2160 3174 2304 3241 Θεὸς
2336 3174 2461 3240 τοῖς
2485 3174 2800 3245 ἀγαπῶσιν
2833 3178 3039 3230 αὐτόν.
3059 3175 3216 3229 Ἀλλά
3250 3176 3348 3229 καὶ
3379 3177 3413 3247 ή
3457 3170 3625 3244 δωρεὰ
3660 3162 3789 3220 αὕτηὗ

2158 3264 2550 3335 ἀνεκδιήγητος
2575 3281 2588 3295 ’
2623 3263 2805 3332 Χάρις
2836 3263 2943 3334 γὰρ
2984 3262 3063 3330 τῷ
3106 3263 3250 3329 Θεῷ,
3287 3264 3475 3334 φησιν,
3503 3259 3595 3315 ἐπὶ
3623 3254 3688 3324 τῇ
3709 3253 3790 3307 ἀν-

2158 3364 2486 3435 εκδιηγήτῳ
2518 3365 2708 3420 αὐτοῦ
2743 3364 2951 3434 δωρεᾷ,
2981 3364 3079 3418 καὶ
3110 3364 3149 3431 ἠ
3182 3365 3399 3433 εἰρήνη
3437 3360 3616 3417 αὐτοῦ
3654 3359 3794 3423 ὑπερ·

2159 3465 2284 3533 ἐχει
2315 3465 2511 3519 πάντα
2546 3466 2716 3520 νοῦν,
2754 3466 2819 3519 Τί
2849 3466 3055 3533 λέγεις;
3084 3464 3156 3518 τὰ
3195 3465 3449 3535 κρίματα
3486 3458 3639 3515 αὐτοῦ
3669 3452 3793 3517 ἀνεξ-

2160 3553 2448 3624 ερεύνητα,
2470 3555 2527 3607 αἱ
2553 3554 2665 3608 ὁδοὶ
2690 3553 2856 3607 αὐτοῦ
2881 3550 3296 3623 ἀνεξιχνίαστοι,
3314 3555 3348 3622 ή
3374 3553 3564 3623 εἰρήνη
3583 3543 3795 3613 ὑπερέχει

2162 3642 2340 3695 πάντα
2364 3641 2508 3706 νοῦν,
2535 3643 2569 3713 ή
2597 3642 2778 3712 δωρεά
2803 3639 3213 3709 ἀνεκδιήγητος,
3250 3639 3290 3693 ἀ
3317 3640 3611 3711 ἡτοίμασεν
3639 3637 3665 3686 6
3694 3628 3794 3689 Θεὸς

2160 3731 2273 3793 τοῖς
2305 3730 2593 3797 ἀγαπῶσιν
2624 3728 2788 3782 αὐτὸν
2811 3728 2911 3781 οὐκ
2939 3727 3107 3797 ἀνέϐη
3138 3725 3235 3781 ἐπὶ
3268 3726 3502 3798 καρδίαν
3536 3717 3795 3791 ἀνθρώπων

2161 3818 2196 3888 ή
2244 3816 2602 3889 μεγαλωσύνη
2652 3817 2826 3888 πέρας
2872 3815 2974 3869 οὐκ
3014 3815 3205 3886 ἐχει,ή
3242 3814 3464 3876 σύνεσις
3492 3807 3703 3882 ἀριθμὸν
3722 3801 3797 3854 οὐκ

2162 3918 2298 3988 ἔχει,
2338 3917 2515 3971 πάντα
2539 3917 2920 3989 ἀκατάληπτα,
2955 3916 3049 3970 καὶ
3080 3914 3245 3979 αὐτὸς
3279 3914 3446 3987 μόνος
3470 3903 3799 3977 καταληπτόςὶ

2162 4020 2273 4073 Καὶ
2306 4017 2465 4072 ποίαν
2493 4019 2594 4071 οὐκ
2623 4018 2690 4072 ἂν
2716 4017 2828 4090 ἔχοι
2856 4018 3013 4072 τοῦτο
3052 4018 3250 4089 μανίας
3290 4014 3637 4089 ὐπερϐολήν;
3684 4006 3799 4060 Kin-

2163 4124 2254 4179 εχε
2286 4105 2382 4159 τὸν
2409 4106 2712 4177 αἰρετικόν·
2750 4105 2826 4178 μὴ
2858 4106 3005 4179 ἀφῇς
3039 4105 3403 4177 ἀναχωρῆσαι
3423 4120 3438 4133 ο
3473 4101 3619 4155 εἰπέ·
3641 4096 3699 4150 Τί
3723 4111 3802 4162 (ἔθ’

2166 4212 2249 4249 σιν
2277 4196 2306 4247 6
2337 4192 2578 4259 Παῦλος;
2620 4194 2716 4247 Ἐκ
2756 4193 2980 4265 μέρους
3027 4193 3431 4264 γικώσκομεν.
3463 4191 3539 4244 Οὐ
3582 4185 3696 4256 περὶ
3729 4180 3801 4246 τῆς

2162 4295 2351 4360 οὐσίας
2392 4293 2553 4349 τοῦτο
2593 4294 2763 4364 λέγει,
2801 4296 2985 4365 φησὶν,
3015 4293 3151 4348 ἀλλά
3194 4293 3328 4363 περὶ
3368 4292 3481 4347 τῶν
3507 4281 3801 4353 οἰκονομιῶν.

2164 4396 2415 4450 Μάλιστα
2447 4395 2568 4466 μὲν,
2596 4396 2644 4449 εἰ
2669 4394 2765 4448 καὶ
2794 4394 2923 4465 περὶ
2950 4393 3057 4447 τῶν
3083 4391 3414 4466 οἰκονομιῶν
3438 4388 3507 4465 ἦν
3535 4392 3564 4444 6
3588 4387 3741 4454 λόγος.
3758 4382 3802 4430 ἐκ

2165 4483 2408 4547 πλείονος
2428 4485 2558 4554 ήμῖν
2580 4481 2895 4554 περιουσίας
2920 4481 3012 4534 καὶ
3040 4480 3182 4535 οὕτω
3212 4482 3284 4535 τὰ
3313 4480 3610 4553 νικητήρια
3627 4494 3639 4506 ·
3663 4473 3706 4527 εἰ
3723 4467 3802 4554 γὰρ

2165 4573 2222 4626 οιι
2252 4553 2553 4641 οἰκονομίαι
2581 4553 2974 4640 ἀκατάληπτοι,
3007 4568 3185 4639 πολλῷ
3224 4569 3433 4640 μᾶλλον
3462 4565 3658 4628 αὐτός’
3680 4553 3803 4614 aus:

2166 4660 2401 4714 ἐνταῦθα
2422 4659 2484 4712 οὐ
2520 4658 2650 4730 περὶ
2682 4657 2792 4712 τῶν
2829 4657 3153 4729 οἰκονομιῶν
3185 4675 3378 4728 φησιν,
3419 4655 3558 4711 ἀλλά
3583 4652 3703 4724 περὶ
3729 4644 3802 4699 αὖ·

2165 4747 2259 4802 τοῦ
2293 4746 2387 4800 τοῦ
2422 4745 2579 4810 Θεοῦ,
2604 4746 2834 4800 ἄκουσον
2857 4745 2966 4799 τῶν
2988 4745 3145 4816 ἐξῆςο
3176 4743 3332 4818 [450]
3360 4743 3535 4797 εἰπὼν
3564 4740 3667 4810 γάρ
3684 4753 3699 4767 ⁶
3735 4731 3803 4783 Ἐκ

2160 4833 2382 4904 μέρους
2428 4831 2821 4905 γινώσκομεν,
2848 4832 2949 4886 καὶ
2994 4833 3064 4887 ἐκ
3103 4833 3329 4902 μέρους
3369 4827 3802 4902 προφητεύομεν,

2166 4936 2445 5006 ἐπήγαγεν
2463 4950 2477 4965 ·
2507 4934 2663 5003 Ἄρτι
2690 4934 2964 5004 γινώσκω
2984 4935 3053 4988 ἐκ
3081 4932 3330 5004 μέρους,
3357 4934 3500 4988 τότε
3520 4930 3589 4986 δὲ
3610 4920 3805 4993 ἐπιγνώι

2166 5054 2346 5107 σομαι
2377 5036 2569 5102 καθὼς
2590 5036 2694 5089 καὶ
2721 5035 3131 5107 ἐπεγνώσθην.
3148 5035 3284 5090 Ὑπὸ
3316 5035 3472 5101 τίνος
3496 5030 3591 5090 οῦν
3616 5022 3806 5107 ἐπετώ

2169 5106 2421 5195 σθήςύπὸ
2464 5123 2562 5177 τοῦ
2600 5123 2757 5187 Θεοῦ,
2794 5123 2830 5195 ἢ
2875 5125 2979 5179 ὐπὸ
3026 5124 3136 5178 τῶν
3173 5123 3542 5195 οἰκονομιῶν;
3577 5117 3701 5173 ’Υπὺ
3736 5106 3809 5164 τοῦ

2165 5212 2300 5266 Θεοῦ
2331 5211 2608 5283 δηλονότι·
2647 5212 2835 5265 τοῦτον
2867 5208 2959 5266 οῦν
2990 5214 3081 5267 καὶ
3113 5214 3178 5267 ἐκ
3204 5212 3411 5283 μέρους
3455 5199 3810 5280 γινώσκει.Ἔκ

2161 5310 2384 5380 μέρους
2409 5310 2466 5363 δὲ
2496 5305 2668 5374 εἶπεν,
2694 5308 2791 5379 οὐχ
2822 5308 2903 5361 ὃτι
2931 5308 2993 5361 τὸ
3023 5309 3121 5379 μὲν
3144 5306 3308 5362 αὐτοῦ
3334 5307 3443 5379 τῆς
3474 5304 3658 5365 οὐσίας
3677 5291 3811 5366 γινὼ-

2168 5415 2307 5463 σκει,
2333 5397 2395 5451 τὸ
2429 5397 2486 5451 δὲ
2514 5398 2700 5465 ἀγνοεῖ
2738 5395 2976 5467 (ἁπλοῦς
3000 5395 3110 5469 γὰρ
3136 5398 3165 5451 6
3186 5397 3319 5459 Θεός
3335 5396 3379 5467 )·
3415 5393 3536 5448 ἀλλ’
3562 5384 3731 5455 ἐπειδὴ
3746 5380 3811 5433 δα

2230 5641 2257 5680 ἀ
2283 5639 2379 5703 Alii
2402 5640 2490 5703 δρα
2504 5641 2607 5703 πῶς
2624 5640 2679 5688 τὸ
2700 5641 2869 5703 μέλλον
2888 5640 3138 5690 ἀπέκλεισε
3161 5641 3245 5697 τὴν
3265 5637 3508 5699 διήγησιν·
3533 5632 3610 5682 καὶ
3633 5631 3658 5679 ὁ

2235 5706 2258 5731 ε
2289 5702 2420 5750 l‘nus
2436 5702 2591 5751 habet
2612 5702 2881 5765 συγκροτεῖ.
