3944 6202
188 269 268 327 1115
1096 267 1186 324 DE
1226 266 1902 328 INCOMPREIIENSIBYLI
1942 271 2054 328 DEI
2092 270 2395 329 NATURA.
2437 272 2481 327 l.

180 387 317 442 mites
344 400 450 440 non
484 399 734 450 manere,
762 399 896 456 quos
934 399 964 439 a
992 387 1255 458 principio
1291 388 1566 444 constituit
1592 390 1744 445 nobis

177 491 322 532 usus.
353 476 443 532 Sic
468 486 522 532 ct
543 476 713 531 Adam
740 490 837 548 spe
868 477 1143 550 amplioris
1165 521 1181 547 ,
1209 495 1368 552 quem
1397 481 1628 538 habebat
1653 483 1751 538 ho-

174 582 348 622 norem
370 566 621 637 perdidit.
650 567 878 638 ldipsum
904 577 959 624 et
983 570 1157 626 avaris
1182 572 1409 627 accidit:
1434 574 1582 628 multi
1608 589 1752 643 sarpe

175 659 365 730 majora
388 660 686 729 cupientes,
716 662 997 731 praesentia
1020 662 1334 718 amiserunt.
1366 664 1564 720 Eodem
1590 667 1752 721 modo

171 761 216 807 et
237 751 327 806 isti
355 751 484 806 dum
510 767 570 807 se
590 760 760 826 totum
791 750 880 808 hic
900 753 1116 824 assequi
1142 768 1301 824 posse
1328 764 1576 826 sperant,
1598 766 1753 826 parte

170 856 375 911 quoque
400 841 485 897 illa
513 823 785 897 excidunt.
809 823 1167 910 Quamobrem
1188 823 1382 899 hortor
1406 860 1590 900 eorum
1605 823 1754 900 insa-

172 938 299 991 niam
344 934 863 1006 fugiatis:extremre
909 937 1107 1008 quippe
1152 938 1372 993 insania:
1413 949 1496 995 est
1536 949 1752 996 Conten-

172 1028 285 1083 dere
315 1029 359 1093 ⁸,
380 1026 505 1098 quid
539 1027 677 1083 Deus
701 1027 995 1082 substantia
1018 1012 1099 1082 "sn
1125 1042 1184 1082 se
1214 1028 1377 1096 probe
1405 1028 1636 1085 scire.Ut
1662 1045 1757 1083 au-

173 1130 263 1173 lem
300 1120 452 1173 scias
497 1118 552 1173 id
592 1126 846 1174 extrema:
887 1118 1172 1175 dementia:
1210 1134 1366 1184 esse,
1410 1135 1441 1174 a
1482 1120 1758 1191 prophetis

170 1209 563 1267 demonstrabo.
600 1208 883 1279 Propheta:
917 1210 1115 1281 quippe
1148 1224 1253 1264 non
1282 1210 1443 1267 modo
1470 1211 1595 1281 quid
1625 1212 1754 1267 sub-

169 1300 359 1353 stantia
385 1299 457 1354 sit
483 1300 729 1369 ignorare
754 1300 1019 1365 videntur,
1046 1300 1142 1356 sed
1165 1310 1218 1355 et
1240 1300 1307 1356 dc
1331 1302 1589 1372 sapientia
1616 1303 1753 1372 ejus,

172 1403 363 1462 quanta
378 1391 581 1446 scilicet
599 1391 687 1458 sit,
714 1395 955 1447 luerent:
980 1407 1300 1463 quamquam
1320 1408 1423 1447 non
1448 1408 1478 1446 a
1501 1395 1757 1464 sapientia

172 1486 466 1540 substantia
482 1527 497 1550 ,
525 1485 620 1540 sed
646 1500 677 1538 a
703 1486 998 1540 substantia
1024 1486 1283 1557 sapientia
1307 1486 1396 1542 sit.
1424 1486 1555 1542 Cum
1581 1496 1757 1541 autem

174 1592 229 1631 ne
265 1576 414 1631 hanc
453 1576 666 1646 quidem
708 1579 984 1647 prophetae
1023 1587 1271 1632 accurate
1300 1592 1492 1649 capere
1520 1580 1756 1648 possint,

173 1680 381 1738 quanta:
400 1669 685 1725 dementiae
708 1670 863 1724 fuerit
883 1670 1189 1725 existimare
1205 1672 1505 1742 quempiam
1528 1685 1587 1727 se
1607 1687 1762 1744 posse

172 1761 337 1830 ipsam
366 1751 715 1815 substantiam
744 1760 972 1831 propriis
999 1761 1266 1832 subjicere
1298 1762 1625 1818 ratiociniis?
1651 1764 1761 1817 Au-

172 1851 378 1906 diamus
411 1851 574 1923 igitur
609 1852 737 1922 quid
775 1852 845 1907 de
876 1852 964 1908 illa
1008 1853 1264 1922 propheta
1294 1852 1435 1909 dicat
1463 1872 1477 1908 :
1506 1852 1760 1910 Mirabilis

176 1948 299 2012 facta
328 1953 405 1998 est
429 1944 638 1998 scientia
667 1954 753 1997 tua
775 1960 839 1999 ea:
868 1960 945 1998 me
968 1943 1148 2016 (Psal.
1186 1946 1308 2001 158.
1337 1946 1433 2016 6).
1462 1945 1555 2001 Vel
1587 1947 1763 2016 potius

173 2036 328 2091 altius
350 2050 660 2091 sermonem
686 2044 983 2105 repetamus
1013 2053 1025 2089 :
1059 2035 1343 2104 Conﬁtebor
1367 2036 1453 2090 tibi
1472 2039 1590 2107 quia
1618 2038 1764 2092 terri-

177 2127 337 2181 biliter
360 2127 718 2197 magniﬁcatus
737 2142 791 2181 es
816 2125 835 2193 (
864 2124 946 2180 Ib.
974 2142 1023 2180 υ.
1054 2127 1181 2195 14).
1209 2126 1342 2194 Quid
1374 2136 1450 2183 est
1481 2129 1632 2195 illud,
1660 2140 1763 2183 ter-

174 2216 380 2271 ribiliter
400 2217 428 2269 ?
456 2216 614 2271 Multa
646 2232 784 2271 nunc
814 2218 1091 2281 miramur,
1118 2216 1212 2272 sed
1240 2232 1346 2272 non
1374 2233 1494 2273 cum
1527 2220 1718 2276 timore
1745 2236 1762 2285 ;

177 2309 314 2365 verbi
340 2309 515 2379 gratia
546 2308 913 2365 columnarum
952 2310 1401 2381 pulchritudinem
1422 2353 1438 2375 ,
1480 2313 1765 2383 ﬁgurarum

178 2400 433 2469 picturam
461 2401 523 2469 ',
557 2400 719 2457 ﬂores
763 2416 1051 2472 corporum
1082 2420 1098 2458 :
1131 2403 1390 2459 miramur
1431 2405 1559 2460 item
1604 2407 1766 2462 maris

179 2491 614 2561 magnitudinem,
635 2492 1031 2565 immensosque
1043 2495 1299 2566 gurgites,
1319 2497 1413 2552 sed
1434 2511 1554 2551 cum
1577 2498 1767 2554 timore

177 2583 383 2652 quando
400 2583 819 2654 profunditatem
839 2584 955 2655 ejus
978 2586 1310 2656 inspicimus.
1329 2587 1419 2642 Sic
1437 2587 1614 2659 itaque
1639 2602 1765 2658 pro-

178 2675 328 2744 pheta
359 2676 415 2731 in
454 2686 665 2732 vastum
691 2686 746 2733 et
777 2677 1096 2734 immensum
1128 2679 1222 2735 Dei
1252 2679 1526 2749 sapientiae
1552 2681 1768 2753 pelagus

176 2769 468 2839 inspiciens
492 2809 509 2836 ,
538 2784 638 2826 ceu
666 2771 925 2842 vertigine
946 2780 1134 2841 captus
1158 2814 1174 2838 ,
1207 2787 1326 2829 cum
1359 2772 1549 2829 timore
1575 2767 1769 2845 magno

175 2870 398 2931 stupens
450 2861 676 2917 recessit
724 2861 962 2918 clamans
987 2903 1002 2927 ,
1032 2861 1317 2932 Conﬁtebor
1344 2864 1453 2931 tibi,
1475 2866 1593 2934 quia
1620 2866 1768 2919 terri-

175 2953 337 3010 biliter
358 2956 719 3027 magniﬁcatus
746 2973 819 3023 es,
846 2958 1097 3013 mirabilia
1118 2975 1272 3031 Opera
1297 2970 1421 3027 tua;
1442 2974 1506 3015 ac
1531 2975 1766 3025 rursum,

178 3045 434 3102 Ilii-altilis
458 3046 596 3117 facta
623 3057 699 3101 est
723 3049 931 3103 scientia
958 3058 1044 3104 tua
1068 3066 1131 3105 ea:
1157 3068 1256 3118 me,
1278 3055 1569 3123 confertam
1611 3060 1702 3119 est,
1725 3062 1771 3106 et

175 3152 270 3191 non
295 3147 477 3209 potero
504 3137 574 3191 ad
596 3155 708 3191 eam
730 3136 835 3210 (Ib.
856 3155 905 3194 υ.
922 3136 1008 3213 6).

242 3226 373 3281 Non
401 3227 683 3283 substantia
709 3227 807 3283 Dei
830 3237 1060 3297 tantum,
1094 3230 1182 3285 sed
1217 3232 1367 3285 etiam
1391 3232 1638 3302 sapientia
1663 3231 1773 3303 ejus

183 3314 457 3388 Prophetis
496 3319 1035 3392 incomprehensibilis.
1073 3351 1145 3362 —
1165 3321 1297 3378 Vide
1341 3330 1548 3393 gratum
1590 3321 1790 3378 famuli

175 3410 415 3464 animum
443 3427 459 3464 :
486 3409 608 3466 Ideo
629 3412 829 3481 gratias
854 3412 946 3467 tibi
967 3426 1089 3484 ago,
1112 3413 1301 3483 inquit,
1328 3415 1450 3484 quia
1474 3414 1774 3484 incompre-

178 3499 497 3555 liensibilem
520 3501 689 3558 habeo
709 3504 1009 3559 Dominum.
1029 3504 1147 3560 Non
1166 3506 1234 3561 de
1258 3506 1556 3563 substantia
1582 3507 1668 3562 hic
1690 3506 1771 3563 lo-

174 3594 391 3661 quitur:
411 3593 466 3648 id
489 3596 654 3662 enim,
675 3597 828 3667 quasi
848 3598 903 3653 in
925 3597 1169 3654 confesso
1194 3608 1337 3654 esset
1361 3599 1774 3670 incomprehen—

176 3685 336 3741 sibile
358 3700 503 3753 esse,
525 3689 896 3756 praetermisit:
915 3689 1010 3745 sed
1030 3690 1110 3745 his
1132 3689 1368 3745 declarat
1392 3690 1558 3746 Deum
1579 3690 1776 3763 ubique

176 3790 300 3833 esse
318 3818 336 3841 ,
360 3778 652 3834 ostendens
685 3793 745 3835 se
768 3795 942 3851 neque
964 3795 1156 3850 capere
1183 3796 1339 3851 posse
1361 3781 1630 3852 quomodo
1655 3782 1777 3837 ubi-

176 3883 285 3937 que
308 3869 398 3925 sit.
426 3869 561 3926 Nam
578 3872 721 3943 quod
748 3872 848 3929 hac
873 3874 941 3930 de
967 3890 1025 3930 re
1049 3875 1295 3947 loquatur
1314 3875 1438 3930 audi
1466 3875 1521 3931 in
1551 3890 1779 3946 sequen-

177 3960 327 4015 tibus
354 3979 369 4016 :
398 3962 463 4018 Si
488 3965 758 4019 escendero
786 3965 839 4020 in
863 3967 1065 4031 caelum,
1094 3977 1147 4021 tu
1172 3967 1277 4022 illic
1302 3982 1387 4032 es;
1410 3967 1454 4023 si
1477 3968 1778 4022 descendere

176 4051 233 4104 is
260 4053 553 4121 infernum,
591 4056 734 4111 ades.
767 4057 948 4114 Viden’
986 4059 1255 4130 quomodo
1282 4060 1477 4130 ubique
1505 4060 1681 4115 adsit?
1708 4062 1780 4115 At

179 4143 287 4200 hoc
315 4145 575 4216 propheta
601 4162 710 4203 non
739 4149 927 4216 novit,
968 4150 1062 4205 sed
1091 4151 1316 4221 caligine
1340 4149 1586 4221 perfusus
1608 4151 1780 4206 haeret

178 4245 237 4289 et
274 4237 429 4291 timet
455 4235 541 4291 vel
571 4252 636 4293 ex
672 4240 783 4309 ipsa
818 4241 899 4297 rei
933 4240 1277 4311 cogitatione.
1312 4241 1593 4309 Quomodo
1622 4241 1780 4311 igitur

180 4340 293 4379 non
322 4342 550 4383 summae
578 4328 863 4385 dementiae
889 4331 1049 4386 fuerit
1071 4372 1086 4395 ,
1115 4346 1211 4387 eos
1233 4333 1322 4403 qui
1347 4333 1417 4387 ab
1445 4333 1583 4387 illius
1608 4333 1778 4403 gratia

180 4424 391 4471 tantum
407 4421 603 4474 absunt
622 4419 788 4491 ipsam
814 4421 903 4476 Dei
926 4423 1273 4478 substantiam
1289 4424 1496 4478 curiose
1516 4423 1781 4478 scrutari?

186 4506 261 4560 Et
288 4514 460 4563 tamen
503 4508 593 4566 hic
632 4511 747 4582 ipse
778 4521 863 4568 est
903 4513 1161 4583 propheta
1196 4513 1285 4584 qui
1325 4512 1473 4581 dicit,
1502 4511 1709 4568 Incerta
1734 4522 1782 4568 et

186 4602 389 4652 occulta
406 4604 671 4672 sapientia:
697 4619 798 4660 tute
822 4605 1154 4677 manifestasti
1180 4605 1304 4659 mihi
1332 4606 1351 4677 (
1374 4603 1519 4661 Psal.
1542 4605 1632 4662 50.
1675 4605 1709 4661 8
1736 4605 1778 4677 ).

188 4692 441 4748 Attamen
466 4707 588 4748 cum
619 4694 821 4750 incerta
858 4705 913 4752 et
945 4698 1151 4752 occulta
1194 4697 1467 4768 sapientiae
1510 4696 1625 4767 ejus
1662 4697 1782 4753 edi-

177 4781 441 4852 dicisset,
478 4786 625 4841 illam
664 4788 832 4857 ipsam
870 4788 1000 4844 dicit
1034 4788 1345 4844 immensam
1382 4798 1439 4845 et
1477 4790 1782 4860 incompre-

177 4872 507 4931 hensibilem
539 4891 679 4932 esse.
720 4877 851 4932 Nam
890 4895 1106 4951 magnus
1146 4877 1429 4947 Dominus,
1478 4880 1691 4952 inquit,
1736 4890 1783 4936 et

179 4978 388 5037 magna
407 4968 566 5023 virtus
584 4969 695 5040 ejus
710 5010 726 5036 ,
753 4981 798 5024 et
823 4971 1169 5042 intelligentiae
1192 4973 1302 5043 ejus
1325 4990 1427 5028 non
1450 4984 1524 5029 est
1544 4991 1783 5029 numerus

174 5058 194 5125 (
224 5054 385 5112 Psal.
415 5060 533 5115 tu.
565 5061 601 5115 ‘5
624 5060 674 5131 );
703 5059 755 5116 id
781 5071 898 5129 est,
934 5076 1043 5118 non
1083 5071 1166 5120 est
1191 5066 1616 5135 comprehensio.
1645 5065 1783 5135 Quid

169 5146 363 5203 dicis?
384 5151 647 5221 sapientia
675 5152 774 5222 ipsi
803 5152 1076 5225 prephette
1095 5155 1653 5225 incomprehensibilis
1676 5166 1779 5225 εει,

171 5246 237 5293 et
263 5240 569 5299 substantia
599 5244 754 5299 nobis
780 5253 866 5302 est
892 5248 1431 5318 comprehensibilis?
1460 5263 1640 5304 annon
1670 5251 1782 5305 huic

170 5337 376 5399 aperta
400 5329 607 5391 insania
626 5335 748 5390 est?
797 5333 1112 5407 magnitudo
1151 5340 1268 5409 ejus
1288 5353 1393 5393 non
1417 5337 1576 5395 habet
1603 5344 1784 5395 termi-

176 5437 350 5491 num,
378 5435 427 5479 et
456 5433 511 5481 tu
539 5426 895 5485 substantiam
922 5430 1039 5500 ejus
1062 5430 1500 5487 circumscribis?

256 5622 277 5691 ξ
320 5625 413 5691 βυτ)
435 5632 562 5691 ἕως,
844 5628 971 5681 enim
991 5631 1141 5682 credo
1176 5635 1462 5691 extremam,
1479 5631 1781 5683 contendere.

320 5686 536 5759 nesciet
548 5683 755 5759 quidam
791 5697 919 5754 una,
952 5683 1229 5758 ﬁgurarum
1258 5683 1513 5759 picturam,
1556 5692 1697 5745 Savil.
1732 5700 1783 5745 et

184 5743 300 5801 ιιΕι.
332 5746 559 5805 parietum
574 5743 840 5813 iacturam.

1928 390 1984 444 5.
2025 390 2151 445 llaec
2176 390 2338 445 Isaias
2368 405 2581 460 quoque
2620 390 3088 462 philosOphabatur
3112 395 3199 452 his
3225 397 3400 454 verbis
3427 414 3443 450 ι

1858 479 2239 536 Generationem
2255 483 2364 552 ejus
2378 482 2488 551 quis
2502 484 2752 536 enarrabit
2762 482 2917 555 (Isai.
2936 485 3025 541 53.
3043 486 3102 558 8)
3117 487 3142 540 ?
3156 487 3271 543 Non
3284 487 3441 552 dixit,

1855 573 1985 643 Quis
2014 575 2266 630 enarrat?
2291 574 2406 642 sed,
2430 575 2557 642 Quis
2581 577 2851 642 euarrabit,
2881 590 2937 633 ut
2961 579 3194 635 futurum
3220 596 3443 650 prorsus

1856 665 2219 721 excluderet‘.
2249 665 2411 719 David
2426 665 2642 734 quidem
2662 665 2756 731 ait,
2776 667 3026 724 Mirabilts
3041 669 3177 739 facta
3189 681 3264 725 est
3277 671 3444 726 scien-

1859 756 1930 810 tia
1943 765 2029 810 tua
2044 772 2195 810 came
2217 754 2524 825 (Psal.158.
2544 756 2620 827 6);
2640 756 2801 812 Isaias
2818 773 2943 812 vero
2961 773 3066 813 non
3082 773 3111 812 a
3129 760 3303 830 seipso
3326 769 3444 816 tan-

1861 857 1993 911 tum,
2026 846 2119 902 sed
2148 861 2178 899 a
2202 856 2310 899 tota
2338 845 2567 900 humana
2595 857 2780 924 natura
2808 849 2942 904 hanc
2966 850 3322 905 narrationem
3353 865 3443 907 se-

1856 938 1997 992 cludi
2017 938 2184 992 ait.At
2204 937 2477 994 videamus
2492 954 2618 994 num
2639 938 2853 1006 Paulus,
2873 947 3055 1010 utpote
3077 941 3332 1011 majorem
3352 958 3446 997 na-

1860 1039 1978 1084 ctus
1995 1030 2239 1101 gratiam,
2257 1029 2309 1084 id
2326 1030 2552 1085 noverit.
2570 1030 2666 1084 Hic
2686 1045 2816 1087 sane
2833 1033 3018 1102 estqui
3039 1031 3188 1096 dicit,
3208 1031 3290 1087 Ea:
3303 1044 3450 1101 parte

1861 1119 2226 1191 cognoscimus,
2245 1130 2291 1173 et
2306 1136 2369 1175 ea:
2380 1130 2521 1191 parte
2536 1120 2892 1192 prapltetamus
2908 1120 2954 1194 (1
2968 1160 2982 1175 .
3001 1121 3120 1177 Cor.
3139 1124 3225 1179 l5.
3244 1122 3322 1195 9).
3339 1123 3415 1179 Ne
3424 1154 3444 1164 ο

1851 1226 1966 1282 Δ(ιιιίι
1989 1210 2076 1265 hic
2102 1218 2336 1276 tantum,
2362 1210 2456 1266 sed
2480 1211 2603 1266 alibi
2630 1225 2842 1281 quoque
2861 1252 2878 1278 ,
2909 1228 3013 1266 non
3040 1213 3109 1268 de
3129 1215 3446 1274 substantia.

1861 1301 1956 1358 sed
1990 1301 2057 1358 de
2096 1302 2354 1371 sapientia
2403 1301 2628 1372 loquens
2679 1302 2798 1367 illa,
2849 1317 2967 1372 qua:
3013 1302 3065 1357 in
3114 1303 3446 1373 providentia

1860 1393 2206 1463 (crispicitur,
2234 1392 2427 1447 nonde
2454 1392 2755 1457 universali,
2779 1408 2882 1464 qua
2906 1393 3128 1463 angelis,
3153 1393 3447 1464 archange-

1861 1485 1927 1541 lis
1953 1496 2008 1542 et
2035 1486 2282 1555 supernis
2311 1485 2668 1540 Potestatibus
2700 1485 2992 1555 prospicit,
3025 1485 3119 1541 sed
3151 1486 3292 1540 illam
3320 1500 3449 1555 pro-

1865 1578 2112 1633 videntim
2141 1589 2343 1647 partem
2375 1578 2682 1647 expendens
2705 1620 2722 1644 ,
2754 1593 2857 1648 qua
2892 1577 3198 1633 hominibus
3228 1578 3279 1633 in
3309 1588 3450 1634 terra

1864 1670 2124 1740 providet.
2155 1668 2336 1739 Neque
2367 1677 2541 1724 tamen
2568 1668 2705 1724 hanc
2731 1678 2896 1724 totam
2922 1669 3212 1732 examinat,
3238 1685 3340 1740 qua
3363 1684 3453 1724 so-

1865 1763 1969 1818 lem
2002 1762 2128 1817 oriri
2167 1761 2289 1817 facit
2307 1802 2325 1829 ,
2364 1777 2465 1831 qua
2492 1762 2697 1818 animas
2723 1763 2963 1832 inspirat,
2991 1778 3098 1833 qua
3122 1777 3346 1832 corpora
3373 1763 3455 1818 ef-

1864 1853 2078 1918 format,
2105 1868 2209 1923 qua
2236 1853 2480 1908 homines
2506 1853 2601 1908 alit
2629 1854 2681 1908 in
2711 1862 2873 1921 terra,
2902 1869 3005 1925 qua
3032 1853 3288 1909 mundum
3318 1868 3456 1909 con-

1866 1952 2046 2002 servat
2067 1947 2110 2010 ’,
2133 1961 2236 2015 qua
2280 1961 2511 2000 annuam
2572 1945 2772 2016 praebet
2804 1961 2980 2002 escam
3002 1987 3017 2011 ,
3042 1946 3137 2002 sed
3170 1945 3254 2002 his
3280 1946 3457 2003 missis

1866 2038 2135 2104 omnibus,
2162 2050 2394 2106 expensa
2432 2035 2658 2106 quadam
2696 2037 2904 2092 modica
2951 2036 3298 2107 providentiae
3338 2036 3456 2107 ejus

1866 2136 2038 2196 parte,
2080 2142 2183 2197 qua
2216 2126 2430 2183 Judaeos
2468 2128 2645 2198 ejecit,
2677 2128 3006 2199 gentilesque
3034 2130 3269 2196 recepit,
3297 2140 3351 2185 et
3386 2130 3455 2183 ad

1867 2218 2010 2273 illius
2037 2219 2210 2274 solum
2241 2219 2405 2288 partis
2422 2219 2572 2290 quasi
2601 2219 2667 2274 ad
2699 2219 2946 2275 immensi
2980 2220 3149 2291 pelagi
3177 2227 3453 2289 aspectum

1867 2309 2092 2380 caligine
2123 2310 2384 2380 repletus.
2415 2324 2479 2365 ac
2505 2311 2550 2364 si
2581 2319 2786 2364 vastum
2815 2311 3076 2380 gurgitem
3118 2309 3408 2380 inspiceret
3434 2352 3451 2373 ,

1868 2403 2044 2457 statim
2075 2403 2284 2469 resiliit,
2311 2409 2365 2458 et
2391 2417 2523 2457 voce
2549 2416 2739 2473 magna
2764 2401 3045 2456 clamavit:
3071 2400 3116 2456 0
3136 2401 3349 2456 altitudo
3377 2401 3457 2455 di-

1868 2492 2103 2547 uitiarum
2130 2493 2394 2561 sapientia:
2415 2503 2463 2547 et
2486 2493 2708 2547 scientia:
2746 2491 2875 2559 Dei,
2915 2508 3067 2563 quam
3109 2492 3455 2547 inscrutabilia

1869 2592 1987 2638 sunt
2018 2583 2221 2655 judicia
2248 2584 2357 2656 ejus
2386 2581 2580 2654 (Rom.
2612 2584 2701 2638 11.
2730 2585 2800 2639 55
2819 2583 2873 2651 )l
2904 2581 3020 2638 Non
3050 2581 3217 2645 dixit,
3247 2581 3456 2637 Incom-

1871 2674 2267 2743 prebensibilia,
2293 2672 2410 2741 sed,
2435 2673 2794 2730 Inscrutabilia
2819 2688 2839 2726 :
2862 2672 3004 2743 quod
3027 2671 3071 2727 si
3098 2672 3322 2727 scrutari
3350 2686 3455 2725 non

1875 2765 2159 2835 possimus,
2187 2766 2353 2820 multo
2380 2765 2555 2819 minus
2581 2762 3035 2834 comprehendere
3059 2776 3358 2832 possumus.
3386 2760 3458 2815 Et

1871 2854 2238 2926 investigabiles
2263 2856 2359 2909 uite
2382 2856 2511 2925 ejus.
2540 2853 2655 2909 Viae
2684 2856 2800 2924 ejus
2829 2854 3246 2925 investigabiles,
3264 2863 3319 2908 et
3344 2854 3457 2923 ipse

1874 2947 2370 3018 comprehensibilis
2392 2990 2408 3011 ,
2440 2947 2528 3001 dic
2568 2946 2742 3001 mihi?
2782 2946 2984 3018 Ecquid
3012 2946 3079 3001 de
3108 2947 3208 3000 viis
3228 2946 3417 3016 loquor
3435 2947 3462 3001 τ

1873 3039 2098 3095 Prmmia
2127 3040 2280 3097 nobis
2303 3041 2536 3110 reposita
2562 3040 3117 3111 incomprehensibilia
3142 3051 3299 3096 sunt:
3324 3038 3462 3096 Ocu-

1875 3130 1954 3185 lus
1983 3131 2126 3185 enim
2152 3147 2251 3184 non
2276 3131 2421 3197 uidit,
2453 3148 2543 3186 nec
2570 3132 2710 3187 auris
2733 3132 2955 3190 audiuit.
2986 3147 3077 3186 nec
3099 3131 3153 3185 in
3180 3132 3457 3201 corglzomi-

1875 3223 1954 3278 nis
1981 3223 2334 3286 ascenderunt,
2376 3238 2489 3295 qua:
2527 3224 2829 3294 prteparavit
2874 3223 3010 3279 Deus
3049 3221 3369 3295 diligentibus
3406 3239 3460 3277 se

1878 3313 1953 3385 (1.
1978 3313 2096 3369 Cor.
2124 3315 2178 3369 2.
2211 3314 2245 3371 9
2264 3317 2303 3386 ).
2334 3315 2439 3371 Sed
2467 3315 2662 3371 donum
2693 3314 2809 3386 ejus
2837 3315 3190 3371 inenarrabile
3218 3332 3229 3369 :
3259 3312 3462 3369 Gratias

1876 3405 2017 3461 enim
2047 3405 2153 3460 Deo
2177 3447 2192 3473 ,
2222 3406 2408 3477 inquit,
2442 3406 2505 3461 de
2528 3406 2855 3462 inenarrabili
2884 3407 2992 3480 ejus
3036 3406 3170 3461 dono
3215 3406 3233 3475 (
3261 3405 3315 3462 2.
3341 3405 3461 3460 Cor.

1876 3494 1929 3552 9.
1951 3496 2062 3563 i5);
2086 3507 2159 3564 et,
2184 3495 2299 3551 Pax
2318 3498 2425 3569 ejus
2444 3507 2646 3567 superat
2665 3514 2862 3553 omnem
2877 3497 3180 3553 intellectum
3200 3496 3462 3569 (Philipp.

1877 3587 1931 3641 4.
1959 3588 2040 3657 7).
2067 3587 2202 3654 Quid
2227 3588 2326 3654 ais,
2350 3588 2545 3659 judicia
2571 3590 2688 3660 ejus
2711 3589 3093 3654 itiscrutabilia,
3118 3588 3219 3645 viae
3237 3589 3353 3659 ejus
3378 3589 3463 3645 in-

1878 3680 2215 3749 vestigabiles
2239 3722 2255 3745 ,
2302 3695 2403 3750 pax
2429 3681 2545 3751 ejus
2583 3689 2801 3752 supcrat
2836 3695 3050 3735 omnem
3089 3679 3414 3736 intellectum
3441 3720 3458 3746 ,

1878 3769 2074 3826 donum
2103 3770 2454 3827 inenarrabile
2477 3781 2578 3838 est,
2601 3787 2719 3842 quae
2741 3772 3055 3843 pratpamvit
3080 3771 3221 3827 Deus
3243 3771 3467 3842 diligen-

1880 3862 2020 3917 tibus
2043 3876 2120 3928 se,
2150 3861 2203 3916 in
2229 3875 2322 3917 cor
2350 3861 2583 3918 hominis
2609 3877 2714 3918 non
2740 3862 3114 3929 asCenderunt,
3138 3862 3463 3934 magnitudi-

1881 3956 1963 4011 nis
1987 3955 2102 4025 ejus
2121 3971 2226 4010 non
2249 3964 2330 4011 est
2354 3955 2497 4021 ﬁnis,
2517 3955 2810 4026 prudentiae
2829 3956 2944 4025 ejus
2961 3971 3066 4011 non
3087 3965 3171 4011 est
3190 3969 3466 4017 numerus.

1880 4048 2059 4103 omnia
2085 4047 2666 4120 incomprehensibilia,
2695 4048 2809 4119 ipse
2837 4049 2985 4119 solus
3012 4045 3467 4120 comprehensibi-

1880 4139 1985 4194 lis?
2005 4141 2188 4210 ecquis
2208 4140 2294 4197 hic
2309 4149 2391 4198 est
2415 4141 2608 4197 luroris
2624 4141 2910 4198 excessus?
2928 4141 3118 4197 Retine
3134 4139 3465 4203 haereticum,

1882 4247 1952 4287 ne
1977 4233 2122 4288 sinas
2145 4233 2293 4288 abire
2317 4252 2331 4289 :
2355 4233 2459 4301 dic,
2483 4232 2617 4302 Quid
2640 4236 2713 4288 ait
2740 4233 2978 4289 Paulus?
2998 4232 3083 4286 Ea:
3106 4241 3251 4302 parte
3276 4246 3468 4301 cogno-

1882 4321 2089 4376 scimus.
2128 4321 2243 4376 Non
2282 4322 2351 4377 de
2396 4322 2689 4377 substantia
2712 4364 2728 4389 ,
2769 4322 2975 4393 inquit.
3009 4320 3063 4376 id
3091 4320 3251 4388 dicit,
3282 4319 3376 4376 sed
3403 4320 3470 4375 de

1883 4411 2384 4484 dispensationibus.
2397 4414 2628 4485 Optime,
2641 4415 2688 4470 si
2704 4413 2770 4469 de
2789 4412 3273 4483 dispensationibus
3291 4426 3473 4468 sermo

1884 4512 2047 4571 esset,
2080 4503 2251 4574 major
2280 4504 2436 4561 nobis
2464 4513 2675 4576 pateret
2703 4503 2770 4558 ad
2800 4504 3078 4559 victoriam
3106 4502 3314 4559 aditus:
3342 4517 3472 4559 nam

1884 4597 1929 4651 si
1953 4597 2379 4668 dispensationes
2403 4598 2970 4670 incomprehensibiles
2993 4607 3139 4664 sunt,
3166 4597 3336 4653 multo
3359 4611 3473 4652 ma-

1885 4692 1966 4762 gis
2007 4693 2120 4760 ipse
2157 4707 2171 4744 :
2211 4690 2354 4761 quod
2396 4700 2573 4746 autem
2615 4689 2704 4746 hic
2747 4705 2851 4745 non
2887 4688 2957 4745 de
2989 4687 3476 4760 dispensationibus

1887 4784 2156 4853 loquatur,
2188 4782 2282 4838 sed
2307 4781 2373 4838 de
2400 4782 2516 4853 ipso
2540 4784 2646 4837 Deo
2665 4823 2682 4850 ,
2713 4781 2835 4837 audi
2859 4796 2977 4853 qua:
2997 4790 3311 4851 sequuntur.
3338 4780 3470 4836 Cum

1886 4876 2030 4931 enim
2059 4874 2318 4939 dixisset,
2349 4873 2434 4930 Ea:
2461 4883 2603 4947 parte
2624 4873 2992 4947 cognoscimus,
3022 4881 3069 4928 et
3094 4888 3158 4926 ea:
3181 4881 3327 4943 parte
3352 4886 3475 4942 pro-

1889 4969 2169 5038 phetumus,
2198 4969 2395 5035 intulit,
2427 4967 2580 5024 Nunc
2603 4983 2850 5039 cognosco
2870 4981 2935 5021 ea:
2956 4975 3098 5035 parte
3118 5006 3135 5031 ,
3159 4972 3278 5018 tunc
3300 4971 3471 5016 autem

1888 5080 2183 5135 cognoscam
2210 5065 2339 5118 sicut
2365 5072 2414 5118 et
2441 5063 2672 5135 cognitus
2697 5078 2829 5117 sum.
2854 5060 2898 5115 Α
2926 5073 3033 5130 quo
3052 5059 3211 5129 igitur
3228 5054 3474 5127 cognitus

1889 5156 2016 5211 est?
2056 5171 2085 5209 a
2134 5156 2244 5211 Deo
2269 5196 2287 5223 ,
2326 5170 2394 5210 an
2437 5170 2466 5209 a
2514 5150 3037 5220 dispensationibus?
3062 5151 3103 5205 Λ
3147 5150 3258 5205 Deo
3294 5162 3471 5203 sane:

1890 5247 2056 5303 Deum
2084 5247 2242 5317 igitur
2261 5260 2333 5301 ex
2359 5254 2509 5315 parte
2528 5245 2819 5314 cognoscit.
2865 5242 2947 5298 Ea:
2985 5250 3129 5314 parte
3150 5254 3279 5295 vero
3305 5237 3472 5305 dixit,

1890 5354 1997 5394 non
2025 5336 2166 5408 quod
2195 5335 2337 5391 aliud
2371 5350 2437 5391 ex
2480 5335 2598 5406 ejus
2642 5334 2939 5391 substantia
2972 5340 3295 5402 cognoscat.
3324 5328 3472 5385 aliud

1893 5432 2099 5503 ignoret
2124 5428 2145 5500 (
2170 5429 2311 5485 Deus
2329 5428 2473 5485 enim
2499 5427 2725 5499 simplex
2748 5424 2912 5502 est);
2955 5425 3049 5481 sed
3086 5421 3230 5497 quod
3259 5419 3474 5497 quidem

1955 5672 1974 5705 ι
2009 5668 2114 5730 alii,
2130 5668 2239 5720 ride
2262 5670 2496 5731 quonde
2520 5672 2737 5722 laturum
2757 5665 3113 5720 emaran
3132 5664 3416 5717 excitauit.

1957 5757 1978 5789 ι
2013 5761 2140 5805 unus
2159 5754 2329 5816 habet,
2352 5754 2491 5820 regit.

3335 279 3442 336 voc
3532 262 3535 267 ’
