3944 6202
537 247 641 305 707

537 368 671 422 sciat
709 365 872 422 Deum
903 381 1058 434 esse,
1086 364 1212 437 quid
1232 374 1409 421 antem
1442 363 1615 436 quoad
1664 362 2015 420 substantiam
2060 365 2129 419 sit

538 467 785 528 ignoret:
808 458 1114 528 Sapientem
1139 472 1260 512 esse
1282 458 1401 521 scit.
1419 456 1514 512 sed
1538 466 1793 525 quantum
1820 456 1889 510 sit
1915 455 2148 524 sapiens.

540 549 711 605 nescit
748 567 763 605 :
810 564 1058 619 magnum
1102 564 1222 604 esse
1270 563 1375 602 non
1422 549 1671 618 ignorat,
1707 556 1962 618 quantum
2003 560 2130 599 veru

540 657 797 712 magnus,
824 648 880 696 et
916 650 1110 710 quanta
1137 640 1207 695 sit
1243 640 1359 709 ejus
1398 638 1705 709 magnitudo
1736 638 1947 692 nescit:
1989 636 2128 705 quod

538 733 736 804 ubique
773 738 842 788 sit
887 735 1054 797 novit,
1094 748 1200 803 quo
1251 741 1405 803 pacto
1470 742 1647 787 autem
1674 772 1691 799 ,
1745 731 1954 785 nescit:
1989 729 2129 799 quod

546 825 840 894 provideat,
867 824 1009 895 quod
1035 824 1210 879 omnia
1232 824 1503 879 contineat
1529 831 1583 878 et
1615 833 1860 879 accurate
1888 824 2127 886 servet‘,

543 936 647 973 non
688 921 895 982 nescit;
932 934 1041 989 quo
1066 928 1244 973 autem
1274 917 1434 972 modo
1479 917 1530 971 id
1560 916 1714 970 faciat
1740 957 1756 983 ,
1786 915 1976 969 nescit.
2006 914 2131 969 Ideo

544 1011 753 1065 dicebat
777 1051 793 1077 ,
850 1010 931 1065 Ex
964 1022 1109 1081 parte
1143 1011 1512 1082 cognoscimus,
1558 1019 1603 1064 et
1627 1026 1691 1063 ea:
1730 1017 1877 1079 parte
1905 1006 2130 1078 prophe-

546 1114 643 1155 tam
650 1120 728 1156 ηε.

613 1197 667 1250 6.
710 1196 960 1267 Super-nis
989 1196 1139 1250 etiam
1192 1194 1469 1250 Virtutibus
1507 1191 2027 1266 incomprehensibilis
2062 1199 2135 1246 est

548 1289 704 1343 Deus.
736 1318 805 1330 -—
833 1288 1047 1355 Verum,
1074 1289 1117 1343 si
1153 1288 1344 1357 placet,
1388 1287 1608 1342 dimisso
1632 1287 1796 1342 Paulo
1823 1297 1982 1357 atque
2010 1300 2133 1356 pro-

546 1382 718 1450 phetis
741 1421 756 1447 ,
793 1380 1144 1436 ascendamus
1171 1381 1221 1434 in
1250 1380 1418 1435 caelos
1456 1396 1470 1433 :
1512 1395 1578 1433 an
1617 1379 1750 1433 forte
1788 1378 2020 1448 quipiam
2060 1377 2132 1431 ibi

544 1473 653 1526 sint
686 1471 777 1540 qui
807 1471 896 1525 Dei
928 1471 1277 1524 substantiam
1308 1471 1523 1533 norint;
1566 1469 1690 1523 licet
1726 1469 1770 1521 si
1809 1470 1898 1537 qni
1928 1467 1999 1520 ibi
2029 1467 2135 1519 sint

544 1566 630 1634 qui
655 1564 853 1629 norint,
873 1563 1001 1617 nihil
1031 1577 1314 1618 commune
1343 1562 1618 1616 nobiscum
1637 1561 1833 1616 habent
1853 1579 1866 1615 :
1885 1575 2132 1630 magnum

545 1655 685 1708 enim
714 1655 999 1709 discrimen
1029 1655 1249 1723 angelos
1275 1653 1412 1707 inter
1448 1662 1504 1708 et
1543 1652 1806 1707 homines.
1839 1652 2036 1707 Verum
2079 1661 2136 1705 ιιι

547 1761 612 1799 ex
646 1746 936 1800 abundanti
962 1745 1158 1810 discas,
1192 1745 1392 1799 nullam
1424 1744 1494 1798 ibi
1521 1754 1753 1799 creatam
1778 1744 2036 1798 Virtutem
2081 1743 2133 1797 id

547 1852 704 1892 nosse
733 1879 747 1902 ,
797 1838 939 1906 ipsos
965 1837 1241 1893 audiamus
1284 1836 1525 1906 angelos.
1556 1836 1692 1904 Quid
1741 1835 1944 1905 igitur?
1973 1850 2039 1889 an
2068 1834 2136 1889 de

546 1928 841 1982 substantia
868 1928 957 1982 illa
976 1929 1043 1982 ibi
1067 1928 1357 1993 disserunt,
1380 1937 1434 1983 et
1458 1928 1805 1998 quaestionem
1832 1936 2015 1981 mutuo
2042 1927 2136 1980 ha—

550 2020 717 2074 bent?
742 2020 991 2085 Minime;
1020 2019 1113 2074 sed
1138 2018 1299 2089 quid?
1325 2018 1652 2082 Glorificant,
1682 2019 1926 2085 adorant,
1948 2019 2139 2073 trium-

549 2110 724 2181 phalia
747 2120 800 2166 et
830 2113 1050 2183 mystica
1077 2113 1281 2166 cantica
1326 2121 1584 2182 perpetuo
1611 2120 1807 2166 etcum
1837 2111 2003 2165 multo
2028 2120 2138 2163 tre-

550 2216 698 2256 more
729 2202 978 2256 emittunt
1009 2218 1022 2254 :
1051 2210 1106 2256 et
1139 2202 1226 2256 alii
1253 2203 1468 2272 quidem
1507 2202 1728 2269 dicunt,
1772 2200 1948 2256 Gloria
1975 2202 2029 2255 in
2056 2202 2137 2255 al-

549 2293 752 2347 tissimis
776 2291 887 2347 Deo
918 2292 1081 2363 (Luc.
1103 2296 1158 2347 ‘2.
1192 2294 1259 2349 16
1282 2296 1300 2366 )
1329 2310 1343 2358 ;
1376 2294 1656 2366 Seraphim
1680 2308 1809 2350 vero
1833 2335 1849 2362 ,
1882 2293 2102 2349 Sanctus
2122 2335 2136 2359 ,

546 2395 770 2452 sanctus,
793 2397 996 2441 sanctus
1029 2386 1195 2458 (Isai.
1223 2388 1276 2442 6.
1304 2388 1339 2443 3
1366 2385 1409 2460 ),
1438 2397 1491 2442 et
1517 2387 1699 2442 oculos
1727 2394 1993 2455 avertunt,
2015 2402 2137 2441 cum

553 2478 643 2533 Dei
676 2479 817 2534 illam
844 2482 1344 2550 attemperationem
1375 2498 1442 2537 ne
1471 2481 1614 2537 ferre
1642 2482 1857 2551 quidem
1886 2481 2098 2535 valeant
2122 2498 2136 2546 ;

547 2567 834 2625 Cberubim
873 2583 1051 2626 autem
1076 2614 1091 2637 ,
1128 2572 1403 2627 Benedicta
1435 2574 1599 2645 gloria
1640 2574 1751 2644 ejus
1797 2589 1861 2627 ea:
1899 2573 2007 2627 loco
2032 2573 2141 2644 ejus

548 2661 570 2733 (
596 2661 782 2717 Ezech.
815 2664 868 2718 '5.
898 2664 1027 2735 12).
1056 2664 1171 2720 Non
1211 2666 1351 2736 quod
1391 2666 1511 2721 loco
1536 2681 1670 2736 Opus
1698 2667 1767 2721 sit
1798 2667 1924 2731 Deo,
1953 2666 2092 2723 absit
2122 2684 2137 2733 ;

548 2753 645 2810 sed
673 2765 729 2808 ut
749 2754 981 2811 humano
1008 2772 1158 2812 more
1183 2758 1445 2826 dicamus,
1467 2758 1786 2830 ubicumque
1813 2761 1903 2826 sit,
1926 2771 1980 2817 et
2009 2777 2140 2832 quo-

549 2845 939 2919 modocumque
967 2849 1036 2903 sit
1064 2865 1077 2903 :
1107 2849 1150 2904 si
1181 2859 1355 2904 tamen
1380 2849 1508 2904 illud
1529 2850 1595 2905 de
1620 2851 1727 2905 Deo
1755 2860 1869 2906 tuto
1891 2852 1992 2907 dici
2019 2870 2141 2924 pos-

552 2936 668 3006 sit,
715 2932 1000 2994 bumanam
1047 2941 1241 3012 quippe
1290 2941 1524 3013 linguam
1582 2940 1859 2999 habemus.
1888 2938 2144 2998 Vidistin'

552 3040 781 3099 quantus
808 3030 971 3087 timor
997 3033 1048 3087 in
1077 3034 1243 3098 czelis,
1272 3044 1501 3105 quantus
1525 3047 1861 3105 contemptus
1882 3037 1933 3091 iu
1962 3035 2141 3091 terra?

552 3122 629 3177 llli
660 3124 961 3194 glorificant
981 3167 998 3193 ,
1038 3127 1091 3181 hi
1119 3121 1328 3182 curiose
1355 3128 1627 3199 inquirunt
1653 3146 1668 3192 ;
1696 3130 1913 3186 laudant
1943 3130 2014 3184 illi
2040 3172 2055 3196 ,
2087 3131 2137 3184 hi

550 3217 742 3271 multas
771 3228 986 3273 movent
1026 3222 1352 3289 qutcstiones
1371 3223 1427 3286 ’ς
1453 3222 1527 3276 illi
1561 3222 1742 3276 oculos
1767 3222 2023 3293 obtegunt
2042 3264 2057 3289 ,
2089 3222 2140 3276 hi

550 3307 604 3360 in
632 3307 852 3377 gloriam
882 3309 1289 3363 inenarrabilem
1312 3310 1576 3380 inspicere
1599 3311 1935 3381 impudenter
1950 3326 2143 3367 conan-

552 3407 657 3450 tur.
697 3397 826 3463 Quis
866 3415 973 3453 non
1024 3401 1380 3470 ingemuerit?
1409 3403 1527 3471 quis
1567 3419 1671 3457 non
1720 3405 1909 3459 luxerit
1955 3420 2140 3459 eorum

553 3486 814 3541 insaniam
836 3500 1237 3561 extremamque
1261 3494 1545 3547 amentiam
1565 3494 1589 3548 ἲ
1607 3494 1862 3550 Volebam
1887 3512 1999 3550 rem
2020 3513 2143 3567 pro-

505 3603 515 3613 -
551 3576 708 3634 lixius
742 3595 903 3650 agere
933 3600 945 3635 :
978 3582 1074 3636 sed
1098 3583 1312 3653 quando
1354 3600 1494 3640 nunc
1535 3588 1763 3657 primum
1793 3586 1847 3641 in
1881 3588 1994 3642 haec
2019 3603 2140 3642 cer-

550 3672 749 3727 tamina
785 3673 1078 3742 descendi,
1117 3692 1148 3731 e
1190 3693 1249 3732 re
1285 3678 1435 3732 vobis
1463 3677 1578 3732 fore
1606 3688 1734 3749 puto
1765 3680 1809 3734 si
1849 3680 2142 3751 przemissis

548 3765 783 3819 cententi
829 3766 979 3833 sitis,
1020 3783 1086 3822 ne
1115 3782 1300 3823 eorum
1328 3785 1447 3840 qua:
1471 3770 1694 3825 dicenda
1733 3780 2019 3841 supersunt
2046 3786 2140 3826 co-

550 3854 637 3925 pia
657 3895 673 3921 ,
705 3857 875 3910 multo
902 3857 1100 3928 impetu
1127 3860 1420 3915 succedens
1447 3902 1461 3925 ,
1490 3877 1673 3916 eorum
1706 3863 2017 3917 memoriam
2042 3862 2141 3918 dc—

552 3945 746 4001 trahat.
778 3947 944 4003 Plane
967 3990 983 4016 ,
1022 3950 1067 4004 si
1097 3951 1236 4006 Dens
1263 3952 1567 4020 permiserit
1591 3995 1604 4016 ,
1637 3955 1737 4008 hoc
1764 3964 2139 4023 argumentum

549 4035 642 4091 ditt
672 4038 1037 4095 tractabimus.
1061 4040 1321 4111 Equidem
1342 4042 1451 4113 jam
1483 4044 1684 4112 pridem
1710 4045 1860 4100 vobis
1887 4048 1985 4100 bos
2011 4061 2141 4102 con-

551 4128 691 4185 ferre
736 4145 1016 4188 sermones
1067 4133 1345 4202 cupiebam
1377 4177 1394 4203 ,
1444 4135 1537 4191 sed
1584 4138 1874 4192 cunctabar
1920 4147 1975 4192 et
2022 4153 2144 4208 pro-

550 4221 904 4279 crastinabam
926 4267 940 4292 ,
969 4224 1091 4296 quia
1123 4226 1319 4281 multos
1344 4242 1409 4282 eo
1430 4228 1618 4283 morbo
1644 4229 1947 4285 laborantes
1994 4230 2141 4285 vide-

550 4316 670 4369 bam
724 4318 878 4372 nobis
920 4332 1042 4372 cum
1083 4319 1354 4390 voluptate
1401 4335 1558 4375 aures
1596 4320 1836 4391 praebere
1870 4338 1885 4376 :
1917 4337 2143 4393 cumque

551 4407 747 4462 nollem
774 4407 1012 4478 prmdam
1035 4409 1270 4480 abigere,
1298 4410 1512 4466 interim
1545 4412 1775 4484 linguam
1804 4414 1870 4469 ab
1897 4413 1979 4468 his
2008 4429 2141 4469 con-

549 4498 930 4555 certationibus
956 4505 1290 4567 coercebam,
1317 4513 1375 4558 ut
1399 4519 1519 4559 cum
1561 4505 1679 4560 illos
1707 4506 1910 4560 firmius
1931 4505 2141 4559 detine-

549 4604 686 4657 rem,
710 4598 834 4645 tunc
861 4592 913 4646 in
936 4608 1154 4648 arenam
1177 4595 1580 4651 descenderem.
1609 4597 1869 4663 Quoniam
1896 4612 2022 4652 vero
2048 4613 2143 4667 per

549 4679 645 4735 Dei
665 4682 887 4751 gratiam
918 4683 1036 4738 illos
1056 4685 1232 4739 audivi
1261 4686 1553 4754 hortantes,
1578 4698 1635 4743 nt
1662 4689 1712 4742 in
1745 4689 1844 4743 hoc
1868 4698 2138 4743 certamen

549 4772 929 4830 descenderem
955 4816 969 4839 ,
996 4790 1083 4829 me
1111 4776 1327 4830 demum
1357 4776 1527 4831 fidens
1551 4778 1618 4832 ad
1651 4794 1877 4849 pugnam
1909 4780 2136 4845 accinxi,

547 4882 801 4938 armaque
843 4867 1040 4937 arripui
1082 4869 1191 4935 illa,
1224 4885 1343 4939 quae
1365 4878 1595 4941 purgant
1639 4871 1900 4925 rationem
1924 4880 1978 4925 et
2019 4886 2139 4924 om-

549 4973 671 5014 nem
713 4959 1090 5016 celsitudinem
1139 4977 1258 5031 quze
1316 4962 1589 5016 extollitur
1628 4972 1812 5015 contra
1859 4963 2137 5041 scientiam

552 5050 668 5106 Dei.
695 5051 818 5108 H330
837 5067 998 5122 porro
1023 5053 1286 5122 assumpsi
1311 5068 1479 5121 arma,
1498 5068 1602 5108 non
1626 5062 1683 5107 ut
1708 5053 1924 5109 ferirem
1946 5054 2139 5110 adver-

546 5145 718 5201 sarios
747 5187 763 5212 ,
807 5146 902 5201 sed
942 5158 1001 5201 ut
1042 5149 1284 5217 jacentes
1325 5149 1605 5219 erigerem.
1662 5148 1788 5204 Haec
1830 5160 1913 5205 est
1961 5160 2135 5203 autem

544 5251 815 5292 armorum
846 5237 1149 5310 hujusmodi
1179 5240 1258 5294 vis
1283 5281 1298 5304 ,
1327 5249 1384 5295 ttt
1408 5239 1772 5295 contentiosos
1801 5238 2017 5305 feriant,
2046 5254 2139 5295 eos

546 5343 676 5387 vero
720 5329 810 5403 qui
855 5329 1122 5388 benevolo
1170 5330 1394 5387 audiunt
1443 5332 1623 5387 animo
1666 5346 1790 5386 cum
1836 5331 2004 5386 tnulta
2053 5331 2137 5385 di-

614 5510 629 5577 f
667 5506 770 5577 Alii,
798 5523 965 5577 seque
986 5517 1141 5577 regat.

594 5572 756 5641 §ic
774 5572 915 5641 ss_vtl.
942 5580 995 5623 et
1014 5570 1221 5641 maxima
1242 5587 1360 5641 pars
1392 5579 1498 5625 Mss.
1524 5572 1685 5624 Morel.
1713 5581 1767 5625 et
1808 5572 1999 5639 quidam
2020 5570 2138 5641 islii.

552 5626 604 5678 Ῐιί
627 5626 947 5701 Ψέιὶρεηάιιηιε
968 5643 1036 5701 At-
1064 5636 1146 5684 hic
1184 5626 1448 5701 legendum
1472 5651 1605 5698 esse,
1627 5626 1839 5688 morent'
1859 5626 2142 5698 qua'stiones

544 5698 733 5756 multas,
763 5708 827 5745 cx
852 5697 983 5746 serie
1008 5697 1178 5761 liquet.

1242 262 1303 307 δ.
1343 248 1622 307 JOANNIS
1658 244 2132 335 QHRYSOSTOMI
2173 246 2489 304 ARClIlEP.
2528 249 3068 311 CONSTANTINOP.
3647 263 3730 330 703

2236 361 2451 433 ligentia
2492 374 2681 419 curent
2712 382 2727 419 :
2755 366 2976 422 vulnera
3028 381 3134 424 non
3178 367 3420 441 inﬂigunt,
3466 376 3732 440 seileuram.

2308 454 2360 509 7.
2393 454 2467 508 Nc
2498 455 2658 526 igitur
2679 456 2933 512 adversus
2962 458 3082 513 illos
3108 457 3426 530 ferociamns,
3452 482 3511 521 ne
3532 483 3631 523 cum
3658 471 3727 526 iu-

2234 560 2358 599 rore
2385 545 2504 599 illos
2530 547 2867 613 adoriamur,
2900 548 2992 604 sed
3026 550 3263 606 modeste
3286 567 3399 607 cum
3429 556 3520 611 illis
3549 559 3735 616 dissera-

2238 652 2355 689 mus
2380 653 2392 688 :
2422 636 2555 690 nihil
2584 639 2780 709 quippe
2809 640 3068 695 modestia
3095 650 3150 695 et
3169 646 3544 703 mansuetudine
3563 650 3739 708 validius

2236 736 2338 782 est.
2366 727 2722 795 Quamobrem
2750 731 2941 785 Paulus
2961 745 3083 787 cum
3109 733 3270 787 multo
3289 736 3453 792 studio
3479 739 3577 795 haec
3596 742 3739 799 obser-

2235 834 2363 873 vare
2401 818 2553 889 jubet
2599 820 2682 875 his
2709 823 2921 887 verbis,
2955 824 3168 878 Servum
3210 824 3404 880 Domini
3440 845 3529 882 non
3567 849 3743 903 pugnare

2238 922 2453 981 oportet,
2474 914 2561 968 sed
2580 926 2894 970 mansuetum
2920 933 3027 974 esse
3044 936 3166 989 erga
3186 935 3349 975 omnes
3374 920 3443 992 (2.
3460 920 3579 977 Tim.
3594 925 3637 982 2.
3653 926 3744 997 2i).

2236 1002 2352 1057 Non
2395 1005 2562 1072 dixit,
2597 1007 2734 1078 Erga
2778 1007 2974 1064 fratres
3016 1021 3252 1076 tantum,
3291 1012 3381 1066 sed
3403 1053 3417 1076 ,
3448 1011 3570 1084 Erga
3595 1032 3742 1071 attines.

2238 1099 2317 1151 Ac
2354 1111 2572 1164 rursus,
2606 1097 2859 1153 Modestiu
2901 1109 3065 1154 vestra
3102 1110 3221 1154 nota
3262 1103 3323 1155 sit
3352 1101 3591 1175 (Philipp.
3608 1107 3652 1160 4.
3677 1107 3745 1178 5),

2240 1203 2345 1241 non
2377 1187 2649 1256 fratribus,
2684 1191 2776 1246 sed
2805 1191 3034 1245 omnibus
3060 1191 3361 1246 hominibus.
3391 1192 3509 1260 Qua:
3533 1195 3650 1249 enim
3673 1198 3748 1250 tlli~

2243 1283 2364 1337 litas
2403 1292 2486 1338 est
2514 1324 2530 1348 ,
2573 1285 2799 1352 inquit',
2842 1285 2885 1338 si
2917 1299 3012 1339 eos
3050 1284 3284 1354 diligitis,
3316 1287 3401 1354 qui
3429 1300 3515 1341 vos
3539 1286 3747 1353 diligunt?

2241 1372 2297 1429 Si
2327 1374 2504 1444 itaque
2532 1375 2777 1430 amicitiae
2806 1391 2994 1429 eorum
3024 1374 3345 1430 detrimento
3369 1376 3487 1443 sint,
3513 1386 3561 1432 et
3590 1379 3645 1432 ad
3678 1379 3750 1432 im-

2240 1465 2453 1535 pietatis
2477 1466 2784 1520 soeietatem
2813 1466 3143 1536 pertrahant,
3175 1466 3297 1521 licet
3322 1466 3394 1520 illi
3423 1476 3637 1536 parentes
3655 1469 3749 1532 sint,

2242 1558 2445 1612 resilias
2465 1565 2713 1626 oportet;
2742 1558 2786 1611 si
2809 1557 2995 1611 oculus
3011 1558 3101 1622 sit,
3124 1573 3253 1611 erue
3279 1557 3439 1611 illum.
3470 1557 3526 1613 Si
3543 1560 3754 1622 enim.in—

2241 1648 2565 1718 quit,oculus
2592 1656 2708 1701 tuus
2734 1647 2908 1702 dexter
2933 1648 3248 1702 scandalizat
3279 1657 3344 1711 te,
3362 1645 3752 1716 erueeuntwatth.

2242 1740 2296 1794 5.
2319 1737 2449 1808 29):
2482 1753 2586 1792 non
2623 1738 2673 1792 id
2710 1737 2777 1792 de
2804 1753 3031 1808 corpore
3050 1737 3234 1793 dicens
3264 1756 3278 1793 :
3313 1754 3416 1807 quo
3446 1748 3587 1809 pacto
3614 1741 3755 1793 enim?

2243 1829 2372 1883 Nam
2392 1831 2433 1883 si
2453 1830 2501 1883 id
2523 1829 2590 1884 de
2605 1830 2847 1899 corporis
2869 1839 3054 1884 natura
3071 1830 3315 1892 dixisset,
3332 1831 3520 1884 crimen
3539 1831 3583 1884 in
3599 1840 3755 1883 natura:

2241 1919 2581 1976 Conditorem
2608 1921 3017 1977 transferretur:
3045 1922 3178 1976 alias
3200 1938 3303 1975 non
3326 1937 3480 1976 unum
3510 1922 3608 1976 erui
3633 1935 3757 1991 opor-

2250 2022 2429 2068 teret:
2460 2013 2584 2068 licet
2625 2016 2767 2068 enim
2812 2014 3028 2068 sinister
3069 2014 3481 2085 relinqueretur,
3520 2013 3615 2083 pari
3640 2011 3761 2066 modo

2245 2106 2335 2160 ille
2381 2107 2651 2162 hominem
2696 2107 3103 2163 scaudalizaret.
3150 2106 3259 2161 Sed
3301 2116 3357 2160 ut
3397 2107 3559 2161 discas
3594 2121 3682 2159 non
3713 2104 3762 2159 de

2245 2198 2402 2252 oculo
2446 2213 2748 2253 sermonem
2778 2214 2932 2264 esse,
2964 2198 3214 2253 dextrum
3244 2197 3464 2268 adjecit,
3502 2212 3596 2268 quo
3628 2205 3764 2250 esten.

2243 2288 2419 2351 deret,
2451 2297 2509 2343 ut
2536 2289 2582 2343 si
2608 2290 2837 2344 amicum
2868 2290 3174 2361 quempiam
3207 2290 3344 2344 oculi
3381 2288 3540 2343 dextri
3578 2287 3676 2341 loco
3698 2286 3764 2338 lu-

2247 2380 2373 2435 beas
2393 2422 2408 2446 ,
2434 2390 2491 2435 et
2523 2378 2663 2435 hunc
2688 2380 2869 2450 ejicias
2892 2389 2949 2436 et
2982 2380 3050 2435 ab
3075 2379 3313 2435 amicitia
3346 2389 3429 2434 tua
3455 2378 3712 2439 exscindas,
3732 2376 3765 2427 si

2244 2482 2300 2529 te
2339 2472 2681 2528 scandalizet.
2731 2473 2868 2557 Qpid
2910 2474 3053 2529 enim
3092 2472 3248 2544 juvat
3290 2472 3495 2527 oculum
3534 2468 3699 2524 habere
3729 2466 3767 2519 in

2248 2567 2538 2637 perniciem
2570 2567 2760 2638 reliqui
2806 2566 3093 2636 corporis?
3135 2565 3196 2622 Si
3237 2566 3410 2636 itaque
3451 2560 3668 2618 amicitia:
3699 2572 3771 2612 no-

2245 2670 2435 2728 ceant,
2468 2660 2731 2731 fugiamus
2755 2668 2811 2715 et
2840 2660 3177 2725 resiliamus;
3226 2658 3308 2713 sin
3340 2656 3488 2712 nobis
3513 2654 3572 2708 ad
3607 2649 3771 2723 pietatis

2245 2752 2508 2807 rationem
2538 2753 2740 2808 nullum
2762 2751 3014 2806 damnum
3044 2749 3307 2815 inferant,
3338 2749 3479 2819 ipsos
3505 2746 3563 2801 ad
3589 2759 3670 2799 nos
3689 2740 3774 2796 alli-

2247 2846 2451 2899 ciamus
2481 2854 2537 2900 et
2567 2842 2970 2914 pertrahamus;
2998 2842 3141 2912 quod
3169 2842 3217 2897 si
3246 2841 3378 2896 nihil
3407 2840 3545 2893 illum
3565 2836 3773 2906 juves,et

2248 2939 2317 2993 ab
2360 2940 2476 3008 ipso
2514 2939 2727 2994 laedaris
2751 2980 2767 3004 ,
2808 2937 2863 2992 id
2909 2937 3041 2991 lucri
3080 2935 3289 2991 referas
3325 2942 3386 2988 ut
3427 2947 3517 3004 per
3542 2929 3775 2985 sectionem

2247 3030 2364 3085 sine
2406 3030 2613 3099 jactura
2654 3043 2886 3084 maneas.
2936 3027 3005 3082 Et
3049 3028 3170 3099 fuge
3216 3027 3427 3082 illorum
3469 3014 3774 3081 amicitias,si

2247 3132 2477 3179 noceant
2506 3140 2518 3177 :
2550 3124 2669 3193 fuge
2698 3131 2932 3189 tantum,
2960 3135 3058 3175 nec
3086 3134 3314 3190 pugnes,
3336 3130 3505 3186 neque
3527 3117 3777 3168 concertes;

2248 3218 2327 3271 sic
2356 3216 2552 3271 Paulus
2597 3223 2780 3269 monet
2822 3213 2906 3267 his
2935 3211 3113 3267 verbis
3146 3231 3161 3267 :
3196 3212 3261 3268 Si
3302 3209 3531 3281 possibile
3552 3212 3648 3269 est,
3677 3197 3777 3271 quod

2247 3323 2311 3361 ea:
2339 3308 2475 3361 vobis
2504 3316 2611 3371 est,
2652 3322 2767 3360 cum
2809 3304 3040 3359 omnibus
3078 3303 3373 3357 hominibus
3404 3314 3570 3372 pacem
3594 3296 3781 3349 habentes

2252 3396 2427 3468 (Rom.
2457 3397 2546 3453 12.
2582 3398 2693 3467 l8).
2733 3396 2932 3453 Servus
2961 3412 3020 3452 es
3047 3396 3141 3451 Dei
3184 3396 3334 3466 pacis
3365 3412 3378 3447 :
3414 3394 3501 3447 ille
3525 3389 3604 3460 qui
3628 3387 3779 3440 damo-

2249 3505 2345 3545 nes
2371 3490 2621 3560 ejiciebat
2646 3499 2698 3544 et
2728 3490 3005 3544 innumera
3032 3489 3361 3558 operabatur
3389 3485 3541 3546 bona,
3564 3492 3670 3535 cum
3691 3488 3782 3530 eum
3878 3485 3879 3557 ᾖ

2247 3583 2631 3638 d:emoniacnm
2673 3583 3036 3654 appellarent,
3084 3597 3194 3636 non
3242 3581 3443 3635 fulmen
3482 3572 3674 3636 emisit,
3705 3582 3781 3622 non
3878 3604 3879 3645 ἶ

2247 3676 2639 3730 conviciatores
2663 3674 2945 3738 contrivit,
2974 3688 3081 3727 non
3106 3673 3345 3743 linguam
3374 3671 3513 3724 illam
3548 3658 3784 3721 combussit
3878 3660 3879 3665 “

2249 3781 2416 3838 usque
2438 3767 2574 3821 adeo
2602 3765 2961 3837 impudentem
2983 3779 3038 3820 et
3064 3765 3353 3835 ingratam,
3377 3763 3499 3817 licet
3524 3759 3629 3813 haec
3648 3749 3783 3806 omnia

2247 3860 2424 3916 facere
2443 3869 2653 3931 posset;
2677 3859 2770 3914 sed
2791 3860 3184 3913 accusationem
3209 3858 3385 3912 solum
3405 3851 3602 3924 depulit
3618 3847 3786 3902 dicens:
3878 3847 3879 3883 ι

2248 3953 2361 4024 Ego
2392 3952 2694 4007 daemonium
2720 3967 2820 4005 non
2849 3951 3028 4015 habeo,
3055 3950 3144 4003 sed
3172 3947 3459 4017 honoriﬁco
3484 3958 3589 3999 eum
3606 3981 3620 4005 ,
3642 3936 3714 4006 qui
3734 3948 3788 3985 πυ
3878 3980 3879 4015 1

2247 4046 2382 4099 misit
2404 4043 2580 4117 (Joan.
2601 4044 2654 4099 8.
2675 4043 2791 4113 49).
2818 4042 2950 4097 Cum
2973 4051 3149 4097 autem
3177 4055 3370 4097 servus
3401 4034 3649 4108 pontificis
3670 4028 3783 4083 illum

2248 4139 2531 4208 percussit,
2555 4136 2678 4205 quid
2702 4135 2817 4189 ait?
2850 4135 2911 4189 Si
2934 4134 3064 4188 male
3087 4133 3330 4203 loquutus
3349 4148 3483 4196 sum,
3508 4120 3789 4181 testimonium
3878 4120 3879 4167 ἰ

2250 4227 2454 4298 perhibe
2500 4227 2563 4280 de
2591 4226 2762 4292 malo;
2792 4226 2836 4279 si
2862 4234 3029 4278 autem
3055 4225 3213 4289 bene,
3245 4224 3375 4294 quid
3404 4238 3484 4276 me
3498 4208 3785 4282 εωάὲευοαη.

2249 4323 2336 4377 18.
2365 4319 2499 4392 23)?
2534 4319 2685 4385 Quod
2712 4319 2756 4372 si
2790 4318 3044 4372 Dominus
3072 4316 3393 4385 angelorum
3424 4327 3483 4366 se
3510 4312 3732 4364 excusat,
3753 4306 3791 4392 ei

2247 4415 2509 4469 rationem
2540 4412 2736 4466 famulo
2766 4410 2973 4477 reddit,
3014 4425 3119 4463 non
3148 4424 3291 4478 Opus
3319 4407 3561 4462 oratione
3592 4388 3787 4467 longiori.

2251 4510 2374 4563 llaac
2399 4509 2573 4562 solum
2603 4505 2761 4560 verba
2795 4514 2972 4559 mente
3000 4501 3223 4557 revolve
3245 4543 3260 4565 ,
3299 4515 3366 4553 ac
3393 4498 3686 4566 frequenter
3708 4499 3791 4539 me.

2245 4600 2451 4664 ditare,
2493 4608 2549 4653 et
2589 4597 2715 4652 dic:
2751 4595 2812 4652 Si
2855 4594 2989 4648 male
3030 4594 3270 4659 loquutus
3313 4607 3464 4653 sum,
3508 4577 3791 4640 testimonium

2238 4685 2449 4763 'perltibe
2488 4691 2550 4744 de
2590 4690 2760 4756 nialo;
2791 4689 2832 4742 si
2859 4698 3028 4741 autem
3080 4686 3205 4739 bene
3226 4726 3241 4750 ,
3285 4683 3412 4755 quid
3437 4697 3515 4735 me
3553 4670 3727 4732 cordis?
3749 4666 3792 4720 El

2244 4784 2417 4855 cogita
2444 4784 2560 4853 quis
2584 4783 2847 4852 loquatur,
2875 4779 2941 4834 ad
2967 4793 3123 4848 quem
3152 4777 3507 4845 loquatur,et
3531 4782 3629 4840 qua
3654 4764 3710 4817 de
3727 4771 3788 4813 re:

2245 4885 2507 4946 eruntque
2543 4873 2638 4927 tibi
2666 4872 2822 4927 verba
2858 4871 3042 4927 istbmc
3068 4869 3312 4924 divinum
3341 4862 3611 4936 quoddam
3636 4865 3683 4911 et
3706 4862 3793 4921 μετ’

2247 4979 2463 5038 petuum
2489 4966 2776 5028 canticum,
2818 4973 2977 5032 atque
3001 4974 3216 5015 omnem
3251 4956 3424 5011 animi
3463 4960 3702 5038 tumoretn
3727 4953 3791 4992 56'

2244 5033 2372 5113 dare
2414 5062 2666 5127 poterunt
2706 5071 2721 5109 :
2752 5053 2923 5124 cogita
2953 5050 3269 5120 dignitatem
3302 5046 3459 5117 ejus,
3502 5040 3588 5113 qui
3614 5033 3791 5091 affectus

2244 5161 2324 5205 est
2354 5149 2671 5205 contumelia
2691 5188 2706 5213 ,
2741 5144 2985 5200 lmdentis
3012 5143 3274 5196 vilitatem
3295 5181 3313 5206 ,
3356 5131 3681 5194 contumelia:
3704 5137 3798 5213 sta:

2244 5245 2485 5297 vitalem.
2534 5240 2651 5295 Non
2692 5209 2836 5294 enim
2881 5233 3201 5290 contumelia
3250 5230 3439 5286 affecit
3479 5232 3704 5315 tantum,
3729 5209 3799 5315 ac“

2244 5335 2539 5407 percussit;
2572 5348 2675 5386 non
2699 5329 2963 5402 percussit
2985 5337 3210 5393 tantum,
3236 5325 3337 5380 sed
3361 5332 3417 5379 et
3441 5304 3798 5411 alapam-dedit:

2245 5404 2548 5496 bujusmodi
2604 5432 2783 5478 autem
2826 5419 3173 5493 percussione
3220 5416 3358 5471 nihil
3418 5404 3799 5496 ignominiosius.

2245 5494 2491 5573 Attamen
2520 5517 2702 5572 omnia
2741 5514 2895 5583 tulit,
2937 5523 2997 5569 ut
3041 5509 3231 5581 majori
3274 5504 3532 5576 exemplo
3569 5494 3802 5555 moderato

2311 5700 2328 5729 ι
2362 5698 2557 5758 Quidam
2591 5703 2718 5754 ass,
2743 5692 2899 5756 qualis
2935 5694 3082 5751 enim,
3109 5690 3285 5750 iamut,
3306 5687 3437 5740 νυοί-ς
3457 5681 3627 5749 grati".
3651 5685 3733 5726 εια
