3944 6202
536 258 634 312 ⁸711

533 365 768 425 tentabo.
815 369 1102 426 Zacharias
1138 371 1218 428 vir
1257 373 1470 444 quidam
1515 383 1629 431 erat
1669 375 2010 431 admirandus
2048 387 2102 432 et

532 473 785 528 magnus,
813 475 1024 516 summo
1045 462 1341 519 sacerdotio
1368 475 1608 532 ornatus,
1641 466 1726 521 cui
1755 481 1785 520 a
1812 466 1922 522 Deo
1949 467 2108 522 totius

532 551 713 620 populi
742 550 1059 620 prmfcctura
1087 556 1370 610 commissa
1402 555 1588 611 fuerat.
1623 557 1671 611 ls
1700 557 1755 611 in
1781 566 1959 612 sancta
1986 573 2111 612 san-

531 649 738 693 ctorum
785 641 837 694 in
878 642 1098 714 ipsaque
1143 643 1300 716 adyta
1332 645 1348 677 ί
1380 645 1680 716 ingressus,
1726 661 1847 717 qua:
1887 646 1986 717 ipsi
2017 648 2107 702 uni

531 725 614 782 fas
640 736 756 784 erat
783 730 1022 800 aspicere
1056 733 1314 804 (intelligo
1336 749 1460 789 eum
1489 736 1751 791 universa:
1786 737 2110 792 multitudini

532 835 715 891 parem
747 823 930 889 fuisse,
979 825 1051 878 ita
1095 835 1150 880 ut
1192 827 1605 898 supplicationes
1652 843 1748 898 pro
1776 828 2110 884 multitudine

537 919 646 967 tota
695 913 912 970 offerret
956 915 1086 982 Deo,
1135 924 1192 972 et
1239 918 1519 973 Dominum
1565 917 1776 974 famulis
1824 919 2109 990 propitium

534 1002 779 1058 redderet
825 1002 1087 1078 [vidistin’
1115 1007 1320 1064 fiducita
1370 1009 1826 1080 magnitudinem”
1849 1007 1908 1082 ?]
1961 1010 2113 1080 quasi

534 1091 798 1150 mediator
844 1094 1058 1165 quidam
1104 1096 1199 1152 Dei
1243 1105 1297 1153 et
1339 1097 1654 1164 hominum;
1697 1099 1825 1154 vidit
1863 1101 2109 1170 angelum

535 1183 680 1239 intus
707 1193 958 1252 stantem,
1003 1195 1058 1242 et
1086 1188 1207 1258 quia
1241 1189 1327 1246 hic
1365 1199 1612 1259 aspectus
1637 1191 1807 1246 virum
1836 1191 1889 1245 in
1923 1201 2112 1261 stupo-

535 1291 650 1332 rem
682 1277 928 1346 conjecit,
958 1279 1034 1332 ait
1060 1279 1170 1346 ille,
1205 1279 1287 1334 Ne
1311 1281 1520 1345 timeas,
1551 1281 1806 1336 Zachatia
1827 1325 1841 1347 ,
1871 1284 1993 1353 quia
2019 1299 2114 1337 ex-

535 1367 713 1420 audita
758 1376 830 1420 est
873 1369 1034 1422 oratio
1077 1380 1202 1435 tua;
1243 1379 1290 1424 et
1330 1387 1440 1425 ecce
1467 1372 1639 1443 gignes
1676 1373 1840 1441 ﬁlium
1870 1371 2032 1444 (Luc.
2059 1375 2112 1430 1.

537 1455 607 1510 13
625 1458 665 1526 ).
695 1455 946 1525 Quarnam
973 1457 1086 1514 htcc
1113 1461 1501 1530 consequutio?
1527 1477 1625 1532 pro
1654 1463 1848 1532 populo
1874 1463 2114 1534 rcgabat,

539 1562 636 1618 pro
660 1547 864 1602 delictis
889 1549 1239 1620 supplicabat,
1263 1552 1468 1606 veniam
1486 1553 1784 1621 postulabat
1809 1555 2114 1622 conservis;

540 1647 628 1705 ct,
663 1637 789 1692 Noli
817 1639 1016 1703 timere,
1047 1641 1250 1710 inquit,
1291 1641 1578 1710 Zacharia,
1618 1645 1855 1699 exaudita
1879 1655 1952 1700 est
1985 1647 2118 1700 enim

542 1732 704 1784 oratio
732 1741 850 1798 tua,
889 1740 942 1786 et
971 1733 1143 1802 ipsum
1184 1733 1486 1789 exauditum
1516 1733 1679 1792 fuisse
1707 1737 1830 1793 inde
1868 1753 2116 1809 compro-

543 1821 653 1888 bat,
677 1821 814 1891 quod
842 1824 1144 1880 nasciturus
1165 1835 1304 1880 esset
1330 1825 1432 1896 ipsi
1456 1825 1595 1882 filius
1615 1830 1828 1885 nomine
1851 1830 2119 1887 Joannes?
2141 1836 2176 1882 Ρ

542 1916 620 1968 Ac
645 1914 764 1982 jure
789 1917 1000 1986 quidem
1041 1918 1252 1974 merito.
1283 1919 1417 1988 Quia
1459 1921 1598 1976 enim
1629 1937 1726 1992 pro
1765 1923 1993 1992 peccatis
2021 1939 2115 1992 po-

545 2003 653 2072 puli
679 2007 913 2076 rogabat,
945 2007 1109 2063 tilium
1137 2009 1377 2067 editurus
1404 2020 1540 2078 erat,
1567 2013 1658 2082 qui
1686 2016 1960 2081 clamaret,
1988 2014 2120 2068 Ecce

547 2111 719 2164 agnus
745 2096 859 2160 Dei,
903 2099 992 2167 qui
1031 2100 1169 2152 tollit
1202 2113 1476 2168 peccatum
1506 2107 1686 2160 mundi
1709 2105 1895 2176 (Joan.
1927 2111 1975 2165 1.
2009 2110 2124 2180 29),

542 2184 670 2254 jure
699 2187 812 2253 ait,
842 2186 1116 2244 Exaudita
1137 2202 1215 2245 est
1257 2196 1431 2248 oratio
1479 2206 1569 2250 tua
1591 2238 1604 2261 ,
1646 2207 1696 2252 et
1723 2200 1898 2268 gignat
1939 2201 2120 2267 ﬁlium

543 2274 678 2342 Quid
709 2277 867 2348 igitur
911 2280 1042 2335 ille?
1085 2281 1238 2351 Quod
1284 2283 1428 2338 enim
1478 2287 1821 2354 proponimus
1867 2289 1971 2344 tale
2015 2298 2118 2357 est,

547 2368 741 2424 nullam
765 2371 972 2427 veniam
1003 2373 1116 2428 dari
1148 2377 1245 2442 eis,
1271 2376 1360 2446 qui
1388 2376 1599 2432 modum
1629 2380 1961 2436 oraculorum
1987 2381 2121 2437 divi-

546 2475 735 2515 norum
778 2463 1039 2519 curiosius
1082 2476 1422 2534 scrutantur;
1466 2469 1561 2524 sed
1591 2485 1774 2526 eorum
1803 2473 2120 2530 sententiam

547 2552 652 2608 fide
679 2555 1038 2624 accipiendam
1079 2572 1219 2612 esse.
1253 2559 1476 2616 Videbat
1514 2572 1725 2618 aetatem
1758 2579 1908 2619 suam
1929 2609 1944 2631 ,
1972 2567 2121 2621 cani-

548 2645 700 2709 tiem,
723 2659 917 2714 corpus
941 2646 1260 2704 imbecillum
1287 2667 1300 2704 :
1323 2651 1534 2706 videbat
1563 2653 1688 2707 item
1711 2655 1891 2709 uxoris
1919 2657 2120 2712 sterili-

548 2743 743 2800 tatem;
776 2736 988 2791 modum
1013 2737 1220 2793 discere
1248 2741 1431 2808 voluit,
1455 2751 1508 2797 et
1534 2744 1642 2810 ait,
1671 2742 1816 2800 Unde
1842 2745 1938 2799 hoc
1963 2747 2121 2802 sciam

547 2822 960 2898 (Lua-L18)?
986 2828 1264 2895 Quomodo
1292 2830 1419 2886 illud
1461 2832 1604 2889 erit?
1631 2833 1748 2890 Jam
1785 2837 2039 2892 consenui
2067 2846 2123 2894 et

547 2915 778 2982 incanui,
807 2926 862 2972 et
887 2933 1020 2973 uxor
1045 2934 1165 2976 mea
1187 2921 1403 2988 sterilis,
1431 2932 1681 2993 provecta
1709 2925 1762 2980 in
1785 2925 1970 2982 diebus
1988 2927 2117 2993 suis,

547 3014 677 3062 tetas
707 3009 917 3080 inepta,
961 3021 1146 3067 natura
1188 3012 1448 3070 imbecilla
1483 3031 1499 3070 :
1538 3032 1640 3086 qua
1669 3018 1874 3074 ratione
1900 3028 2126 3090 possunt

547 3100 750 3170 expleri
776 3104 1072 3171 promissa?
1096 3121 1196 3176 ego
1232 3107 1321 3178 qui
1349 3122 1524 3164 seram
1551 3109 1812 3176 inlirmus,
1842 3127 1959 3183 qua:
1985 3113 2088 3168 seri
2105 3141 2120 3153 -

548 3202 636 3247 tur
668 3195 882 3250 sterilis.
911 3199 1102 3252 Annon
1135 3198 1376 3255 videatur
1399 3202 1550 3256 venia
1588 3199 1904 3273 dignus‘qui
1945 3219 2122 3259 rerum

547 3287 1018 3354 eonsequutionem
1060 3298 1296 3358 quaerat,
1336 3305 1461 3345 cum
1503 3305 1535 3345 e
1561 3307 1622 3346 re
1660 3292 1803 3362 loqui
1840 3293 2125 3349 videatur?

547 3375 617 3428 At
643 3389 748 3430 non
772 3375 881 3432 Deo
899 3376 1092 3446 dignus
1113 3380 1265 3435 venia
1285 3379 1431 3436 visus
1454 3391 1566 3447 est;
1597 3391 1653 3438 et
1675 3385 1864 3439 merito
1888 3386 2123 3456 quidem.

551 3463 682 3519 Cum
711 3464 852 3520 enim
880 3465 1020 3522 Deus
1045 3470 1364 3525 sententiam
1389 3470 1540 3540 dicit,
1567 3488 1674 3528 non
1697 3484 1881 3530 contra
1909 3477 2126 3532 ratioci-

551 3557 810 3626 nandum,
839 3574 1012 3629 neque
1034 3576 1218 3617 rerum
1241 3565 1590 3634 consequutio
1609 3567 1692 3622 vel
1715 3575 1918 3623 naturae
1941 3584 2128 3624 neces-

551 3647 683 3703 sitas
706 3648 1000 3720 obiicienda
1029 3660 1132 3720 est,
1159 3669 1332 3724 neque
1351 3654 1652 3726 hujusmodi
1671 3657 1939 3730 quidpiam
1964 3675 2128 3730 agen-

551 3737 678 3794 dum
711 3739 837 3796 :his
863 3742 1060 3814 quippe
1099 3745 1348 3802 omnibus
1386 3748 1628 3817 superior
1653 3758 1735 3803 est
1779 3749 1970 3806 divina:
1999 3767 2128 3807 sen-

554 3833 731 3888 tentiae
768 3834 884 3901 vis,
927 3835 1056 3891 nulli
1097 3835 1327 3893 obnoxia
1372 3838 1768 3909 impedimento.
1810 3842 1947 3909 Quid
1989 3844 2125 3914 agis,

554 3922 759 3980 homo?
803 3924 945 3981 Deus
985 3926 1297 3996 pollicetur,
1337 3938 1392 3984 et
1426 3930 1494 3984 ad
1533 3940 1742 3988 aetatem
1770 3933 2042 4003 confugis,
2073 3943 2132 3989 et

552 4023 881 4072 senectutem
909 4016 1140 4088 obiicis?
1168 4033 1294 4074 num
1322 4021 1590 4090 potentior
1610 4032 1860 4078 senectus
1889 4023 1980 4078 Dei
2008 4040 2128 4093 pro-

552 4106 846 4163 missione?
882 4123 1010 4163 num
1039 4107 1260 4164 validior
1288 4119 1744 4168 naturacreatorc
1780 4113 1919 4168 suo?
1955 4114 2130 4170 neseis

553 4197 708 4252 fortia
733 4213 854 4254 esse
873 4200 1155 4256 verborum
1181 4202 1297 4271 ejus
1321 4203 1528 4272 opera?
1554 4204 1775 4260 verbum
1802 4204 1918 4273 ejus
1939 4207 2129 4260 czelum

553 4289 862 4358 constituit,
891 4291 1112 4348 verbum
1139 4291 1254 4362 ejus
1281 4300 1577 4348 creaturam
1608 4294 1883 4364 produxit,
1910 4295 2130 4351 verbum

553 4379 672 4448 ejus
699 4381 918 4451 angelos
941 4381 1085 4448 fecit,
1114 4390 1170 4439 et
1197 4391 1250 4437 tu
1272 4382 1340 4438 de
1368 4382 1462 4438 filii
1488 4386 1856 4454 procreationc
1883 4383 2131 4440 dubitas?

550 4466 681 4522 .ldco
717 4470 1020 4541 indignatus
1059 4480 1142 4528 est
1179 4474 1430 4543 angelus,
1460 4489 1632 4544 neque
1668 4474 1948 4530 sacerdotii
1972 4490 2132 4530 causa

545 4559 792 4628 :pcpercit
816 4577 832 4626 ;
863 4561 970 4615 imo
995 4578 1122 4618 vero
1149 4562 1219 4618 ob
1245 4565 1470 4636 idipsum
1499 4567 1794 4635 graviorem
1821 4568 1996 4623 intulit
2021 4583 2134 4638 pat-

558 4663 703 4704 nam.
734 4648 866 4704 Nam
891 4665 1049 4719 eum,
1076 4653 1166 4722 qui
1190 4654 1308 4722 plus
1335 4657 1543 4710 caeteris
1579 4656 1851 4712 obtinebat
1891 4658 2130 4725 honoris,

561 4740 764 4810 majore
808 4757 969 4812 quam
1020 4743 1110 4798 alii
1159 4746 1262 4800 lide
1308 4745 1621 4801 instructum
1667 4762 1787 4802 esse
1831 4749 2131 4820 oportebat.

557 4832 688 4899 Quis
712 4843 889 4892 autem
928 4850 1104 4906 paena;
1130 4836 1363 4892 modus?
1403 4835 1537 4893 Ecce
1568 4840 1669 4893 eris
1705 4847 1906 4905 tacens,
1947 4850 1995 4895 et
2032 4857 2134 4896 non

560 4927 745 4998 poteris
771 4927 906 4998 loqui
958 4925 1122 4996 (Ibid.
1150 4945 1198 4983 υ.
1220 4927 1336 5000 20).
1365 4927 1566 4999 Lingua
1595 4938 1702 4996 tua,
1725 4929 1892 5000 inquit
1911 4972 1927 4998 ,
1956 4932 2132 4989 incre-

558 5017 798 5072 dulitatis
822 5027 924 5073 tua:
952 5018 1196 5075 ministra
1223 5019 1355 5086 fuit,
1385 5019 1497 5090 ipsa
1539 5020 1922 5074 incredulitatis
1952 5036 2134 5090 pinnas

458 5121 470 5131 ’
563 5112 673 5166 luct
699 5126 715 5165 :
740 5107 873 5165 Ecce
897 5112 997 5166 eris
1022 5121 1207 5177 tacens,
1239 5120 1286 5166 et
1309 5128 1410 5167 non
1438 5111 1657 5183 loqueris
1684 5111 1842 5166 donec
1869 5111 1961 5166 illa
1986 5113 2130 5181 ﬁant.

561 5202 938 5259 Animadverte
964 5202 1343 5274 benignitatem
1367 5203 1599 5260 Domini.
1636 5203 1753 5260 Non
1781 5202 1957 5260 credis
1979 5202 2129 5270 mihi,

631 5393 644 5423 ¹
683 5399 810 5462 Haec,
827 5391 876 5444 in
898 5391 1002 5458 ipsa
1023 5391 1190 5462 udum,
1212 5391 1281 5462 _iu
1300 5390 1452 5462 .Savij.
1472 5398 1523 5441 et
1554 5390 1614 5462 in.
1638 5391 1818 5462 aliquot
1837 5387 2143 5462 pauescat

566 5455 662 5513 hic,
679 5455 766 5504 sed
784 5450 1023 5518 ponuntur
1045 5450 1168 5518 inlra
1184 5455 1274 5510 sic,
1292 5450 1534 5518 hominum
1544 5465 1572 5518 _:
1595 5451 1646 5502 in
1661 5450 1775 5518 ipsa
1783 5451 1931 5514 adyta
1947 5455 2047 5518 turn
2067 5450 2144 5497 in-

568 5509 915 5578 gressusfvidit
1258 5509 1388 5574 Quod
1435 5516 1633 5564 rectius.
1669 5509 1812 5562 Paulo
1850 5509 1971 5573 'post
2007 5509 2142 5566 haec.

568 5577 801 5628 reticente
1141 5589 1311 5630 mem
1339 5575 1511 5630 fuisse.
1541 5575 1721 5626 desunt
1755 5574 1808 5623 in
1851 5570 2012 5622 Morel.

565 5577 801 5628 cyzicena:
819 5577 1116 5630 multitudini
1141 5589 1311 5642 parem
1339 5577 1511 5640 fuisse,
1541 5577 1721 5626 desunt
1755 5577 1808 5623 in
1851 5577 2012 5622 Morel.

685 5644 828 5711 "me,
851 5640 1059 5711 vidistin’
1081 5641 1280 5707 ﬁducia:
1303 5645 1714 5711 nutgnitudiaem?
1735 5647 1979 5700 desumit:
2000 5647 2138 5701 Silvii.

565 5704 624 5747 et
647 5701 690 5749 in
718 5704 999 5763 quibusdam
1017 5701 1125 5760 Ilii.

1260 255 1313 316 5.
1353 259 1628 317 JOANNIS
1663 259 2130 320 CHRYSOSTOMI
2170 263 2485 324 ARCHIEP.
2514 266 3042 331 CONSTANTINOP.

3626 292 3709 350 719.

2212 380 2412 451 inquit.
2451 398 2590 439 nunc
2615 398 2826 455 pmnam
2854 386 3068 456 accipe;
3099 401 3318 460 eumque
3341 393 3485 452 rebus
3505 398 3617 470 ipsis
3635 421 3712 462 ve.

2212 472 2420 529 ritatem
2448 475 2886 545 comprobavere,
2917 486 3040 533 tunc
3068 479 3197 534 iram
3221 482 3409 539 solvam
3435 502 3448 538 :
3471 503 3577 544 cum
3605 493 3714 550 didi-

2210 567 2351 620 ceris
2379 575 2430 621 te
2451 566 2572 636 jure
2598 568 2807 637 plexum
2835 568 3014 636 fuisse,
3044 578 3170 624 tunc
3192 586 3222 626 a
3251 586 3395 642 pana
3425 584 3473 632 te
3497 579 3715 640 liberabo.

2211 657 2444 714 Audiant
2485 661 2730 716 Anommi
2750 703 2766 729 ,
2795 671 3048 733 quantum
3079 663 3330 720 irascatur
3359 668 3514 735 Deus,
3537 687 3640 729 cum
3662 677 3718 734 de

2213 765 2271 805 se
2294 751 2552 807 curiosius
2578 752 2875 822 inquiritur.
2886 753 3038 822 Quod
3057 754 3100 809 si
3123 754 3229 822 ille,
3246 755 3360 826 quia
3380 763 3571 817 mortali
3591 780 3721 833 gene-

2212 840 2403 895 rationi
2430 855 2532 896 non
2560 841 2822 909 crederet,
2845 842 3093 912 plectitur
3123 858 3140 896 :
3170 851 3223 898 tu
3247 845 3334 914 qui
3359 861 3584 904 arcanam
3606 853 3722 911 illam

2213 941 2269 988 et
2295 948 2577 1004 supernam
2607 934 2958 1004 perscrutaris
2974 975 2991 1002 ,
3019 936 3283 1006 quomodo
3306 939 3594 1008 supplicium
3616 944 3725 999 etfu-

2212 1024 2345 1094 gies.
2367 1023 2454 1078 dic
2481 1022 2650 1079 mihi?
2677 1023 2768 1079 Ille
2797 1023 2927 1079 nihil
2953 1025 3201 1092 asseruit,
3223 1025 3316 1081 sed
3337 1028 3558 1085 ediscere
3578 1032 3726 1099 voluit,

2221 1114 2534 1184 veniamque
2576 1125 2934 1186 consequutus
2977 1131 3082 1169 non
3119 1125 3202 1170 est
3240 1133 3255 1169 :
3296 1125 3348 1171 ttt
3374 1133 3494 1173 vero
3526 1134 3611 1188 ea,
3634 1138 3729 1192 qua:

2216 1210 2465 1265 omnibus
2487 1210 2770 1266 invisibilia
2800 1208 3450 1281 incomprehensibiliaquc
3473 1224 3604 1279 sunt,
3621 1214 3735 1270 afﬁr-

2218 1318 2404 1370 mans,
2450 1318 2609 1374 quam
2649 1303 2870 1358 habebis
2913 1302 3317 1359 defensionem?
3361 1302 3495 1373 quod
3534 1320 3626 1359 non
3660 1306 3730 1361 tibi

2219 1395 2495 1467 pertrahes
2519 1396 2879 1466 supplicium?

2288 1488 2342 1542 3.
2371 1488 2598 1542 Ληουιιωὶ
2625 1485 2853 1542 dicebant
2877 1503 2932 1542 se
2951 1485 3116 1540 Deum
3140 1501 3286 1541 nosse
3309 1495 3362 1541 ut
3379 1486 3530 1557 seipse
3551 1498 3733 1543 noverat.

2217 1577 2486 1634 --Verum
2509 1579 2624 1634 lucc
2647 1577 2714 1634 de
2735 1579 3076 1650 generatione
3094 1577 3379 1648 diSputatio
3402 1593 3544 1633 suum
3567 1578 3612 1634 in
3633 1587 3740 1634 tem-

2220 1687 2318 1742 pus
2346 1680 2668 1740 rescrvctur,
2692 1673 3008 1743 interimque
3029 1673 3174 1743 prius
3195 1682 3550 1743 argumentum
3568 1683 3738 1742 repeta-

2221 1780 2360 1831 mus,
2387 1763 2540 1834 cujus
2564 1780 2732 1834 nuper
2753 1765 3004 1834 reliquias
3029 1764 3350 1832 dimisimus,
3377 1765 3496 1820 dum
3523 1765 3741 1835 pernicio-

2220 1869 2333 1910 sam
2363 1855 2506 1910 illam
2531 1855 2785 1923 radicem,
2816 1855 3052 1910 omnium
3084 1856 3345 1910 malorum
3376 1864 3603 1920 matrem,
3630 1851 3743 1909 evel-

2222 1943 2334 2000 lere
2356 1960 2696 2013 conaremur,
2728 1945 2994 2001 undenam
3020 1945 3124 2000 illis
3163 1945 3280 2001 haec
3306 1946 3542 2016 dogmata
3567 1944 3746 2000 suborta

2221 2045 2363 2092 sunt.
2397 2037 2650 2106 Quaenam
2679 2037 2764 2092 illa
2799 2037 2949 2092 radix
2983 2037 3246 2092 malorum
3277 2037 3550 2091 omnium?
3587 2035 3749 2090 credite

2220 2129 2375 2194 mihi,
2408 2145 2494 2185 me
2519 2129 2660 2184 illam
2692 2129 3152 2200 pronuntiaturum
3197 2129 3392 2184 horror
3431 2127 3750 2197 occupat:pi-

2222 2230 2310 2291 get
2336 2235 2398 2276 ea
2424 2236 2641 2276 narrare
2664 2237 2783 2292 quae.
2809 2221 2883 2276 illi
2908 2236 3119 2292 semper
3157 2221 3502 2276 meditantur.
3542 2219 3750 2288 Quanam

2223 2312 2385 2382 igitur
2407 2322 2490 2368 est
2518 2313 2706 2368 borum
2751 2313 3010 2368 malorum
3049 2311 3251 2368 radix?
3295 2314 3466 2367 Ausus
3511 2321 3587 2366 est
3628 2311 3755 2364 homo

2223 2403 2424 2470 dicere,
2458 2404 2624 2459 Deum
2656 2405 2799 2471 novi,
2829 2412 2887 2459 ut
2912 2406 3025 2475 ipse
3057 2405 3195 2459 Deus
3215 2403 3453 2474 seipsum
3475 2402 3623 2456 novit.
3641 2400 3757 2454 llaec-

2223 2495 2343 2550 eine
2403 2494 2764 2552 confutatione
2816 2494 3098 2566 indigent,
3170 2495 3411 2550 haeccine
3471 2493 3759 2548 demonstra-

2225 2585 2412 2640 tione?
2439 2600 2615 2640 annon
2665 2586 2796 2640 satis
2847 2592 2929 2640 est
2964 2583 3081 2639 haec
3133 2585 3312 2639 solum
3363 2582 3518 2640 verba
3545 2580 3760 2652 prolem,

2225 2684 2284 2732 ut
2334 2685 2444 2732 tota
2507 2690 2694 2732 eorum
2755 2675 3001 2746 impietas
3052 2675 3364 2730 reveletur?
3417 2673 3615 2728 Etenim
3674 2669 3764 2723 huc

2224 2767 2430 2822 insania
2505 2774 2589 2822 cst
2657 2765 2934 2838 perspicua
2976 2805 2994 2833 ,
3067 2765 3308 2821 amentia
3387 2761 3726 2819 inexcusabilis
3752 2799 3765 2821 ,

2225 2872 2398 2914 novus
2462 2858 2748 2929 impietatis
2791 2857 3014 2912 modus.
3060 2855 3236 2912 Nemo
3302 2854 3566 2926 quidpiam
3619 2851 3768 2920 hujus.

2225 2948 2369 3006 modi
2411 2949 2494 3005 vel
2545 2959 2724 3006 mente
2777 2948 3080 3018 concipere,
3131 2946 3222 3002 vel
3255 2947 3432 3017 lingua
3459 2943 3678 3015 proferre
3697 2957 3770 2995 au-

2225 3056 2318 3097 sus
2339 3049 2440 3097 est.
2468 3040 2673 3111 Cogita,
2722 3040 2886 3095 miser
2932 3047 2987 3094 et
3035 3038 3247 3103 infelix,
3297 3037 3540 3108 quisnam
3582 3034 3684 3098 sis,
3725 3038 3770 3085 et

2247 3148 2510 3190 ‘uemnam
2543 3142 2648 3188 tam
2675 3133 2884 3187 curiose
2903 3131 3156 3186 scruteris
3186 3147 3200 3182 :
3241 3130 3407 3184 homo
3435 3142 3554 3184 cum
3581 3126 3664 3192 sis,
3694 3123 3775 3178 De-

2229 3239 2316 3278 um
2343 3222 2627 3292 exploras?
2656 3221 2750 3277 Vel
2768 3221 2980 3276 nomina
3002 3234 3145 3274 mera
3167 3220 3308 3275 satis
3329 3226 3473 3284 sunt,
3500 3226 3553 3272 ut
3577 3212 3775 3270 stultitia:

2230 3314 2644 3386 magnitudinem
2669 3312 2980 3368 declarent:
3011 3312 3169 3365 homo
3192 3318 3346 3366 terra
3387 3317 3444 3365 et
3481 3308 3640 3372 cinis,
3677 3315 3777 3402 caro

2229 3416 2284 3464 et
2308 3405 2544 3478 sanguis,
2572 3403 2770 3459 ftenutn
2799 3414 2852 3457 et
2880 3401 2978 3456 llos
3003 3401 3152 3464 lieni,
3181 3401 3402 3466 umbra,
3431 3399 3620 3463 fumus,
3651 3399 3774 3494 vani.-

2231 3509 2333 3565 tas,
2362 3507 2418 3554 et
2442 3497 2488 3552 si
2513 3495 2639 3566 quid
2668 3495 2749 3550 his
2779 3495 3057 3550 obscurius
3080 3501 3135 3547 et
3161 3491 3351 3546 vilius.
3401 3489 3580 3561 Neque
3618 3489 3780 3557 putetis

2230 3590 2347 3647 haec
2371 3588 2677 3646 incusanda
2697 3594 2900 3642 natura:
2927 3599 3086 3640 causa
3114 3583 3224 3638 dici
3255 3602 3270 3638 :
3330 3596 3504 3653 neque
3531 3579 3662 3635 enim
3683 3588 3779 3644 ego.

2231 3682 2325 3738 sed
2353 3681 2625 3754 prepbeta:
2655 3680 2726 3734 ita
2767 3676 3232 3748 philosophantur,
3267 3690 3379 3730 non
3411 3683 3470 3728 ut
3515 3685 3670 3742 genus
3709 3679 3784 3720 no-

2230 3784 2402 3829 strum
2431 3771 2694 3826 dedecore
2720 3768 2972 3831 alliciant,
2998 3766 3092 3822 sed
3122 3774 3182 3820 ut
3211 3767 3533 3822 insanorum
3562 3771 3784 3818 tumorem

2231 3865 2625 3936 comprimam;
2656 3875 2762 3916 non
2789 3868 2847 3915 ut
2874 3868 3114 3914 naturam
3161 3867 3416 3912 nostram
3457 3852 3785 3949 contemnant,

2233 3957 2328 4014 sed
2369 3965 2426 4011 ιιι
2469 3955 2788 4010 furiosorum
2837 3949 3192 4021 arrogantiam
3240 3949 3525 4017 dejiciant.
3575 3942 3696 4000 Nam
3735 3942 3788 4002 si,

2234 4058 2512 4120 postquam
2543 4045 2617 4100 illi
2647 4053 2724 4100 tot
2750 4051 3001 4113 tantaque
3021 4040 3232 4105 dixere,
3263 4039 3471 4109 reperti
3501 4044 3670 4090 tamen
3692 4033 3792 4084 sunt

2234 4139 2324 4210 qui
2346 4139 2630 4194 verborum
2652 4134 2938 4207 petulantia
2962 4134 3134 4203 ipsum
3157 4130 3449 4186 diabolum
3475 4127 3790 4197 superarunt:

2234 4233 2281 4288 si
2329 4231 2460 4287 nihil
2505 4228 2767 4299 ejusmodi
2795 4228 2993 4282 dictum
3025 4224 3233 4290 fuisset,
3260 4237 3376 4293 quo
3407 4219 3620 4276 tandem
3644 4226 3794 4312 amcit-

2236 4327 2323 4381 tize
2352 4341 2458 4380 non
2484 4321 2895 4395 prorupissent?
2923 4317 2980 4374 Si
3004 4317 3311 4388 appositam
3360 4314 3622 4369 habentes
3660 4303 3796 4404 medi-

2235 4417 2630 4488 cinam,adhuc
2659 4427 2833 4470 tamen
2858 4410 3129 4475 inﬂantur,
3174 4425 3291 4481 quo
3336 4407 3559 4463 demum
3611 4407 3794 4456 tuntoru

2235 4522 2291 4569 et
2315 4510 2628 4582 arrogantia:
2660 4522 2765 4562 non
2792 4503 3197 4575 processissent,
3243 4501 3353 4563 nisi
3385 4499 3513 4554 talia
3564 4494 3635 4550 illi
3686 4490 3795 4582 circa

2239 4578 2479 4662 naturam
2509 4604 2792 4656 humanam
2816 4593 3200 4668 protulissent?
3232 4592 3382 4648 Addi
3412 4590 3577 4661 igitur
3601 4582 3715 4656 quid
3746 4578 3796 4631 dc

2237 4698 2414 4767 seipse
2435 4692 2760 4762 dicatjustus
2784 4690 2874 4745 ille
2899 4685 3220 4757 patriarcha,
3255 4683 3378 4755 Ego
3403 4691 3575 4738 autem
3599 4693 3701 4732 sum
3721 4682 3798 4724 ter-

2236 4805 2296 4842 ra
2322 4797 2368 4841 et
2397 4787 2523 4839 cinia
2542 4782 2694 4857 (Gen.
2728 4780 2812 4836 18.
2831 4779 2899 4832 27
2917 4778 2958 4850 ).
2986 4777 3118 4832 Cum
3145 4775 3260 4830 Deo
3287 4773 3635 4844 loquebatur,
3662 4776 3798 4831 neque

2241 4890 2416 4936 tamen
2441 4875 2760 4932 conﬁdentia
2788 4869 3106 4927 efferebatur
3131 4884 3147 4932 ;
3179 4866 3296 4921 imo
3328 4865 3419 4920 vel
3451 4864 3560 4919 hoc
3586 4863 3741 4931 ipsum
3759 4861 3801 4905 υι

2239 4971 2514 5027 moderate
2541 4975 2724 5039 ageret
2747 4964 2847 5034 ipsi
2875 4961 3152 5017 suadebat.
3180 4957 3252 5013 Hi
3281 4973 3444 5023 vero,
3503 4955 3598 5027 qui
3623 4967 3686 5008 ne
3710 4960 3800 5002 utn-

2240 5063 2334 5120 bra
2355 5061 2569 5133 quidem
2599 5058 2742 5114 illius
2767 5055 2914 5126 digni
2938 5061 3087 5118 sunt,
3121 5065 3181 5106 se
3199 5048 3425 5120 angelis
3452 5048 3589 5120 ipsis
3613 5041 3806 5112 majores

2239 5169 2358 5212 esse
2383 5160 2605 5224 putant:
2650 5147 2790 5220 quod
2831 5154 3088 5201 extrema:
3131 5141 3439 5196 dementia:
3470 5141 3807 5232 argument-uin

2240 5257 2342 5305 est.
2366 5247 2605 5301 Deumne
2629 5239 2906 5304 scrutaris,
2931 5238 3018 5293 dic
3045 5234 3174 5291 mihi
3195 5275 3210 5300 ,
3262 5237 3365 5304 qui
3415 5233 3538 5288 sine
3585 5227 3813 5318 principio

2240 5346 2339 5403 est,
2380 5333 2740 5396 invariabilis,
2793 5331 3176 5399 incorporeus,
3222 5321 3698 5393 incorruptibilis.
3741 5325 3813 5380 qui

2241 5429 2437 5500 ubique
2460 5426 2632 5492 adest,
2661 5433 2716 5480 et
2733 5421 2911 5477 omnia
2938 5425 3173 5489 superat,
3197 5417 3580 5484 universaque
3601 5414 3816 5500 creaturi

2241 5499 2484 5591 superior
2511 5516 2632 5574 est?
2661 5513 2801 5569 Audi
2849 5511 2975 5582 quid
3024 5509 3094 5564 de
3145 5508 3240 5562 illo
3270 5505 3566 5576 propheta
3610 5499 3816 5572 philoso-

2239 5613 2492 5684 phentur,
2520 5619 2576 5666 et
2599 5617 2820 5664 metue:
2855 5604 2952 5670 Qui
2971 5601 3173 5671 respicit
3189 5607 3419 5667 terram,
3475 5607 3526 5653 et
3567 5592 3684 5668 facit
3727 5598 3818 5640 eum

2244 5721 2453 5764 tremere
2478 5701 2648 5778 (Paul.
2683 5697 2962 5768 103.32):
2991 5695 3196 5766 aspexit
3221 5692 3439 5760 solum,
3472 5701 3528 5748 et
3556 5691 3694 5746 illam
3718 5693 3820 5738 tan-
