3944 6202
361 108 462 165 713

350 232 453 272 tam
473 223 679 272 terram
702 211 1007 272 concussit.
1026 214 1131 281 Qui
1153 215 1323 285 tangit
1349 226 1569 281 montes,
1586 225 1636 271 et
1655 215 1917 286 fumigant

346 310 533 381 llbid.)
552 325 573 362 :
588 309 681 380 qui
693 309 923 363 concutit
936 317 1136 361 terram
1152 324 1184 360 a
1201 306 1644 376 fundamentis,et
1664 309 1921 363 columna:

341 405 450 473 ejus
468 411 684 471 nutant:
700 404 789 472 qui
806 405 1042 457 minatur
1054 403 1214 464 mari,
1230 411 1280 456 et
1297 404 1460 456 siccat
1481 401 1615 455 illud
1643 400 1765 473 (Job
1783 400 1919 470 9.6):

344 497 444 563 Qui
463 496 593 549 dicit
608 494 820 564 abysso.
833 492 1164 548 Desolaberis
1183 491 1234 560 (ι
1239 493 1492 551 “1.44.27
1501 508 1537 559 );
1558 492 1707 547 Mare
1723 491 1927 556 vidit,et

340 587 499 655 fugit;
519 583 781 638 Iordanis
804 601 1082 639 conversus
1105 593 1182 638 est
1200 594 1514 639 retrorsum:
1531 593 1731 638 montes
1746 582 1929 638 exsul-

340 686 581 732 taverunt
598 677 738 731 sicut
754 678 968 740 arietes,
990 686 1041 731 et
1065 676 1225 732 colles
1242 678 1381 732 sicut
1403 677 1527 747 agni
1549 676 1721 731 ovium
1745 673 1919 745 (Paul.

343 770 604 838 “3.3.4).
621 768 814 825 Omnis
834 777 1088 833 creatura
1109 777 1383 835 movetur,
1398 769 1619 835 metuit,
1636 766 1932 823 contremi-

340 862 466 917 scit:
480 862 536 915 hi
552 863 657 917 soli
682 862 1016 932 despiciunt.
1037 862 1339 933 negligunt,
1358 861 1593 917 salutem
1607 875 1760 916 suam
1779 855 1935 925 parvi

340 954 581 1009 faciunt:
601 969 712 1009 non
723 955 869 1010 enim
887 953 1435 1020 dixerim,Dominum
1449 953 1720 1009 omnium.
1742 951 1931 1023 Nuper

338 1061 439 1102 eos
455 1062 487 1101 a
509 1062 875 1118 supernarum
900 1045 1180 1103 Virtutum
1205 1046 1457 1117 exemplo
1477 1045 1932 1110 admonebamus,

338 1137 943 1210 angelis,archangelis,
956 1137 1255 1194 Cherubim
1270 1144 1324 1191 et
1339 1134 1647 1207 Seraphim,
1674 1151 1823 1191 nunc
1842 1149 1935 1191 ve-

345 1229 495 1285 roab
510 1229 817 1285 insensibili
835 1236 1089 1285 creatura
1108 1247 1124 1284 :
1141 1242 1319 1298 neque
1335 1237 1518 1282 tamen
1531 1226 1612 1282 sic
1627 1222 1938 1281 adiciuntur

341 1322 575 1392 pudore.
615 1321 814 1378 Annon
848 1323 1004 1379 vides
1026 1322 1135 1377 hoc
1166 1321 1362 1377 caelum
1386 1358 1402 1384 ,
1430 1334 1593 1391 quam
1621 1317 1937 1389 pulchrum,

344 1428 517 1483 quam
537 1428 823 1485 magnum,
845 1430 1010 1486 quam
1032 1414 1187 1469 vario
1204 1413 1382 1469 choro
1409 1412 1693 1468 stellarum
1707 1423 1942 1467 corona-

344 1515 461 1560 tum
477 1524 493 1560 :
513 1513 782 1576 quantum
805 1508 1070 1577 temporis
1089 1504 1397 1561 duraverit?
1412 1504 1545 1559 Plus
1561 1504 1806 1574 quinque
1821 1500 1938 1558 mil-

344 1599 497 1654 libus
514 1600 678 1654 annis
699 1601 877 1661 stetit,
891 1609 946 1654 et
960 1597 1299 1653 diuturnitas
1317 1596 1580 1667 temporis
1595 1595 1803 1650 nullam
1820 1592 1927 1665 ipsi

348 1693 687 1739 senectutem
712 1682 915 1738 invexit
940 1700 957 1739 :
985 1682 1081 1739 sed
1105 1682 1244 1739 sicut
1263 1694 1460 1750 corpus
1486 1678 1724 1749 juvenile
1753 1687 1808 1732 et
1850 1693 1938 1732 ro-

348 1776 571 1830 busmm
607 1774 796 1830 florem
815 1774 988 1829 relatis
1017 1773 1362 1843 vigoremque
1384 1779 1596 1837 servat;
1625 1768 1696 1823 ita
1736 1778 1793 1823 et
1833 1782 1939 1822 cte-

350 1868 487 1933 lum,
518 1881 680 1937 quam
720 1866 788 1923 ab
831 1865 981 1921 initio
1026 1864 1211 1921 habuit
1235 1861 1687 1933 pulchritullinem
1717 1875 1939 1916 conser-

353 1960 524 2027 vavit,
554 1973 656 2014 nec
668 1959 926 2028 temporis
951 1956 1303 2012 diuturnitate
1327 1954 1594 2009 ullatenus
1620 1951 1939 2007 imbecillius

354 2051 566 2107 evasit:
596 2048 693 2105 sed
722 2048 851 2104 illud
878 2048 947 2103 ita
993 2047 1275 2118 pulchrum
1295 2087 1311 2113 ,
1372 2059 1621 2115 magnum
1648 2084 1665 2110 ,
1717 2043 1897 2097 laetum
1920 2083 1936 2109 ,

350 2143 529 2200 stellis
552 2150 825 2207 ornatum,
844 2149 1177 2212 perpetuum,
1204 2138 1403 2195 tamdiu
1423 2137 1744 2203 consistens,
1772 2135 1934 2201 Deus,

352 2249 515 2303 quem
550 2242 605 2287 tu
634 2232 847 2287 curiose
871 2230 1162 2295 scrutaris,
1208 2240 1260 2286 et
1287 2228 1695 2284 ratiociniorum
1721 2234 1937 2280 tuorum

352 2325 614 2380 limitibus
639 2323 859 2394 subjicis
880 2365 895 2390 ,
927 2324 998 2379 ita
1029 2323 1182 2379 facile
1206 2320 1462 2387 condidit,
1488 2336 1551 2376 ac
1575 2321 1619 2375 si
1640 2319 1760 2391 quis
1783 2327 1941 2389 tugu-

353 2417 495 2473 rium
517 2414 711 2471 ludens
736 2423 1068 2470 construeret
1095 2431 1109 2467 :
1139 2430 1294 2483 quam
1336 2428 1448 2469 rem
1470 2412 1549 2468 sic
1576 2411 1815 2469 declarat
1839 2410 1941 2465 Isa-

354 2510 439 2565 ias
468 2507 726 2578 prOpbeta
753 2523 768 2560 :
804 2506 905 2573 Qui
929 2509 1103 2563 statuit
1122 2507 1300 2563 celum
1321 2507 1450 2562 sicut
1469 2522 1741 2570 cameram,
1774 2514 1822 2561 et
1856 2520 1945 2560 es-

354 2599 519 2654 tendit
545 2599 675 2655 illud
698 2600 828 2655 sicut
845 2598 1224 2654 tabernaculum
1249 2614 1402 2669 super
1442 2608 1626 2652 terram
1651 2595 1805 2667 (lsai.
1847 2594 1939 2652 40.

358 2692 483 2761 2'2).
508 2692 675 2748 Visne
719 2703 915 2748 terram
941 2706 1155 2763 quoque
1181 2691 1410 2746 intueri?
1436 2691 1576 2747 hanc
1607 2691 1768 2747 etiam
1789 2690 1943 2760 quasi

356 2785 491 2839 nihil
520 2783 666 2841 fecit.
694 2783 824 2839 Nam
854 2783 923 2840 de
954 2784 1044 2839 illo
1064 2783 1278 2854 quidem
1303 2783 1414 2837 ait:
1450 2781 1549 2849 Qui
1571 2782 1744 2837 statuit
1765 2781 1947 2836 ctrlutn

356 2878 493 2930 sicut
514 2892 784 2938 cameram,
814 2883 862 2929 et
884 2875 1107 2930 extendit
1142 2874 1273 2929 illud
1316 2875 1448 2929 sicut
1471 2872 1850 2928 tabernaculum
1892 2873 1947 2927 in

364 2965 788 3036 desertoUbid.)
817 2966 930 3040 :_de
986 2966 1086 3023 hac
1137 2980 1288 3029 vero,
1338 2966 1438 3031 Qui
1486 2965 1704 3019 continet
1764 2978 1948 3034 gyrum

358 3069 530 3122 teme,
558 3057 645 3131 qui
683 3058 799 3128 fecit
861 3066 1047 3112 terram
1105 3056 1250 3128 quasi
1291 3056 1441 3111 nihil.
1495 3054 1725 3111 Videsne
1752 3055 1770 3086 ¹
1812 3068 1947 3124 quo-

358 3150 527 3207 modo
554 3150 683 3204 nihil
710 3148 909 3205 dixerit
938 3158 1140 3204 tantum
1185 3157 1398 3217 tamque
1424 3147 1610 3217 ingens
1636 3144 1877 3215 corpus?

434 3242 491 3297 ι.
529 3241 716 3310 Cogita
744 3247 998 3311 quantam
1042 3239 1301 3294 montium
1326 3237 1559 3302 molem,
1609 3245 1741 3308 quot
1778 3236 1954 3291 homi-

360 3347 495 3389 num
525 3332 805 3397 nationes,
848 3338 980 3401 quot
1024 3328 1322 3400 plantarum
1351 3328 1664 3384 varietatem
1690 3336 1745 3383 et
1772 3328 1948 3383 altitu-

360 3424 547 3480 dinem
564 3463 581 3487 ,
623 3430 753 3492 quot
781 3421 964 3488 urbes,
1002 3427 1136 3492 quot
1159 3418 1504 3475 aediﬁciorum
1532 3416 1948 3490 magnitudines,

360 3524 497 3587 quot
525 3513 955 3586 quadrupedum,
983 3512 1239 3577 ferarum,
1267 3511 1538 3582 reptilium
1566 3525 1763 3581 genera
1787 3510 1952 3566 dorso

363 3622 468 3663 suo
500 3605 755 3662 sustinet.
787 3606 1036 3661 Attamen
1063 3604 1209 3659 illam
1241 3603 1402 3659 talem
1437 3610 1744 3672 tantamque
1770 3601 1840 3655 ita
1870 3600 1952 3655 fa-

363 3698 468 3755 cile
491 3695 752 3761 condidit,
781 3705 841 3751 ut
862 3695 1142 3766 propheta,
1172 3709 1293 3750 cum
1316 3702 1475 3748 tantae
1490 3692 1761 3749 facilitatis
1776 3707 1956 3749 exem-

365 3789 514 3859 plum
537 3803 646 3845 non
674 3787 919 3855 haberet,
950 3787 1147 3843 dixerit
1188 3801 1312 3842 eum
1344 3786 1538 3843 fecisse
1579 3795 1775 3842 terram
1801 3786 1954 3856 quasi

366 3882 520 3936 nihil.
546 3879 683 3937 Cum
714 3882 856 3937 enim
876 3879 1165 3936 visibilium
1191 3877 1508 3951 magnitudo
1532 3886 1586 3934 et
1611 3877 1953 3949 pulchritudo

368 3990 477 4030 non
499 3974 634 4029 satis
657 3981 803 4029 esset
827 3972 893 4027 ad
921 3971 1194 4030 Creatoris
1225 3972 1517 4043 potentiam
1545 3971 1947 4039 declarandam,

367 4063 464 4121 sed
491 4064 662 4120 multo
690 4064 980 4120 intervallo
1019 4065 1201 4134 procul
1228 4074 1372 4119 esset
1410 4077 1440 4117 a
1490 4063 1853 4134 magnitudine
1899 4072 1956 4118 et

369 4154 565 4210 robore
591 4152 708 4224 ejus
734 4153 824 4223 qui
851 4154 963 4224 ipsa
988 4153 1324 4220 condiderat,
1356 4154 1518 4209 alium
1534 4153 1809 4224 pmpheta:
1833 4167 1955 4208 mo-

370 4248 497 4302 dum
525 4248 870 4314 invenerunt,
895 4263 1000 4316 quo
1028 4262 1126 4318 pro
1154 4245 1406 4303 facultate
1446 4261 1542 4301 sua
1584 4254 1808 4318 possent
1859 4244 1956 4300 ali-

370 4337 494 4407 quid
534 4337 771 4407 amplius
811 4335 881 4393 de
911 4337 1007 4393 Dei
1048 4337 1287 4408 potentia
1332 4337 1624 4392 declarare.
1673 4336 1953 4405 Quodnam

376 4426 539 4482 illud?
568 4426 637 4484 Ut
667 4442 774 4483 non
805 4426 966 4483 modo
992 4437 1289 4482 creatarum
1320 4442 1498 4482 rerum
1530 4426 1953 4497 magnitudinem

373 4528 731 4589 exponerent,
762 4516 857 4573 sed
881 4519 1040 4573 etiam
1080 4517 1296 4573 modum
1343 4516 1634 4572 creationis
1679 4516 1952 4582 efferrent,

374 4621 431 4663 ut
449 4625 514 4664 ex
546 4618 773 4677 utraque
791 4618 964 4679 parte,
982 4623 1104 4663 cum
1126 4624 1191 4664 ex
1214 4607 1578 4678 magnitudine
1596 4607 1952 4679 opiliciorum,

378 4712 489 4758 tum
509 4717 580 4759 ex
603 4702 893 4758 creationis
912 4701 1167 4759 facilitate
1189 4718 1285 4773 pro
1309 4710 1467 4773 captu
1512 4711 1698 4758 nostro
1737 4701 1954 4774 dignam

377 4796 643 4865 possimus
666 4793 736 4850 de
765 4795 997 4864 potentia
1029 4794 1124 4851 Dei
1154 4794 1393 4851 notitiam
1421 4795 1685 4866 accipere.
1732 4795 1810 4851 Ne
1855 4795 1956 4851 ita-

373 4899 476 4955 que
493 4884 833 4955 opificiorum
865 4885 1281 4957 magnitudinem
1322 4894 1527 4941 tantum
1556 4886 1825 4957 explores,
1861 4887 1955 4943 sed

372 4977 534 5033 etiam
582 4976 865 5033 condentis
912 4976 1242 5034 facilitatem.
1285 4977 1469 5050 Neque
1504 4980 1676 5034 solum
1720 4980 1773 5034 in
1814 4988 1956 5036 terra

376 5067 477 5124 hoc
504 5067 949 5139 deprehenditur,
983 5066 1079 5124 sed
1107 5078 1163 5122 et
1188 5068 1241 5123 in
1269 5069 1382 5140 ipsa
1418 5069 1695 5126 hominum
1722 5079 1906 5125 natura
1938 5088 1952 5123 :

377 5159 538 5217 modo
559 5161 709 5218 enim
735 5162 831 5228 ait,
858 5160 958 5228 Qui
983 5161 1201 5215 continet
1217 5176 1396 5231 gyrum
1415 5177 1586 5229 (ei-rw,
1609 5172 1654 5218 et
1676 5160 1956 5217 habitantes

376 5252 430 5305 in
455 5268 516 5309 es
540 5252 689 5324 φιωὲ
712 5253 929 5307 locustas
948 5249 1103 5325 (lsai.
1133 5252 1220 5309 40.
1249 5252 1387 5331 22);
1416 5255 1604 5324 modo,
1639 5253 1800 5322 Quasi
1818 5253 1956 5309 stilla

380 5343 544 5401 situla
588 5360 762 5399 attines
803 5353 975 5412 gentes
998 5345 1054 5415 in
1082 5358 1342 5415 conspectu
1376 5367 1496 5452 ei",
1534 5345 1697 5420 (Ibid.
1728 5362 1777 5401 υ.
1825 5345 1891 5401 15
1912 5345 1954 5415 ).

446 5504 463 5584 ⁸.
495 5510 567 5553 εκ
600 5501 741 5553 ωτι.
768 5508 821 5552 et
859 5501 1048 5565 quidam
1070 5508 1174 5574 Mss.
1207 5508 1250 5577 tn
1270 5515 1358 5596 "of
1449 5521 1591 5581 vcro
1617 5513 1664 5557 ct
1709 5504 1814 5557 aliis
1857 5504 1962 5556 hinc

446 5573 574 5618 sunt.
597 5564 788 5615 vtdesne
811 5564 1042 5618 attenuatio
1062 5564 1175 5615 mla!
1195 5566 1337 5618 dim.
1357 5545 1427 5618 ι’Ῐ·

385 5562 574 5628 desum,
597 5564 788 5615 tndem
811 5562 1042 5629 quomodo
1062 5563 1175 5615 nihil
1195 5562 1398 5697 dira};

1272 99 1358 158 DE
1397 78 2073 153 lNCOMPREllENSIBILl
2107 77 2218 135 DEI
2254 74 2558 133 NATURA.
2585 74 2646 131 ll.

3507 68 3611 126 'lib

2042 198 2122 257 Ne
2147 210 2321 253 minus
2340 192 2673 249 considerate
2699 190 2797 247 hoc
2819 189 3018 244 dictum
3048 196 3353 258 praetereas,
3401 185 3502 240 sed
3523 200 3614 239 cx-

2031 300 2154 347 cute
2192 299 2246 345 et
2297 287 2516 357 explora
2542 305 2555 341 :
2586 292 2769 354 repete
2795 297 2982 338 omnes
3009 290 3197 352 gentes
3218 321 3232 342 ,
3256 279 3420 350 Syros
3443 278 3485 342 ‘,
3528 276 3612 331 εἰ·

2038 381 2189 442 lices,
2224 377 2587 448 Cappadoces,
2621 373 2896 445 Bithynos,
2928 369 3127 425 Euxini
3166 369 3320 424 Ponti
3369 366 3572 423 incolas
3594 406 3613 432 ,

2034 470 2340 533 Thraciam,
2368 465 2749 527 Macedoniam,
2780 462 3039 519 Grmciam
3065 475 3277 515 omnem
3303 466 3358 513 et
3391 457 3611 517 insulas,

2035 562 2216 630 Italos,
2246 575 2339 616 eos
2364 560 2451 630 qui
2484 565 2608 614 sunt
2626 570 2784 627 supra
2811 554 3175 611 continentem
3219 558 3455 605 nostram
3481 590 3497 617 ,
3522 562 3616 603 eos

2035 656 2125 728 qui
2152 657 2206 711 in
2233 654 2421 710 insulis
2441 652 2783 720 Britannicis,
2809 650 3175 713 Sauromatas,
3197 644 3378 711 Indos,
3401 644 3615 709 Persas,

2035 748 2273 818 aliasque
2301 747 2611 802 innumeras
2635 751 2822 815 gentes
2842 753 2897 797 et
2922 740 3165 796 nationes
3186 752 3411 809 quarum
3433 750 3502 791 ne
3523 751 3616 789 no-

2035 839 2179 895 mina
2205 836 2421 909 quidem
2445 836 2711 892 novimus.
2740 833 2943 891 Verum
2973 831 3057 888 ha:
3082 829 3266 887 Ontnes
3293 838 3462 902 gentes
3480 844 3611 899 qua-

2035 931 2079 985 si
2105 929 2245 985 stilla
2272 928 2457 994 situlaz,
2485 927 2682 998 inquit,
2718 925 2774 979 in
2800 932 3068 995 conspectu
3105 928 3235 993 ejus.
3278 921 3450 989 Quota
3490 934 3614 990 pars

2035 1036 2096 1077 es
2133 1020 2249 1090 ejus
2268 1019 2424 1074 stillae
2452 1026 2526 1084 tu,
2555 1017 2643 1088 qui
2666 1016 2839 1072 Deum
2869 1014 3125 1070 scrutaris
3162 1012 3247 1069 cui
3272 1026 3457 1067 omnes
3482 1026 3625 1082 gens

2039 1121 2118 1167 tes
2143 1111 2294 1183 quasi
2349 1109 2488 1165 stilla
2514 1107 2727 1164 situlus?
2780 1105 2981 1177 Ecquid
3031 1111 3240 1175 Oportet
3287 1103 3355 1159 de
3380 1102 3515 1158 crclo
3567 1112 3627 1156 ct

2040 1212 2180 1260 terra
2236 1201 2418 1257 dicere
2448 1240 2464 1265 ,
2520 1199 2589 1255 de
2637 1198 2794 1264 mari,
2846 1197 3020 1268 deque
3062 1195 3337 1251 hominum
3388 1193 3621 1249 natura?

2038 1294 2408 1352 Ascendamus
2446 1292 2497 1347 in
2526 1290 2715 1347 catlum
2746 1288 2910 1345 verbo
2933 1330 2948 1355 ,
2975 1288 3299 1359 angelosque
3328 1284 3616 1345 adeamus;

2039 1389 2187 1446 scitis
2209 1388 2350 1443 enim
2375 1386 2458 1441 vel
2484 1400 2646 1439 unum
2673 1383 2916 1454 angelum
2940 1394 3264 1453 paremesse
3307 1378 3399 1434 toti
3427 1376 3632 1431 visibili-

2039 1487 2320 1545 creaturte,
2349 1479 2456 1534 imo
2471 1479 2631 1549 longe
2658 1476 3104 1548 praestantiorem.
3132 1472 3264 1529 Nam
3290 1471 3335 1528 si
3386 1468 3472 1526 vel
3515 1484 3623 1524 uno

2046 1569 2427 1640 bominejusto
2452 1578 2593 1624 totus
2620 1566 2850 1624 mundus
2878 1565 3069 1637 dignus
3106 1579 3212 1619 non
3238 1564 3325 1629 sit,
3344 1571 3406 1616 ut
3418 1560 3616 1617 Paulus

2043 1665 2279 1725 ostendit
2317 1664 2403 1719 bis
2440 1662 2639 1726 verbis,
2677 1660 2870 1728 Quibus
2910 1658 3093 1729 dignus
3112 1673 3215 1713 non
3259 1664 3366 1709 erat
3404 1652 3625 1706 mundus

2044 1757 2229 1831 (Hebr.
2254 1757 2465 1822 11.58).
2488 1753 2659 1809 multo
2683 1751 2862 1807 minus
2885 1749 3074 1821 angelo
3103 1748 3297 1818 dignus
3315 1745 3417 1801 erit
3447 1761 3461 1797 :
3517 1757 3617 1797 an-

2042 1850 2147 1922 geli
2173 1850 2369 1921 quippe
2389 1849 2556 1903 multo
2584 1845 2983 1917 prustantiores
3007 1849 3133 1898 sunt
3147 1840 3327 1912 justis.
3379 1839 3626 1893 Attamen

2042 1944 2231 1999 decem
2261 1940 2458 1997 millies
2476 1938 2619 1996 dena
2667 1938 2832 1997 millia
2877 1935 3188 2005 angelorum
3225 1944 3437 1987 sursum
3480 1935 3625 1991 sunt,

2044 2042 2100 2090 et
2125 2034 2290 2088 millia
2316 2031 2540 2087 millium
2590 2028 3068 2099 archangelorum;
3114 2026 3346 2094 itemque
3386 2020 3630 2085 Throni,

2046 2125 2466 2191 Dominationes,
2498 2123 2832 2192 Principatus
2859 2128 2913 2176 et
2938 2119 3258 2181 Potestates,
3281 2123 3442 2185 atque
3470 2114 3627 2168 innu—

2046 2218 2183 2274 meri
2227 2216 2661 2285 incorporearum
2692 2212 2957 2267 Virtutmn
3000 2207 3180 2279 populi
3204 2205 3481 2274 tribusque
3531 2203 3617 2258 ins-

2046 2307 2374 2365 enarrabiles
2400 2323 2414 2361 :
2446 2319 2739 2375 omnesque
2765 2303 2882 2358 illas
2911 2301 3141 2356 Virtutes
3166 2313 3286 2354 eum
3318 2304 3460 2352 tanta
3490 2292 3626 2349 iaci-

2047 2401 2199 2456 litate
2243 2398 2503 2464 condidit,
2550 2405 2747 2467 quanta
2794 2394 2969 2450 nullus
3014 2407 3193 2449 sermo
3241 2398 3414 2461 potest
3453 2387 3629 2457 expri-

2048 2508 2217 2549 mere.
2247 2489 2390 2549 Satis
2417 2489 2560 2546 enim
2584 2488 2656 2543 illi
2680 2486 2863 2543 fnitiut
2888 2486 3071 2549 vellet,
3102 2494 3157 2539 et
3186 2483 3322 2538 sicut
3344 2480 3484 2550 apud
3530 2492 3631 2532 nos

2051 2585 2294 2640 voluntas
2319 2581 2453 2639 nihil
2478 2580 2675 2635 laboris
2702 2577 2876 2644 affert,
2908 2578 2987 2631 sic
3015 2575 3161 2631 nullo
3191 2575 3305 2643 ipse
3329 2572 3515 2627 labore
3551 2578 3629 2623 tot

2050 2683 2333 2745 tantasque
2359 2672 2594 2728 Virtutes
2613 2668 2874 2725 condidit.
2898 2666 3049 2735 Quod
3076 2665 3354 2721 declarans
3377 2660 3631 2731 propheta

2049 2767 2281 2831 dicebat,
2306 2764 2493 2819 Omnia
2530 2776 2856 2835 quaecumque
2880 2758 3035 2813 voluit
3065 2756 3182 2826 fecit
3228 2754 3281 2809 in
3321 2751 3446 2808 caelo
3490 2760 3534 2804 et
3578 2750 3631 2819 in

2052 2866 2188 2915 terra
2220 2853 2392 2928 (Psal.
2422 2853 2543 2909 154.
2567 2851 2648 2922 6).
2679 2849 2866 2907 Viden’
2895 2864 2999 2903 non
3048 2846 3114 2902 ad
3154 2856 3486 2905 terrenarum
3513 2849 3633 2897 tan-

2053 2955 2164 3003 tum
2194 2960 2372 3000 rerum
2402 2942 2746 3006 creationem,
2779 2939 2872 2997 sed
2899 2939 3057 2994 etiam
3086 2936 3154 2995 ad
3196 2935 3521 2992 creationem
3548 2948 3635 2988 stt-

2053 3050 2341 3108 pernarum
2382 3031 2648 3089 Virtutum
2691 3031 2821 3086 satis
2869 3029 3031 3084 fuisse
3080 3027 3222 3083 illius
3269 3024 3639 3080 voluntatem?

2053 3127 2180 3184 Haec
2196 3140 2317 3181 cum
2333 3124 2507 3187 audis,
2531 3137 2638 3178 non
2665 3122 2891 3192 teipsum
2921 3119 3191 3189 deploras,
3221 3117 3309 3173 dic
3335 3112 3498 3170 mihi?
3526 3127 3636 3168 nou

2055 3217 2175 3275 tein
2199 3224 2395 3271 terram
2417 3210 2625 3269 defodis
2644 3221 2699 3269 et
2722 3210 2935 3277 obruis,
2980 3224 3102 3266 cum
3145 3209 3196 3262 in
3248 3214 3449 3261 tantum
3487 3217 3636 3259 arro-

2055 3306 2249 3379 gantiae
2277 3304 2602 3375 proruperis,
2626 3312 2686 3358 ut
2712 3316 2832 3358 eum
2859 3316 3017 3372 quem
3053 3297 3352 3371 glorificare
3375 3304 3429 3351 et
3446 3293 3636 3350 adora-

2056 3413 2116 3454 re
2150 3397 2324 3453 solum
2362 3396 2443 3451 fas
2489 3402 2609 3462 est,
2651 3392 2802 3464 quasi
2842 3406 3000 3447 unam
3036 3388 3412 3447 vilissitnarum
3453 3400 3630 3440 rerum

2057 3488 2312 3545 scruteris
2335 3495 2390 3543 et
2417 3483 2871 3556 comprehendere
2898 3480 3150 3540 coneris?
3177 3479 3300 3536 Ideo
3343 3488 3397 3533 et
3440 3475 3638 3533 Paulus

2056 3581 2224 3639 multa
2276 3580 2461 3651 plenus
2488 3577 2772 3647 sapientia,
2804 3573 3271 3644 incomparabilem
3312 3569 3407 3626 Dei
3455 3568 3638 3624 excel-

2059 3671 2302 3738 lentiam,
2330 3668 2593 3738 simulque
2617 3667 2863 3723 humanae
2888 3674 3088 3723 natura:
3112 3664 3366 3719 vilitatem
3394 3660 3639 3723 intuitus,

2058 3763 2466 3835 indignatusque
2501 3760 2757 3815 adversus
2785 3772 2880 3813 eos
2908 3757 2999 3827 qui
3039 3756 3155 3826 ejus
3187 3753 3640 3824 dispensationem

2058 3853 2323 3917 curiosius
2346 3853 2710 3923 explorarent,
2732 3865 2844 3904 rem
2876 3848 3102 3903 moleste
3130 3845 3312 3902 ferens
3335 3859 3455 3903 cum
3474 3843 3641 3899 multa

2058 3944 2398 4002 vehementia
2425 3942 2673 3999 dicebat:
2707 3939 2752 3996 Ο
2789 3940 2957 4005 Ιιοηιο,
2988 3950 3041 3993 tu
3070 3939 3183 4006 quis
3202 3954 3254 3992 es
3278 3980 3294 4004 ,
3320 3936 3405 4006 qui
3432 3951 3643 4005 respuit.

2060 4037 2181 4093 deas
2206 4034 2317 4093 Deo
2339 4034 2513 4109 (Rom.
2544 4032 2597 4089 9.
2623 4030 2753 4104 20)?
2781 4031 2860 4086 Tu
2887 4029 3006 4101 quis
3035 4029 3133 4084 es?
3159 4028 3330 4098 cogita
3359 4026 3505 4096 prius
3543 4038 3639 4079 na-

2063 4136 2235 4181 turam
2264 4134 2406 4180 tuam
2433 4141 2446 4177 :
2479 4122 2683 4177 nullum
2712 4121 2908 4191 quippe
2937 4135 3131 4174 nomen
3162 4124 3337 4187 potest
3382 4126 3525 4169 tuam
3563 4115 3643 4168 νὶ-

2060 4216 2261 4271 litatem
2288 4214 2584 4269 declarare.

2131 4308 2185 4364 5.
2217 4304 2530 4361 Contumelia
2570 4302 2735 4357 Deum
2775 4302 2939 4374 afﬁcit
2960 4301 3002 4355 is
3027 4301 3113 4372 qui
3155 4299 3488 4354 substantiam
3533 4296 3645 4365 eius

2060 4395 2307 4451 curiosius
2343 4393 2590 4464 explorat.
2621 4421 2695 4433 ——
2720 4391 2792 4447 At
2834 4390 3002 4459 dices,
3026 4390 3199 4446 Homo
3235 4404 3352 4444 sum
3398 4389 3642 4444 libertate

2061 4486 2374 4541 honoratus.
2396 4483 2555 4556 Atqui
2586 4482 2878 4536 honoratus
2896 4496 2977 4548 es,
3007 4495 3112 4539 non
3134 4489 3192 4536 ut
3217 4496 3280 4536 ea
3305 4480 3548 4536 libertate
3576 4477 3648 4532 ad

2061 4575 2484 4649 repugnandum,
2512 4572 2608 4630 sed
2649 4582 2710 4629 ut
2753 4573 2845 4629 illo
2890 4572 3093 4628 honore
3136 4571 3204 4627 ad
3247 4569 3644 4641 obsequendum

2062 4666 2380 4734 honoranti,
2437 4676 2490 4723 te
2529 4666 2778 4723 utereris.
2821 4665 3112 4721 Honoravit
3154 4672 3207 4719 te
3253 4664 3413 4730 Deus,
3446 4678 3549 4716 non
3590 4671 3647 4716 ut

2125 4762 2144 4795 ί
2177 4768 2338 4825 Longe
2361 4761 2594 4825 majorem
2625 4758 2847 4825 gentium
2869 4755 3288 4825 enumerationem
3306 4753 3481 4825 extulit
3505 4753 3562 4825 id
3574 4751 3649 4825 -

2061 4812 2415 4887 terpretaTiorie
2432 4812 2521 4872 Sua
2541 4812 2822 4887 Tltéfodorus
2847 4825 2997 4878 Gaza;
3023 4828 3199 4887 nempe
3220 4812 3291 4865 sic
3306 4822 3502 4887 :_syros,
3634 4836 3648 4848 -

2060 4877 2160 4952 res,
2182 4882 2505 4952 Cappadoces,
2552 4877 2797 4945 tithynos,
2835 4887 3009 4952 mysos,
3054 4877 3649 4952 Plltl’yges,"dlwgn_ef,1.y~

2061 4937 2187 5010 cies,
2203 4937 2523 5010 Painphylios,
2552 4937 2699 5010 tonsi,
2727 4937 2968 5010 Assyriis,
2986 4937 3178 4999 Arabes;
3186 4937 3377 4997 "Indos,
3389 4937 3647 5010 ςῆςῃριξοδ.

2061 5001 2527 5073 ιΕιΙίὶορςε,Ῥὢηοε;
2568 5001 2837 5073 ῌίδρωιοδζ,
2863 5003 3038 5073 anuos,
3059 5010 3356 5073 germanos,
3382 5004 3643 5073 Sarmatas,

2062 5058 2345 5128 Fumantes.
2368 5058 2689 5128 Sauromatas,
2713 5058 3241 5128 Massagetas,'rlenique
3252 5058 3413 5128 anates
3436 5058 3648 5128 Scythas,

2061 5121 2376 5196 agentesque
2397 5127 2525 5179 ultra
2538 5121 2815 5196 4quilouem
2842 5121 2995 5177 {item
3012 5121 3237 5196 gittarius,
3248 5122 3426 5194 Iberos,
3433 5121 3640 5196 naenia:

2210 5181 2425 5251 Caspias,
2462 5181 2643 5249 Medos,
2679 5195 2872 5251 Persas,
2916 5189 3113 5251 Parthos
3130 5218 3147 5245 ,
3192 5181 3471 5251 Armenias,
3511 5181 3648 5232 Ponti

2064 5247 2241 5306 mm
2262 5247 2439 5302 eiciam
2458 5247 2690 5301 omnes'et
2706 5247 2910 5309 incolas,
2939 5247 3167 5309 Thraces,
3186 5248 3499 5309 accedam,
3511 5251 3647 5309 prm-

2063 5329 2143 5380 eos
2164 5325 2361 5380 quin“;
2383 5312 2512 5363 adde
2555 5311 2777 5380 annum,
2814 5305 3036 5380 Dacians,
3073 5305 3648 5380 Dalmatiamjtalium;

2062 5367 2246 5430 insulas
2259 5367 2420 5425 omnes
2441 5380 2540 5424 tam
2559 5367 2802 5434 interioris
2845 5367 3030 5430 maris,
3056 5384 3203 5434 quam
3238 5367 3515 5434 exterioris,
3547 5379 3646 5417 cre-

2065 5446 2284 5499 terosque
2306 5432 2677 5499 innumerabiles
2707 5438 2899 5496 gentes,
2926 5441 3040 5499 etc.
3071 5430 3184 5499 'sed_
3208 5430 3541 5499 nescio__unde
3564 5441 3651 5479 es-

2068 5489 2303 5563 jiiscat'us:
2330 5510 2502 5549 omnes
2513 5498 2695 5568 quippe
2708 5489 3026 5565 itanuseripti,
3041 5493 3205 5544 Morel.
3226 5500 3279 5544 et
3294 5489 3432 5542 savii.
3449 5491 3653 5553 idipsum

2071 5561 2294 5611 alterum.
2323 5556 2454 5611 nullo
2473 5559 2765 5611 discruuine.
2794 5556 2920 5611 quod
2946 5569 2995 5606 tn
3013 5563 3157 5609 testu
3178 5555 3374 5611 legitur.

2071 5555 2294 5624 ἔσει-ραι,
2323 5556 2454 5611 nullo
2473 5555 2765 5620 diSa'ithine,
2794 5556 2920 5622 quod
2943 5555 2995 5606 in
3013 5563 3157 5609 testu
3178 5555 3374 5620 legitur.
