3944 6202
415 189 516 245 713

413 305 558 359 illum
580 300 899 360 contumelia
929 302 1187 366 afﬁceres,
1218 301 1310 357 sed
1341 310 1396 355 ut
1420 301 1773 371 gloriﬁcares;
1806 310 1993 355 contu—

414 396 569 450 tnelia
599 409 724 450 vero
751 393 913 449 aflicit
952 394 997 447 is
1043 393 1132 463 qui
1182 392 1528 446 substantiam
1573 392 1691 462 ejus
1732 393 1993 447 curiosius

413 486 677 555 explorat.
700 484 830 539 Nam
871 485 937 550 si,
974 483 1099 539 dntn
1143 484 1400 553 promissa
1439 484 1554 553 ejus
1599 486 1990 554 noncxploras,

411 577 559 630 illum
590 576 755 647 gloria
776 574 975 640 ofﬁcis;
1002 574 1127 629 dum
1182 575 1431 644 exploras
1468 584 1522 630 et
1568 576 1774 631 curiose
1816 578 1990 647 inqui-

410 669 507 734 ris,
552 682 658 722 non
696 667 987 721 sententias
1030 665 1188 720 tuodo
1228 668 1365 734 ejus,
1396 667 1487 720 sed
1527 668 1686 722 etiam
1734 684 1855 722 eum
1901 670 1991 739 qui

410 761 553 829 ipsas
600 759 818 829 protulit
854 759 1115 814 dedecore
1158 759 1344 813 allicis.
1397 759 1547 826 Quod
1595 770 1774 815 autem
1821 763 1989 817 Deum

406 850 713 921 gloriﬁcetis
737 850 826 921 qui
867 851 982 921 ejus
1029 851 1288 921 promissa
1326 866 1428 905 non
1469 852 1676 906 curiose
1704 864 1987 921 scrutatur,

406 943 527 997 audi
546 941 764 997 Paulum
782 942 849 998 de
876 944 1177 999 Abrahamo
1196 944 1369 1016 deque
1389 946 1503 1015 ejus
1524 944 1823 1000 obcdientia
1854 946 1990 1001 ﬁde-

406 1052 509 1103 que
532 1036 583 1089 in
604 1035 850 1090 omnibus
880 1035 1142 1091 dicentem
1176 1054 1188 1089 :
1223 1037 1563 1092 Consideravit
1590 1037 1789 1106 quidem
1809 1053 1991 1107 corpus

404 1144 551 1180 suum
586 1139 883 1193 emortuum,
908 1138 951 1180 et
995 1138 1273 1182 emortuam
1300 1130 1497 1182 vulvam
1529 1128 1678 1184 Sorte
1699 1146 1718 1183 :
1741 1145 1909 1183 verum
1936 1130 1991 1183 in

406 1218 791 1287 repromissione
830 1218 924 1272 Dei
961 1237 1059 1272 non
1098 1221 1342 1275 htesitavit
1391 1221 1697 1292 di/ﬁdentia,
1743 1219 1832 1275 sed
1867 1238 1992 1276 con-

408 1312 622 1379 fortatus
668 1320 739 1365 est
781 1311 1077 1381 ﬁde(llom.
1106 1311 1162 1366 4.
1206 1311 1315 1382 19).
1360 1311 1558 1367 Natura
1601 1322 1655 1367 et
1700 1323 1864 1375 aetas,
1900 1314 1981 1367 in-

404 1399 538 1469 quit,
558 1401 609 1454 in
636 1400 1059 1470 desperationem
1088 1402 1257 1472 ipsum
1302 1403 1675 1473 conjiciebant,
1717 1402 1810 1457 sed
1856 1402 1988 1456 ﬁdes

404 1506 552 1559 spem
596 1491 787 1545 bonam
836 1493 1205 1548 substituebat.
1228 1492 1332 1548 Sed
1372 1496 1686 1565 confortatus
1707 1502 1778 1547 est
1807 1494 1859 1546 in
1884 1492 1988 1561 ﬁde

405 1585 533 1635 dans
553 1583 767 1652 gloriam
804 1582 934 1649 Deo,
968 1592 1017 1637 et
1032 1584 1321 1652 plenissime
1342 1583 1502 1637 sciens
1527 1584 1646 1653 quia
1668 1598 1989 1653 qutecumque

405 1675 633 1741 promisit
658 1684 831 1743 potens
846 1684 918 1729 est
946 1684 991 1728 et
1032 1677 1196 1745 facere
1216 1674 1378 1744 (Ibid.
1406 1690 1453 1727 υ.
1476 1672 1591 1743 20).
1622 1672 1813 1728 Vident
1840 1688 1983 1739 eum,

403 1764 492 1833 qni
522 1765 716 1818 certior
742 1773 824 1819 est
847 1764 914 1820 de
952 1765 1109 1818 rebus
1139 1780 1167 1818 a
1198 1765 1306 1820 Deo
1349 1765 1587 1836 prolatis,
1613 1764 1835 1834 gloriam
1876 1764 1986 1819 Deo

402 1857 564 1911 dare?
588 1856 644 1913 Si
675 1857 850 1927 itaque
877 1857 942 1925 is,
963 1857 1051 1925 qui
1097 1858 1206 1913 Deo
1245 1856 1439 1922 credit,
1470 1857 1690 1926 gloriam
1732 1857 1831 1926 ipsi
1872 1856 1981 1923 dat,

402 1950 489 2017 qui
522 1963 625 2003 non
651 1948 819 2003 credit
859 1950 976 2018 ipsi,
1009 1949 1381 2004 coxtttnneliam
1414 1950 1557 2004 illam
1598 1952 1648 2004 in
1676 1965 1830 2004 suum
1872 1951 1985 2020 ipse

401 2054 458 2093 ea
466 2050 557 2109 put
572 2040 853 2094 convertit.
877 2038 956 2093 Tu
975 2041 1084 2109 quis
1105 2057 1173 2105 es,
1193 2042 1277 2111 qui
1302 2039 1405 2093 Deo
1427 2041 1764 2111 respondeas?
1784 2040 1983 2097 Deinde

402 2141 459 2185 ttt
484 2130 727 2186 ostendat
754 2140 1008 2202 quantutn
1038 2132 1107 2185 sit
1145 2133 1307 2187 Deum
1354 2133 1492 2187 inter
1517 2144 1569 2187 et
1597 2134 1864 2189 hominem
1896 2135 1981 2190 in-

402 2224 701 2288 tervallum,
734 2224 786 2280 id
812 2224 1141 2280 demonstrat
1170 2241 1271 2279 non
1308 2225 1517 2295 quidem
1544 2236 1799 2297 quantum
1824 2243 1984 2299 opor-

400 2322 551 2380 teret,
582 2314 675 2370 sed
705 2324 882 2371 tamen
904 2330 972 2371 ex
1002 2316 1275 2386 proposito
1316 2316 1565 2386 exemplo
1612 2317 1767 2388 longe
1812 2318 1982 2388 majus

397 2404 681 2460 discrimen
709 2421 828 2461 esse
861 2406 1081 2477 intelligi
1113 2415 1304 2476 potest.
1323 2406 1459 2475 Quid
1492 2408 1649 2477 igitur
1672 2408 1784 2463 ait?
1814 2407 1984 2461 Num-

397 2495 518 2565 quid
535 2496 665 2549 dicet
686 2497 977 2565 ﬁgmentum
1002 2497 1048 2550 ei
1071 2496 1158 2567 qui
1175 2513 1229 2550 se
1247 2498 1413 2567 ﬁnxit,
1434 2498 1567 2565 Quid
1597 2515 1673 2552 me
1696 2499 1855 2566 fecisti
1874 2498 1980 2553 sic?

398 2588 580 2640 Annon
606 2587 749 2638 habet
771 2595 1058 2655 potestatem
1086 2587 1272 2657 ﬁgulus
1294 2588 1386 2641 luti
1406 2604 1468 2641 ea:
1505 2590 1677 2642 eadem
1702 2607 1869 2645 massa
1895 2595 1979 2662 fa-

397 2695 509 2732 cere
529 2678 672 2730 aliud
707 2678 905 2747 quidem
944 2694 1029 2732 uas
1070 2679 1121 2733 in
1162 2680 1421 2745 honorem,
1462 2682 1603 2734 aliud
1637 2682 1688 2734 in
1726 2691 1984 2735 contume-

399 2769 519 2820 liam
543 2768 714 2839 (Rom.
734 2768 1029 2839 9.20.2l)?
1053 2769 1186 2835 Quid
1214 2770 1330 2824 ais?
1361 2770 1500 2825 itane
1529 2772 1636 2825 Deo
1666 2771 1836 2827 debeo
1856 2772 1981 2827 sub-

396 2860 504 2927 jici,
538 2869 593 2913 ut
633 2859 798 2914 lutum
853 2860 1050 2930 ﬁgulo?
1077 2860 1148 2915 ita
1174 2901 1188 2925 ,
1232 2860 1438 2931 inquit:
1470 2870 1670 2916 tantum
1717 2863 1857 2917 enim
1896 2871 1980 2917 est

402 2954 565 3006 lleum
594 2953 731 3008 inter
760 2963 814 3009 et
839 2953 1107 3008 hominem
1145 2954 1500 3019 intervallum,
1538 2965 1791 3025 quantum
1839 2958 1981 3010 inter

397 3042 562 3097 lutum
601 3054 655 3098 et
678 3042 927 3114 ﬁgulum;
959 3045 1042 3099 vol
1081 3046 1274 3114 potius,
1303 3062 1406 3099 non
1440 3055 1663 3113 tantum,
1692 3046 1785 3101 sed
1814 3046 1980 3102 multo

397 3134 587 3203 majus.
621 3134 741 3189 Luti
777 3136 918 3190 enim
942 3144 995 3191 et
1023 3136 1163 3206 ﬁguli
1209 3135 1394 3191 eadem
1441 3137 1733 3190 substantia
1782 3146 1891 3200 est,
1919 3148 1980 3192 ut

394 3224 533 3295 apud
563 3225 662 3282 Job
689 3226 881 3281 dicitur
912 3243 926 3280 :
957 3225 1105 3292 Sino,
1141 3227 1328 3296 inquit,
1356 3226 1635 3279 habitantes
1678 3227 1853 3279 domos
1892 3226 1978 3280 lu-

399 3327 522 3381 teas,
553 3334 615 3371 ex
639 3334 738 3386 quo
762 3327 807 3370 et
836 3316 934 3387 ipsi
970 3332 1141 3370 sumus
1171 3332 1233 3370 ex
1272 3316 1441 3369 eodem
1487 3316 1591 3369 luto
1622 3315 1741 3387 (Job
1785 3318 1838 3371 4.
1864 3317 1975 3387 19).

395 3407 547 3474 Quod
578 3408 622 3461 si
652 3407 810 3460 homo
836 3406 1171 3476 praestantior
1193 3406 1303 3460 luto
1323 3415 1374 3459 ct
1393 3405 1675 3460 formosior
1703 3414 1974 3475 appareat,

394 3496 749 3551 tliﬁ‘erentiam
776 3511 882 3551 non
908 3495 1191 3550 diversitas
1230 3506 1454 3559 naturae,
1488 3495 1581 3550 sed
1625 3496 1841 3552 artiﬁcis
1888 3512 1977 3551 sa-

398 3586 591 3655 pientia
618 3586 741 3641 fecit
761 3603 773 3639 :
795 3585 847 3640 in
869 3586 1013 3640 nullo
1026 3586 1218 3656 quippe
1238 3585 1457 3641 diﬁ'ersa
1475 3587 1615 3651 luto;
1645 3587 1783 3657 quod
1806 3588 1848 3642 si
1873 3602 1976 3641 non

395 3678 591 3744 credis,
616 3677 668 3731 id
710 3678 803 3732 tibi
849 3678 1201 3748 persuadeant
1241 3679 1423 3733 tumuli
1449 3689 1499 3734 et
1530 3694 1678 3734 urnae
1705 3679 1979 3749 sepulcra-

396 3771 494 3825 les.
525 3768 655 3824 Naln
684 3770 728 3825 si
757 3772 997 3842 sepulcra
1028 3772 1287 3840 majorum
1319 3782 1524 3826 tuorum
1554 3772 1741 3836 adeas,
1774 3772 1887 3827 bmc
1906 3773 1976 3829 ita

396 3874 455 3915 se
481 3860 675 3916 habere
702 3861 1093 3932 deprehendes.
1121 3863 1261 3918 lntcr
1283 3864 1446 3918 lutum
1478 3864 1653 3935 itaque
1677 3876 1730 3919 et
1760 3863 1977 3935 ﬁgulum

395 3954 691 4009 diﬁ'erentia
721 3956 861 4011 nulla
890 3974 903 4010 :
938 3957 1076 4011 inter
1108 3957 1198 4012 Dei
1239 3973 1366 4012 vero
1394 3968 1447 4013 et
1473 3957 1704 4013 hominis
1728 3959 1977 4013 substan~

399 4046 524 4102 tiam
569 4056 770 4102 tantum
815 4048 1148 4103 intervallum
1193 4059 1295 4116 est,
1329 4059 1582 4119 qnantutn
1615 4065 1714 4105 nec
1737 4051 1977 4105 oratione

395 4154 635 4206 narrare,
668 4155 767 4195 nec
795 4149 975 4196 mente
1002 4142 1266 4196 testimare
1297 4157 1599 4212 possumus.
1622 4142 1978 4209 Quemadmo-

395 4230 520 4286 dum
540 4232 697 4303 igitur
712 4233 878 4288 lutum
903 4233 1043 4304 liguli
1066 4249 1271 4300 manus,
1287 4248 1622 4305 quocumque
1639 4234 1726 4291 ille
1743 4236 1973 4302 duxerit,

394 4324 677 4394 sequitur:
710 4325 781 4379 ita
823 4332 878 4380 et
901 4333 956 4381 tu
1004 4325 1095 4379 luti
1142 4326 1309 4381 instar
1356 4336 1533 4382 mutus
1576 4338 1720 4392 esto,
1765 4327 1977 4403 quando

396 4413 535 4468 Deus
575 4414 771 4485 aliquid
810 4415 1117 4485 dispensare
1152 4417 1397 4472 voluerit.
1429 4417 1612 4488 Neque
1652 4428 1827 4474 tamen
1859 4418 1977 4473 ideo

396 4503 593 4557 Paulus
618 4503 731 4558 haec
756 4504 909 4571 dixit,
938 4514 996 4559 ut
1024 4506 1327 4561 facultatem
1358 4516 1594 4563 nostram
1626 4510 1856 4575 tolleret,
1886 4518 1979 4563 aut

397 4592 620 4645 liberum
669 4591 947 4647 arbitrium
988 4594 1351 4664 labefactaret,
1399 4598 1572 4664 absit;
1622 4600 1715 4653 sed
1745 4608 1975 4655 utarro-

393 4684 625 4753 gantiam
656 4693 891 4739 nostram
918 4686 1088 4757 magis
1116 4690 1387 4759 magisque
1412 4701 1702 4746 coerceret.
1736 4692 1931 4747 Verum
1958 4735 1973 4761 ,

393 4776 438 4830 si
472 4774 666 4844 placet,
695 4774 972 4831 videamus
1006 4778 1255 4847 quidnam
1283 4780 1381 4848 ipsi
1409 4781 1647 4836 ediscere
1676 4782 1972 4848 voluerint;

395 4866 467 4925 ita
494 4876 551 4921 ut
587 4867 732 4937 ipsos
772 4867 966 4924 Paulus
1008 4879 1111 4924 tam
1155 4869 1499 4925 vehementer
1537 4872 1863 4931 refrtenarct.
1892 4876 1975 4931 An

392 4954 751 5015 substantiam
772 4951 866 5010 Dei
897 4958 1269 5015 scrutabantur
1300 4959 1325 5012 Ἰ
1370 4958 1710 5030 Nequaquam
1761 4980 1774 5015 :
1822 4978 1978 5018 nemo

390 5046 533 5100 enim
561 5047 609 5100 id
629 5062 877 5119 umquam
907 5063 1068 5103 ausus
1093 5057 1189 5104 est.
1205 5050 1309 5111 Sed
1336 5050 1477 5120 quod
1501 5051 1655 5121 longe
1679 5053 1853 5108 minus
1874 5064 1974 5123 est,

393 5136 508 5206 ejus
535 5136 956 5209 dispensationes
980 5141 1387 5207 scrutabantur;
1416 5142 1564 5197 verbi
1602 5145 1789 5215 gratia,
1814 5160 1978 5214 quare

393 5228 541 5283 illum
564 5232 790 5299 puniret,
812 5230 949 5285 illius
969 5232 1339 5297 misereretur;
1358 5250 1522 5303 quare
1547 5235 1691 5289 illum
1720 5236 1976 5306 supplicio

393 5321 609 5383 eximat,
629 5321 770 5377 hunc
794 5322 846 5378 in
876 5324 1129 5379 aerumnis
1157 5326 1327 5391 sinat;
1352 5342 1516 5395 quare
1548 5327 1637 5383 ille
1670 5330 1877 5384 veniam
1907 5331 1977 5385 sit

391 5422 771 5480 ennseqnutus,
803 5414 887 5467 lnc
930 5414 1167 5470 minime.
1203 5415 1326 5471 [hec
1351 5426 1404 5471 et
1428 5418 1620 5474 similia
1640 5421 1969 5490 qurerebant.

395 5498 669 5557 Undenam
710 5503 760 5557 id
794 5504 1027 5574 liqueat?
1065 5506 1143 5560 Ex
1182 5507 1622 5577 przeccdenﬁbus.
1654 5511 1785 5569 Cum
1822 5513 1963 5567 enim

395 5588 614 5653 dixisset
635 5610 647 5645 :
669 5591 804 5673 Ergo
819 5610 964 5671 quem
987 5596 1088 5657 vult
1110 5598 1447 5666 miseratur,et
1462 5616 1603 5670 quem
1620 5602 1723 5656 vult
1739 5602 1961 5658 indurat.

1120 188 1176 243 S.
1217 184 1491 243 JOANNIS
1520 184 1995 243 CHRYSOS'I'OMI
2036 184 2350 242 AllClllEP.
2392 182 2931 249 CONSTANTINOP.
3525 214 3607 273 τίς

2103 298 2253 353 Dices
2280 302 2446 366 itaque
2472 302 2614 367 mihi,
2650 302 2784 369 Quid
2808 304 2976 359 adhuc
2991 288 3255 372 queritur?
3274 314 3488 375 voluntati
3506 328 3614 383 cuius

2098 391 2206 460 ejus
2226 395 2336 488 quis
2352 394 2534 488 resistit
2557 394 2733 465 (Rom.
2826 396 2918 488 18ἶ
2936 397 3065 488 i9)
3087 408 3205 455 tunc
3226 402 3403 474 intulit,
3420 412 3457 464 υ
3472 414 3613 488 homo,

2099 489 2152 533 tu
2180 480 2292 549 quis
2335 498 2404 545 es,
2430 484 2514 552 qui
2553 485 2857 555 respondeas
2887 486 2989 541 Deo
3016 486 3122 558 (Ib.
3144 506 3190 544 υ.
3211 489 3337 564 20)?
3361 498 3453 555 Eos
3486 480 3616 573 igitui

2097 572 2188 641 qui
2214 572 2636 643 dispensationes
2663 576 2754 631 Dei
2784 580 3157 636 scrutabantur
3197 572 3615 658 repriutitPaulus.

2098 662 2341 719 Profecto
2369 682 2436 720 ne
2462 666 2513 721 id
2542 668 2752 738 quidem
2778 669 2880 725 illis
2906 673 3166 739 concedit,
3199 685 3250 730 tu
3296 693 3413 734 vero
3446 684 3618 743 beatam

2096 752 2242 809 illam
2275 755 2623 812 substantiam
2664 761 2842 815 omnia
2865 760 3255 832 dispensantem
3281 771 3471 827 curiose
3497 789 3619 830 scru-

2098 846 2258 900 taris?
2282 861 2461 903 annon
2487 858 2538 904 te
2563 852 2828 906 sexcentis
2848 850 3154 909 fulminibus
3193 856 3395 926 dignum
3432 870 3623 920 censes?

2095 937 2363 1006 quomodo
2386 938 2563 993 nonid
2589 949 2841 996 extrema:
2865 941 3149 999 dementia:
3179 945 3358 1001 fuerit?
3387 952 3506 1006 Audi
3534 969 3625 1023 pro-

2096 1025 2342 1096 phetam,
2384 1029 2469 1084 vel
2517 1030 2690 1099 potius
2734 1032 2901 1087 Deum
2948 1034 3210 1091 dicentem
3242 1054 3255 1089 :
3286 1038 3346 1093 Si
3385 1039 3523 1096 Pater
3552 1062 3625 1115 ego

2093 1133 2226 1184 sum,
2244 1119 2327 1173 ubi
2344 1130 2416 1173 est
2435 1118 2599 1190 gloria
2616 1138 2727 1175 mea
2744 1122 2769 1176 2’
2788 1133 2835 1176 et
2850 1125 2892 1177 si
2903 1124 3150 1181 Dominus
3164 1144 3251 1199 ego
3270 1146 3393 1198 sum,
3410 1134 3485 1186 ubi
3504 1146 3565 1188 est
3577 1138 3628 1189 ti-

2094 1226 2205 1263 mor
2222 1227 2359 1265 mens
2388 1211 2686 1281 (Malae/Li
2720 1214 2804 1285 6)?
2830 1216 2926 1283 Qui
2949 1218 3091 1273 enim
3119 1222 3319 1289 metuit,
3339 1239 3434 1278 non
3449 1227 3627 1284 curiose

2091 1310 2375 1368 scrutatur,
2406 1304 2501 1359 sed
2534 1306 2751 1372 adorat;
2782 1324 2885 1363 non
2915 1311 3122 1366 curiose
3153 1312 3383 1383 inquirit,
3409 1317 3495 1371 sed
3534 1319 3629 1374 lau-

2090 1393 2183 1448 dat
2210 1405 2264 1450 et
2283 1396 2559 1465 gloriﬁcat.
2592 1398 2717 1453 Haec
2745 1409 2796 1454 te
2819 1400 3044 1457 doceant
3073 1412 3127 1457 ct
3150 1420 3385 1473 supernae
3412 1407 3627 1475 Virtutes,

2090 1492 2144 1539 ct
2186 1484 2372 1541 beatus
2411 1486 2606 1543 Paulus
2638 1507 2652 1542 :
2683 1506 2789 1544 non
2829 1492 2972 1546 enim
3019 1506 3140 1547 cum
3188 1493 3286 1549 hac
3329 1496 3393 1551 de
3434 1513 3487 1552 re
3519 1499 3630 1555 alios

2093 1575 2351 1646 increpat,
2371 1578 2483 1647 ipse
2502 1580 2691 1635 eodem
2712 1597 2817 1652 quo
2846 1582 2923 1637 illi
2958 1582 3118 1639 modo
3144 1585 3361 1640 allectus
3385 1598 3479 1643 est.
3518 1591 3631 1645 Audi

2089 1668 2218 1738 quid
2244 1669 2671 1739 Pbilippensibus
2702 1672 2865 1739 dicat,
2896 1689 3016 1729 cum
3042 1675 3276 1730 declarat
3300 1691 3357 1731 se
3384 1679 3635 1747 particula-

2090 1760 2204 1812 rem
2243 1758 2517 1814 scientiam
2562 1760 2759 1818 habere
2787 1782 2800 1817 :
2827 1766 3271 1833 quemadmodum
3301 1777 3353 1823 et
3378 1768 3636 1826 Corinthiis

2087 1848 2327 1905 scribens
2352 1850 2580 1918 dicebat,
2598 1852 2679 1907 Ea:
2690 1864 2831 1925 parte
2850 1858 3195 1927 cognoscimus
3226 1860 3299 1930 (l.
3327 1860 3438 1914 Cor.
3465 1862 3542 1916 i3.
3568 1864 3638 1931 9),

2090 1948 2257 1995 totum
2278 1956 2405 1996 vero
2435 1944 2669 2000 nondum
2703 1964 2717 2001 :
2744 1954 2800 2001 et
2824 1963 2961 2001 nunc
3000 1947 3180 2017 infert,
3222 1948 3442 2015 Fratres,
3470 1969 3551 2021 ego
3574 1970 3639 2008 nte

2087 2046 2189 2084 non
2212 2033 2428 2085 arbitror
2454 2036 2885 2105 comprehendisse
2904 2037 3163 2109 (Philipp.
3192 2042 3249 2097 3.
3272 2043 3373 2113 15).
3398 2042 3524 2109 Quid
3556 2044 3640 2103 hac

2086 2124 2323 2192 apertius
2342 2127 2508 2181 voce?
2538 2127 2685 2183 Tuba
2710 2128 2906 2185 clarius
2934 2132 3146 2199 COt'itlil,
3178 2133 3364 2188 orbem
3396 2143 3548 2188 totum
3574 2136 3641 2192 in-

2084 2214 2332 2281 stituens,
2363 2226 2419 2269 ut
2447 2216 2625 2270 datam
2666 2219 2904 2274 scientia:
2947 2236 3254 2277 mensuram
3302 2223 3561 2294 diligerent
3597 2237 3642 2280 ct

2083 2304 2552 2375 amplecterentur,
2596 2325 2695 2365 nec
2738 2312 3105 2369 existimarent
3143 2329 3473 2386 umquamse
3498 2324 3643 2371 totum

2084 2398 2375 2468 accepisse.
2406 2398 2543 2467 Quid
2570 2400 2668 2468 ais,
2694 2402 2781 2458 dic
2803 2402 2970 2458 mihi?
2995 2404 3270 2461 Christum
3312 2407 3469 2462 habes
3494 2407 3542 2462 in
3577 2417 3644 2465 te?

2087 2487 2208 2555 ipso
2233 2489 2540 2557 loquentem
2567 2492 2640 2560 (2.
2666 2492 2787 2547 Cor.
2814 2495 2895 2548 15.
2926 2496 3102 2563 t3),et
3124 2495 3303 2551 dicis:
3328 2495 3437 2566 Ego
3458 2512 3533 2548 me
3557 2511 3646 2546 non

2086 2576 2319 2631 arbitror
2336 2580 2809 2649 comprehendisse.
2832 2582 2957 2639 ideo
2982 2585 3150 2652 enim,
3184 2586 3390 2656 inquit,
3419 2585 3549 2640 dixit
3573 2598 3647 2637 me

2083 2666 2354 2723 Christum
2384 2669 2581 2728 habere
2611 2673 2664 2727 in
2692 2672 2896 2743 meipso
2923 2673 3230 2744 loquentem
3267 2694 3281 2731 :
3313 2681 3424 2746 ipse
3446 2692 3527 2732 me
3548 2675 3649 2731 lure

2083 2759 2284 2818 docuit.
2330 2763 2687 2832 Quamobrem
2729 2765 2806 2831 hi,
2837 2767 2937 2822 nisi
2987 2767 3219 2838 Spiritus
3264 2769 3429 2824 sancti
3469 2768 3648 2823 auxilio

2083 2866 2302 2920 prorsus
2331 2855 2479 2910 vacui
2505 2866 2701 2924 essent,
2725 2867 2779 2912 et
2805 2872 3019 2913 omnem
3047 2860 3163 2928 ejus
3198 2862 3559 2930 operationem
3590 2877 3649 2915 ex

2081 2944 2255 3002 anima
2278 2962 2371 3001 sua
2400 2948 2784 3016 eliminassent,
2813 2965 2933 3007 cum
2957 2951 3152 3007 Paulus
3190 2954 3362 3021 dicat,
3384 2952 3500 3007 Non
3524 2954 3649 3007 arbi-

2083 3044 2189 3093 tror
2208 3038 2453 3106 meipsum
2482 3041 2935 3112 comprehendisse,
2979 3058 3083 3098 non
3132 3043 3238 3115 ipsi
3275 3060 3336 3101 se
3365 3046 3651 3101 universqu

2081 3127 2549 3196 comprehendisse
2576 3140 2843 3199 putarent.

2152 3219 2205 3274 6.
2234 3218 2505 3275 Undenam
2533 3222 2716 3293 liquet,
2746 3223 2888 3280 dicet
2919 3226 3199 3297 quispiam,
3255 3229 3427 3300 ipsum
3474 3228 3543 3283 ita
3580 3227 3653 3282 lo-

2080 3320 2331 3380 qnentem
2359 3311 2427 3369 de
2453 3314 2557 3369 ﬁde
2582 3329 2759 3385 agere,
2786 3314 2855 3371 de
2880 3317 3101 3373 scicntia
3131 3328 3185 3373 et
3210 3320 3285 3375 de
3314 3320 3651 3390 dogmatibus,

2080 3409 2135 3455 et
2157 3417 2260 3458 non
2287 3402 2354 3457 de
2378 3403 2500 3459 vitte
2526 3404 2887 3472 institutione,
2918 3408 3070 3476 quasi
3099 3408 3248 3463 dicat
3283 3426 3297 3463 :
3328 3409 3439 3479 Ego
3463 3423 3543 3463 tne
3563 3408 3653 3461 ittl-

2081 3491 2370 3561 perfectum
2400 3509 2518 3549 esse
2542 3494 2770 3550 arbitror
2792 3496 2844 3551 in
2865 3498 2971 3552 vita
2987 3507 3040 3552 et
3059 3499 3433 3555 institutione?
3455 3499 3506 3554 ld
3526 3508 3656 3554 certe

2080 3585 2293 3651 planum
2322 3584 2444 3639 fecit
2468 3600 2589 3640 cum
2618 3585 2752 3641 dixit
2781 3605 2794 3641 :
2822 3586 3021 3642 Bonum
3048 3598 3307 3644 certamen
3330 3591 3530 3653 certaui,
3552 3604 3658 3641 cur-

2078 3689 2190 3727 sum
2226 3676 2586 3738 consummavi,
2610 3676 2761 3744 ﬁdem
2789 3679 2982 3732 servavi
3009 3695 3029 3733 :
3057 3680 3111 3733 in
3134 3678 3334 3751 reliquo
3357 3681 3571 3751 reposita
3594 3688 3660 3732 est

2080 3767 2203 3820 mihi
2239 3784 2424 3821 corona
2445 3768 2662 3837 justitiw
2680 3768 2757 3836 (2.
2778 3768 2912 3822 Tim.
2951 3770 3007 3825 4.
3037 3771 3114 3842 7).
3139 3770 3246 3837 Qui
3271 3787 3403 3828 vero
3425 3784 3657 3825 consum-

2078 3868 2221 3911 mato
2266 3873 2424 3913 cursu
2470 3872 2724 3914 coronam
2786 3870 3100 3930 accepturus
3155 3871 3276 3931 εει,
3340 3875 3660 3933 nequaquam

2078 3949 2299 4015 diceret,
2333 3948 2453 4004 Non
2478 3951 2693 4006 arbitror
2734 3954 2981 4023 meipsum
3022 3956 3487 4025 comprehendisse.
3518 3956 3658 4009 Alio-

2077 4041 2204 4110 quin
2247 4049 2422 4096 autem
2467 4057 2587 4112 qua:
2616 4044 2816 4113 agenda
2843 4054 2897 4099 et
2920 4061 3037 4115 qua:
3067 4062 3171 4099 non
3197 4046 3408 4115 agenda
3430 4055 3553 4102 sunt
3574 4061 3661 4099 ne-

2078 4132 2207 4185 mini
2253 4142 2375 4189 snnt
2419 4134 2615 4189 incerta
2640 4150 2652 4199 ;
2682 4135 2774 4190 sed
2815 4136 3064 4197 omnibus
3111 4137 3402 4193 manifesta
3442 4147 3497 4193 ct
3525 4146 3661 4196 nota,

2078 4232 2134 4278 et
2170 4223 2408 4278 barbaris
2441 4234 2495 4279 et
2538 4225 2747 4289 Persis,
2794 4235 2851 4280 et
2894 4228 2989 4281 toti
3024 4227 3300 4287 hominum
3344 4228 3552 4299 generi.
3601 4226 3666 4282 Ut

2078 4327 2255 4372 autem
2298 4318 2349 4372 id
2398 4318 2594 4373 clarius
2635 4319 2874 4385 reddam,
2913 4336 3031 4389 qua:
3077 4320 3212 4376 hanc
3235 4322 3538 4377 clausulam
3579 4334 3666 4373 se-

2077 4417 2311 4478 quuntur
2350 4409 2544 4479 legam.
2571 4409 2855 4479 Postquam
2901 4411 3142 4477 dixisset,
3180 4411 3365 4469 Videte
3402 4428 3572 4477 canes,
3599 4411 3668 4465 vi-

2078 4499 2187 4556 dete
2225 4498 2383 4552 malos
2421 4500 2676 4568 Operatios
2709 4500 2961 4571 (Philipp.
2991 4502 3043 4556 5.
3074 4502 3155 4573 2),
3185 4517 3251 4559 ac
3291 4504 3464 4558 multa
3505 4502 3667 4556 disse-

2079 4588 2273 4645 ruisset
2314 4588 2380 4643 de
2420 4588 2504 4655 iis,
2541 4589 2630 4659 qui
2676 4590 2894 4646 Judaica
2938 4592 3185 4662 dogmata
3238 4592 3622 4664 intempestive
3647 4591 3662 4622 ‘

2082 4677 2336 4737 inducunt
2356 4718 2371 4743 ,
2416 4678 2725 4748 subjunxitl
2755 4698 2768 4732 :
2801 4679 2927 4745 Quis
2961 4678 3085 4739 mihi
3114 4686 3319 4744 fuerunt
3363 4683 3542 4747 lucra,
3568 4683 3670 4735 hac

2079 4768 2349 4833 arbitratus
2386 4785 2499 4822 sum
2545 4779 2749 4844 prapter
2790 4769 3043 4825 Christum
3097 4773 3400 4826 detrimenta
3424 4788 3444 4826 :
3472 4786 3671 4827 rerum-

2081 4868 2246 4916 tamen
2296 4860 2523 4914 existimo
2569 4863 2738 4914 omnia
2781 4863 3129 4917 detrimentum
3170 4881 3302 4929 esse,
3345 4875 3405 4918 ut
3454 4863 3674 4917 inveniar

2080 4966 2181 5006 non
2202 4950 2386 5011 habens
2421 4953 2673 5023 justitiam
2695 4969 2808 5022 qua:
2826 4970 2887 5007 ea:
2911 4955 3017 5023 lege
3045 4966 3148 5018 est,-
3174 4956 3259 5010 sed
3274 4956 3544 5026 justitiam
3566 4967 3675 5024 qua

2081 5056 2142 5102 ea:
2184 5040 2287 5101 Deo
2330 5053 2439 5106 est,
2466 5058 2580 5112 quae
2622 5060 2709 5110 per
2737 5044 2889 5111 ﬁdem
2921 5045 3045 5099 Jesu
3082 5045 3269 5100 Christi
3311 5057 3391 5101 est
3433 5046 3597 5119 (Ibid.
3625 5061 3672 5097 tt.

2081 5130 2132 5183 7.
2158 5129 2234 5201 9).
2254 5131 2443 5195 Postea
2469 5131 2598 5186 dicit
2616 5133 2684 5190 de
2703 5149 2806 5203 qua
2832 5135 2937 5190 lide
2951 5136 3196 5206 loquatur
3219 5155 3231 5189 :
3259 5136 3333 5192 Ut
3360 5155 3482 5191 eum
3501 5151 3679 5207 cognoc

2078 5238 2266 5277 scerem
2286 5264 2301 5289 ,
2343 5233 2387 5277 et
2430 5226 2700 5293 potentiam
2742 5229 3115 5284 resurrectionis
3153 5231 3259 5300 ejus
3302 5240 3353 5284 et
3390 5233 3676 5285 societatem

2080 5314 2369 5384 passionum
2383 5316 2493 5386 ejus
2509 5314 2669 5386 (Ibid.
2696 5330 2745 5373 tt.
2768 5316 2876 5389 t0).
2907 5318 3041 5385 Quid
3067 5330 3168 5386 cst,
3190 5319 3489 5375 Potentiam
3508 5335 3673 5374 resur-

2144 5494 2161 5523 ι
2203 5492 2276 5541 Sic
2296 5491 2433 5541 Savil.
2461 5501 2513 5544 et
2549 5496 2754 5561 maxima
2789 5508 2900 5561 pars
2938 5500 3393 5561 manusa‘iptorum.
3434 5506 3487 5548 tn
3511 5496 3671 5547 Morel.

2080 5565 2230 5624 vero,
2275 5562 2533 5624 opportune
2571 5557 2850 5618 subjuntrit,
2897 5557 3194 5624 anteposita'
3219 5560 3458 5624 virgula._
3480 5566 3588 5608 Itox
3626 5570 3672 5608 tn

2083 5614 2245 5664 uorel.
2266 5617 2483 5678 quadam
2501 5614 2723 5682 deerant,
2748 5614 2860 5685 quae
2886 5634 2941 5673 es
2972 5614 3113 5673 sat‘il.
3137 5632 3189 5675 ct
3210 5614 3323 5673 Διθεῖ
3343 5617 3514 5680 addita
3544 5628 3669 5678 sunt.
