3980 6184
270 278 364 337 717

269 390 496 448 rer-nonis
534 389 679 461 ejus?
723 386 918 452 Novus,
969 382 1159 452 inquit,
1208 377 1612 436 resurrectionis
1652 375 1843 431 modus

271 494 511 540 ostensus
539 489 641 535 est.
670 478 832 532 Multi”
847 475 1058 546 quidem
1080 483 1233 527 antea
1263 469 1456 526 mortui
1484 481 1842 531 resurrexcre,

272 576 369 630 hoc
415 572 574 626 modo
623 569 819 624 nullus.
854 567 956 621 Alii
999 565 1196 634 quippe
1237 573 1424 615 omnes
1449 567 1726 628 postquam
1756 571 1844 609 re-

270 672 644 726 surrexerant,
675 675 884 714 rursum
928 657 981 710 in
1033 665 1226 709 terram
1275 652 1568 718 redierunt,
1598 663 1659 703 ac
1694 664 1843 702 mor-

270 759 332 809 tis
359 750 638 824 tymnnide
658 749 723 804 ad
754 759 962 818 tempus
987 745 1214 809 liberati,
1241 758 1425 798 rursus
1451 741 1550 796 sub
1593 739 1708 810 ejus
1748 739 1849 792 im-

267 846 470 917 perium
501 841 701 898 redacti
730 852 853 894 sunt
881 857 894 892 :
924 853 1117 908 corpus
1145 845 1319 890 autem
1344 832 1673 888 Dominicum
1699 841 1846 901 post-

267 950 422 1006 quam
453 939 838 992 resurrexerat,
871 942 976 982 non
1008 929 1059 981 in
1092 935 1288 980 terram
1309 923 1484 988 rediit,
1504 921 1596 976 sed
1616 923 1671 974 in
1687 921 1846 974 multis

263 1023 524 1087 ascendit,
555 1031 608 1076 et
635 1030 797 1075 totam
841 1018 1041 1073 inimici
1087 1015 1419 1087 tyrannidem
1463 1013 1643 1077 solvit,
1688 1019 1848 1079 atque

261 1131 445 1171 tecum
494 1124 664 1168 totum
713 1113 895 1166 orbem
944 1109 1239 1171 suscitavit,
1282 1107 1498 1176 jamque
1548 1109 1600 1158 in
1653 1102 1844 1156 throno

262 1208 412 1278 regio
441 1205 612 1261 sedet.
639 1203 763 1258 limo
806 1202 985 1257 omnia
1015 1215 1134 1256 cum
1162 1207 1339 1252 mente
1366 1197 1599 1250 volveret
1630 1193 1844 1258 Paulus,

261 1310 314 1356 et
339 1297 668 1354 ostendisset
689 1302 775 1348 tot
802 1302 1049 1361 tantaque
1090 1288 1348 1343 mirabilia
1390 1303 1494 1340 non
1521 1286 1724 1339 ratione
1751 1283 1846 1337 de-
1887 1289 1895 1294 '

261 1392 359 1445 clat
375 1388 454 1442 ari
484 1402 660 1458 posse,
695 1384 789 1440 sed
833 1383 936 1438 lide
975 1382 1143 1437 solum
1189 1395 1344 1450 posse
1382 1377 1560 1432 doceri
1591 1386 1644 1430 et
1671 1375 1850 1430 decla-

262 1481 390 1544 rari,
425 1477 636 1532 dicebat
668 1495 680 1531 :
714 1475 778 1528 In
807 1475 908 1544 fide
933 1473 1000 1526 ad
1019 1470 1416 1544 cognoscendum
1455 1469 1726 1540 potentiam
1768 1484 1846 1520 re-

262 1570 586 1624 snrrectionis
623 1568 752 1639 ejus.
782 1564 914 1620 Nam
960 1563 1004 1618 si
1053 1564 1187 1616 ratio
1226 1561 1382 1614 (idem
1429 1560 1699 1614 declarare
1742 1574 1848 1612 non

261 1670 459 1732 potest,
477 1660 599 1730 quia
627 1667 680 1714 et
709 1657 954 1712 humana:
978 1663 1179 1710 natura:
1211 1663 1420 1722 captum
1441 1661 1495 1706 et
1513 1666 1849 1706 communem

262 1769 448 1807 rerum
488 1752 682 1806 seriem
730 1757 982 1820 supcrat,
1013 1748 1456 1804 resurrectionem
1503 1746 1644 1800 illam
1670 1786 1685 1808 ,
1732 1760 1850 1814 qua:

265 1853 414 1896 tanto
439 1841 721 1896 intervallo
746 1840 922 1895 differt
943 1839 1011 1894 ab
1049 1839 1165 1892 aliis
1206 1837 1703 1897 resurrectionibus,
1733 1849 1851 1904 qua:

262 1933 462 2002 poterit
487 1932 625 1985 ratio
649 1928 1048 1984 demonstrare?
1067 1928 1218 1982 Nulla
1244 1936 1390 1982 certe
1419 1943 1433 1980 :
1455 1925 1549 1981 sed
1569 1926 1680 1981 sola
1701 1927 1852 1981 nobis

261 2038 397 2092 opus
417 2030 502 2076 est
520 2022 747 2091 ﬁde,qua
767 2035 1076 2090 persuasum
1101 2019 1609 2087 habeamus,corpus
1630 2017 1854 2072 mortale

261 2111 643 2172 resurrexisse,
679 2119 732 2164 et
761 2106 1115 2164 immortalem
1149 2109 1417 2176 accepisse
1448 2108 1625 2169 vitam,
1648 2107 1852 2160 nullum

264 2205 429 2256 tinem
466 2203 550 2256 vel
577 2201 860 2255 terminum
903 2201 1206 2255 habentem.
1238 2199 1391 2266 Quod
1419 2209 1471 2254 ct
1495 2200 1618 2255 alibi
1648 2198 1855 2268 signiﬁ-

264 2294 425 2346 cabat
447 2291 530 2345 his
547 2291 757 2346 verbis:
784 2290 1010 2346 Christus
1031 2294 1294 2345 suscitatus
1317 2308 1415 2345 non
1437 2293 1648 2346 moritur
1671 2307 1690 2346 :
1721 2307 1857 2345 mors

262 2383 337 2438 illi
385 2382 527 2436 ultra
562 2400 661 2436 non
693 2383 1064 2453 dominabitur(
1091 2383 1239 2437 Rom.
1270 2383 1321 2438 6.
1348 2383 1438 2453 9);
1471 2384 1540 2438 ita
1581 2392 1636 2436 ut
1661 2382 1854 2452 duplex

263 2467 426 2520 fuerit
459 2466 768 2519 miraculum
789 2509 803 2532 ,
822 2477 877 2520 et
905 2467 1280 2532 resurrexisse,
1311 2479 1366 2522 et
1388 2467 1476 2521 illo
1494 2465 1650 2521 modo
1679 2483 1858 2522 resur-

261 2556 492 2610 rexiSSe.
510 2555 634 2609 idco
649 2555 946 2622 dicebat,ln
964 2557 1066 2624 ﬁde
1080 2556 1148 2609 ad
1169 2559 1564 2627 cognoscendum
1585 2558 1857 2628 potentiam

262 2649 645 2701 resurrectionis
675 2648 799 2716 ejus.
838 2647 989 2714 Quod
1032 2649 1075 2701 si
1121 2649 1562 2703 resurrectionem
1590 2649 1704 2719 ejus
1752 2663 1855 2704 non

264 2754 556 2810 possumus
568 2739 769 2793 ratione
782 2739 1214 2809 assequi,quanto
1228 2741 1398 2794 minus
1414 2749 1860 2810 supernam’gene-

263 2831 557 2885 rationem?
571 2831 642 2883 De
660 2829 740 2884 his
752 2846 910 2900 porro
929 2830 1202 2898 disputans
1219 2828 1427 2897 Paulus,
1451 2846 1654 2885 necnon
1673 2831 1734 2884 de
1747 2847 1860 2885 cru-

262 2935 323 2974 ce
347 2929 409 2974 et
429 2921 673 2989 passione
699 2919 940 2990 loquens,
971 2920 1084 2974 haec
1106 2936 1314 2992 quoque
1331 2921 1396 2975 ad
1417 2921 1573 2976 tidem
1592 2923 1858 2990 pertinere

262 3012 403 3066 dixit
427 3027 686 3082 :cuinque
704 3012 874 3066 dehis
897 3027 1198 3067 sermonem
1222 3012 1511 3077 habuisset,
1543 3013 1854 3081 subjunxit:

269 3104 503 3168 Fratres,
533 3121 622 3174 ego
652 3121 730 3158 me
753 3121 853 3158 non
892 3105 1108 3158 arbitror
1148 3107 1580 3176 comprehendisse
1601 3106 1857 3178 (Philipp.

266 3195 462 3267 5.15).
483 3195 596 3249 Non
613 3196 771 3260 dixit,
797 3195 907 3266 Ego
934 3211 1038 3250 non
1059 3195 1288 3250 arbitror
1313 3211 1399 3251 me
1427 3197 1584 3261 scire,
1609 3196 1702 3251 sed
1719 3213 1857 3250 com-

263 3285 794 3356 prehendissemeque
809 3286 1170 3340 omnimodam
1185 3287 1733 3356 ignorantiam,neque
1749 3302 1859 3341 om-

265 3377 542 3432 nimodam
558 3377 830 3432 scientiam
843 3378 940 3432 sibi
960 3377 1259 3449 adscripsit.
1275 3377 1405 3434 Cum
1423 3380 1562 3434 enim
1581 3379 1861 3445 dicit,Non

265 3473 489 3524 arbitror
509 3471 939 3540 comprehendisse
953 3512 968 3538 ,
991 3471 1249 3542 signiﬁcat
1275 3487 1334 3526 se
1355 3471 1528 3527 adhuc
1553 3473 1603 3527 in
1636 3473 1718 3527 via
1740 3487 1861 3529 esse

265 3575 317 3616 et
337 3564 441 3622 ire,
461 3561 788 3632 ulteriusque
808 3563 1073 3632 progredi,
1103 3563 1196 3617 sed
1225 3563 1381 3619 tinem
1409 3563 1640 3620 nondum
1657 3564 1862 3636 attigis-

266 3653 471 3720 si>.Qua
489 3652 559 3707 de
581 3669 662 3712 re.
682 3654 812 3707 alios
823 3669 1032 3724 quoque
1044 3653 1293 3708 admonet
1311 3655 1391 3709 his
1407 3655 1610 3710 verbis:
1629 3655 1862 3722 Quicum-

267 3761 367 3813 que
397 3744 603 3814 perfecti
649 3760 840 3808 sumus,
886 3743 980 3797 hoc
1020 3745 1294 3799 sentiamus
1325 3762 1344 3811 ;
1387 3754 1431 3800 et
1471 3747 1514 3800 si
1550 3746 1674 3817 quid
1719 3746 1862 3800 aliud

269 3835 450 3905 sapitis
469 3876 484 3899 ,
514 3834 607 3888 hoc
633 3836 775 3888 Dens
803 3835 939 3888 vobis
974 3834 1212 3888 reuelabit
1253 3832 1271 3905 (
1292 3833 1429 3889 Ibid.
1461 3851 1505 3889 tt.
1530 3837 1596 3891 15
1622 3837 1664 3904 ).
1706 3835 1862 3891 Ratio

269 3927 450 3988 docet,
479 3925 572 3979 sed
603 3925 743 3980 Deus
770 3925 1048 3980 revelabit.
1075 3925 1230 3980 Vides
1257 3943 1360 3979 non
1388 3926 1455 3980 de
1488 3927 1588 3980 vita
1617 3937 1669 3982 et
1691 3929 1861 3983 mori-

270 4017 375 4071 bus
417 4016 524 4086 agi,
575 4015 666 4070 sed
709 4015 776 4070 de
823 4016 1157 4085 dogmatibus
1187 4027 1236 4068 et
1282 4017 1422 4070 ﬁde?
1471 4015 1586 4072 Vita
1627 4018 1768 4072 enim
1809 4028 1863 4074 et

271 4123 458 4162 mores
497 4122 604 4162 non
643 4122 778 4176 Opus
815 4107 1012 4162 habent
1043 4109 1385 4175 revelationc,
1412 4109 1504 4164 sed
1534 4109 1779 4180 dogmata
1810 4118 1866 4166 et

273 4199 522 4254 scientia.
558 4199 622 4254 Et
646 4199 771 4253 alibi
794 4215 1002 4270 quoque
1035 4201 1262 4270 idipsum
1293 4201 1573 4256 declarans
1613 4203 1860 4258 dicebat:

277 4293 472 4361 Siquis
515 4293 762 4346 existimat
805 4310 858 4346 se
892 4291 1085 4363 aliquid
1123 4310 1287 4360 nosse,
1327 4295 1548 4350 nondum
1590 4296 1865 4366 quidquam

276 4385 411 4436 norit
442 4383 518 4454 (l.
548 4383 662 4437 Cor.
689 4384 740 4438 8.
771 4383 852 4456 2).
875 4383 990 4439 Non
1019 4385 1150 4438 dixit
1179 4385 1508 4455 simpliciter,
1531 4385 1673 4440 Nihil
1695 4387 1862 4455 novit,

283 4474 372 4527 scd
400 4473 844 4544 quemadmodum
876 4484 1118 4544 oporteat
1156 4476 1295 4531 scire
1327 4494 1339 4529 :
1373 4476 1646 4530 scientiam
1669 4478 1865 4548 quippe

289 4563 458 4629 habet,
487 4565 582 4620 sed
609 4581 714 4619 non
743 4575 1041 4620 accuratam
1067 4576 1119 4620 et
1146 4567 1454 4635 perfectam.

357 4657 406 4708 7.
435 4657 610 4726 Atque
638 4665 692 4710 ut
721 4656 772 4710 id
801 4671 985 4711 verum
1014 4669 1132 4712 esse
1157 4656 1349 4724 discas,
1376 4657 1505 4712 nihil
1526 4656 1592 4713 de
1619 4659 1865 4729 supernis

287 4743 627 4812 disseramus,
648 4747 738 4801 sed
771 4747 814 4801 si
848 4747 928 4802 vis
954 4747 1020 4802 ad
1043 4749 1266 4803 visibilia
1293 4750 1540 4804 deorsum
1564 4766 1865 4808 sermonem

284 4846 674 4891 convertamus.
706 4837 820 4892 Non
864 4838 1012 4892 vides
1056 4838 1155 4892 hoc
1200 4840 1609 4909 ctelum‘iQuod
1654 4842 1868 4912 quidem

283 4941 513 4982 camera:
561 4927 651 4982 vel
695 4927 910 4982 fornicis
955 4927 1179 4982 formam
1231 4939 1405 4984 servet
1444 4932 1663 4997 scimus,
1713 4933 1870 5002 idque

286 5033 390 5071 non
431 5018 732 5082 ratiocinio,
781 5019 872 5073 sed
917 5034 983 5073 ex
1029 5018 1300 5088 Scriptura
1344 5020 1519 5076 divina
1568 5022 1866 5078 discimus:

283 5108 484 5162 scimus
514 5109 638 5163 item
667 5109 837 5180 ipsum
878 5117 1040 5164 totam
1084 5110 1364 5180 complecti
1407 5121 1620 5179 terram,
1649 5115 1770 5186 quia
1799 5116 1873 5170 si-

287 5201 485 5255 militer
506 5199 576 5254 ab
605 5200 788 5256 eadem
817 5201 1091 5272 Scriptura
1118 5201 1168 5256 id
1207 5203 1520 5270 didicimus;
1549 5208 1700 5276 cujus
1740 5223 1870 5263 vero

285 5291 603 5346 substantia
629 5291 698 5346 sit
737 5293 1062 5362 ignoramus.
1089 5291 1144 5347 Si
1170 5294 1286 5363 quis
1313 5303 1488 5349 autem
1531 5308 1790 5370 repugnet
1817 5309 1873 5354 et

286 5381 596 5449 contendat,
623 5381 762 5439 dicat
797 5399 915 5456 qua:
960 5383 1029 5440 sit
1053 5384 1168 5440 ειειὶ
1207 5385 1521 5454 substantia,
1552 5401 1619 5442 an
1647 5391 1871 5463 crystal-

1194 265 1277 322 DE
1315 253 1990 319 iNCOMPREHENSlBlLl
2030 255 2137 311 DEI
2176 254 2477 314 NATURA.
2520 257 2582 318 ΙΙ.

3422 255 3532 315 718

1952 377 2329 461 luseoticreta,
2368 392 2436 430 an
2479 379 2646 430 nubes
2690 376 2998 442 addensata,
3031 390 3096 430 an
3126 391 3220 431 aer
3260 377 3531 433 crassior?

1951 451 2242 523 Scd'uemo
2267 466 2318 521 id
2349 467 2502 535 plane
2542 465 2718 521 dicere
2740 473 2940 524 potest.
2972 465 3126 530 Num,
3163 467 3365 538 quasso,
3401 469 3535 523 ulte-

1954 556 2096 612 riore
2120 571 2255 627 opus
2283 565 2374 611 est.
2397 556 2846 610 demonstratione
2873 554 2938 609 ad
2967 571 3151 610 eorum
3180 559 3534 627 comproban-

1950 648 2068 702 dam
2093 648 2372 708 insaniam,
2396 648 2483 717 qui
2509 661 2569 701 se
2592 646 2755 700 Deum
2783 661 2940 700 noSsc
2966 645 3149 700 dicunt
3173 687 3188 711 ,
3215 645 3366 711 Ca-li,
3391 647 3530 716 quod

1948 741 2182 811 quotidie
2211 740 2407 804 cernis,
2442 749 2680 792 naturam
2725 753 2831 792 non
2859 747 3008 806 potes
3035 738 3234 800 dicere;
3266 746 3321 790 et
3349 738 3535 791 invisi-

1950 832 2070 887 bilis
2105 831 2198 886 Dci
2229 831 2574 886 substantiam
2609 838 2658 883 te
2689 829 2849 898 probe
2877 843 3032 883 nosse
3052 827 3308 898 jactitas?
3339 827 3536 896 Ecquis

1951 923 2019 976 ita
2048 937 2237 977 sensus
2282 937 2498 991 expers,
2529 929 2590 976 ut
2619 921 2739 974 talia
2779 920 3104 990 loquentium
3144 919 3402 974 insaniam
3432 933 3536 973 non

1947 1011 2166 1066 damnet
2191 1011 2214 1062 ?

2019 1101 2281 1156 Moderata
2325 1117 2441 1154 cum
2476 1100 2727 1158 Interdicis
2775 1097 3045 1170 agendum.
3090 1128 3161 1138 —
3203 1098 3536 1168 Quapropter

1948 1208 2079 1263 rogo
2121 1207 2214 1247 vos
2243 1206 2451 1258 omnes,
2486 1198 2545 1245 ut
2571 1190 2843 1246 moderate
2882 1199 3086 1244 etcum
3130 1190 3535 1246 mansuetudine

1951 1282 2093 1350 ipsos
2117 1282 2470 1351 alloquentes,
2497 1296 2594 1337 ceu
2615 1280 2862 1350 phrenesi
2893 1289 3077 1348 captos
3102 1289 3155 1334 et
3185 1279 3437 1346 furentes,
3469 1279 3537 1335 ad

1947 1375 2220 1429 meliorem
2255 1374 2458 1443 frugem
2487 1372 2742 1427 reducere
2783 1371 3001 1427 curetis.
3035 1372 3240 1426 Etenim
3285 1371 3384 1426 hoc
3410 1373 3536 1443 ipsis

1946 1468 2137 1538 dogma
2185 1483 2251 1523 ex
2315 1466 2616 1536 arrogantia
2666 1476 2840 1520 ortum
2895 1473 2978 1520 est
3023 1482 3037 1518 :
3084 1465 3420 1535 maximoque
3464 1464 3536 1520 illi

1947 1559 2108 1612 animi
2138 1567 2346 1613 tumore
2379 1559 2638 1612 laborant.
2670 1556 2900 1611 Vulnera
2939 1566 3114 1612 autem
3147 1558 3492 1612 tumescentia
3518 1599 3534 1625 ,

1951 1664 2120 1718 noque
2159 1649 2257 1703 sibi
2303 1649 2446 1715 injici
2491 1662 2700 1708 manus.
2753 1661 2925 1716 neque
2973 1653 3168 1700 tactum
3211 1647 3536 1715 asperiorem

1948 1742 2241 1813 patiuntur.
2271 1740 2626 1809 Quamobrem
2678 1739 2833 1809 periti
2883 1738 3074 1794 medici
3125 1739 3270 1793 molli
3309 1739 3537 1810 quadam

1950 1833 2168 1903 spongia
2198 1833 2314 1887 hmo
2341 1833 2654 1903 abstergnnt
2700 1833 2898 1887 ulcera.
2947 1831 3206 1897 Quoniam
3249 1845 3374 1900 ergo
3405 1832 3539 1886 inest

1951 1927 2183 1995 ipsorum
2229 1926 2419 1979 animis
2464 1927 2614 1980 ulcus
2653 1925 2908 1989 inﬂatum,
2943 1926 3090 1995 quasi
3138 1925 3279 1979 molli
3321 1927 3539 1996 spongia

1948 2018 2157 2073 dulcem
2179 2018 2573 2089 potabilemque
2593 2035 2783 2087 aquam
2801 2019 3122 2079 haurientes.
3137 2019 3318 2088 sicque
3337 2018 3539 2072 abster«

1951 2108 2025 2161 sis
2054 2108 2300 2162 omnibus
2329 2123 2512 2162 eorum
2540 2118 2800 2162 tumorem
2829 2109 3181 2176 comprimere
3221 2123 3539 2176 omnemque

1955 2199 2176 2254 livorem
2203 2198 2412 2253 auferre
2436 2208 2736 2269 satagamus
2765 2216 2779 2250 :
2803 2199 2900 2253 etsi
2920 2198 3267 2253 contumelias
3288 2197 3537 2261 inferant.

1955 2289 2054 2345 etsi
2105 2289 2459 2354 recalcitrent,
2515 2289 2614 2342 etsi
2671 2289 2938 2358 inspuant,
2992 2289 3092 2342 etsi
3142 2287 3352 2359 quidvis
3399 2288 3539 2343 aliud

1955 2378 2168 2442 faciant,
2221 2394 2288 2432 ne
2331 2378 2548 2432 curandi
2591 2377 2822 2432 studittm
2875 2378 3126 2440 deseras,
3176 2377 3539 2432 dilectissime.

1951 2470 2085 2526 Nam
2113 2485 2224 2535 eos,
2257 2470 2345 2541 qui
2392 2470 2646 2524 furiosum
2693 2476 2882 2524 curant
2924 2459 3217 2536 hominem,
3257 2469 3420 2523 multa
3466 2469 3542 2524 si-

1955 2562 2096 2616 milia
2128 2563 2268 2616 ferre
2311 2575 2532 2616 necesse
2579 2570 2662 2615 est
2694 2578 2708 2614 :
2737 2569 2969 2615 attamen
2997 2575 3102 2614 non
3149 2571 3426 2630 propterea
3452 2560 3544 2614 de.

1954 2655 2282 2719 sistendum;
2306 2653 2400 2709 sed
2425 2654 2544 2709 ideo
2567 2654 2803 2708 maxime
2824 2653 3058 2722 ipsorum
3081 2653 3346 2707 miseriam
3364 2653 3544 2722 lugere

1955 2745 2227 2812 convenit,
2255 2745 2378 2814 quia
2407 2744 2524 2798 talis
2541 2751 2621 2797 est
2658 2743 2814 2812 hujus
2841 2742 3011 2797 morbi
3039 2743 3263 2812 species.
3299 2741 3426 2796 Haec
3452 2743 3542 2796 llr.

1959 2839 2214 2894 miorihus
2235 2849 2286 2893 et
2330 2837 2637 2892 fortioribus
2659 2835 2866 2906 loquor,
2901 2835 2987 2902 qui
3021 2835 3220 2889 nullum
3261 2850 3325 2890 ex
3357 2848 3543 2888 eorum

1956 2928 2222 3000 colloquio
2275 2929 2517 2996 accipere
2567 2927 2770 2997 possint
2814 2925 3216 2980 detrimentum.
3276 2925 3454 2994 Itaque
3501 2924 3546 2978 si

1957 3023 2076 3092 quis
2105 3020 2364 3074 inﬁrmior
2385 3020 2476 3083 sit,
2509 3033 2692 3072 eorum
2715 3017 3042 3071 consortium
3069 3015 3252 3085 fugiat,
3271 3016 3337 3069 ab
3361 3031 3546 3069 eorum

1957 3112 2236 3182 colloquiis
2264 3111 2482 3173 resiliat,
2517 3125 2584 3164 ne
2615 3109 2863 3162 amicitiae
2909 3107 3046 3162 ratio
3073 3107 3361 3176 impietatis
3389 3120 3546 3162 occa-

1957 3204 2038 3260 sio
2068 3202 2276 3258 evadat.
2305 3200 2393 3256 Sic
2413 3209 2465 3255 et
2492 3199 2688 3253 Paulus
2711 3197 2854 3264 facit,
2886 3198 2996 3266 ipse
3016 3196 3228 3267 quidem
3247 3211 3369 3251 cum
3391 3197 3546 3265 mgris

1957 3303 2221 3359 versatur,
2243 3301 2297 3348 et
2316 3291 2390 3346 ait
2420 3306 2438 3346 :
2471 3290 2658 3344 Factus
2678 3305 2791 3344 sum
2813 3288 3011 3343 Iudaeis
3034 3298 3288 3358 tamquam
3308 3287 3546 3355 Judarus,

1958 3391 2021 3443 iis
2040 3389 2126 3460 qui
2141 3389 2248 3442 sine
2261 3387 2368 3458 lege
2379 3395 2540 3450 erant,
2559 3395 2810 3456 tamquam
2832 3384 2940 3438 sine
2958 3384 3066 3455 lege
3080 3400 3234 3437 essent
3258 3384 3303 3456 (l
3321 3426 3332 3438 .
3358 3383 3475 3438 Cor.
3489 3384 3546 3439 9.

1957 3479 2046 3535 20.
2077 3479 2192 3548 21),
2226 3476 2521 3547 discipulos
2563 3484 2739 3531 autem
2771 3474 3094 3529 inﬁrmiores
3123 3483 3329 3540 avocat,
3361 3473 3549 3543 hisque

1959 3570 2136 3626 verbis
2152 3576 2333 3624 monet
2343 3583 2405 3622 ac
2416 3566 2571 3622 docet
2587 3583 2600 3620 :
2616 3565 2954 3637 Corrumpunt
2966 3563 3118 3619 bonos
3132 3580 3292 3618 mores
3303 3563 3549 3634 colloquia

1963 3677 2118 3731 prava
2135 3658 2182 3733 (Ι
2192 3657 2297 3713 bid.
2330 3659 2414 3714 l5.
2435 3657 2558 3730 53);
2580 3671 2888 3720 acrursum,
2905 3655 3052 3710 Exite
3070 3655 3132 3708 de
3159 3654 3323 3709 medio
3350 3669 3544 3721 eorum,

1962 3760 2008 3804 et
2041 3749 2368 3819 separamini,
2397 3747 2519 3801 dicit
2551 3746 2798 3801 Dominus
2828 3745 2906 3817 (2.
2935 3744 3054 3800 Cor.
3080 3745 3134 3798 6.
3168 3746 3280 3814 i7).
3310 3743 3546 3799 Medicus

1961 3841 2104 3896 enim
2144 3840 2188 3894 si
2218 3848 2472 3909 aegrotum
2521 3837 2696 3903 adeat,
2735 3847 2788 3892 et
2825 3836 2932 3909 sibi
2969 3842 3021 3890 et
3064 3835 3140 3890 illi
3182 3848 3551 3903 saepenumero

1962 3931 2214 4002 prodest;
2247 3928 2509 3984 inﬁrmior
2535 3937 2710 3982 autem
2749 3935 2804 3982 et
2847 3925 2948 3981 sibi
2974 3934 3028 3980 et
3069 3933 3270 3997 argroto
3301 3933 3479 3986 nocet.
3506 3924 3551 3978 si

1961 4037 2082 4077 cum
2101 4020 2257 4091 aegris
2271 4019 2659 4075 admisceatur:
2677 4018 2822 4072 illum
2844 4017 3038 4088 quippe
3068 4017 3397 4086 nihiljuvare
3414 4022 3553 4084 pote-

1961 4113 2052 4175 rit,
2081 4111 2303 4182 ipseque
2330 4125 2394 4165 cx
2419 4109 2728 4180 :rgritudine
2755 4123 3000 4178 magnum
3031 4107 3243 4161 hauriet
3263 4119 3548 4160 nocumen.

1965 4211 2096 4257 tum.
2151 4202 2407 4271 Quodque
2455 4202 2489 4255 ii
2541 4201 2810 4271 patiuntur
2853 4199 2940 4269 qui
2989 4198 3324 4266 lippientium
3368 4197 3553 4251 oculos

1965 4295 2307 4366 inspicientes
2327 4294 2469 4348 illius
2487 4293 2588 4346 sibi
2606 4291 2924 4346 infirmitatis
2943 4289 3142 4359 aliquid
3167 4289 3460 4352 attrahunt,
3481 4289 3548 4344 id-

1966 4386 2137 4454 ipsum
2163 4385 2430 4453 patientur
2455 4383 2593 4452 iiqui
2618 4396 2738 4437 cum
2769 4377 3094 4449 blasphemis
3121 4380 3222 4435 illis
3250 4379 3554 4436 hominibus

1963 4484 2282 4540 versantur;
2337 4475 2381 4528 si
2431 4474 2752 4528 inﬁrmiores
2797 4473 2924 4537 sint,
2972 4486 3216 4542 magnam
3267 4471 3554 4543 impietatis

1977 4566 2186 4629 partem
2219 4555 2576 4610 contrahunt.
2605 4553 2684 4609 Ne
2709 4555 2877 4627 igitur
2895 4555 3133 4610 maxima
3161 4555 3320 4612 nobis
3353 4558 3556 4614 damna

1977 4651 2278 4708 inferamus
2297 4690 2312 4716 ,
2340 4649 2558 4704 illorum
2590 4648 2928 4704 consortium
2954 4648 3189 4704 vitemus
3211 4691 3224 4714 ,
3251 4649 3418 4704 Deum
3445 4651 3558 4705 cle-

1975 4744 2398 4810 mentissimum,
2416 4743 2509 4812 qui
2525 4743 2638 4795 vult
2657 4757 2849 4797 omnes
2869 4742 3118 4797 homines
3143 4743 3322 4796 salvos
3344 4743 3478 4805 ﬁeri,
3501 4752 3556 4797 et

1974 4837 2044 4894 ad
2061 4837 2389 4907 agnitionem
2407 4837 2653 4890 veritatis
2664 4835 2848 4890 venire
2865 4834 2910 4905 (ι
2925 4834 3148 4890 .Τίηι.2.
3169 4835 3248 4903 4),
3270 4845 3553 4902 precantes

1969 4933 2438 5001 obsecrantesque,
2468 4939 2529 4985 ut
2573 4943 2666 4984 eos
2694 4930 2762 4983 ab
2789 4941 2973 4984 errore
2999 4925 3187 4980 liberet
3215 4931 3270 4979 et
3308 4937 3338 4976 a
3365 4923 3559 4992 laqueo

1973 5023 2192 5086 diaboli,
2237 5031 2293 5078 et
2336 5022 2400 5075 ad
2451 5021 2626 5076 lumen
2673 5018 2910 5074 scientia:
2953 5015 3175 5072 reducat
3228 5055 3244 5080 ,
3274 5027 3464 5082 nempe
3491 5012 3560 5067 ad

1975 5117 2141 5172 Deum
2172 5115 2380 5171 Patrem
2410 5113 2618 5168 Domini
2664 5111 2831 5166 nostri
2861 5109 2988 5166 Jcsu
3030 5107 3248 5174 Christi,
3275 5121 3395 5163 cum
3425 5105 3561 5162 vivi-

1975 5206 2076 5263 lico
2101 5216 2155 5261 et
2195 5213 2380 5260 sancto
2423 5204 2644 5274 Spiritu,
2674 5203 2758 5258 cui
2799 5201 2964 5274 gloria
3007 5210 3060 5256 et
3091 5199 3392 5270 imperium,
3423 5211 3562 5254 nunc

1973 5305 2028 5353 et
2055 5310 2286 5366 semper,
2314 5303 2369 5350 et
2411 5295 2462 5349 in
2491 5293 2686 5350 saecula
2711 5292 3049 5350 stcculorum.
3081 5291 3274 5347 Amen.
