3980 6184
486 251 587 307 ’⁷19

497 377 3324 408 ._______________________,,____.___,______________

1131 249 1190 307 S.
1227 247 1510 307 JO.\NNlS
1537 243 2019 302 CHRYSOS'I‘OMI
2058 244 2078 300 Α

2185 241 2376 299 ειιιιςρ.
2415 243 2950 304 CONSTANTINOP.
3605 267 3692 327 τεο

1133 483 1348 593 DE
1406 475 3137 605 IJV'COMPREHENSIBILI,

3326 392 3646 419 ἀρν-ης,-

866 713 944 755 ετ
986 708 1158 766 QUOD
1198 707 1366 754 πρε
1405 705 1490 750 NI
1531 700 1780 758 QUIDEM
1821 697 1969 744 8888
2011 697 2078 742 A1

2185 698 2468 749 IPEBANS
2512 701 2554 751 Α
2595 701 2921 753 εΕιιΔΡιωί
2964 709 3156 758 FERRI
3197 713 3419 765 ιιοεειπ.

1961 825 2331 882 Μυσοῦ

1050 1022 1269 1068 ιθιιιιΑ
1308 1019 1524 1061 TERTIA.

570 1149 622 1202 l.
649 1143 924 1200 Laboriosi
965 1141 1236 1214 agricolas,
1267 1156 1388 1194 cum
1418 1137 1664 1192 arborem
1707 1132 1888 1191 vident
1917 1130 2084 1188 infru-

491 1249 733 1296 ctuosam
760 1247 812 1293 et
841 1237 1177 1308 sylvestrem,
1207 1233 1421 1304 suisque
1451 1229 1718 1286 laboribus
1737 1223 2081 1291 ofﬁcientem,

432 1354 433 1357 η
493 1346 613 1400 qua:
640 1329 723 1384 vel
760 1327 953 1384 radicis
977 1325 1190 1392 duritie,
1217 1326 1300 1380 vel
1339 1323 1540 1379 umbrae
1577 1318 1864 1384 densitate,
1902 1316 2086 1372 fructi-

495 1424 635 1480 feras
658 1424 853 1493 stirpes
880 1431 1207 1491 corrumpat,
1235 1429 1446 1475 summa
1478 1431 1596 1470 eam
1641 1411 1910 1484 diligentia
1939 1425 2085 1465 rese-

493 1525 638 1571 cant.
685 1515 839 1584 Smpe
877 1523 1054 1568 autem
1100 1522 1290 1566 ventus
1332 1509 1538 1564 irruens
1580 1505 1868 1561 sectionem
1892 1500 2080 1572 juvat,

495 1605 867 1675 frondiumque
891 1618 1097 1660 comam
1123 1601 1408 1671 impetens,
1436 1612 1500 1652 ac
1523 1612 1711 1667 magna
1739 1595 1792 1650 vi
1816 1593 2079 1664 quatiens,

495 1697 691 1767 frangit
730 1696 894 1760 illam,
927 1694 980 1748 in
1022 1703 1328 1760 terramque
1375 1687 1690 1760 prosternit,
1733 1697 2086 1756 magnamque

494 1788 598 1843 illis
646 1786 843 1842 laboris
888 1792 1092 1856 partem
1139 1781 1330 1838 aufert.
1381 1781 1514 1836 Cum
1562 1792 1691 1848 ergo
1736 1792 1834 1831 nos
1876 1787 2086 1846 quoque

494 1879 744 1934 arborem
776 1877 1168 1949 praecidendam
1195 1889 1445 1932 curemus
1487 1872 1800 1945 sylvestrem
1826 1877 1884 1924 et
1921 1867 2088 1923 infru-

493 1981 754 2038 ctuosam,
779 1975 1159 2027 Anommorum
1185 1968 1388 2024 scilicet
1408 1963 1676 2028 hmresim,
1701 1963 1866 2018 Deum
1897 1974 2086 2032 prece-

494 2081 634 2130 mur,
667 2074 724 2119 ut
753 2063 906 2118 nobis
930 2063 1159 2133 Spiritus
1183 2060 1404 2130 gratiam
1433 2058 1626 2122 mittat,
1660 2065 1717 2111 ut
1741 2055 1884 2110 omni
1925 2061 2084 2109 vento

495 2156 862 2210 vehementius
910 2156 1204 2225 ingruens,
1252 2151 1498 2206 hzeresim
1545 2147 1798 2204 radicitus
1841 2145 2080 2209 evellat,

494 2247 753 2316 uobisque
781 2246 1015 2303 laborem
1063 2243 1254 2302 reddat
1297 2242 1573 2298 leviorem.
1601 2241 1719 2296 Jam
1751 2240 1898 2295 enim
1942 2249 2082 2293 terra

494 2340 715 2408 inculta,
741 2355 859 2410 quae
888 2339 1240 2410 agricolarum
1269 2335 1515 2392 manibus
1540 2349 1646 2389 non
1687 2331 1917 2388 exemita
1959 2337 2040 2384 est
2062 2369 2081 2396 ,

494 2431 688 2488 herbas
727 2431 967 2496 vitiosas,
1011 2431 1285 2499 spinarum
1314 2428 1419 2482 vim
1450 2436 1506 2481 et
1529 2424 1750 2480 arbores
1794 2421 2082 2493 sylveslres

492 2539 559 2579 cx
585 2525 702 2580 sinu
731 2537 829 2578 suo
855 2538 1000 2592 saepe
1029 2522 1250 2584 eduxit;
1283 2520 1354 2574 ita
1378 2528 1435 2576 et
1464 2520 1842 2599 Anomteorum
1871 2514 2081 2570 deserta

492 2616 688 2680 anima,
714 2625 767 2670 et
789 2630 855 2668 eo
881 2614 1030 2669 cultu
1055 2613 1143 2682 qui
1171 2628 1237 2667 ex
1257 2610 1548 2681 Scripturis
1568 2615 1748 2664 manat
1771 2607 1992 2677 privata,
2014 2621 2083 2660 ex

491 2720 552 2760 se
595 2705 733 2760 hanc
761 2704 924 2760 feram
967 2704 1344 2774 horridamque
1391 2701 1638 2756 haeresim
1682 2698 1890 2756 eduxit.
1937 2698 2084 2753 Hanc

491 2797 689 2866 quippe
715 2796 962 2850 arborem
993 2810 1164 2866 neque
1193 2794 1388 2850 Paulus
1418 2792 1696 2864 plantavit,
1744 2807 1844 2848 nec
1891 2790 2081 2861 Apollo

496 2887 708 2958 rigavit,
742 2902 841 2944 nec
872 2888 1012 2943 Deus
1038 2887 1225 2953 auxit;
1257 2886 1354 2943 sed
1379 2885 1636 2956 plantavit
1664 2883 1879 2954 quidem
1920 2883 2084 2937 ratio—

491 2978 751 3034 ciniorum
782 2979 1150 3050 intempestiva
1193 2978 1502 3044 curiositas,
1532 2977 1727 3047 rigavit
1766 2976 2081 3047 arrogantia:

494 3082 691 3136 tumor,
723 3071 870 3126 auxit
913 3086 1062 3126 vana:
1105 3070 1290 3141 gloria:
1334 3085 1505 3126 amor.
1537 3069 1789 3141 Opusqne
1817 3071 1971 3126 nobis
1999 3079 2081 3126 est

489 3162 721 3233 Spiritus
745 3162 978 3228 flamma,
1009 3171 1068 3217 ut
1094 3163 1378 3232 pessimam
1405 3161 1543 3217 hanc
1568 3161 1800 3220 radicem
1829 3179 1934 3218 non
1967 3171 2082 3222 tan-

493 3265 604 3310 tum
646 3255 962 3320 evellamus,
988 3254 1082 3310 sed
1121 3256 1283 3310 etiam
1326 3254 1722 3310 comburamus.
1769 3255 2080 3311 [avocemus

490 3340 667 3408 itaque
706 3339 901 3408 ipsum,
947 3339 1035 3408 qui
1081 3338 1150 3392 ab
1198 3337 1303 3392 illis
1347 3338 1562 3409 quidem
1602 3339 2019 3410 blasphematur,
2046 3357 2078 3396 a

489 3429 645 3484 nobis
673 3440 852 3483 autem
879 3429 1220 3496 celebratur;
1251 3444 1604 3500 rogemusque
1634 3442 1692 3486 ut
1721 3432 1952 3502 linguam
1978 3448 2077 3488 no-

487 3529 654 3574 stram
695 3519 761 3573 ad
805 3519 1116 3575 celeriorem
1145 3535 1359 3576 cursum
1403 3521 1617 3588 excitet,
1660 3529 1716 3579 et
1738 3532 1970 3579 mentem
2013 3525 2078 3580 ad
2144 3575 2149 3579 .

486 3609 767 3664 clariorem
792 3607 1138 3666 dicendorum
1165 3611 1565 3683 intelligentiam
1605 3615 1829 3684 aperiat.
1856 3613 1960 3670 Pro
1988 3616 2079 3682 illo

489 3714 740 3770 namque,
768 3710 824 3756 et
854 3716 949 3771 pro
977 3701 1141 3772 gloria
1172 3703 1288 3772 ejus
1315 3713 1459 3759 totus
1486 3705 1572 3760 hic
1598 3704 1748 3762 labor
1770 3707 2076 3779 suscipitur,

490 3791 598 3846 imo
621 3793 794 3862 potius
819 3808 914 3863 pro
942 3796 1112 3850 salute
1137 3807 1337 3851 nostra.

558 3882 658 3936 Dei
695 3884 871 3938 laudes
911 3902 1010 3939 non
1033 3883 1165 3952 Deo,
1190 3888 1278 3941 sed
1319 3887 1514 3942 homini
1555 3899 1783 3958 prosunt.
1813 3921 1885 3930 —
1910 3892 2075 3947 Deum

487 3976 633 4030 enim
675 3991 834 4030 nemo
880 3976 964 4032 vel
1011 3980 1404 4036 contemnendo
1448 3981 1662 4047 laedere,
1691 3982 1774 4038 vel
1815 3983 2080 4039 laudando

487 4067 831 4124 illustriorem
872 4069 1045 4125 facere
1092 4072 1326 4140 poterit;
1372 4073 1467 4128 sed
1513 4075 1567 4128 in
1607 4091 1702 4129 sua
1747 4090 1962 4146 semper
1991 4078 2079 4133 ille

489 4168 666 4214 manet
709 4159 897 4230 gloria,
928 4176 1029 4216 nec
1058 4161 1303 4217 laudibus
1346 4173 1554 4227 auctus,
1586 4180 1688 4222 nec
1736 4166 2078 4239 blasphemiis

487 4249 814 4310 imminutus.
866 4251 1124 4310 Homines,
1169 4269 1299 4310 vero
1341 4255 1431 4326 qui
1488 4257 1636 4312 illum
1680 4274 1779 4330 pro
1822 4260 2078 4330 dignitate

486 4339 722 4406 laudant,
765 4343 871 4397 imo
903 4360 1000 4412 pro
1045 4345 1302 4416 dignitate
1344 4363 1504 4404 nemo
1534 4358 1727 4420 potest,
1756 4351 1848 4408 sed
1875 4369 1972 4422 pro
1996 4353 2076 4406 fa-

483 4432 684 4486 cultate
711 4447 828 4498 sua,
863 4434 1034 4491 laudis
1059 4435 1288 4493 fructum
1315 4452 1750 4510 consequuntur:
1779 4444 1868 4513 qui
1896 4456 2075 4500 autem

489 4523 659 4589 ipsum
687 4524 1060 4592 blasphemant
1081 4544 1145 4584 ac
1171 4530 1518 4600 vilipendunt,
1545 4550 1696 4589 suam
1727 4535 1824 4604 ipsi
1851 4539 2072 4593 salutem

485 4615 755 4669 amittunt.
785 4616 916 4671 lllud
939 4620 1080 4672 enim
1099 4662 1114 4684 ,
1149 4621 1250 4686 Qui
1264 4624 1389 4692 fecit
1414 4627 1634 4695 lapidem
1667 4644 1887 4695 sursum,
1910 4630 1962 4683 in
1989 4646 2078 4684 ca-

487 4715 575 4776 put
602 4724 748 4762 suum
768 4710 890 4781 jecit
921 4709 1106 4782 (Ecdi.
1150 4712 1240 4768 27.
1272 4714 1388 4787 28),
1421 4716 1488 4771 de
1525 4719 1848 4787 blasphemis
1874 4720 2073 4777 dictum

489 4809 590 4855 est.
617 4800 1076 4869 Quemadmodum
1105 4807 1248 4860 enim
1277 4808 1365 4876 qui
1395 4808 1624 4876 lapidem
1657 4813 1708 4864 in
1739 4811 1901 4866 altum
1925 4815 2075 4882 jacu-

491 4894 645 4958 latnr,
673 4894 887 4951 creleste
924 4897 1140 4968 quidem
1183 4913 1377 4970 corpus
1420 4901 1663 4958 scindere
1690 4919 1794 4958 non
1837 4907 2070 4973 poterit,

487 5002 660 5058 neque
686 4988 752 5043 ad
782 4998 981 5044 tantam
1007 4991 1342 5048 altitudinem
1370 4995 1695 5066 pertingere,
1741 4996 1835 5053 sed
1867 4999 2070 5068 plagam

482 5094 586 5135 suo
627 5082 802 5151 capite
842 5083 1094 5154 excipiet,
1137 5084 1310 5154 lapide
1356 5087 1408 5141 in
1445 5087 1728 5156 jacientem
1759 5085 2069 5147 recid‘ente:

485 5170 564 5224 sic
589 5172 678 5242 qui
711 5172 763 5226 in
791 5172 999 5228 beatam
1030 5175 1377 5231 substantiam
1409 5177 1762 5248 blasphemat,
1791 5181 1932 5235 illam
1958 5183 2073 5253 qui-

485 5259 605 5316 dem
661 5278 945 5335 numquam
999 5265 1232 5332 lzeserit,
1291 5279 1472 5339 utpote
1527 5286 1645 5340 qure
1697 5271 1852 5344 longe
1903 5274 2074 5345 major

485 5354 850 5426 excelsiorque
873 5357 962 5424 sit,
987 5374 1145 5428 quam
1173 5368 1230 5413 ut
1259 5361 1423 5429 possit
1459 5363 1671 5433 aliquod
1697 5365 1945 5420 damnum
1975 5382 2072 5422 ex-

482 5447 704 5513 cipere;
749 5446 843 5501 sed
881 5458 1068 5503 contra
1115 5450 1344 5506 animam
1387 5468 1537 5508 suam
1569 5456 1584 5486 ι
1614 5455 1846 5526 gladium
1888 5460 2068 5526 acuit,

545 5601 675 5677 fusse
896 5601 1002 5654 fere
1021 5612 1203 5668 ηδε-νηοί
1225 5609 1286 5661 ita
1303 5604 1432 5673 legit
1451 5610 1730 5664 Theodorus
1751 5621 1885 5677 Gaza;
1903 5613 2069 5667 Morel.

491 5671 629 5720 vero,
650 5668 792 5726 caput
813 5676 974 5715 suum.

2193 997 2430 1099 ingratus
2457 1018 2578 1074 erga
2609 1005 3000 1068 benefactorem
3032 1016 3269 1075 ell‘ectus.
3301 1020 3544 1082 Vocemus
3568 1026 3713 1099 itaque

2195 1089 2367 1188 ipsum
2381 1093 2700 1188 ineffabilem
2717 1102 2756 1169 ι,
2772 1103 3212 1178 inintelligibilem
3228 1111 3406 1182 Deum,
3422 1089 3711 1188 invisibilein,

2193 1181 2806 1277 incomprehensibilem,
2827 1193 3074 1253 humana:
3091 1199 3279 1271 lingua:
3293 1205 3391 1258 vim
3404 1181 3710 1277 superantem,

2191 1275 2432 1331 mortalis
2477 1283 2670 1336 mentis
2697 1286 3225 1356 comprehensionem
3265 1275 3602 1366 excedentem,
3637 1275 3714 1355 an-

2188 1366 2323 1435 gelis
2348 1383 2454 1423 non
2480 1371 2840 1441 vestigabilem
2860 1379 2904 1447 ³,
2932 1379 3244 1451 Seraphinis
3272 1385 3588 1456 invisibilem,
3610 1389 3716 1447 Che-

2190 1457 2394 1553 rubinis
2417 1459 2881 1535 inintelligihilem,
2906 1470 3337 1542 inaspectabilem
3360 1477 3714 1553 Principatibus,

2191 1546 2571 1620 Potestatibus,
2603 1553 2916 1628 Virtutibus,
2948 1577 3011 1618 ac
3054 1565 3362 1634 simpliciter
3384 1546 3718 1628 omni—creata;

2191 1654 2266 1694 rze
2295 1657 2310 1696 :
2339 1657 2370 1696 a
2396 1644 2512 1700 solo
2536 1656 2712 1704 autem
2744 1649 2880 1708 Filio
2906 1663 2960 1709 et
2987 1670 3017 1711 a
3044 1655 3244 1727 Spiritu
3270 1670 3448 1717 sancto
3473 1664 3717 1734 cognitum.

2189 1732 2299 1790 Nec
2320 1735 2505 1807 ignoro
2531 1756 2630 1797 eos
2650 1759 2736 1799 me
2762 1747 3065 1816 petulantiae
3091 1763 3432 1812 accusaturos
3455 1773 3582 1825 esse,
3609 1760 3722 1830 quod

2191 1825 2321 1894 ipsis
2366 1833 2611 1899 supernis
2642 1834 2934 1894 Virtutibus
2963 1840 3135 1911 ipsum
3185 1825 3722 1916 inconiprebensibileln

2189 1933 2309 1976 esse
2350 1920 2574 1985 dixerim
2624 1945 2639 1982 :
2679 1943 2778 2000 ego
2835 1941 3013 1989 autem
3070 1935 3190 1992 ideo
3247 1952 3500 1997 summam
3547 1941 3729 2000 illorum

2189 2015 2552 2082 arrogantiam
2590 2028 2645 2073 et
2676 2019 2934 2078 insaniam
2982 2025 3272 2085 damnabo.
3315 2029 3428 2087 Non
3455 2033 3583 2088 enim
3605 2045 3724 2104 petu-

2190 2101 2349 2159 l.:ntia
2401 2117 2483 2162 est
2530 2107 2729 2176 dicere,
2778 2123 3082 2174 creatorem
3125 2123 3364 2178 omnium
3411 2101 3732 2182 creaturarum

2187 2204 2398 2263 captum
2443 2204 2498 2252 et
2523 2200 2881 2269 cognitionem
2922 2221 3216 2278 superare;
3266 2213 3360 2269 sed
3405 2215 3570 2272 dicere
3593 2233 3724 2284 eum,

2187 2286 2553 2379 quigsuperuis
2587 2289 2878 2350 Virtutibus
2907 2297 3454 2370 incomprehensibilis
3493 2307 3573 2373 sit.
3603 2324 3735 2379 posse

2187 2377 2256 2433 ab
2285 2377 2430 2435 humi
2471 2387 2802 2456 repentibus,
2831 2390 2922 2460 qui
2972 2400 3172 2450 tantum
3221 2397 3420 2456 distant
3442 2400 3506 2456 ab
3532 2377 3640 2467 illis,
3666 2401 3728 2457 in-

2187 2469 2337 2526 firma
2364 2474 2744 2544 cogitationum
2774 2479 3023 2540 facultate
3046 2484 3413 2545 circumscribi
3437 2500 3487 2546 et
3523 2506 3729 2563 comprs-

2188 2561 2370 2618 hendi.
2407 2565 2520 2638 Ego
2562 2569 2608 2624 si
2637 2573 2778 2642 quod
2823 2575 3089 2646 pollicitus
3118 2595 3250 2639 sum,
3291 2599 3394 2639 non
3439 2561 3729 2644 demonstra-

2187 2668 2334 2744 vero,
2387 2656 2577 2728 dignus
2630 2661 2786 2731 plane
2835 2664 3025 2723 fuerim
3075 2669 3172 2740 qui
3221 2674 3519 2744 petulantia:
3561 2675 3736 2731 crimen

2184 2743 2403 2802 subeam
2434 2765 2448 2802 :
2481 2765 2579 2806 vos
2621 2768 2769 2822 vero,
2806 2757 2852 2812 si
2883 2767 3158 2830 postquam
3184 2743 3468 2823 ostensum
3488 2767 3551 2822 sit
3591 2768 3736 2838 ipsum

2186 2840 2435 2908 supernis
2492 2841 2783 2902 Virtutibus
2828 2864 2949 2907 esse
2998 2852 3614 2925 iucomprehcnsibilem,
3657 2873 3737 2914 vos

2187 2930 2338 2987 illum
2386 2949 2547 2992 nosse
2584 2942 2916 2999 contentiose
2954 2945 3257 3015 afﬁrmetis,
3299 2960 3426 3022 quot
3463 2952 3737 3019 barathris,

2187 3031 2316 3092 quot
2359 3027 2665 3098 praecipitiis
2710 3031 2855 3103 digni
2894 3036 3064 3099 eritis,
3095 3039 3185 3108 qui
3235 3041 3556 3112 incorporcis
3584 3042 3734 3098 Virtu-

2188 3113 2329 3169 tibus
2358 3115 2628 3174 inaccessa
2653 3135 2748 3177 vos
2791 3125 3024 3194 perfecte
3069 3144 3233 3187 nosse
3278 3133 3569 3204 petulanter
3604 3132 3735 3204 jacti-

2184 3207 2344 3262 tatis?

2253 3297 2307 3351 2.
2336 3299 2447 3370 Age
2466 3317 2596 3372 ergo
2631 3305 2696 3359 ad
2725 3322 2836 3362 rem
2878 3308 3043 3380 ipsam
3075 3312 3545 3373 demonstrandam
3573 3332 3737 3390 propc-

2183 3403 2384 3454 remus,
2413 3393 2478 3448 ad
2502 3397 2862 3464 precationem
2893 3418 3104 3460 rursum
3130 3412 3380 3465 conversi
3417 3429 3431 3464 :
3463 3426 3595 3481 smpe
3617 3410 3733 3465 enim

2183 3482 2384 3538 accidet
2414 3495 2472 3540 ut
2501 3487 2613 3556 ipsa
2640 3493 2889 3560 precandi
2915 3495 3083 3552 series
3112 3512 3432 3569 argumenta
3454 3517 3546 3575 pro
3567 3515 3619 3560 re
3639 3515 3740 3571 pro-

2183 3575 2354 3643 posita
2386 3579 2539 3634 nobis
2566 3584 2887 3652 suppeditet.
2902 3585 3164 3645 Vocemus
3190 3593 3374 3664 itaque
3398 3594 3560 3664 ipsum
3584 3593 3742 3663 Regem

2181 3686 2356 3740 regum
2383 3681 2429 3727 et
2457 3673 2730 3730 Dominum
2753 3678 3121 3740 dominantium
3138 3726 3155 3750 ,
3205 3689 3298 3758 qui
3335 3689 3474 3743 solus
3502 3689 3636 3742 habet
3658 3687 3738 3744 iut-

2184 3763 2541 3819 mortalitatem
2574 3805 2591 3834 ,
2630 3778 2677 3822 et
2718 3768 2881 3824 lucent
2926 3774 3330 3837 inaccessibilent
3355 3780 3543 3835 habitat
3572 3795 3590 3834 :
3616 3794 3737 3851 quem

2181 3853 2355 3908 nullus
2370 3855 2628 3912 hominum
2643 3859 2766 3915 vidit
2780 3903 2794 3928 ,
2814 3879 2971 3936 neque
2994 3865 3160 3922 uidere
3183 3881 3375 3939 potest,
3405 3872 3488 3927 cui
3509 3880 3583 3928 est
3605 3871 3741 3928 hom

2263 3945 2528 4017 imperium
2567 3950 2621 4005 in
2655 3954 2863 4010 sarcula.
2894 3957 3050 4014 Amen
3105 3962 3124 4031 (
3157 3963 3209 4016 1.
3257 3963 3393 4020 Tim.
3425 3968 3478 4021 6.
3508 3967 3590 4022 15.
3619 3963 3735 4035 16.)»

2183 4033 2310 4092 Haec
2340 4054 2443 4094 non
2467 4056 2582 4095 mea
2612 4053 2757 4112 sunt,
2784 4048 2879 4102 sed
2904 4049 3053 4105 Pauli
3080 4053 3267 4110 verba.
3288 4057 3370 4112 Tu
3396 4057 3550 4114 velim
3574 4033 3741 4113 attinnt:

2185 4126 2328 4184 illius
2384 4131 2634 4200 pietatem
2679 4137 2990 4196 consideres
3016 4183 3031 4210 ,
3076 4159 3433 4220 amoremque
3469 4162 3739 4205 summum:

2180 4232 2300 4273 cum
2322 4221 2463 4276 enim
2483 4222 2576 4278 Dei
2607 4227 2867 4294 meminit,
2891 4245 2998 4286 non
3030 4244 3154 4289 ante
3194 4235 3250 4292 in
3288 4239 3486 4296 seriem
3515 4238 3742 4295 doctrina

2185 4311 2427 4378 procedit
2470 4330 2628 4385 quam
2655 4317 2895 4376 debitum
2923 4338 3080 4379 suum
3119 4329 3411 4399 exsolvat,
3463 4346 3582 4385 cum
3610 4327 3744 4384 laude

2180 4415 2485 4461 sermonem
2523 4409 2798 4467 claudens.
2830 4413 2961 4469 Nam
2991 4417 3054 4473 Si
3093 4423 3342 4476 memoria
3355 4423 3490 4493 justi
3513 4436 3620 4478 cum
3644 4421 3743 4475 latt-

2181 4493 2326 4548 dibus
2379 4496 2561 4568 (Prov.
2598 4501 2683 4556 10.
2718 4502 2806 4574 7),
2849 4506 3017 4562 multo
3043 4510 3210 4580 magis
3239 4514 3506 4569 memoria
3532 4514 3621 4569 Dei
3642 4527 3746 4569 cum

2183 4585 2572 4648 benedictione.
2606 4593 2837 4665 ldipsum
2867 4614 2995 4655 vero
3016 4600 3140 4657 facit
3159 4603 3212 4658 in
3239 4605 3485 4662 exordiis
3515 4604 3745 4678 epistola-

2181 4695 2320 4736 rum.
2352 4681 2561 4754 Saepius
2584 4687 2726 4742 enim
2756 4689 3034 4759 epistolam
3059 4695 3308 4762 ordiens,
3343 4698 3482 4754 facta
3509 4697 3602 4753 Dei
3620 4709 3749 4752 mea.

2181 4773 2324 4829 tione
2350 4817 2366 4844 ,
2400 4793 2504 4832 non
2547 4779 2693 4848 prius
2735 4781 2802 4837 ad
2849 4783 3141 4842 doctrinam
3183 4791 3432 4858 procedit
3475 4806 3628 4862 quam
3655 4789 3748 4845 Deo

2178 4864 2410 4922 debitam
2437 4868 2645 4926 laudem
2670 4873 3003 4948 gloriamque
3028 4878 3256 4938 dederit.
3285 4885 3430 4940 Audi
3468 4886 3592 4956 quid
3631 4882 3746 4939 scri-

2177 4956 2311 5013 bens
2335 4958 2400 5014 ad
2430 4961 2642 5019 Galatas
2661 4965 2801 5021 dicat
2829 4985 2844 5022 :
2875 4968 3054 5024 Gratia
3068 4973 3208 5029 vobis
3222 4986 3271 5029 et
3287 4995 3398 5046 pax
3420 4995 3454 5031 a
3482 4978 3585 5032 Deo
3613 4975 3747 5033 Patre

2178 5060 2350 5106 nostro
2379 5061 2423 5106 et
2467 5053 2688 5112 Domino
2713 5069 2884 5116 nostra
2907 5062 3032 5118 Jesu
3061 5065 3280 5134 Christo,
3313 5072 3405 5140 qui
3424 5071 3563 5125 dedit
3588 5076 3747 5124 senario

2179 5139 2346 5209 ipsum
2373 5160 2466 5214 pro
2493 5150 2710 5214 peccatis
2733 5154 2916 5209 nostris
2933 5196 2948 5218 ,
2982 5167 3036 5211 ut
3063 5159 3276 5229 eriperet
3304 5139 3401 5214 nos
3435 5161 3500 5216 de
3539 5154 3748 5231 presenti

2178 5238 2363 5292 uacula
2385 5255 2597 5309 nequam
2621 5246 2894 5299 secundum
2915 5249 3216 5305 uoluntatem
3252 5252 3352 5306 Dei
3376 5265 3425 5308 et
3454 5254 3622 5308 Patris
3642 5293 3655 5319 ,
3679 5248 3750 5304 cui

2177 5328 2342 5397 gloria
2383 5329 2436 5384 in
2473 5334 2682 5388 serrula.
2737 5337 2897 5392 Amen
2937 5337 2956 5410 (
2987 5339 3104 5396 Gal.
3148 5343 3195 5396 i.
3227 5344 3328 5400 5-5
3357 5345 3400 5416 ).
3436 5345 3748 5408 Rursumque

2179 5417 2306 5473 alibi
2336 5436 2350 5473 :
2389 5419 2514 5492 Regi
2539 5433 2707 5478 autent
2757 5429 3058 5483 meatorum
3093 5432 3374 5489 immortali
3415 5445 3462 5489 et
3503 5429 3748 5496 intisibili;

2238 5619 2256 5690 ξ
2291 5619 2486 5690 Quidam
2513 5630 2618 5673 Mss.
2643 5622 2842 5690 addunt,
2878 5623 3135 5690 inﬁnitum.

2235 5682 2258 5713 ¹
2289 5683 2484 5740 Quidam
2507 5691 2614 5736 Mss.
2639 5682 2837 5752 addunt,
2869 5682 3174 5755 archangelis
3207 5689 3584 5745 insanabilem.
