3980 6184
195 293 289 352 ’119

265 470 3348 502 —————.——__.____——___________________

1205 298 1293 355 DE
1331 299 2022 360 INCOMPREIIENSIBILI
2066 305 2175 362 DEI
2215 307 2520 366 NATURA.
2561 305 2652 366 111.

3507 312 3618 370 Ἱὶο

1095 617 1453 731 ΠΕΡΙ
1528 613 2730 758 ΑΚΑΤΑΛΗΠΤΟΥ,

877 811 988 870 Καί
1019 810 1108 866 ὅτι
1137 810 1281 866 οὐδὲ
1309 811 1348 880 ἠ
1387 809 1844 882 συγ-κατάϐασις
1873 812 1980 868 τοῦ
2007 811 2157 866 Θεοῦ
2189 810 2422 882 φορητὴ
2452 812 2577 880 τοῖς
2605 815 2890 886 Σεραςρίμ.

781 1050 975 1121 Λόγος
1006 1047 1226 1118 τρίτος.

234 1207 298 1258 α’,
334 1199 404 1256 οι
433 1195 712 1268 φιλόπονοι
746 1191 859 1245 τῶν
889 1186 1172 1259 γεωργῶν,
1204 1184 1421 1239 ἐπειδάν
1455 1183 1604 1237 ίδωσι
1626 1182 1846 1254 δένδρον

175 1291 416 1360 ἄκαρπον
451 1285 549 1340 καὶ
576 1281 851 1352 ἀνήμερον
877 1279 991 1340 τοῖς
1016 1273 1194 1329 αὐτῶν
1215 1271 1610 1360 λυμαινόμενον
1641 1272 1841 1336 πόνοις,

175 1357 360 1445 καὶ-τῇ
397 1373 500 1442 τῆς
532 1369 686 1440 ῥίζης
718 1363 1018 1438 τραχύτητι
1046 1360 1145 1415 καὶ
1168 1363 1236 1432 τῇ
1264 1357 1528 1430 βαρύτητι
1563 1358 1661 1428 τῆς
1685 1361 1844 1422 σκιᾶς

175 1431 494 1533 δωφθέῖρον
532 1431 611 1512 τά.
644 1431 858 1527 ⁷
885 1431 996 1505 τῶν
1047 1431 1250 1519 φυτῶν,
1311 1447 1449 1518 μετά
1491 1445 1691 1516 πολλῆς
1753 1448 1845 1501 ὲκ.

170 1552 455 1621 τέμνουσιν
505 1544 639 1599 αὐτὸ
680 1543 780 1611 τῆς
826 1537 1082 1606 σπουδῆς.
1134 1533 1403 1598 Πολλάκις
1438 1533 1495 1587 δὲ
1532 1533 1716 1596 αὐτοῖς
1747 1533 1843 1586 καὶ

169 1639 357 1708 ἀνεμός
381 1634 552 1688 ⁴ποθεν
585 1628 847 1692 ἐπελθὼν,
875 1625 1276 1696 συνεφάπτεται
1297 1622 1396 1694 τῆς
1428 1621 1618 1692 τομῆς,
1651 1621 1744 1675 καὶ
1774 1624 1838 1694 τῇ

171 1725 306 1795 κόμη
340 1721 445 1774 τοῦ
471 1718 691 1789 δένδρου
720 1712 1066 1787 προσπεσὼν,
1097 1711 1192 1765 καὶ
1227 1709 1366 1780 μετά
1391 1708 1589 1778 πολλῆς
1621 1709 1843 1773 τινάξας

168 1781 684 1881 τῆξῖτφοδράτηέος,
730 1781 1028 1855 συνέκλασέ
1066 1816 1125 1853 τε
1167 1797 1316 1863 αὐτὸ,
1360 1798 1452 1850 καὶ
1499 1799 1578 1860 εἰς
1605 1796 1705 1866 τὴν
1738 1795 1842 1867 γῆν

170 1899 372 1971 ἐῤῥιψε,
388 1896 488 1950 καὶ
509 1893 604 1946 τοῦ
629 1891 790 1944 πόνου
821 1889 882 1943 τὸ
902 1889 1060 1941 πλέον
1074 1887 1258 1950 αὐτοῖς
1287 1883 1669 1954 ἐπεκούφισεν.
1688 1884 1842 1938 Ἐπεὶ

263 1952 413 2054 καὶιὴ
422 1985 541 2054 μεῖς
555 1979 768 2051 δένδρον
783 1975 906 2030 ἐκτέ
914 1992 1011 2046 μνο
1017 1991 1116 2046 μεν
1128 1973 1318 2046 ἄγριον
1331 1971 1424 2025 καὶ
1434 1952 1536 2042 ἀνῆ
1545 1989 1610 2043 με
1617 1972 1841 2042 ρον,τῶν

179 2073 471 2146 Ἀνομοίων
501 2072 599 2143 τὴν
637 2068 872 2140 αἵρεσιν,
905 2063 1381 2137 παρακαλέσωμεν
1413 2061 1504 2114 τὸν
1533 2061 1665 2114 Θεὸν
1698 2061 1841 2132 πέμ-

167 2164 256 2234 ψαι
278 2162 376 2216 τοῦ
411 2159 728 2230 Πνεύματος
753 2156 886 2226 ἡμῖν
916 2155 1016 2226 τὴν
1049 2151 1232 2223 χάριν,
1263 2151 1351 2204 ῖνα
1378 2149 1580 2220 ἀνέμου
1612 2149 1840 2220 σφοδρό-

169 2269 310 2322 τερον
347 2248 558 2311 παντὸς
584 2242 966 2317 προσϐαλοῦσα
995 2237 1290 2312 πρόρριζον
1319 2236 1608 2308 ἀνασπάσῃ
1630 2237 1730 2308 τὴν
1753 2237 1839 2290 αῖ-

173 2355 330 2409 ρεσιν,
378 2337 445 2389 τὸ
495 2334 660 2387 πλέον
703 2333 836 2402 ⁴ἡμῖν
878 2326 1308 2396 ἐπικουφίζουσα
1349 2323 1441 2378 τοῦ
1476 2324 1660 2378 πόνου.
1697 2323 1840 2395 Ἤδη

169 2428 267 2498 γάρ
304 2442 419 2478 που
457 2423 553 2476 καὶ
581 2421 654 2490 γῆ
681 2416 1040 2491 χερσωθεῖσα,
1090 2415 1184 2470 καὶ
1223 2413 1544 2486 γεωργικῶν
1575 2413 1675 2467 οὐκ
1703 2414 1841 2468 ἀπο-

170 2512 410 2566 λαύσασα
459 2509 679 2580 χειρῶν,
726 2504 968 2577 πονηρὰς
1012 2503 1259 2575 βοτάνας,
1305 2504 1399 2555 καὶ
1424 2501 1678 2555 ἀκανθῶν
1702 2499 1841 2572 πλῆ-

169 2600 266 2664 θος,
292 2600 393 2652 καὶ
412 2597 604 2667 δένδρα
635 2595 803 2666 ἀγρια
830 2592 1123 2663 ὲξέϐρασεν
1151 2593 1215 2643 ἐκ
1247 2588 1355 2642 τῶν
1383 2588 1601 2643 οἰκείων
1621 2588 1838 2643 κόλπων

167 2687 441 2748 πολλάκις
467 2684 610 2737 οὕτω
639 2684 734 2736 καὶ
757 2684 791 2753 ἡ
819 2681 926 2735 τῶν
964 2679 1257 2750 ’Δνομοίων
1291 2677 1642 2749 ἐρημωθεῖσα
1666 2677 1834 2750 ψυχὴ,

164 2776 248 2828 καὶ
277 2773 382 2844 τῆς
412 2771 522 2826 ἀπὸ
545 2773 653 2824 τῶν
687 2767 920 2840 Γραφῶν
959 2765 1275 2838 ἐπιμελείας
1314 2765 1412 2818 οὐκ
1455 2763 1834 2829 ἀπολαύσασα,

162 2861 370 2914 οίκοθεν
419 2859 516 2913 καὶ
553 2858 685 2928 παρ’
727 2856 928 2926 ἑαυτῆς
958 2853 1110 2926 [465]
1141 2851 1240 2924 τὴν
1276 2851 1472 2923 ἀγρίαν
1497 2850 1704 2922 ταύτην
1739 2853 1837 2905 καὶ

162 2948 438 3018 ἀνήμερον
476 2943 769 3016 ἐξέϐρασεν
808 2943 1040 3013 αἰρεσιν.
1075 2939 1247 2993 Τοῦτο
1280 2939 1388 3009 7&9
1419 2938 1482 2991 τὸ
1521 2937 1738 3006 δένδρον
1772 2938 1834 2992 οὐ

163 3034 370 3099 Παῦλος
406 3032 723 3102 ἐφύτευσεν,
757 3030 858 3083 οὐκ
904 3025 1178 3090 Ἀπολλὼς
1211 3026 1481 3090 ἐπότισεν,
1516 3026 1616 3096 οὐχ
1647 3027 1674 3079 ό
1703 3027 1836 3091 Θεδς

161 3121 415 3192 ηὔξανεν,
459 3118 574 3173 ἀλλ’
625 3117 889 3188 ἐφύτευσε
946 3117 1046 3186 μὲν
1095 3113 1370 3184 λογισμῶν
1411 3112 1638 3183 ἄκαιρος
1679 3130 1836 3185 περι-

163 3211 335 3282 εργία,
367 3209 590 3264 ἐπότισε
613 3207 670 3260 δὲ
701 3205 958 3270 ἀπονοίας
984 3204 1169 3274 τῦφος,
1208 3202 1410 3274 ηὔξησε
1437 3202 1494 3256 δὲ
1533 3201 1835 3271 φιλοδοξίας

162 3299 314 3370 ἔρως.
361 3297 477 3351 Καὶ
510 3297 592 3350 δεῖ
615 3297 714 3366 τῆς
740 3294 834 3348 τοῦ
870 3293 1185 3364 Πνεύματος
1220 3292 1351 3362 ἡμῖν
1389 3290 1609 3360 φλογὸς,
1634 3290 1721 3343 ἵνα
1758 3290 1834 3362 μὴ

165 3388 317 3456 μόνον
345 3385 774 3454 ἀνασπάσωμεν,
801 3381 937 3437 ἀλλά
966 3381 1061 3436 καὶ
1087 3380 1520 3450 κατακαύσωμεν
1538 3379 1637 3450 τὴν
1665 3397 1835 3451 πονη-

163 3476 254 3547 ράν
311 3475 524 3544 ταύτην
568 3471 744 3543 ῥίζαν.
782 3471 1116 3541 Καλέσωμεν
1158 3470 1337 3524 τοίνυν
1381 3469 1564 3535 αὐτὸν,
1603 3469 1694 3524 τὸν
1739 3471 1833 3523 ὑπ’

162 3563 385 3616 ἐκείνων
427 3561 527 3632 μὲν
561 3558 1067 3630 βλασφημούμενον,
1093 3558 1184 3627 ὑφ’
1211 3556 1366 3628 ήμῶν
1392 3556 1449 3609 δὲ
1481 3556 1833 3628 εὐφημούμε-

162 3667 245 3701 νον
285 3649 449 3713 Θεδν,
478 3648 573 3701 καὶ
602 3645 1096 3718 παρακαλέσωμεν,
1134 3643 1274 3697 ὥστε
1311 3643 1407 3696 καὶ
1447 3643 1548 3714 τὴν
1585 3643 1832 3712 γλῶτταν

163 3735 314 3806 ἡμῶν
362 3734 504 3806 πρὸς
535 3733 757 3786 πλείονα
781 3731 1045 3800 διεγεῖραι
1075 3730 1294 3801 δρόμον,
1328 3727 1422 3782 καί
1457 3729 1556 3800 τὴν
1591 3729 1833 3783 διάνοιαν

162 3825 289 3894 ἡμῖν
341 3822 483 3894 πρὸς
531 3819 866 3891 σαφεστέραν
909 3816 1170 3882 διανοῖξαι
1210 3816 1316 3870 τῶν
1347 3815 1655 3887 λεγομένων
1703 3816 1834 3870 ἀνά-

159 3909 350 3974 πτυξιν
373 3924 420 3962 ι.
466 3908 639 3978 ’Υπὲρ
667 3907 776 3978 7&9
815 3905 980 3959 αὐτοῦ
1013 3905 1107 3957 καὶ
1141 3902 1239 3974 τῆς
1281 3900 1445 3956 αὐτοῦ
1481 3902 1638 3972 δόξης
1686 3903 1833 3968 ἀπας

159 3999 290 4069 ἡμῖν
305 3999 336 4050 ό
349 3997 536 4059 πόνος,
558 3994 760 4067 μᾶλλον
773 3995 831 4048 δὲ
852 3993 994 4065 ὑπὲρ
1014 3993 1112 4063 τῆς
1135 3991 1406 4062 σωτηρίας
1421 3991 1518 4062 τῆς
1534 3991 1828 4069 ἡμετέρας.

220 4083 327 4137 Τδν
365 4083 467 4154 μέν
501 4083 612 4153 γὰρ
649 4080 781 4135 Θεὸν
826 4079 1000 4144 οὐδεὶς
1042 4077 1167 4132 οὐτε
1217 4076 1500 4149 ἀτιμάζων
1549 4077 1832 4148 παραϐλά·

158 4169 256 4239 ψαι
289 4169 605 4241 δυνήσεται,
655 4165 780 4222 οὐτε
819 4165 1084 4238 εὐφημῶν
1124 4165 1505 4237 λαμπρότερον
1529 4165 1828 4236 ἀποφῆναν

160 4260 274 4313 ἀλλ’
311 4261 404 4313 ἐπὶ
455 4259 560 4330 τῆς
602 4259 807 4321 οἰκείας
838 4257 928 4311 ἀεὶ
971 4257 1120 4328 μένει
1150 4255 1330 4324 δόξης,
1369 4253 1493 4308 οὐτε
1536 4254 1832 4326 εὐφημίαις

160 4345 547 4418 αὐξανόμενος,
601 4343 724 4400 οὐτε
768 4342 1156 4412 ἐλαττούμενος
1194 4340 1585 4412 βλασφημίαιςο
1623 4340 1734 4394 τῶν
1772 4341 1831 4396 δὲ

163 4433 462 4504 ἀνθρώπων
503 4432 555 4484 οί
611 4431 710 4502 μὶν
746 4429 1057 4496 δοξάζοντες
1083 4428 1245 4484 αὐτὸν
1275 4429 1394 4482 κατ’
1422 4428 1600 4495 ἀξίαν,
1632 4428 1830 4499 μᾶλλον

163 4519 227 4571 δι
267 4523 381 4574 κατ’
419 4520 580 4587 ἀξίαν
626 4519 726 4590 μὲν
767 4518 942 4572 οὐδενὶ
979 4517 1223 4581 δυνατὸν,
1259 4518 1341 4581 είς
1377 4516 1434 4570 δὲ
1470 4515 1699 4587 δύναμιν
1730 4517 1830 4589 τὴν

168 4606 394 4671 ἑαυτῶν,
416 4607 516 4679 τὴν
543 4606 654 4660 ἀπὸ
695 4605 795 4677 τῆς
827 4603 1132 4672 δοξολογίας
1159 4603 1428 4673 ὠφέλειαν
1467 4602 1826 4675 καρποῦνται·

162 4695 216 4746 ot
254 4693 311 4747 δέ
351 4692 796 4767 βλασφημοῦντες
845 4694 941 4747 καὶ
995 4691 1441 4756 ἐξευτελίζοντας,
1475 4691 1577 4762 τὴν
1622 4689 1830 4746 οἰκείαν

159 4781 510 4853 λυμαίνονται
544 4781 840 4854 σωτηρίαν.
871 4780 946 4834 Τὸ
1001 4779 1134 4852 γὰρ,
1193 4779 1247 4832 '0
1290 4778 1507 4845 ,ϐαλὼν
1547 4780 1723 4834 λίθον
1762 4779 1829 4846 ἐς

155 4870 342 4938 ὕψος.
360 4873 450 4936 εις
476 4870 592 4937 τὴν
627 4867 906 4938 κεφαλὴν
925 4868 1144 4922 ἑαυτοῦ
1167 4867 1366 4933 ἔϐαλε,
1387 4867 1517 4939 περὶ
1537 4867 1647 4920 τῶν
1671 4866 1829 4938 βλασ-

154 4957 486 5029 φημούντων
534 4973 619 5020 τις
667 4957 876 5027 εῖρηκε.
926 4955 1192 5026 Καθάπερ
1248 4954 1359 5026 7&9
1403 4959 1434 5010 ό
1488 4953 1634 5008 λίθον
1690 4954 1828 5026 πρὸς

153 5046 295 5115 ὕψος
336 5043 659 5109 ἀκοντίζων,
704 5044 800 5098 τοῦ
843 5043 1071 5116 οὐρανοῦ
1117 5045 1216 5115 μὲν
1252 5043 1314 5096 τὸ
1355 5043 1514 5120 σῶμα
1553 5042 1828 5113 διατεμεῖν

148 5135 214 5186 οὐ
250 5133 567 5204 δυνήσεται,
602 5132 724 5186 οὐτε
758 5132 895 5205 πρὸς
922 5131 982 5187 τὸ
1007 5131 1142 5201 ῦψος
1179 5131 1380 5201 φθάσαι
1414 5132 1610 5196 ἐκεῖνο,
1644 5130 1741 5201 τῆν
1769 5130 1826 5184 δὲ

153 5221 375 5291 πληγὴν
401 5223 469 5291 τῇ
497 5220 673 5292 οίκείᾳ
697 5220 910 5291 δέχεται
929 5223 1162 5291 κορυφῇ,
1189 5219 1323 5292 πρὸς
1353 5219 1444 5273 τὸν
1469 5219 1826 5273 ἀκοντίσαντα

153 5309 472 5373 ἐπανιόντος
539 5294 634 5362 τοῦ
692 5309 873 5363 λίθου·
937 5308 1080 5363 οὕτω
1131 5309 1197 5381 δὴ
1250 5308 1342 5362 καὶ
1397 5309 1426 5362 ό
1488 5307 1826 5378 βλασφημῶν

153 5395 257 5464 τὴν
311 5395 586 5466 μακαρίαν
632 5395 846 5465 ἐκείνην
891 5395 1099 5461 οὐσίαν,
1148 5394 1364 5467 ἐκείνην
1414 5394 1512 5466 μὲν
1560 5395 1714 5448 οὐδὲν
1759 5397 1826 5449 ἂν

153 5482 534 5554 παραϐλάψειέ
558 5500 690 5536 ποτε
712 5483 890 5556 πολλῷ
917 5483 1138 5556 μείζονα
1159 5480 1326 5538 οὖσαν
1348 5483 1442 5537 καὶ
1463 5482 1819 5556 ὑψηλοτέραν,

226 5659 258 5727 ξ
281 5659 424 5729 δενη.
453 5667 507 5712 εὶ
524 5663 847 5729 aliquobmsﬁ.
871 5667 966 5715 τῶν
997 5666 1260 5729 λεγομένοιν
1281 5665 1548 5726 ἀνάπτυξιν,
1571 5662 1722 5714 Morel
1770 5669 1826 5714 et

164 5719 253 5771 lii
283 5724 372 5772 τῶν
672 5726 874 5777 σύνεσιν.

1946 1041 1980 1112 ἢ
2007 1040 2146 1095 ὥστε
2173 1041 2428 1107 δέξασθαί
2473 1061 2595 1098 τινα
2627 1044 2852 1119 βλάϐην,
2898 1047 3040 1102 κατά
3083 1049 3138 1103 δὲ
3174 1050 3271 1121 τῆς
3295 1052 3490 1106 ἑαυτοῦ
3519 1053 3622 1123 ψυ-

1947 1125 2052 1196 χῆς
2083 1127 2110 1166 b
2141 1127 2202 1179 τὸ
2256 1128 2407 1198 ξίφος
2457 1131 2650 1202 ἀκονᾷ,
2704 1132 2976 1204 ἀγνώμων
3018 1137 3146 1206 περὶ
3193 1135 3284 1190 τὸν
3325 1139 3623 1210 εὐεργέτην

1944 1214 2255 1284 γενόμενος.
2288 1216 2560 1288 Καλῶμεν
2589 1217 2774 1272 τοίνυν
2805 1221 2965 1278 αὐτὸν
2994 1223 3084 1276 τὸν
3110 1223 3622 1296 ἀνέκφραστον,τδν

1944 1301 2296 1373 ἀπερινόητον
2348 1301 2502 1366 Θεδν,
2555 1304 2647 1358 τὸν
2682 1306 2934 1377 ἀόρατον,
2970 1309 3062 1363 τὸν
3083 1312 3493 1383 ἀκατάληπτον,
3530 1313 3623 1366 τὸν

1943 1389 2177 1442 νικῶντα
2203 1387 2450 1461 γλώττης
2467 1390 2694 1462 δύναμιν
2718 1394 3087 1467 ἀνθρωπίνης,
3108 1398 3201 1453 τὸν
3226 1401 3623 1472 ὑπερϐαίνοντα

1945 1473 2144 1546 θνητῆς
2168 1475 2408 1540 διανοίας
2429 1477 2753 1551 κατάληψιν,
2783 1482 2876 1535 τὸν
2906 1483 3313 1557 ἀνεξιχνίαστον
3344 1489 3620 1558 ἀγγέλοις,

1941 1562 2032 1615 τὸν
2063 1563 2290 1617 ἀθέατον
2324 1567 2436 1628 τοῖς
2459 1567 2727 1638 Σεραφὶμ,
2765 1570 2857 1622 τὸν
2881 1569 3250 1645 ἀκατανόητον
3280 1578 3394 1639 τοῖς
3417 1577 3622 1647 Χερου-

1943 1648 2062 1722 ϐὶμ,
2090 1651 2183 1705 τὸν
2203 1652 2433 1723 ἀόρατον
2454 1653 2667 1725 ἀρχαῖς,
2693 1654 2985 1724 ἐξουσίαις,
3006 1660 3292 1731 δυνάμεσι,
3311 1663 3406 1716 καὶ
3431 1663 3622 1728 ἁπλῶς

1944 1739 2091 1811 πάσῃ
2107 1743 2174 1812 τῇ
2199 1741 2394 1806 κτίσει,
2428 1741 2534 1794 ὑπὸ
2558 1741 2616 1795 δὲ
2645 1742 2777 1796 Υίοῦ
2807 1744 2968 1816 μόνου
2997 1747 3091 1801 καί⁸
3123 1739 3444 1820 Πνεύματος
3464 1751 3620 1818 ἁγίου

1941 1827 2360 1898 γνωριζόμενον.
2415 1829 2527 1882 Καὶ
2559 1825 2675 1883 οἰδα
2725 1831 2825 1902 μὲν
2863 1833 2945 1886 ὅτι
2976 1833 3295 1898 ἀλαζονείαν
3336 1838 3622 1906 καταγνώ-

1943 1929 2125 1968 σονται
2155 1914 2250 1968 τοῦ
2287 1915 2468 1984 λόγου,
2511 1917 2592 1970 ὅτι
2618 1919 2712 1972 καὶ
2740 1922 2861 1985 ταῖς
2879 1921 3136 1996 ἀνωτέρω
3159 1923 3455 1996 δυνάμεσιν
3485 1927 3622 1980 ἀκα-

1940 1999 2212 2073 τάληπτον
2245 2005 2408 2058 αὐτὸν
2456 2005 2611 2060 εἶπον
2657 2005 2799 2063 εἰναι
2819 2024 2834 2040 ο
2867 2009 2980 2080 ἐγὼ
3019 2011 3076 2064 δὲ
3108 2011 3198 2066 διὰ
3226 2012 3386 2066 τοῦτο
3419 2012 3621 2085 πολλὴν

1940 2089 2122 2142 αὐτῶν
2159 2092 2585 2165 καταγνώσομαι
2620 2095 2818 2167 μανίαν
2847 2098 2941 2151 καὶ
2978 2098 3262 2156 ἀπόνοιαν.
3305 2101 3620 2166 Ἀλαζονεία

1939 2174 2049 2246 γὰρ
2079 2177 2140 2230 οὐ
2174 2177 2236 2232 τὸ
2270 2179 2466 2248 λέγειν,
2495 2182 2576 2235 ὅτι
2597 2183 2697 2255 τῆς
2727 2183 2836 2237 τῶν
2850 2183 3126 2256 γεννητῶν
3155 2186 3412 2241 ἀπάντων
3447 2205 3620 2243 κατα-

1940 2263 2154 2334 λήψεως
2187 2267 2460 2340 ἀνώτερός
2505 2272 2653 2324 ἐστιν
2690 2272 2719 2324 ό
2762 2271 3109 2343 δημιουργὸς,
3148 2274 3283 2327 ἀλλά
3307 2275 3370 2328 τὸ
3412 2276 3616 2345 λέγειν,

1940 2351 2023 2405 δτι
2053 2353 2148 2407 τὸν
2174 2355 2294 2418 ταῖς
2321 2353 2433 2408 ἀνω
2459 2355 2754 2428 δυνάμεσιν
2781 2359 3400 2431 ἀκατάληπτονδυνατδν
3428 2364 3617 2429 αὐτοῖς

1938 2441 2055 2504 τοῖς
2076 2442 2252 2512 χαμαὶ
2284 2441 2602 2514 ἐρχομένοις
2637 2455 2685 2509 ο,
2720 2447 2812 2500 καὶ
2847 2445 3101 2501 τοσοῦτον
3128 2449 3353 2503 ἐκείνων
3375 2450 3618 2522 ἀφεστη-

1939 2527 2080 2596 κόσι,
2128 2531 2196 2601 τῇ
2241 2529 2351 2583 τῶν
2383 2531 2601 2585 οἰκείων
2652 2531 2928 2604 λογισμῶν
2968 2534 3224 2607 ἀσθενείᾳ,
3271 2539 3617 2610 περιγράψαι

1939 2617 2033 2670 καὶ
2064 2616 2398 2688 περιλαϐεῖν.
2445 2618 2586 2687 Ἐγὼ
2621 2619 2720 2690 μὲν
2749 2616 2863 2683 οὖν,
2896 2621 2962 2678 ἂν
3003 2623 3080 2694 μὴ
3111 2621 3273 2691 δείξω
3293 2625 3454 2681 τοῦτο
3476 2628 3617 2700 ὅπερ

1940 2702 2277 2776 ὑπεσχόμην,
2297 2703 2507 2770 δίκαιος
2560 2705 2627 2760 ἂν
2659 2706 2780 2780 εῖην
2807 2707 3130 2774 ἀλαζονείας
3174 2711 3474 2784 ὑποστῆναι
3505 2713 3616 2783 ἐγ-

1937 2789 2150 2862 κλημα·
2187 2791 2343 2862 ὑμεῖς
2370 2793 2427 2846 δὲ
2465 2795 2514 2846 εί
2543 2793 2682 2864 μετά
2709 2796 2770 2848 τὸ
2797 2795 2969 2863 δεῖξαί
2995 2815 3062 2869 με
3085 2800 3206 2862 ταῖς
3235 2799 3348 2854 ἀνω
3379 2800 3618 2874 δυνάμε-

1939 2897 2022 2933 σιν
2050 2879 2179 2934 ὄντα
2205 2881 2606 2953 ἀκατάληπτον,
2626 2882 3019 2957 διισχυρίζεσθε
3043 2886 3121 2940 ἔτι
3150 2889 3243 2942 καὶ
3259 2888 3616 2960 φιλονεικεῖτε

1937 2964 2100 3018 αὐτὸν
2148 2965 2365 3030 είδέναι,
2414 2968 2596 3021 πόσων
2651 2969 2719 3023 ἂν
2771 2971 2922 3042 εἴητε
2965 2971 3279 3046 βαράθρων,
3323 2976 3508 3033 πόσων
3559 2978 3616 3033 δέ

1937 3053 2202 3125 κρημνῶν
2248 3053 2409 3120 ἄξιοι,
2456 3053 2609 3127 [464]
2664 3057 2732 3110 τά
2782 3060 2903 3121 ταῖς
2953 3059 3267 3130 ἀσωμάτοις
3310 3062 3614 3134 δυνάμεσιν

1935 3140 2174 3204 ἀπάσαις
2197 3140 2404 3195 ἀθέατα
2431 3141 2877 3213 ἀλαζονευόμενοι
2897 3145 3034 3216 μετά
3062 3147 3348 3220 ἀκριϐείας
3367 3150 3611 3220 είδέναι;

2006 3227 2071 3299 β’,
2088 3226 2223 3299 Φέρε
2242 3223 2356 3294 οὖν,
2376 3229 2467 3280 ἐπὶ
2490 3227 2588 3292 τὰς
2607 3230 2908 3296 ἀποδείξεις
2927 3233 3108 3288 λοιπὸν
3126 3236 3296 3300 αὐτάς
3318 3237 3612 3311 χωρῶμεν,

1935 3313 2098 3367 πάλιν
2131 3315 2223 3368 ἐπὶ
2251 3314 2350 3386 τὴν
2375 3316 2539 3387 εὐχὴν
2561 3317 2650 3370 τὸν
2677 3317 2831 3386 λόγον
2856 3320 3153 3391 τρέψαντες
3175 3339 3188 3352 ·
3218 3324 3481 3391 πολλάκις
3503 3328 3615 3401 7&9

1934 3399 2072 3472 αὐτη
2092 3401 2192 3471 τῆς
2223 3402 2387 3473 εὐχῆς
2437 3405 2470 3473 ὴ
2517 3403 2810 3458 ἀκολουθία
2849 3408 3076 3480 παρέξει
3107 3411 3216 3464 τῶν
3255 3399 3614 3487 ζητουμένον

1932 3491 2066 3560 ἡμῖν
2095 3490 2194 3562 τὴν
2210 3491 2502 3557 ἀπόδειξιν.
2529 3492 2799 3565 Καλῶμεν
2815 3497 2994 3550 τοίνυν
3027 3498 3192 3552 αὐτὸν
3234 3500 3324 3556 τὸν
3342 3504 3611 3560 Βασιλέα

1932 3577 2052 3629 τῶν
2060 3577 2538 3644 βασιλευόντων,
2557 3582 2652 3634 καὶ
2673 3581 2784 3635 τὸν
2799 3584 3019 3651 Κύριον
3041 3585 3161 3639 τῶν
3183 3591 3608 3659 κυριευόντων,

1932 3663 2040 3716 τὸν
2059 3666 2252 3734 μόνον
2290 3665 2510 3735 ἔχοντα
2557 3668 2926 3737 ἀθανασίαν,
2975 3671 3074 3726 καί
3108 3675 3236 3743 φῶς
3276 3677 3614 3748 ἀπρόσιτον

1933 3750 2234 3818 οἰκοῦντα,
2255 3751 2330 3807 ὃν
2344 3750 2506 3808 εἶδεν
2522 3755 2724 3821 οὐδεὶς
2756 3757 3104 3827 ἀνθρώπων,
3143 3763 3289 3817 οὐδὲ
3324 3765 3474 3821 ίδεῖν
3507 3769 3613 3824 δύο

1932 3854 2130 3894 ναται·
2173 3833 2222 3907 ᾧ
2247 3841 2386 3911 τιμὴ
2436 3843 2534 3896 καί
2571 3844 2790 3911 κράτος
2832 3849 2922 3914 εις
2961 3847 3105 3916 τοὺς
3149 3849 3390 3920 αἰῶνας.
3409 3855 3609 3926 Ἀμήν.

1932 3927 2116 3982 Ταῦτα
2143 3929 2244 3983 οὐκ
2303 3930 2434 4016 ὲμά,
2479 3930 2616 3985 ἀλλά
2663 3932 2875 3986 Παύλου
2915 3935 2985 3988 τά
3028 3938 3247 4008 ῥήματα
3271 3956 3287 3972 ο
3324 3943 3389 3996 σύ
3420 3943 3476 3997 δέ
3519 3961 3612 4016 μοι

1933 4015 2216 4102 κατάμαθε
2253 4015 2418 4071 αὐτοῦ
2454 4019 2556 4090 τῆς
2579 4018 2758 4092 ψυχῆς
2795 4020 3082 4079 εὐλάϐειαν
3121 4026 3218 4080 καὶ
3257 4026 3423 4082 πόθον
3455 4015 3612 4102 ἐρρι-

1932 4101 2196 4175 ζωμένον.
2220 4106 2496 4176 Μνησθεὶς
2520 4109 2629 4181 7&9
2659 4109 2755 4163 τοῦ
2785 4111 2941 4176 Θεοῦ,
2976 4113 3039 4166 οὐ
3068 4115 3333 4186 πρότερον
3349 4101 3614 4190 ἠνέσχετο

1933 4191 2070 4263 πρὸς
2106 4193 2205 4264 τὴν
2239 4194 2558 4249 ἀκολουθίαν
2619 4197 2847 4268 ἐκϐῆναι
2887 4200 2986 4271 τῆς
3012 4200 3380 4270 διδασκαλίας,
3416 4205 3522 4270 ἕως
3545 4208 3611 4264 τὸ

1931 4278 2276 4349 ὀφειλόμενον
2303 4283 2451 4354 αὐτῷ
2479 4283 2640 4354 χρέος
2669 4285 2952 4339 ἀπέδωκεν
2990 4289 3070 4351 εἰς
3098 4288 3406 4359 δοξολογίαν
3438 4310 3609 4350 κατα-

1932 4365 2155 4430 κλείσας
2179 4368 2270 4423 τδν
2297 4367 2474 4438 λόγον.
2510 4372 2573 4425 Et
2618 4373 2728 4444 7&9
2759 4372 2979 4444 Μνήμη
3011 4374 3250 4433 δικαίου
3275 4381 3406 4449 μετ’
3425 4382 3609 4452 ἐγκω-

1925 4455 2100 4522 μίων,
2131 4456 2312 4528 πολλῷ
2341 4457 2542 4528 μᾶλλον
2575 4461 2768 4533 μνήμη
2802 4461 2938 4516 Θεοῦ
2969 4468 3089 4534 μετ’
3121 4465 3422 4538 εὐφημίας.
3455 4472 3606 4528 Ποιεῖ

1930 4541 1987 4594 δὲ
2031 4542 2164 4597 αὐτὸ
2208 4545 2303 4598 καὶ
2332 4547 2409 4634 ἐν
2436 4549 2745 4620 προοιμίοις
2799 4551 3098 4606 ἐπιστολῶν
3116 4572 3132 4587 ·
3161 4554 3465 4627 ἀρχόμενος
3495 4560 3607 4634 γάρ

1933 4629 2220 4702 ἐπιπολῆς
2251 4633 2529 4702 πολλάκις,
2560 4636 2781 4691 ἐπειδὰν
2819 4639 3032 4712 μνησθῇ
3065 4641 3160 4695 τοῦ
3187 4640 3346 4712 Θεοῦ,
3379 4645 3442 4699 οὐ
3473 4629 3605 4718 πρό-

1929 4733 2090 4808 τερον
2113 4719 2208 4808 ἐπὶ
2234 4721 2334 4793 τὴν
2368 4722 2716 4780 διδασκαλίαν
2752 4727 3017 4798 πρόεισιν,
3057 4729 3162 4794 ἕως
3194 4729 3262 4786 ἀν
3299 4732 3486 4804 ἀποδῷ
3506 4735 3606 4808 τὴν

1932 4803 2286 4878 ὀφειλομένην
2328 4810 2480 4882 αὐτῷ
2509 4809 2842 4882 δοξολεγίαν.
2887 4817 3154 4869 ’Ἄκουσον
3174 4815 3307 4885 γοῦν
3333 4803 3606 4887 Γαλάταίς

1932 4892 2159 4961 γράφων
2204 4896 2321 4959 πῶς
2371 4915 2504 4968 φησι
2522 4914 2537 4929 ·
2563 4899 2744 4968 Χάρις
2771 4900 2915 4971 ὑμῖν
2943 4902 3042 4956 καί
3062 4902 3275 4973 εἰρήνη
3299 4905 3418 4960 ἀπὸ
3455 4909 3606 4963 Θεοῦ

1931 4982 2162 5050 Πατρός
2184 4984 2372 5054 ἡμῶν,
2408 4985 2506 5039 καί
2544 4988 2767 5055 Κυρίου
2809 4989 3002 5058 Ἰησοῦ
3026 4990 3308 5059 Χριστοῦ,
3333 4991 3440 5048 τοῦ
3465 4994 3603 5050 δόν-

1930 5085 2034 5135 τος
2065 5070 2282 5125 έαυτὸν
2300 5071 2454 5140 ὑπὲρ
2472 5072 2590 5126 τῶν
2613 5074 2911 5144 ἁμαρτιῶν
2928 5076 3116 5144 ἡμῶν,
3140 5078 3304 5148 ὅπως
3321 5079 3603 5152 ἐξέληται

1929 5154 2088 5224 ἡμᾶς
2104 5157 2173 5211 ἐκ
2203 5158 2308 5212 τοῦ
2332 5159 2664 5228 ἐνεστῶτος
2686 5161 2902 5230 αἰῶνος
2920 5165 3028 5218 τοῦ
3055 5166 3327 5235 πονηροῦ
3355 5170 3508 5225 κατά
3533 5171 3602 5225 τὸ

1925 5242 2155 5314 θέλημα
2192 5245 2298 5301 τοῦ
2345 5247 2496 5302 Θεοῦ
2541 5249 2641 5302 καί
2690 5252 2939 5319 Πατρός,
2978 5245 3026 5319 ᾧ
3060 5254 3098 5323 ἠ
3147 5253 3299 5320 δόξα
3337 5257 3427 5324 εἰς
3457 5259 3603 5326 τοὺς

1923 5327 2165 5396 αἰῶνας.
2207 5331 2410 5400 Ἀμήν.
2469 5335 2577 5388 Καὶ
2615 5336 2778 5390 πάλιν
2817 5337 3087 5409 ἀλλαχοῦ⁶
3136 5339 3222 5407 Τῷ
3256 5339 3328 5396 δὲ
3346 5342 3603 5407 ,βασιλεῖ

1989 5479 2019 5555 ξ’
2060 5481 2231 5534 Morel.
2276 5487 2397 5555 κατά
2433 5487 2606 5555 έαυτοῦ
2645 5491 2869 5555 κεφαλῆς.
2911 5490 3066 5555 Paulo
3101 5499 3216 5555 post
3243 5495 3442 5555 quidam
3481 5510 3596 5548 ms.

1927 5541 2266 5611 ἀγέκφραστον.
2307 5550 2388 5596 τὸν
2429 5549 2496 5598 ἀπ
2551 5541 2764 5612 ίληπτὸν,
2798 5541 2880 5602 τόν
2899 5541 3222 5618 ἀπρινὸἧτον.
3247 5541 3389 5608 fxi'fr'a'
3397 5541 3600 5620 aui—(Hii

1930 5600 2075 5661 (mter
2093 5618 2209 5662 quos
2225 5603 2403 5662 εαῑνὶί.)
2428 5566 2656 5662 ἀγγιῖλοιε.
2677 5614 2761 5661 τὸν
2779 5614 3126 5662 ἀνεξερεύνητον
3147 5620 3471 5662 drum-vanu-

1930 5600 2209 5682 (iugi-ﬂag;
2225 5603 2403 5682 εαινὶί.)
2428 5600 2656 5682 ἀγγέλοις,
2677 5600 2763 5661 τὸν
2779 5600 3472 5682 virga-X55015.

1995 5668 2017 5696 ο
2146 5680 2320 5742 οηιιιεε
2343 5667 2443 5721 uim
2462 5667 2672 5742 ὀᾶ.)υῴ
2695 5689 2833 5742 mss!"
2853 5667 2942 5742 έοὶι
2975 5667 3471 5742 γίὰειιιιιΊόέέιιόιιιὶι
3497 5680 3602 5739 τοῖς

1931 5729 2080 5791 χαμαὶ
2107 5730 2398 5794 ἐρπομένοις.
2418 5761 2474 5771 -—
2501 5751 2520 5785 ι
2544 5737 2672 5788 Savi'
2721 5729 2872 5790 etia'm
2896 5736 3020 5801 legit
3041 5729 3329 5804 ἕρπομένὸἱς.
3357 5729 3490 5793 Enn.
3511 5753 3534 5800 υ
