3980 6184
176 273 266 332 πὶ
1098 269 1186 324 DE
1222 266 1902 326 INCOMPREIIENSIBILI
1939 273 2050 328 DEI
2092 274 2393 331 NATURA.
2435 277 2516 333 Ill.

166 389 260 444 sali
282 383 499 453 sapienti
513 379 623 436 Deo
636 382 798 436 honor
814 391 862 436 et
880 379 1042 451 gloria
1069 381 1120 434 in
1131 382 1334 435 siccata.
1355 383 1512 436 Amen
1527 384 1574 451 (l
1589 381 1742 437 .Tim.

167 479 217 533 ί.
245 477 306 530 l7
337 474 381 543 ).
410 476 490 528 An
517 472 585 526 de
621 471 773 526 Patre
798 470 970 525 solum
1008 469 1085 525 sic
1104 469 1358 540 loquitur,
1387 469 1455 525 de
1478 471 1614 526 Filio
1644 487 1748 526 non

163 571 330 628 item?
372 569 504 624 Audi
546 567 812 639 quomodo
855 567 996 621 circa
1046 567 1388 637 Unigenitum
1431 581 1640 636 quoque
1670 567 1750 620 id-

169 666 337 732 ipsum
369 661 556 716 fecerit
584 678 598 715 :
629 675 747 714 cum
775 659 916 712 enim
939 657 1197 724 dixisset,
1231 657 1480 728 Optabam
1508 675 1598 730 ego
1625 676 1751 711 ana-

165 757 328 811 thema
360 768 468 807 esse
495 768 527 803 a
552 749 748 804 Christo
776 765 866 818 pro
889 748 1130 817 fratribus
1159 750 1281 801 meis
1305 790 1320 812 ,
1365 749 1592 820 cognatis
1627 751 1749 804 meis

161 845 438 899 secundum
462 843 699 909 carnem(
724 841 873 895 Rom.
905 840 958 895 9.
993 842 1028 895 ὃ
1057 843 1074 909 )
1099 855 1114 903 ;
1154 839 1427 908 subjunxit
1456 857 1470 894 :
1525 840 1747 905 Quorum

163 937 372 1005 adaptio
401 934 627 1001 ﬁliorum
646 975 662 999 ,
701 944 748 987 et
772 943 1062 986 testamenta
1097 974 1110 998 ,
1155 943 1200 984 et
1230 933 1476 1004 legislatio
1495 975 1509 998 ,
1537 945 1582 987 et
1611 935 1750 988 obse-

159 1029 297 1100 quia,
333 1037 384 1080 et
414 1026 771 1097 proniissiones
795 1039 814 1078 :
843 1041 904 1078 ea:
926 1026 1104 1093 quibus
1123 1034 1193 1077 est
1220 1023 1449 1078 Christus
1475 1025 1749 1078 secundum

160 1137 387 1183 carnem,
419 1120 507 1183 qui
526 1127 596 1171 est
615 1134 768 1188 super
788 1117 957 1169 omnia
985 1113 1123 1168 Deus
1145 1115 1428 1169 benedictus
1453 1115 1506 1168 in
1535 1115 1742 1168 swciila.

162 1214 340 1266 Anien.
373 1209 536 1282 (Ibid.
566 1226 612 1262 υ.
641 1211 695 1262 4.
727 1207 809 1278 5).
857 1205 988 1261 Cum
1026 1207 1168 1261 enim
1190 1205 1328 1258 sicut
1370 1205 1512 1258 Patri
1541 1246 1556 1269 ,
1598 1205 1668 1258 ita
1695 1212 1750 1260 et

162 1300 451 1370 Unigenito
475 1299 696 1368 gloriam
721 1297 866 1365 prius
891 1296 1193 1357 retulisset,
1223 1304 1348 1349 tunc
1373 1295 1634 1348 sermonis
1660 1309 1747 1348 se-

158 1395 290 1450 riem
325 1393 526 1462 repetit
551 1410 566 1447 :
590 1392 826 1446 audierat
846 1391 988 1446 enim
1016 1390 1284 1444 Christum
1312 1389 1578 1443 dicentem
1614 1404 1627 1441 :
1681 1386 1749 1442 Ut

158 1503 335 1540 omnes
365 1487 609 1538 honorent
634 1482 844 1543 Filium,
869 1485 994 1537 sicut
1038 1482 1284 1535 honorant
1312 1479 1518 1536 Patrem
1543 1481 1563 1549 (
1588 1479 1746 1533 Joan.

158 1579 210 1634 5.
235 1578 366 1648 ὕ).
417 1575 484 1632 Ut
512 1593 638 1630 vero
665 1576 880 1630 discatis
918 1574 1056 1644 quod
1089 1574 1199 1643 ipsa
1234 1574 1406 1628 oratio
1439 1583 1747 1643 argumenta

159 1670 317 1722 nobis
344 1666 741 1736 suppeditatum
765 1665 871 1731 sit,
903 1679 1000 1734 age
1028 1664 1168 1718 illam
1200 1663 1253 1718 in
1297 1663 1530 1717 medium
1568 1662 1748 1733 profe-

159 1776 382 1816 ramus:
412 1759 527 1814 Rea:
545 1774 742 1830 regum,
761 1768 805 1812 et
829 1758 1073 1811 Dominus
1102 1756 1486 1819 dominantium,
1506 1757 1592 1826 qui
1611 1756 1749 1810 solus

162 1854 308 1907 habet
354 1852 782 1911 immortalitatem
812 1891 827 1917 ,
857 1859 904 1904 et
947 1850 1106 1903 lucem
1135 1849 1325 1902 habitat
1362 1847 1749 1901 inaccessibilem

162 1945 235 2014 (l.
279 1943 420 1997 Tini.
459 1943 514 1998 6.
553 1943 644 1997 45.
685 1941 798 2011 l6).
832 1940 925 1995 llic
949 1942 1078 1994 siste
1101 1939 1343 2009 gradum,
1362 1949 1416 1994 et
1437 1939 1746 1993 haereticum

160 2035 458 2102 interroga,
482 2031 607 2101 quid
629 2031 886 2102 signiﬁcet
913 2029 1040 2084 illud
1066 2071 1081 2094 ,
1111 2029 1176 2084 Et
1203 2029 1362 2083 lucem
1392 2028 1582 2083 habitat
1610 2029 1748 2082 inac-

160 2125 462 2179 cessibileni.
486 2124 632 2178 Pauli
675 2123 1062 2177 accurationem
1104 2120 1399 2191 perpendas
1423 2121 1609 2175 velim:
1641 2135 1745 2174 non

160 2217 314 2278 dixit,
351 2215 461 2268 Lux
489 2222 571 2269 est
596 2213 975 2268 inaccessibilis
999 2229 1013 2277 ;
1045 2212 1162 2277 sed,
1182 2209 1368 2264 Lucem
1393 2211 1584 2264 habitat
1607 2211 1749 2264 inac-

164 2309 441 2362 cessibilem
464 2324 482 2361 :
509 2315 568 2360 ut
585 2307 758 2361 discas
779 2347 794 2372 ,
825 2304 966 2376 quod
988 2305 1031 2359 si
1056 2303 1248 2358 domus
1279 2304 1390 2373 ipsa
1415 2303 1487 2357 sit
1511 2304 1748 2358 inacces-

161 2401 335 2455 sibilis
367 2441 381 2466 ,
413 2408 613 2469 quanto
640 2400 807 2468 magis
829 2398 986 2461 Deus,
1023 2397 1109 2466 qui
1135 2397 1300 2464 ipsam
1327 2395 1601 2449 inhabitat.
1626 2393 1749 2449 Hice

165 2505 330 2560 porro
352 2490 509 2555 dixit,
544 2504 650 2543 non
679 2498 738 2541 ut
759 2487 976 2542 domum
1009 2495 1058 2540 et
1087 2486 1260 2539 locum
1295 2485 1402 2539 Deo
1430 2497 1548 2538 esse
1575 2485 1747 2553 suspi-

163 2585 323 2648 ceris,
353 2581 449 2637 sed
484 2589 541 2636 nt
568 2579 734 2650 magis
761 2579 1034 2648 magisque
1064 2577 1157 2632 Dei
1191 2575 1747 2644 incomprehensibili-

165 2685 329 2729 talem
379 2674 609 2729 ediscas.
674 2671 780 2727 Sed
839 2684 1011 2739 neque
1068 2669 1250 2736 dixit,
1299 2667 1495 2722 Lucem
1548 2667 1749 2722 habitat

163 2764 807 2836 incomprelicnsibilem;
867 2777 1052 2817 verum
1116 2760 1509 2814 inaccessibilem
1535 2799 1550 2825 ,
1607 2759 1748 2829 quod

165 2857 695 2927 incomprcbeiisibili
723 2856 875 2925 longe
918 2855 1086 2922 majus
1133 2861 1235 2908 est.
1286 2851 1748 2922 lncomprehensi-

165 2951 270 3006 bile
320 2963 553 3018 namque
594 2946 786 3001 dicitur
826 2943 965 3015 quod
1007 2944 1384 3014 perquisitione
1416 2953 1469 2997 et
1505 2943 1750 2998 examine

167 3042 305 3095 laeto
337 3038 721 3109 comprehendi
755 3038 973 3106 nequit:
1012 3035 1376 3090 inaccessibile
1412 3044 1588 3090 autem
1622 3035 1748 3090 illud

169 3144 268 3197 est,
301 3132 449 3202 quod
473 3148 540 3185 ne
568 3129 860 3185 examinari
889 3127 1099 3198 quidem
1130 3143 1159 3181 a
1201 3127 1458 3196 principio
1497 3126 1666 3190 valet,
1699 3134 1753 3181 et

169 3225 232 3277 ad
274 3222 422 3294 quod
477 3235 636 3274 nemo
689 3220 904 3289 propius
949 3217 1205 3272 accedere
1251 3226 1447 3287 potest.
1508 3216 1750 3286 Exempli

166 3330 348 3376 causa,
381 3310 921 3382 incumpreliensibile
948 3309 1142 3364 dicitur
1167 3325 1312 3363 mare
1341 3350 1354 3374 ,
1388 3307 1441 3363 in
1469 3307 1610 3378 quod
1632 3323 1751 3363 sese

173 3407 524 3458 imminentes
553 3402 850 3455 urinatores
874 3439 890 3465 ,
935 3400 986 3453 in
1028 3400 1355 3469 multamque
1385 3400 1585 3469 delapsi
1632 3414 1754 3468 pro-

171 3497 510 3558 funditatem,
535 3494 752 3549 fundum
770 3495 1030 3563 attingere
1052 3502 1320 3563 nequeunt
1343 3509 1356 3545 :
1386 3492 1753 3547 inaccessibile

172 3600 348 3643 autem
401 3587 454 3642 id
505 3585 896 3656 dicitur.quod
943 3600 1010 3640 ne
1045 3600 1076 3639 a
1125 3585 1382 3656 principio
1419 3584 1630 3654 quidem
1674 3587 1754 3642 in-

171 3681 384 3749 quirere
414 3688 505 3731 aut
534 3677 758 3731 scrutari
786 3676 976 3746 possis.

240 3769 296 3823 3.
324 3767 470 3822 Deus
496 3766 1008 3837 incomprehensibilis
1037 3766 1187 3819 etiam
1206 3767 1503 3837 angelis.—-
1525 3765 1660 3833 Quid
1686 3767 1752 3822 ad

175 3860 289 3914 lucc
314 3860 519 3914 dixeris
557 3857 918 3911 “luminibus
946 3867 1125 3922 certe,
1173 3857 1407 3927 inquies.
1451 3857 1750 3925 incompre-

174 3950 455 4006 hensibilis
479 3958 582 4012 est,
611 3949 812 4018 angelis
837 3963 941 4002 non
968 3949 1094 4002 item
1120 3988 1136 4011 ,
1162 3963 1336 4017 neque
1361 3949 1606 4018 supernis
1635 3949 1753 4002 Vir-

174 4044 398 4095 tutibus.
431 4039 510 4094 Tu
537 4054 665 4109 ergo
692 4039 908 4109 angelus
937 4053 998 4094 es
1031 4079 1046 4103 ,
1100 4038 1187 4092 die
1213 4038 1339 4091 mihi
1367 4079 1383 4102 ,
1429 4048 1482 4094 et
1509 4039 1559 4092 in
1589 4041 1756 4093 clioro

174 4133 616 4200 incorporearum
644 4128 908 4183 Virtutum
937 4127 1348 4182 aiiiiuineraris?
1378 4144 1553 4183 nonne
1592 4129 1755 4183 homo

176 4238 236 4277 es
271 4233 325 4278 et
355 4222 596 4290 ejusdem
624 4221 776 4290 cujus
801 4235 900 4289 ego
925 4219 1234 4274 substantia:
1256 4260 1269 4282 ,
1300 4234 1366 4272 an
1395 4229 1595 4272 natura:
1616 4219 1754 4273 obli-

179 4314 515 4368 tuscstuael
564 4313 828 4367 Poiiamus
865 4313 1006 4365 enim
1067 4327 1188 4365 eum
1229 4311 1530 4365 hominibus
1555 4321 1752 4365 tantum

179 4405 599 4459 inaecessibilem
644 4417 765 4458 esse
795 4442 808 4456 .
839 4402 1047 4457 etiamsi
1104 4401 1230 4456 illud
1272 4417 1369 4455 nec
1427 4404 1752 4470 proposilllm

183 4499 279 4558 sit,
308 4513 398 4548 nec
426 4496 624 4552 dixerit
669 4496 861 4550 Paulus
898 4513 912 4549 :
945 4493 1140 4550 Lucem
1171 4494 1427 4548 inhabitat
1456 4494 1756 4549 hominibus

186 4588 622 4651 inaccessibilein,
655 4589 855 4656 angelis
883 4602 1010 4641 vero
1038 4601 1141 4640 non
1170 4586 1589 4642 iiiaccessiliilein
1617 4607 1629 4641 :
1666 4606 1754 4641 ve-

182 4696 302 4732 rum
331 4723 345 4743 ,
370 4681 412 4733 si
437 4682 612 4748 placet
643 4721 659 4744 ,
689 4681 789 4732 hoc
813 4681 904 4734 tibi
929 4679 1285 4733 concedamus
1311 4720 1325 4741 ,
1356 4697 1532 4733 annon
1564 4689 1617 4733 ct
1645 4681 1756 4748 ipse

177 4770 340 4823 homo
358 4773 448 4824 es?
468 4770 629 4836 Quid,
660 4769 705 4824 si
733 4770 936 4838 angelis
961 4768 1346 4824 inaccessibilis
1374 4786 1477 4823 non
1504 4770 1754 4839 Sil?quld

177 4861 306 4914 illud
333 4862 397 4914 ad
429 4872 499 4925 te,
529 4860 620 4930 qui
647 4860 925 4914 contendis
944 4869 1105 4928 atque
1133 4858 1368 4914 afﬁrmas
1395 4860 1746 4915 substantiam

175 4952 324 5005 illam
371 4951 619 5005 humana:
661 4960 864 5005 natura:
914 4965 1034 5004 esse
1077 4949 1644 5020 coinprehensibilein‘t
1690 4951 1758 5008 Ut

175 5058 307 5095 vero
329 5042 508 5097 discas
537 5055 640 5095 non
671 5040 976 5096 hominibus
1003 5050 1202 5095 tantum
1227 5083 1243 5108 ,
1274 5042 1366 5097 sed
1391 5044 1548 5096 etiam
1581 5059 1756 5112 snper-

175 5136 261 5187 nis
291 5132 587 5187 Virtutibus
631 5147 750 5188 esse
789 5133 1242 5198 inacceSsibilcin,
1288 5133 1408 5187 audi
1453 5135 1576 5205 quid
1614 5136 1757 5190 dii-at

181 5224 384 5279 Isaias:
433 5224 621 5278 Isaiam
664 5223 849 5279 dicens
878 5264 892 5289 ,
938 5223 1168 5294 Spiritus
1202 5225 1518 5279 sententiain
1562 5226 1758 5294 ell‘ero;

181 5316 438 5384 mplieta
487 5330 716 5384 namque
745 5331 810 5370 ex
855 5316 1163 5384 Operationc
1209 5315 1433 5386 Spiritus
1479 5317 1752 5387 loquitur:

183 5404 244 5456 Et
275 5407 465 5472 factum
493 5415 567 5459 est
596 5423 730 5459 anno
761 5447 775 5470 ,
805 5422 904 5475 quo
943 5399 1167 5461 mortuus
1201 5415 1275 5460 est
1320 5422 1410 5460 rex
1440 5406 1590 5461 Ozias
1615 5449 1628 5470 ,
1657 5411 1758 5462 vidi

187 5492 454 5548 Damius-in
480 5497 731 5549 sedentem
753 5512 904 5566 super
922 5496 1154 5548 thronum
1171 5496 1416 5549 excelsum
1433 5509 1478 5550 et
1495 5499 1753 5564 eleuatum,

187 5597 230 5636 rt
261 5589 529 5656 Serapliini
554 5589 750 5641 stabant
777 5590 826 5640 in
853 5589 1060 5641 circuitu
1102 5590 1211 5658 ejus
1244 5628 1260 5652 .
1308 5606 1395 5642 sex
1423 5591 1517 5643 ala:
1548 5591 1630 5642 uni
1659 5632 1672 5653 ,
1709 5602 1757 5646 et

187 5690 278 5729 ea:
303 5682 397 5734 ala
418 5681 584 5750 alteri,
611 5690 657 5734 et
680 5682 872 5734 duabus
899 5680 1092 5749 quidem
1116 5680 1404 5736 obvelabant
1434 5683 1590 5757 [aries
1616 5699 1752 5751 suas,

3331 289 3436 346 7‘23

1858 393 1904 437 et
1925 385 2118 441 duabus
2144 388 2294 456 pedes
2319 387 2471 458 (lsai.
2499 392 2550 446 6.
2584 392 2635 448 1.
2665 393 2748 466 2).
2774 395 2886 463 Dic,
2917 412 3117 468 quasso,
3148 415 3244 456 cur
3267 404 3436 460 obve-

1854 475 1964 531 lant
1991 478 2152 536 facies
2181 496 2325 546 snas,
2357 486 2574 556 alasque
2607 490 2946 558 praetendunt
2974 493 3163 562 iCur,
3192 497 3426 568 inquam.

1856 569 1956 622 nisi
1985 571 2106 640 quia
2135 571 2310 643 l‘ulgiir
2343 589 2374 628 e
2412 575 2604 632 throno
2632 581 2976 649 progrediens
3004 585 3286 656 radiosque
3311 589 3432 646 illos

1854 657 1994 714 ferre
2030 677 2134 714 non
2168 666 2426 730 possunt?
2451 666 2776 739 Quamquam
2814 687 2919 726 non
2948 674 3118 744 ipsum
3149 677 3266 731 sine
3287 687 3432 733 teni-

1856 762 2167 819 peramento
2196 752 2407 820 liiinen,
2442 772 2612 827 neque
2641 759 2808 827 ipsam
2851 777 3034 831 puram
3079 767 3428 826 substantiam

1852 842 2148 910 videbant,
2199 846 2289 899 sed
2334 861 2452 916 quze
2499 849 2815 906 videbantur
2858 864 3203 927 attemperata
3251 873 3424 918 erant.

1853 933 1988 998 Quid
2034 945 2208 988 autem
2264 946 2347 991 est
2403 939 2487 992 illa
2534 944 2956 1011 attemperatlo?
3001 948 3219 1014 Quando
3285 952 3428 1009 Deus

1852 1039 1956 1079 non
1986 1027 2120 1081 sicut
2149 1037 2230 1082 est
2257 1041 2494 1099 apparet,
2525 1033 2620 1087 sed
2645 1034 2710 1088 ad
2735 1037 2948 1092 modum
2970 1039 3106 1108 ejus,
3135 1043 3222 1112 qni
3253 1045 3424 1116 ipsum

1851 1118 2059 1173 visurus
2088 1129 2188 1182 est.
2212 1136 2328 1176 sese
2353 1133 2665 1193 attemperat
2688 1167 2704 1192 ,
2727 1128 3122 1202 videntiumque
3147 1135 3424 1194 inﬁrmita-

1855 1208 1890 1261 ti
1921 1225 2040 1264 sese
2060 1211 2442 1266 accommodat.
2471 1214 2620 1282 Quod
2638 1227 2813 1273 autem
2827 1228 3422 1294 perattemperationem

1854 1299 2022 1364 ﬁeret,
2053 1316 2116 1356 ex
2147 1302 2274 1370 ipsis
2301 1304 2476 1360 verbis
2508 1307 2675 1375 palam
2711 1320 2792 1364 est
2817 1329 2832 1366 :
2857 1328 2978 1367 nam
3006 1316 3123 1382 ait,
3177 1317 3284 1372 Vidi
3319 1322 3423 1376 l'o-

1852 1389 2040 1442 minum
2073 1392 2322 1445 sedentem
2361 1409 2512 1464 super
2553 1397 2788 1452 thronum
2813 1405 3060 1458 excelsum
3087 1416 3132 1460 et
3159 1409 3420 1465 eleuatum.

1853 1479 1992 1534 Deus
2015 1490 2193 1536 autem
2237 1499 2341 1538 non
2379 1486 2562 1552 sedet,
2583 1491 2822 1558 corporis
2847 1500 2990 1548 enim
3035 1495 3118 1551 hic
3142 1499 3277 1552 situs
3302 1478 3420 1568 ἕεις

1850 1587 2006 1641 super
2034 1572 2267 1627 thronum
2290 1591 2310 1639 ;
2333 1585 2388 1630 at
2412 1578 2550 1634 Deus
2576 1580 2628 1634 in
2669 1581 2861 1637 throno
2887 1586 3147 1642 contineri
3191 1593 3374 1661 nequit
3403 1635 3421 1660 ,

1851 1676 2048 1717 numen
2075 1664 2266 1734 quippe
2292 1666 2803 1740 incircumscriptum
2841 1684 2943 1730 est.
2975 1678 3220 1734 Attamen
3241 1683 3319 1736 sic
3339 1691 3426 1738 at-

1853 1763 2200 1822 temperatum
2222 1756 2362 1814 ferre
2383 1775 2488 1814 non
2518 1770 2764 1830 poterant
2788 1805 2802 1829 ,
2830 1783 3150 1840 quamquam
3178 1777 3422 1842 proxime

1849 1852 2052 1900 starent
2084 1864 2098 1900 :
2133 1847 2405 1920 Seraphim
2431 1853 2573 1906 enim
2599 1853 2800 1910 stabant
2822 1858 2875 1911 in
2899 1859 3108 1915 circuitu
3129 1864 3258 1934 ejus.
3301 1866 3428 1924 Ideo

1852 1948 1982 2025 vero
2012 1938 2239 1994 maxime
2257 1940 2439 1996 videre
2466 1959 2570 1998 non
2602 1955 2872 2014 poterant,
2911 1953 3033 2022 quia
3059 1969 3226 2025 prope
3250 1970 3425 2016 erant.

1851 2021 2022 2094 Prope
2048 2037 2250 2093 autem,
2279 2031 2468 2099 inquit,
2491 2048 2595 2087 non
2628 2035 2780 2103 loco;
2807 2039 2904 2094 sed
2927 2021 3234 2100 cum—vellet
3254 2046 3431 2118 Spirin

1851 2121 1937 2168 tus
1955 2125 2172 2207 sanctus
2199 2117 2469 2174 declarare
2495 2162 2510 2186 ,
2545 2122 2660 2178 illas
2694 2125 2926 2183 Virtutes
2951 2133 3049 2186 etsi
3083 2117 3427 2207 propinquio-

1852 2217 1938 2257 res
1981 2205 2137 2258 nobis
2178 2219 2354 2262 essent
2383 2210 2455 2264 illi
2499 2212 2842 2281 siibstantiie,
2889 2235 2994 2275 non
3038 2232 3212 2279 tamen
3256 2205 3424 2296 ipsam

1851 2292 2032 2348 videre
2055 2295 2308 2364 potuisse,
2341 2299 2540 2356 idcirco
2572 2304 2688 2360 ait:
2720 2307 2991 2376 Seraphim
3026 2314 3223 2368 stabant
3250 2292 3303 2370 in
3321 2318 3427 2371 cir-

1851 2385 1986 2438 cuitu
2011 2388 2154 2456 ejus;
2178 2406 2281 2444 non
2305 2390 2478 2447 locum
2507 2395 2768 2462 indicans,
2800 2401 2893 2455 sed
2916 2403 3015 2458 loci
3040 2411 3428 2476 propinquitate

1850 2482 2128 2570 propiores
2151 2481 2286 2549 illas,
2307 2501 2464 2556 quam
2494 2505 2590 2544 nos
2609 2529 2625 2554 ,
2647 2506 2766 2546 esse
2790 2493 3084 2550 declarans.
3121 2497 3424 2570 lncomprc-

1853 2569 2175 2631 hensibilcm
2205 2579 2348 2632 enim
2371 2579 2542 2647 illum,
2577 2599 2682 2637 non
2712 2594 2816 2639 tam
2839 2588 3082 2642 novimus
3105 2607 3203 2645 nos
3222 2633 3236 2657 ,
3269 2569 3426 2662 quam

1851 2665 1954 2719 illae
1977 2665 2230 2734 Virtutes,
2259 2687 2375 2740 qua:
2401 2684 2600 2742 quanto
2623 2677 2889 2744 puriores,
2920 2683 3431 2750 tantosnpientiores

1851 2762 1906 2808 et
1932 2758 2343 2826 perspicaciores
2386 2761 2634 2822 humana,
2659 2776 2845 2822 natura
2883 2779 3026 2824 sunt.
3071 2771 3429 2840 Quemadmo-

1852 2843 1975 2899 dum
2001 2848 2142 2901 enim
2171 2850 2420 2905 solarium
2464 2853 2729 2909 radiorum
2771 2859 3282 2918 inaccessibilitatem
3323 2882 3426 2920 non

1853 2937 2071 3003 perinde
2090 2953 2263 2994 caicus
2291 2949 2449 3011 atque
2477 2944 2521 2996 is
2549 2945 2636 3014 qui
2667 2946 2806 3000 videt
2835 2963 3025 3016 capere
3052 2960 3248 3020 potest,
3279 2954 3344 3008 ita
3377 2966 3430 3011 ct

1854 3025 1950 3080 Dei
2001 3027 2683 3097 ineoinpreliensibilitatem
2724 3053 2826 3090 non
2872 3040 3090 3108 perinde
3131 3059 3226 3096 nos
3270 3055 3429 3114 atque

1853 3116 1959 3171 illan
1988 3119 2251 3174 novimus.
2283 3121 2544 3188 Quantum
2590 3127 2731 3180 enim
2776 3127 3060 3184 discrimen
3105 3141 3185 3186 est
3228 3148 3426 3188 caecum

1855 3209 1993 3264 inter
2014 3220 2069 3265 et
2098 3213 2360 3282 videntem
2385 3256 2400 3278 ,
2437 3226 2580 3270 tanta
2621 3229 2702 3274 est
2733 3221 2870 3274 inter
2900 3238 2994 3275 nos
3039 3232 3092 3277 et
3120 3225 3236 3280 illas
3275 3227 3426 3281 dill'c-

1854 3301 2040 3354 rentia.
2075 3301 2253 3373 Itaque
2279 3305 2400 3360 licet
2420 3307 2732 3378 pr0pbetam
2761 3311 2949 3365 audias
2978 3311 3278 3378 dicentem,
3314 3313 3430 3369 Vidi

1855 3390 2224 3455 Dominum,nc
2248 3398 2531 3467 suspiceris
2548 3415 2668 3453 eum
2692 3401 3244 3458 vidissesubsmntiam
3264 3405 3428 3472 illam,

1855 3483 1948 3536 sed
1986 3488 2386 3554 attemperantis
2426 3504 2488 3544 se
2529 3491 2750 3544 formam
2781 3531 2798 3558 ,
2845 3508 3067 3562 eamque
3104 3495 3382 3549 obscurius
3410 3537 3427 3564 ,

1855 3591 2014 3646 quam
2055 3593 2298 3647 superna:
2332 3580 2566 3636 Virtutes
2611 3593 2871 3638 cernant:
2905 3601 3009 3640 non
3051 3595 3252 3641 tantum
3288 3588 3431 3643 enim

1857 3670 2036 3725 videre
2066 3672 2252 3739 potuit,
2279 3681 2534 3742 quantum
2570 3673 2879 3729 Clierubiin.

1923 3763 1980 3819 4.
2026 3761 2192 3818 Homo
2221 3779 2284 3816 ne
2319 3765 2483 3834 angeli
2520 3765 2720 3833 quidem
2747 3765 3073 3820 substantiam
3099 3768 3249 3838 facile
3269 3767 3434 3822 videre

1856 3861 2033 3922 potest.
2056 3882 2129 3893 —
2154 3853 2355 3923 Ecquid
2375 3853 2494 3908 dico
2507 3854 2578 3909 de
2603 3854 2752 3910 beata
2778 3855 2864 3910 illa
2885 3856 3199 3922 substantia,
3221 3861 3432 3928 quando

1859 3959 1926 3998 ne
1950 3945 2122 4014 angeli
2151 3945 2364 4014 quidem
2391 3945 2738 4001 substantiam
2769 3957 2942 4017 potest
2975 3948 3132 4002 homo
3159 3949 3327 4005 libere
3354 3951 3432 4004 vi-

1857 4037 2022 4092 dere?
2065 4037 2215 4104 Quod
2244 4047 2302 4092 ut
2343 4039 2412 4092 ita
2448 4053 2569 4093 esse
2597 4038 2902 4110 intelligatis
2921 4080 2937 4106 ,
2967 4041 3134 4094 virum
3175 4041 3226 4095 in
3256 4042 3434 4098 medio

1857 4129 2116 4183 adducam
2150 4129 2240 4184 Dei
2268 4130 2518 4193 amicum,
2547 4131 2635 4198 qui
2662 4129 2732 4184 ob
2765 4130 3075 4198 sapientiam
3103 4139 3156 4186 et
3173 4131 3430 4199 justitiam

1857 4219 2048 4273 ﬁducia
2091 4229 2204 4273 erat
2241 4219 2494 4287 prteditus
2524 4235 2731 4288 inagna,
2771 4221 2965 4288 quippe
2991 4220 3238 4288 prmclara
3267 4223 3430 4276 multa

1858 4311 1958 4365 alia
1991 4309 2180 4364 fecisse
2212 4318 2470 4370 narratur.
2500 4320 2738 4364 sanctum
2767 4309 3011 4364 videlicet
3039 4310 3342 4376 Danielcni;
3374 4323 3430 4366 ut

1861 4410 2134 4470 postquam
2170 4396 2314 4454 illum
2348 4400 2634 4461 inﬁrmum,
2657 4400 2908 4463 solutum,
2931 4412 2982 4455 et
3010 4400 3339 4460 deﬁcientem
3367 4422 3430 4460 ex

1860 4496 2026 4559 angcii
2062 4496 2335 4561 praesentia
2369 4493 2531 4548 fuisse
2553 4505 3282 4565 ηιυιιςητμοτομιρηιυῃιιιρι
3311 4516 3430 4552 enin

1863 4594 2195 4651 peccatorum
2251 4592 2305 4637 et
2349 4599 2517 4652 prav.:-
2548 4584 2882 4637 conscientia,-
2909 4602 3064 4639 causa
3099 4588 3183 4640 illa
3221 4604 3430 4657 passum

1861 4690 2014 4737 esse;
2043 4676 2134 4729 sed
2165 4675 2518 4727 demonstrata
2545 4695 2553 4718 ι
2576 4675 2656 4743 illa
2675 4677 2832 4728 animi
2861 4677 3071 4744 ﬁducia,
3102 4679 3211 4748 ipsa
3231 4691 3432 4734 natura:

1861 4766 2139 4822 inﬁrmitas
2168 4767 2361 4821 clarius
2381 4766 2774 4835 comprobatur.
2809 4767 2902 4822 llic
2925 4768 3100 4838 itaque
3128 4770 3305 4824 Daniel
3337 4772 3436 4823 tri-

1860 4859 1959 4914 bus
1988 4859 2406 4914 hebdomadibus
2423 4859 2680 4928 jejunavit
2711 4858 2868 4932 (Dan.
2901 4859 2985 4915 ιο.
3018 4861 3073 4931 3)
3094 4902 3108 4927 ,
3137 4877 3434 4932 panemque

1861 4951 2262 5006 desiderabilem
2293 4966 2395 5006 non
2435 4952 2666 5006 comedit
2694 4993 2710 5019 ,
2742 4967 2914 5021 neque
2939 4953 3116 5006 vinum
3139 4995 3155 5019 ,
3188 4968 3316 5009 caro
3343 4965 3433 5009 aut

1861 5040 2031 5097 sicera
2055 5041 2295 5095 introivit
2326 5041 2376 5094 in
2402 5056 2461 5094 os
2489 5041 2536 5110 ej
2549 5055 2608 5094 us
2633 5081 2647 5107 ,
2677 5056 2843 5111 neque
2870 5042 3118 5098 unctione
3158 5059 3282 5098 usus
3316 5057 3429 5099 est:

1863 5143 1916 5189 et
1940 5135 2063 5188 tunc
2087 5132 2171 5186 illa
2199 5131 2399 5186 visione
2421 5129 2659 5200 dignatus
2689 5140 2788 5194 cst,
2819 5146 2936 5185 cum
2965 5133 3136 5186 anima
3159 5133 3273 5202 ejus
3293 5148 3432 5190 esset

1862 5223 1926 5276 ad
1969 5224 2125 5276 talem
2165 5219 2663 5288 contemplationem
2702 5221 2871 5289 aptior
2897 5264 2910 5285 ,
2938 5223 3139 5291 jejunio
3173 5223 3336 5277 levior
3383 5237 3435 5279 et

1863 5311 2187 5382 spiritualior
2229 5309 2432 5364 ellecta.
2479 5308 2615 5376 Quid
2665 5309 2823 5379 igitur
2868 5312 2985 5363 ait?
3035 5309 3219 5365 Levavi
3261 5315 3432 5368 oculos

1864 5422 1998 5460 meos
2025 5414 2068 5458 et
2095 5403 2216 5468 uidi,
2247 5411 2295 5456 et
2321 5417 2431 5456 ecce
2455 5404 2530 5454 vir
2559 5403 2758 5455 vestitus
2788 5402 2971 5457 baddin
2993 5445 3006 5469 ,
3035 5403 3136 5460 hoc
3157 5417 3258 5474 est,
3288 5420 3435 5462 veste

1864 5511 2033 5559 sacra,
2057 5505 2103 5549 et
2130 5511 2268 5548 renes
2297 5495 2406 5562 ejus
2433 5493 2645 5546 accincti
2671 5511 2792 5546 auro
2820 5493 2998 5563 Opim:
3032 5506 3078 5550 et
3118 5512 3301 5567 corpus
3330 5499 3437 5567 ejus

1863 5588 2008 5657 quasi
2031 5585 2240 5640 Tharsis
2260 5627 2274 5648 ,
2299 5594 2344 5638 et
2387 5585 2550 5639 vultus
2578 5585 2686 5657 ejus
2712 5587 2857 5653 quasi
2880 5586 3000 5639 visio
3024 5589 3238 5660 fulguris
3263 5635 3274 5652 ,
3305 5591 3437 5642 oculi

1867 5682 1976 5751 ejus
2013 5678 2156 5750 quasi
2184 5676 2445 5748 lampades
2488 5677 2655 5748 ignis;
2691 5677 2895 5734 brachia
2935 5679 3044 5750 ejus
3068 5692 3116 5735 et
3145 5697 3290 5736 crura
3334 5682 3436 5748 ejus
