3980 6184
563 286 674 344 ’123

564 397 711 471 quasi
737 393 860 452 uisio
885 393 1001 449 teris
1025 387 1284 464 fulgentis,
1311 404 1411 444 eos:
1436 400 1722 442 sermonum
1757 384 1866 454 ejus
1889 379 2034 453 quasi
2056 393 2155 434 vos:

566 463 922 550 multitudinis.
954 463 1034 541 Et,
1050 463 1143 557 ego
1179 484 1318 540 solus
1344 483 1449 536 uidi
1493 482 1734 535 uisionem
1779 463 1943 533 hanc.
1989 475 2154 529 Porro

564 585 649 656 qui
678 592 820 638 erant
849 595 1045 635 mecum
1071 593 1172 632 non
1214 574 1444 630 viderunt
1469 615 1485 641 ,
1528 571 1615 627 sed
1643 579 1822 638 stupor
1845 582 2060 639 magnus
2081 566 2158 618 ir-

565 676 665 731 ruit
689 691 842 744 super
862 689 948 727 eos
971 713 986 738 ,
1039 679 1086 725 et
1132 672 1369 741 fugerunt
1392 666 1445 720 in
1475 663 1683 729 timore,
1725 671 1893 715 etnon
1919 657 2156 712 remansit

563 771 617 825 in
647 785 726 824 me
763 765 1002 839 fortitudo
1041 778 1063 817 :
1103 771 1149 816 et
1190 760 1353 833 gloria
1400 773 1511 810 mea
1564 769 1803 809 conuersa
1851 759 1922 805 est
1958 751 2010 803 in
2045 764 2158 802 cor-

566 862 850 932 ruptionem
882 857 899 928 (
930 855 1071 910 Dan.
1105 855 1190 910 1’0.
1217 853 1330 908 5-8
1443 847 1580 916 Quid
1631 855 1714 902 est
1753 843 1883 899 illud
1917 883 1932 909 ,
1981 839 2158 896 Gloria

566 973 679 1012 mea
744 947 985 1008 conuersa
1037 957 1108 1004 est
1155 947 1209 1002 in
1234 940 1652 1013 corruptionem?
1705 937 1998 993 Formosus
2043 942 2158 988 erat

565 1050 911 1106 adolescens:
944 1044 1066 1114 quia
1097 1042 1257 1112 igitur
1286 1039 1446 1092 timor
1469 1033 1645 1104 angeli
1669 1029 1948 1102 praesentis
1973 1025 2156 1082 eﬁ'ecit

567 1152 647 1207 ut,
679 1135 1064 1208 exapirantium
1093 1146 1242 1186 more
1266 1169 1282 1196 ,
1329 1127 1501 1198 pallor
1529 1123 1727 1178 nimius
1744 1119 1938 1190 speciei
1968 1120 2157 1172 liorem

568 1207 854 1300 vultusque
883 1227 1122 1282 nativum
1149 1222 1385 1289 colorem
1411 1215 1806 1286 exstingueret,
1833 1209 1953 1264 ideo
1977 1207 2110 1262 dixit
2138 1246 2153 1271 ,

570 1322 746 1382 Gloria
776 1336 885 1373 mea
911 1328 1148 1372 conversa
1171 1322 1244 1366 est
1268 1313 1322 1365 in
1345 1293 1750 1377 corruptionem."
1771 1301 1924 1357 Sicut
1963 1300 2105 1354 enim
2137 1308 2154 1362 ,‘

569 1414 656 1470 ubi
682 1413 863 1482 auriga
889 1406 1203 1478 perterritus
1229 1402 1464 1456 habenas
1483 1397 1681 1457 amisit,
1711 1394 1834 1463 equi
1858 1389 2157 1462 praecipites

567 1507 830 1568 feruntur,
847 1512 1106 1558 etcurrus
1128 1495 1366 1552 funditus
1391 1491 1649 1548 evertitur
1679 1505 1694 1544 :
1724 1489 1801 1544 sic
1821 1497 1876 1541 et
1900 1485 1952 1539 in
1981 1483 2158 1537 anima

569 1601 685 1656 ﬁeri
728 1598 899 1662 solet,
944 1592 1157 1664 quando
1199 1599 1420 1659 stupore
1463 1595 1518 1642 et
1566 1583 1808 1653 angustia
1854 1579 2156 1636 detinetur:

568 1690 851 1764 perterrita
877 1685 1074 1756 quippe
1094 1724 1110 1750 ,
1143 1695 1375 1750 suasque
1399 1677 1738 1750 operatiOnes
1769 1683 2038 1742 tamquam
2061 1669 2159 1724 ha-

569 1787 735 1840 benas
759 1799 790 1836 a
816 1779 1037 1850 singulis
1063 1776 1304 1846 corporis
1333 1772 1580 1828 sensibus
1612 1768 1859 1823 auferens
1881 1807 1894 1830 ,
1918 1765 2158 1820 membra

570 1878 636 1933 iis
661 1889 822 1929 vacua
865 1871 1139 1939 relinquit.
1161 1867 1285 1922 llaec
1311 1877 1472 1934 porro
1499 1905 1516 1929 ,
1561 1861 1611 1915 vi
1652 1860 1740 1914 illa
1766 1874 1826 1913 se
1851 1857 2161 1913 continente

569 1969 841 2030 destituta,
870 1962 1123 2019 deﬁciunt
1149 1968 1204 2014 et
1221 1963 1476 2013 corruunt
1507 1951 1686 2022 :quod
1719 1963 1774 2005 et
1805 1948 2006 2003 Danieli
2033 1957 2160 2000 tunc

569 2059 784 2116 accidit.
813 2054 951 2124 Quid
983 2053 1142 2124 igitur
1165 2045 1426 2118 angelus?
1465 2044 1636 2113 Erigit
1665 2041 1813 2096 illum
1839 2049 1894 2094 et
1921 2038 2023 2095 ait:
2052 2035 2161 2090 Da-

568 2149 672 2205 niel
699 2191 714 2211 ,
737 2149 814 2202 vir
840 2143 1203 2202 desideriorum
1227 2179 1241 2203 ,
1268 2135 1492 2207 intelligo
1514 2133 1661 2188 verba
1685 2172 1700 2198 ,
1730 2145 1846 2203 quae
1871 2144 1962 2199 ego
1983 2126 2162 2197 loquor

569 2244 638 2298 ad
667 2253 732 2309 te,
754 2250 801 2294 et
826 2237 980 2294 sta‘in
1009 2233 1172 2307 gradu
1197 2243 1284 2286 tuo
1306 2272 1321 2294 ,
1352 2230 1471 2300 quia
1499 2239 1633 2281 nunc
1663 2224 1846 2280 missus
1883 2237 1994 2275 sum
2023 2219 2092 2272 ad
2115 2227 2162 2273 te

575 2333 748 2406 (Ibid.
779 2331 893 2386 v.11
931 2328 974 2399 ).
1002 2327 1096 2383 llle
1146 2338 1272 2379 vero
1320 2319 1467 2375 stetit
1515 2329 1770 2374 tremens.
1805 2313 1873 2368 Et
1919 2325 2040 2366 cum
2079 2309 2162 2364 in-

571 2403 804 2497 cepisset
840 2419 1059 2491 angelus
1087 2415 1284 2486 alloqui
1310 2429 1432 2468 eum
1473 2425 1536 2466 ac
1576 2409 1822 2472 diceret,
1867 2403 1913 2460 Α
1937 2404 2020 2458 die
2060 2417 2161 2473 qua

579 2494 799 2578 statuisti
821 2525 874 2570 ut
900 2514 1140 2585 aﬂligeres
1167 2525 1254 2563 cor
1279 2516 1423 2560 tuum
1445 2505 1498 2558 in
1523 2510 1791 2570 conspectu
1819 2496 1919 2551 Dei
1940 2537 1956 2563 ,
1985 2494 2162 2550 audita

572 2620 692 2668 sunt
719 2609 864 2663 verba
895 2583 980 2659 tua
1002 2583 1091 2658 et
1136 2617 1226 2672 ego
1264 2595 1376 2652 ueni
1416 2596 1471 2648 in
1511 2593 1672 2647 verbis
1699 2591 1798 2644 tuis
1834 2587 1942 2659 (Ib.
1971 2601 2018 2640 υ.
2043 2583 2158 2657 12);

569 2716 782 2760 rursum
798 2696 995 2754 decidit
1017 2696 1071 2750 in
1098 2701 1316 2752 terram.
1347 2697 1404 2742 ut
1427 2686 1604 2742 animo
1623 2679 1935 2740 deﬁcientes
1962 2674 2158 2733 solent.

569 2793 1031 2868 Quemadmodum
1077 2787 1221 2844 enim
1263 2785 1337 2840 illi
1370 2781 1538 2840 erecti
1562 2790 1617 2836 et
1644 2781 1696 2835 in
1722 2794 1781 2832 se
1807 2774 2046 2842 reversi,
2075 2787 2163 2828 re-

570 2890 966 2964 spicientesque
1004 2897 1100 2940 eos
1137 2884 1226 2952 qui
1263 2893 1324 2933 se
1370 2876 1637 2932 sustinent
1682 2871 1975 2941 faciemque
2009 2879 2160 2921 suam

569 3001 705 3057 aqua
722 2982 914 3054 frigida
945 2981 1275 3049 inspergunt,
1310 2975 1361 3029 in
1389 2972 1518 3044 ipsis
1544 2986 1604 3026 se
1633 2968 2010 3025 sustinentium
2039 2979 2158 3018 ma-

570 3054 726 3132 nibus
759 3087 904 3141 stupe
928 3069 1220 3126 deﬁciunt:
1249 3065 1321 3120 ita
1355 3073 1411 3119 et
1439 3061 1712 3132 propheta:
1746 3057 2000 3127 contigit.
2030 3054 2160 3109 Ani-

569 3182 690 3224 mus
715 3178 944 3234 namque
974 3158 1289 3231 perterritus
1318 3153 1652 3225 prtcsenliam
1678 3148 1922 3205 conservi
1946 3147 2026 3202 sui
2054 3158 2162 3200 non

571 3260 747 3314 terens
775 3297 790 3321 ,
835 3268 1006 3322 neque
1045 3248 1387 3320 splendorem
1431 3243 1579 3298 illttm
1624 3243 1889 3297 sustinere
1939 3237 2159 3303 valens,

569 3346 1007 3409 conturbabatur,
1055 3358 1084 3395 a
1115 3340 1293 3395 carnis
1323 3335 1536 3391 vinculo
1571 3345 1842 3404 tamquam
1893 3345 1925 3386 a
1973 3340 2160 3386 catena

570 3459 690 3499 sese
715 3439 967 3509 cupedire
987 3435 1266 3490 festinans.
1296 3428 1495 3484 Verum
1523 3427 1614 3482 ille
1641 3425 1818 3481 adhuc
1845 3422 2161 3478 continebat

569 3537 740 3594 illum.
791 3529 1025 3587 Audiant
1073 3526 1109 3580 li
1150 3523 1240 3596 qui
1284 3521 1611 3592 Angelorum
1639 3518 1925 3573 Dominum
1953 3513 2170 3569 curiose

569 3618 904 3682 scrutantur.
939 3617 1122 3675 Daniel
1148 3656 1164 3680 ,
1211 3628 1368 3685 quem
1395 3611 1534 3667 oculi
1561 3610 1776 3664 leonum
1803 3606 2018 3662 reveriti
2046 3605 2164 3660 lue-

573 3727 725 3782 rant;
758 3713 963 3776 Daniel,
991 3713 1082 3780 qui
1109 3709 1160 3763 in
1187 3706 1424 3762 b'u-mano
1449 3707 1674 3773 corpore
1701 3687 1975 3756 ea‘l'acere
2011 3705 2175 3768 pote--

573 3819 655 3866 rat
674 3821 794 3879 qua:
815 3803 1086 3858 hominem
1111 3805 1387 3870 superant,
1416 3793 1664 3849 conservi
1691 3788 2034 3862 prassentiam
2051 3801 2160 3842 non

574 3901 736 3965 tulit,
767 3881 869 3952 ised
922 3891 1258 3949 exanimatus
1297 3887 1529 3958 iacebat.
1579 3883 1773 3937 Eversa
1819 3891 1934 3936 sunt
1973 3881 2115 3934 enim
2143 3919 2160 3946 ,

575 3991 766 4060 inquit,
797 3987 1039 4041 interiora
1063 3997 1172 4035 mea
1194 3979 1248 4034 in
1275 3978 1466 4032 uisione
1492 3991 1623 4041 mea,
1648 3983 1698 4052 et
1717 3973 1925 4043 spiritus
1953 3988 2051 4026 non
2078 3987 2162 4024 re-

574 4049 720 4138 ιίεὶηέ
746 4049 816 4133 in
845 4078 899 4132 in
921 4071 1174 4144 me(lbid.
1206 4069 1366 4124 v.16.
1395 4066 1508 4138 l7).
1536 4049 1792 4133 Quivero
1819 4079 1850 4117 a
1872 4063 1999 4132 justi
2021 4061 2163 4116 illius

574 4160 769 4229 virtute
799 4178 1005 4224 tantum
1035 4162 1430 4230 distant'ipsam
1483 4156 1574 4212 Dei
1615 4153 1968 4210 substantiam
1995 4165 2054 4206 se
2082 4150 2164 4205 di-

573 4263 923 4337 ligentissime
960 4243 1120 4313 nosse
1159 4254 1510 4326 proﬁtentur;
1563 4247 1711 4303 illam
1742 4245 1950 4300 scilicet
1971 4259 2161 4313 supre-

574 4333 717 4414 mam
755 4363 812 4408 et
855 4351 1082 4423 primam
1107 4389 1124 4414 ,
1167 4360 1289 4417 qua:
1330 4342 1610 4421 innumera
1652 4337 1960 4408 angelorum
2001 4333 2164 4388 millia

576 4445 828 4518 produxit
855 4485 870 4508 ,
921 4455 1150 4512 quorum
1181 4451 1345 4494 unum
1375 4431 1560 4489 Daniel
1589 4431 1902 4500 conspicere
1927 4441 2033 4482 non
2065 4439 2164 4496 po-

578 4541 696 4596 luit.

651 4635 704 4690 5.
742 4633 874 4687 Deus
901 4626 1096 4684 etiamsi
1137 4641 1191 4680 se
1214 4629 1505 4692 attemmret
1523 4662 1538 4686 ,
1569 4633 1602 4672 a
1631 4616 1860 4688 supernis
1876 4610 2166 4667 Virtutibus

577 4727 738 4784 uideri
765 4724 952 4796 nequit.
977 4749 1050 4762 —-
1073 4716 1178 4773 Sed
1200 4715 1265 4785 ad
1283 4714 1559 4784 pristinum
1585 4708 1910 4780 propositum
1931 4708 2166 4759 reverta-

582 4836 723 4885 mur,
738 4793 1187 4879 ostendamusque
1201 4820 1299 4860 nec
1315 4819 1341 4856 a
1361 4801 1606 4872 supernis
1620 4796 1916 4853 Virtutibus
1930 4793 2164 4864 conspici

580 4883 737 4983 posse
765 4908 930 4961 Deum
955 4943 971 4970 ,
1003 4896 1212 4956 etiamsi
1241 4909 1360 4950 sese
1378 4897 1711 4961 attemperet.
1739 4887 1848 4942 Cur
1872 4885 2012 4940 enim
2032 4927 2046 4950 ,
2077 4883 2166 4939 die

582 4976 735 5066 inihi,
757 4998 871 5052 alas
899 4989 1231 5066 prictcndunt
1253 4984 1531 5056 Seraphim
1548 4983 1572 5036 ‘l
1591 4980 1744 5036 Nulla
1766 4979 1868 5034 alia
1894 4976 1961 5032 de
1980 4990 2162 5042 causa,

579 5110 739 5168 quam
769 5100 828 5146 ut
853 5087 979 5145 illud
1003 5083 1348 5158 apostolicum
1371 5120 1386 5144 ,
1414 5077 1516 5146 Qui
1541 5077 1705 5130 lucem
1725 5072 1916 5126 habitat
1937 5071 2166 5124 inacceso

579 5165 776 5246 sibilent
805 5184 884 5254 (l.
913 5180 1047 5235 Tim.
1078 5177 1131 5233 6.
1168 5172 1310 5248 l6),
1342 5172 1474 5244 ipsis
1499 5168 1751 5240 operibus
1791 5165 2162 5236 proclament:

581 5294 759 5352 neque
782 5277 871 5332 illa
895 5274 1068 5330 solum
1093 5312 1108 5338 ,
1137 5268 1231 5325 sed
1253 5266 1412 5322 etiam
1437 5264 1538 5319 illis
1561 5261 1832 5332 superiora
1852 5255 2164 5314 Cherubim.

583 5350 685 5430 lite
705 5369 901 5442 quippe
917 5363 1157 5422 Virtutes
1177 5374 1346 5431 prope
1373 5363 1550 5420 stant;
1578 5355 1682 5410 ilhc
1703 5367 1830 5407 vero
1850 5350 2026 5405 throni
2045 5355 2170 5403 sunt

584 5464 684 5522 Dei
710 5440 736 5496 ⁸⁷
764 5481 778 5518 :
808 5475 915 5517 non
942 5457 1081 5530 quod
1111 5455 1303 5510 throno
1332 5451 1472 5506 Deus
1494 5456 1666 5519 egeat,
1697 5446 1794 5502 sed
1833 5453 1888 5499 ιιι
1921 5442 2025 5498 hoc
2047 5440 2166 5497 Vir-

650 5577 669 5610 ί
703 5581 813 5646 Post
830 5571 955 5632 hinc,
977 5568 1078 5642 illm
1099 5578 1211 5619 vero
1245 5559 1404 5636 throni
1436 5564 1545 5613 sunt
1570 5556 1679 5613 Dei.
1703 5557 1768 5628 in.
1784 5554 1877 5605 alio
1906 5553 2128 5618 sequitur
2151 5564 2166 5601 :

670 5641 915 5659 ρ-.....ι.,-ι.
949 5643 1071 5659 ...η-η
1095 5641 1198 5659 ...ηρ
1215 5633 1284 5659 ut
1302 5623 1414 5659 .ttm
1431 5622 1655 5659 the-mum
1684 5628 1767 5659 nm
1789 5629 1978 5659 meare-
1999 5627 2094 5659 nm
2116 5620 2166 5659 ιιι

590 5646 647 5688 tn
667 5620 1074 5704 scriptura
1095 5641 1198 5680 mos
1213 5633 1284 5679 est
1302 5623 1414 5677 illas
1430 5622 1655 5673 thronum
1679 5620 1768 5670 Dei
1789 5629 1978 5676 vocare,
1999 5627 2094 5666 non
2116 5620 2168 5664 ut

583 5693 1086 5822 gzaugtn’mxltgas,
1118 5702 1234 5743 nam
1258 5697 1356 5741 Deo
1393 5697 1490 5738 non
1523 5694 1643 5749 opus
1671 5686 1744 5735 est
1781 5678 1968 5742 throno,
2003 5675 2089 5730 sed
2116 5680 2169 5726 ut

1275 273 1340 334 S.
1371 271 1652 333 JOANNIS
1686 262 2163 329 CHRYSOSTOSII
2201 256 3086 321 ARCHIEP.~CONSTANTINOP.
3657 273 3740 335 γει

2269 385 2439 434 tutum
2465 378 2699 449 ipsarum
2725 376 3034 449 dignitatem
3059 374 3330 449 intelligas.
3349 379 3469 438 Audi
3489 384 3625 446 alium
3643 405 3746 462 quo.

2263 479 2368 542 que
2396 471 2710 541 prophetam
2733 473 2800 526 de
2829 471 2934 525 illis
2964 471 3263 539 ιοίιυεηιθω
3289 489 3301 527 ³
3329 469 3574 546 Είῖίιεταηι
3591 492 3648 538 εει
3666 502 3746 541 Μ’

2259 563 2378 618 bum
2405 561 2610 618 Domini
2635 563 2703 618 ad
2726 562 2964 618 Esecltiel
2991 563 3154 633 ﬁlium
3179 559 3301 620 Βυκί
3321 582 3452 622 secus
3469 570 3630 639 ﬂumen
3651 574 3752 632 Clio.

2257 654 2350 710 bar
2375 655 2587 727 (Emit.
2611 657 2664 710 i.
2692 655 2774 728 5).
2820 655 2888 710 Ει
2925 655 3012 710 hic
3056 654 3124 710 ad
3153 654 3339 712 ﬁumen
3367 655 3584 728 Chobar,
3611 682 3752 734 quem.

2261 748 2548 804 admodum
2596 748 2685 804 ille
2728 747 2796 802 ad
2843 747 3039 802 ﬁumen
3069 746 3267 817 Tigrim
3299 749 3473 804 stabat.
3508 751 3621 810 Cum
3647 760 3756 814 enim

2261 841 2403 897 Deus
2448 841 2745 900 mirabilem
2781 839 3067 918 quamdam
3111 840 3361 896 visionem
3389 843 3540 899 servis
3568 847 3660 902 suis
3695 865 3758 905 os-

2262 943 2516 990 tensurus
2543 942 2626 1004 est
2651 975 2668 1001 ,
2696 947 2791 990 eos
2819 944 2969 990 extra
2994 933 3153 990 urbes
3180 933 3350 990 educit
3369 935 3417 990 in
3439 936 3593 993 locum
3610 943 3762 997 tumul-

2264 1035 2320 1080 tu
2352 1024 2606 1094 vacuum,
2633 1034 2692 1082 ut
2719 1040 2750 1080 a
2777 1025 2924 1082 nullo
2951 1026 3039 1081 vel
3067 1026 3168 1081 sub
3193 1039 3454 1097 aspectum
3478 1031 3554 1084 vel
3583 1033 3661 1088 sub
3686 1049 3759 1090 suo

2263 1120 2432 1174 ditum
2461 1119 2686 1175 cadente
2727 1120 3099 1189 interpelletur
3132 1120 3336 1174 animus
3362 1163 3375 1187 ,
3405 1123 3492 1178 sed
3518 1134 3637 1179 totus
3669 1144 3763 1185 cum

2264 1213 2506 1267 libertate
2545 1222 2776 1266 ostensa:
2813 1212 2893 1266 rei
2919 1213 3349 1280 contemplationi
3373 1225 3528 1269 vacet.
3561 1216 3671 1284 Quid

2265 1313 2351 1357 tur
2377 1303 2506 1357 vidit
2531 1304 2660 1358 ille?
2696 1301 2829 1356 Ecce
2852 1305 3036 1370 nubes,
3071 1303 3273 1373 inquit,
3302 1307 3510 1360 veniebat
3531 1308 3584 1361 ab
3613 1313 3765 1380 aquila-

2263 1411 2356 1460 ne,
2381 1405 2430 1448 et
2453 1395 2695 1462 splendor
2721 1394 2776 1448 in
2805 1393 3018 1449 circuitu
3057 1397 3196 1466 ejus,
3221 1406 3269 1450 et
3306 1398 3432 1468 ignis
3458 1401 3712 1469 fulgurans,
3734 1413 3769 1456 et

2264 1487 2316 1541 in
2339 1487 2501 1541 medio
2524 1489 2637 1557 ejus
2664 1487 2808 1555 quasi
2849 1488 2973 1542 uisio
3014 1488 3181 1542 electri
3199 1531 3214 1552 ,
3245 1499 3291 1542 et
3311 1489 3536 1558 splendor
3558 1493 3602 1546 in
3638 1510 3710 1558 eo,
3733 1505 3769 1550 et

2263 1579 2315 1632 in
2360 1579 2524 1636 medio
2553 1578 3090 1650 similitudo'qttatuor
3127 1580 3437 1637 animalium.
3467 1581 3556 1637 Hic
3594 1600 3773 1654 aspectus

2263 1685 2442 1722 eorum
2462 1710 2478 1735 ,
2508 1669 2788 1757 similitudo
2809 1670 3023 1725 hominis
3047 1671 3098 1724 in
3119 1671 3212 1724 eis.
3235 1669 3300 1724 Et
3320 1677 3523 1741 quatubr
3547 1676 3676 1744 {acies
3691 1677 3770 1739 inti,

2265 1772 2311 1816 et
2339 1773 2556 1832 quatuor
2592 1762 2692 1816 ala:
2715 1762 2824 1816 uni.
2859 1759 2927 1816 Et
2970 1762 3188 1816 altitudo
3236 1775 3341 1818 erat
3363 1765 3464 1830 eis,
3504 1775 3545 1819 et
3589 1769 3777 1821 terribilia

2263 1865 2406 1908 erant
2435 1870 2456 1910 .°
2484 1863 2530 1908 ct
2557 1864 2701 1922 terga
2746 1870 2918 1908 eorum
2944 1855 3094 1924 plena
3131 1855 3294 1910 oculis
3332 1857 3383 1910 in
3417 1857 3609 1910 circuitu
3645 1874 3776 1911 eorum

2264 1955 2517 2012 quatuor;
2541 1955 2590 1998 et
2613 1945 2889 2000 similitudo
2909 1962 3062 2016 super
3086 1955 3241 2014 caput
3266 1963 3434 2000 eorum
3453 1988 3467 2012 ,
3497 1949 3624 2017 quasi
3643 1949 3779 2016 ﬁrma-

2266 2048 2516 2102 mentum,
2538 2039 2687 2108 quasi
2713 2048 2946 2109 aspectus
2973 2038 3206 2109 crystan
3231 2040 3462 2094 terribilis
3485 2079 3499 2106 ,
3529 2051 3702 2095 extensa
3714 2057 3780 2094 stt-

2266 2149 2358 2202 per
2381 2143 2530 2204 caput
2563 2149 2738 2186 eorum
2759 2132 2975 2202 desuper
2990 2148 3010 2185 :
3027 2142 3073 2186 et
3099 2132 3201 2187 alae
3225 2143 3403 2186 eorum
3425 2133 3670 2204 unicuique
3681 2133 3781 2196 due,

2267 2232 2484 2292 tegentes
2513 2239 2729 2293 corpora
2770 2238 2941 2284 eorum
2965 2233 3051 2277 :et
3085 2240 3246 2294 supra
3299 2223 3644 2292 ﬁrmamentum
3675 2224 3782 2292 quasi

2271 2326 2502 2387 aspectus
2545 2316 2731 2386 lapidis
2774 2316 3004 2385 sapphiri
3031 2330 3051 2371 :
3078 2324 3125 2369 et
3171 2316 3447 2371 similitudo
3471 2313 3646 2369 Tltroni
3673 2330 3785 2382 super

2265 2423 2379 2463 eum
2401 2449 2416 2472 ,
2460 2417 2509 2463 et
2551 2425 2704 2480 super
2743 2402 3125 2464 similitudinem
3171 2408 3343 2461 throni
3387 2406 3644 2461 similitudo
3678 2404 3788 2476 quasi

2264 2502 2453 2572 species
2489 2502 2708 2556 hominis
2740 2519 2890 2581 super
2914 2519 3046 2557 eum.
3081 2499 3151 2555 Et
3183 2502 3285 2556 uidi
3312 2502 3455 2572 quasi
3475 2510 3700 2570 aspectum
3718 2499 3792 2551 cle-

2266 2595 2386 2660 ctri,
2411 2593 2472 2646 ab
2493 2599 2699 2664 aspectu
2729 2593 2885 2647 lumbi
2904 2633 2920 2658 ,
2947 2602 2994 2646 et
3021 2609 3176 2662 usque
3203 2593 3426 2661 desuper
3443 2633 3457 2654 ,
3485 2591 3609 2644 etab
3633 2597 3792 2658 aspectu

2267 2685 2423 2740 lumbi
2445 2698 2603 2755 usque
2626 2685 2859 2739 deorsum
2879 2727 2894 2750 ,
2909 2684 3068 2754 quasi
3092 2684 3336 2738 visionem
3360 2683 3489 2754 ignis
3509 2697 3524 2735 :
3543 2691 3582 2734 et
3605 2677 3795 2750 splendor

2264 2779 2375 2849 ejus
2414 2780 2558 2847 quasi
2595 2788 2826 2845 aspectus
2862 2793 3043 2840 arcus,
3077 2793 3193 2828 cum
3225 2777 3380 2848 fuerit
3421 2777 3471 2828 in
3508 2775 3625 2829 nube
3659 2775 3703 2827 in
3737 2771 3798 2824 die

2266 2870 2454 2941 pluvice
2479 2867 2638 2937 (Ibid.
2671 2883 2698 2922 υ
2726 2869 2779 2923 4.
2807 2865 2990 2938 seqq.).
3032 2867 3162 2922 Post
3217 2867 3334 2922 hmc
3390 2877 3564 2921 autem
3596 2879 3700 2919 cum
3730 2861 3798 2915 dc-

2267 2963 2470 3018 clarare
2493 2961 2689 3028 vellet,
2737 2974 2836 3015 nec
2872 2959 3195 3030 Prophelam
3239 2976 3340 3015 nec
3368 2960 3596 3015 Virtutes
3622 2957 3720 3010 illas
3751 2954 3799 3007 ad

2266 3069 2470 3110 meram
2491 3055 2660 3124 ipsam
2689 3048 3036 3108 substantiam
3063 3054 3365 3108 accessisse
3385 3095 3402 3115 ,
3431 3053 3631 3108 dicebat
3662 3068 3675 3102 :
3704 3045 3799 3102 lict

2266 3148 2394 3203 uisio
2435 3145 2780 3201 similitudinis
2826 3145 3001 3216 gloriae
3037 3143 3251 3199 Domini
3289 3143 3415 3218 (Id.
3455 3145 3508 3198 2.
3562 3141 3631 3213 l.)
3662 3139 3804 3193 Videu'

2265 3247 2320 3294 et
2345 3238 2432 3293 hic
2451 3247 2506 3292 et
2529 3238 2599 3291 ibi
2634 3237 2727 3291 Dei
2749 3237 3292 3305 attemperatinnem?
3315 3238 3560 3291 Attamen
3581 3234 3692 3304 ipsa:
3707 3245 3806 3300 quo-

2266 3346 2372 3402 que
2400 3331 2632 3385 Virtutes
2660 3345 2720 3384 se
2765 3329 2865 3382 alis
2891 3329 3172 3399 operiunt,
3208 3330 3357 3384 nulla
3387 3329 3490 3383 alia
3516 3342 3661 3398 quam
3687 3336 3808 3391 supra

2266 3424 2406 3480 dicta
2437 3421 2505 3479 de
2531 3423 2685 3477 eausa
2717 3433 2742 3476 :'
2763 3435 3080 3491 quamquam
3112 3421 3564 3492 sapientissimus,
3590 3415 3810 3488 perstrict-

2267 3515 2498 3571 cissima:
2547 3521 2602 3568 et
2645 3511 2946 3582 purissima:
2985 3513 3112 3566 sint.
3160 3511 3452 3568 Undenam
3480 3511 3529 3566 id
3558 3502 3814 3579 lique-till)

2267 3607 2397 3677 ipsis
2420 3605 2742 3661 nominibus.
2761 3601 3225 3671 Quemadmodum
3246 3604 3394 3658 enim
3420 3597 3810 3671 angelusdicitur,

2266 3701 2388 3770 quia
2415 3714 2534 3770 qua:
2571 3696 2668 3752 Dei
2697 3706 2821 3750 sunt
2839 3694 3144 3751 hominibus
3167 3694 3480 3760 annuntiat,
3501 3691 3817 3757 ἀναπιλὶιιιιι

2266 3789 2616 3860 archangelus
2638 3787 2758 3858 quia
2786 3787 2988 3857 angelis
3017 3784 3380 3856 imperat:sic
3404 3791 3460 3839 et
3479 3783 3578 3837 ill-.e
3607 3773 3815 3834 vocabuli

2269 3892 2437 3937 nacta;
2463 3890 2590 3936 sunt
2614 3895 2733 3950 qua:
2754 3880 2986 3948 ipsarum
3019 3877 3349 3946 sapientiam
3377 3884 3435 3931 et
3462 3872 3722 3943 puritatem
3744 3879 3819 3918 uo-

2267 3975 2350 4030 bis
2378 3974 2682 4034 declarent;
2713 3985 2784 4025 ac'
2817 3971 2954 4026 sicut
2999 3970 3097 4024 alie
3128 3977 3345 4024 natura:
3371 3965 3730 4022 sublimitatem
3761 3957 3819 4008 ἰιιρ

2267 4065 2448 4121 dicant
2498 4063 2736 4135 (etenim
2774 4061 2990 4118 Gabriel
3029 4060 3222 4114 volans
3267 4062 3715 4128 repraesentatur,
3743 4059 3822 4100 non

2267 4155 2406 4228 quod
2434 4154 2766 4226 angelis'sint
2788 4153 2918 4216 alae,
2944 4151 3038 4207 sed
3067 4159 3125 4205 ut
3149 4150 3373 4206 ediscas
3398 4164 3466 4204 ex
3495 4141 3745 4200 altissimis
3763 4138 3822 4189 lo-

2267 4226 2345 4305 cis
2364 4292 2378 4315 ,
2410 4255 2583 4319 exque
2613 4259 2861 4316 supremo
2881 4243 3151 4298 domicilio
3177 4242 3342 4297 illum
3372 4240 3441 4296 ad
3472 4240 3737 4292 humanam
3757 4226 3822 4281 atl-

2268 4351 2487 4398 ventare
2533 4337 2854 4410 naturam),
2901 4336 2980 4392 sic
3007 4344 3063 4391 et
3103 4336 3156 4390 in
3210 4337 3339 4390 istis
3388 4333 3528 4389 nihil
3565 4328 3698 4384 aliud
3719 4324 3821 4383 alat,

2269 4450 2426 4505 quam
2476 4419 2856 4488 sublimitatem
2900 4437 3104 4483 natura:
3143 4425 3494 4497 signiﬁcant.
3537 4421 3680 4479 Sicut
3707 4415 3824 4486 igitur

2269 4501 2369 4583 alte
2402 4536 2604 4582 natura:
2633 4522 3010 4588 sublimitatem
3037 4519 3329 4575 declarant
3355 4559 3372 4586 ,
3401 4526 3461 4572 et
3491 4517 3702 4570 thronus
3719 4501 3822 4576 quod

2270 4619 2412 4674 Deus
2441 4617 2500 4672 in
2538 4614 2668 4687 ipsis
2705 4615 3032 4686 requiescat,
3075 4621 3130 4666 et
3176 4611 3329 4666 oculi
3381 4603 3823 4680 perspicuitatem.

2271 4710 2448 4766 throni
2479 4702 2843 4779 propinquitas
2869 4713 2922 4760 et
2947 4702 3130 4774 hymni
3156 4701 3428 4772 perpetui
3459 4695 3764 4769 vigilantiam
3792 4693 3825 4737 cl

2273 4803 2534 4858 insomnia
2564 4802 2578 4855 ἐ
2606 4801 2682 4854 sic
2733 4797 2949 4853 nomina
2998 4796 3189 4849 horum
3227 4793 3578 4865 sapientiam
3607 4829 3623 4856 ,
3665 4784 3824 4840 illorum

2268 4895 2552 4969 puritatem
2592 4891 2909 4964 signiﬁcant.
2937 4887 3071 4958 Quid
3099 4887 3253 4942 enim
3283 4885 3391 4941 sibi
3419 4885 3539 4939 vult
3557 4868 3828 4938 Cberubim‘.’

2271 4967 2432 5044 Plena
2455 4985 2696 5062 scientia.
2718 4982 2853 5052 Quid
2877 4980 3154 5051 Seraphim
3175 4979 3204 5029 ἲ
3227 4977 3408 5049 lgnita
3432 4990 3551 5032 ora.
3580 4967 3739 5027 Videu‘
3755 4973 3830 5032 quo

2276 5083 2434 5151 pacto
2460 5078 2677 5134 nomina
2723 5074 2933 5132 illorum
2957 5073 3286 5143 sapientiam
3314 5111 3332 5138 ,
3376 5069 3574 5124 borum
3603 5062 3833 5134 puritatem

2272 5170 2612 5244 signiﬁcent?
2632 5169 2688 5225 Si
2716 5182 2844 5224 vero
2871 5165 2956 5222 ubi
2987 5165 3137 5234 plena
3163 5162 3408 5218 scientia
3435 5169 3558 5226 est,
3597 5170 3661 5212 ne
3681 5159 3836 5207 attem-

2241 5295 2246 5308 ι
2272 5271 2514 5336 peratum
2541 5260 2754 5333 quidem
2787 5257 2876 5313 Dei
2901 5255 3116 5311 modum
3138 5263 3410 5310 accurate
3424 5251 3610 5309 videre
3626 5246 3841 5319 possunt:

2274 5356 2362 5412 ubi
2391 5363 2636 5426 exparte
2681 5350 2943 5421 cognitio,
2985 5354 3045 5402 ut
3085 5345 3157 5400 ait
3192 5345 3409 5400 Paulus
3434 5384 3451 5410 ,
3502 5341 3588 5397 Es
3627 5342 3753 5410 pum
3775 5343 3844 5383 τοο

2272 5420 2558 5521 ῃηοεείἡιιιε
2577 5488 2592 5515 ,
2623 5455 2710 5511 et,
2739 5420 2838 5498 Per
2880 5439 3138 5512 speculum
3178 5447 3230 5492 et
3275 5440 3334 5492 in
3359 5437 3633 5508 enigmata
3661 5427 3727 5502 (l.
3755 5420 3849 5521 Cor:

2277 5509 2815 5610 i3.9.12),'quanue
2860 5509 3020 5589 fuerit
3063 5529 3362 5596 amentiae,
3417 5541 3518 5593 ea,
3565 5535 3680 5594 qua:
3707 5534 3764 5574 ne
3793 5509 3846 5567 illi

2275 5633 2493 5705 quidem
2523 5637 2747 5703 possunt
2775 5625 2997 5694 intueri,
3039 5623 3136 5682 sibi
3176 5633 3313 5679 nota
3345 5629 3405 5678 et
3443 5615 3722 5690 perspicua
3755 5619 3852 5663 esse

2277 5733 2464 5797 putare
2480 5723 2514 5798 1
