  <div class='ocr_page' id='page_1' title='image "/cluster/home/n/w/nwhite01/storage/ocr_20150623/48/hvd.32044073501892/203.png"; bbox 0 0 3980 6184; ppageno 0'>
   <div class='ocr_carea' id='block_1_1' title="bbox 331 281 447 334">
    <p class='ocr_par' dir='ltr' id='par_1_1' title="bbox 331 281 447 334">
     <span class='ocr_line' id='line_1_1' title="bbox 331 281 447 334; baseline 0.017 -2"><span class='ocrx_word' id='word_1_1' title='bbox 331 281 447 334; x_wconf 70' lang='lat'>7‘25</span> 
     </span>
    </p>
   </div>
   <div class='ocr_carea' id='block_1_2' title="bbox 407 372 2009 463">
    <p class='ocr_par' dir='ltr' id='par_1_2' title="bbox 407 372 2009 463">
     <span class='ocr_line' id='line_1_2' title="bbox 407 372 2009 463; baseline -0.017 -12"><span class='ocrx_word' id='word_1_2' title='bbox 407 402 483 463; x_wconf 85' lang='grc' dir='ltr'>ς’.</span> <span class='ocrx_word' id='word_1_3' title='bbox 510 388 631 448; x_wconf 76' lang='grc' dir='ltr'>Ὀτι</span> <span class='ocrx_word' id='word_1_4' title='bbox 651 391 792 463; x_wconf 28' lang='grc' dir='ltr'>δέηοὺ</span> <span class='ocrx_word' id='word_1_5' title='bbox 811 390 922 451; x_wconf 89' lang='grc' dir='ltr'>τοῖς</span> <span class='ocrx_word' id='word_1_6' title='bbox 946 382 1250 457; x_wconf 71' lang='grc' dir='ltr'>Χερουϐὶμ,</span> <span class='ocrx_word' id='word_1_7' title='bbox 1270 379 1392 434; x_wconf 89' lang='grc' dir='ltr'>οὑδέ</span> <span class='ocrx_word' id='word_1_8' title='bbox 1412 380 1524 442; x_wconf 86' lang='grc' dir='ltr'>τοῖς</span> <span class='ocrx_word' id='word_1_9' title='bbox 1550 375 1802 446; x_wconf 77' lang='grc' dir='ltr'>Σεραφὶμ</span> <span class='ocrx_word' id='word_1_10' title='bbox 1825 372 2009 459; x_wconf 87' lang='grc' dir='ltr'>μόνον,</span> 
     </span>
    </p>
   </div>
   <div class='ocr_carea' id='block_1_3' title="bbox 335 454 2007 552">
    <p class='ocr_par' dir='ltr' id='par_1_3' title="bbox 335 454 2007 552">
     <span class='ocr_line' id='line_1_3' title="bbox 335 454 2007 552; baseline -0.017 -12"><span class='ocrx_word' id='word_1_11' title='bbox 335 454 451 540; x_wconf 74' lang='grc' dir='ltr'>ἀλλ’</span> <span class='ocrx_word' id='word_1_12' title='bbox 484 481 606 538; x_wconf 82' lang='grc' dir='ltr'>οὐδέ</span> <span class='ocrx_word' id='word_1_13' title='bbox 633 458 851 552; x_wconf 71' lang='grc' dir='ltr'>ἀρχαῖς,</span> <span class='ocrx_word' id='word_1_14' title='bbox 874 474 996 528; x_wconf 83' lang='grc' dir='ltr'>οὐδέ</span> <span class='ocrx_word' id='word_1_15' title='bbox 1026 454 1321 535; x_wconf 79' lang='grc' dir='ltr'>ἐξουσίαις,</span> <span class='ocrx_word' id='word_1_16' title='bbox 1353 467 1475 521; x_wconf 87' lang='grc' dir='ltr'>ούδέ</span> <span class='ocrx_word' id='word_1_17' title='bbox 1500 465 1636 538; x_wconf 79' lang='grc' dir='ltr'>ἄλλῃ</span> <span class='ocrx_word' id='word_1_18' title='bbox 1671 464 1777 517; x_wconf 72' lang='grc' dir='ltr'>τινὶ</span> <span class='ocrx_word' id='word_1_19' title='bbox 1811 454 2007 531; x_wconf 80' lang='grc' dir='ltr'>κτίστῇ</span> 
     </span>
    </p>
   </div>
   <div class='ocr_carea' id='block_1_4' title="bbox 335 549 2013 644">
    <p class='ocr_par' dir='ltr' id='par_1_4' title="bbox 335 549 2013 644">
     <span class='ocr_line' id='line_1_4' title="bbox 335 549 2013 644; baseline -0.017 -16"><span class='ocrx_word' id='word_1_20' title='bbox 335 573 564 644; x_wconf 79' lang='grc' dir='ltr'>δυνάμει</span> <span class='ocrx_word' id='word_1_21' title='bbox 590 549 944 636; x_wconf 81' lang='grc' dir='ltr'>κατάληπτός</span> <span class='ocrx_word' id='word_1_22' title='bbox 976 563 1123 614; x_wconf 89' lang='grc' dir='ltr'>ἐστιν</span> <span class='ocrx_word' id='word_1_23' title='bbox 1152 559 1181 611; x_wconf 86' lang='grc' dir='ltr'>ό</span> <span class='ocrx_word' id='word_1_24' title='bbox 1212 556 1368 621; x_wconf 83' lang='grc' dir='ltr'>Θεὸς,</span> <span class='ocrx_word' id='word_1_25' title='bbox 1403 554 1497 608; x_wconf 79' lang='grc' dir='ltr'>καί</span> <span class='ocrx_word' id='word_1_26' title='bbox 1527 553 1685 606; x_wconf 88' lang='grc' dir='ltr'>τοῦτο</span> <span class='ocrx_word' id='word_1_27' title='bbox 1713 549 2013 621; x_wconf 87' lang='grc' dir='ltr'>ἐϐουλόμην</span> 
     </span>
    </p>
   </div>
   <div class='ocr_carea' id='block_1_5' title="bbox 336 638 2013 726">
    <p class='ocr_par' dir='ltr' id='par_1_5' title="bbox 336 638 2013 726">
     <span class='ocr_line' id='line_1_5' title="bbox 336 638 2013 726; baseline -0.018 -8"><span class='ocrx_word' id='word_1_28' title='bbox 336 638 617 726; x_wconf 77' lang='grc' dir='ltr'>ἀποδεῖξαι</span> <span class='ocrx_word' id='word_1_29' title='bbox 640 655 757 720; x_wconf 91' lang='grc' dir='ltr'>νῦν,</span> <span class='ocrx_word' id='word_1_30' title='bbox 782 652 897 707; x_wconf 84' lang='grc' dir='ltr'>ἀλλ’</span> <span class='ocrx_word' id='word_1_31' title='bbox 932 649 1138 720; x_wconf 76' lang='grc' dir='ltr'>ἔκαμεν</span> <span class='ocrx_word' id='word_1_32' title='bbox 1173 647 1307 718; x_wconf 83' lang='grc' dir='ltr'>ἡμῖν</span> <span class='ocrx_word' id='word_1_33' title='bbox 1346 646 1381 716; x_wconf 87' lang='grc' dir='ltr'>ή</span> <span class='ocrx_word' id='word_1_34' title='bbox 1417 643 1651 706; x_wconf 83' lang='grc' dir='ltr'>διάνοια,</span> <span class='ocrx_word' id='word_1_35' title='bbox 1679 640 1742 694; x_wconf 84' lang='grc' dir='ltr'>οὐ</span> <span class='ocrx_word' id='word_1_36' title='bbox 1770 638 1848 710; x_wconf 82' lang='grc' dir='ltr'>τῷ</span> <span class='ocrx_word' id='word_1_37' title='bbox 1879 638 2013 709; x_wconf 77' lang='grc' dir='ltr'>πλήο</span> 
     </span>
    </p>
   </div>
   <div class='ocr_carea' id='block_1_6' title="bbox 337 728 2016 817">
    <p class='ocr_par' dir='ltr' id='par_1_6' title="bbox 337 728 2016 817">
     <span class='ocr_line' id='line_1_6' title="bbox 337 728 2016 817; baseline -0.015 -13"><span class='ocrx_word' id='word_1_38' title='bbox 337 752 441 814; x_wconf 72' lang='grc' dir='ltr'>θει,</span> <span class='ocrx_word' id='word_1_39' title='bbox 467 747 601 803; x_wconf 82' lang='grc' dir='ltr'>ἀλλά</span> <span class='ocrx_word' id='word_1_40' title='bbox 618 748 683 817; x_wconf 83' lang='grc' dir='ltr'>τῇ</span> <span class='ocrx_word' id='word_1_41' title='bbox 715 743 887 815; x_wconf 83' lang='grc' dir='ltr'>φρίκῃ</span> <span class='ocrx_word' id='word_1_42' title='bbox 918 738 1026 794; x_wconf 90' lang='grc' dir='ltr'>τῶν</span> <span class='ocrx_word' id='word_1_43' title='bbox 1063 734 1393 809; x_wconf 76' lang='grc' dir='ltr'>εἰρημένων.</span> <span class='ocrx_word' id='word_1_44' title='bbox 1419 731 1628 803; x_wconf 86' lang='grc' dir='ltr'>Τρέμει</span> <span class='ocrx_word' id='word_1_45' title='bbox 1661 729 1772 803; x_wconf 85' lang='grc' dir='ltr'>γάρ</span> <span class='ocrx_word' id='word_1_46' title='bbox 1794 728 1890 782; x_wconf 74' lang='grc' dir='ltr'>καὶ</span> <span class='ocrx_word' id='word_1_47' title='bbox 1925 730 2016 780; x_wconf 81' lang='grc' dir='ltr'>ἐκο</span> 
     </span>
    </p>
   </div>
   <div class='ocr_carea' id='block_1_7' title="bbox 344 817 2018 909">
    <p class='ocr_par' dir='ltr' id='par_1_7' title="bbox 344 817 2018 909">
     <span class='ocr_line' id='line_1_7' title="bbox 344 817 2018 909; baseline -0.015 -15"><span class='ocrx_word' id='word_1_48' title='bbox 344 839 651 909; x_wconf 75' lang='grc' dir='ltr'>πέπληκται</span> <span class='ocrx_word' id='word_1_49' title='bbox 693 835 728 905; x_wconf 82' lang='grc' dir='ltr'>ἡ</span> <span class='ocrx_word' id='word_1_50' title='bbox 767 831 915 902; x_wconf 80' lang='grc' dir='ltr'>ψυχὴ</span> <span class='ocrx_word' id='word_1_51' title='bbox 961 828 1055 881; x_wconf 83' lang='grc' dir='ltr'>ἐπί</span> <span class='ocrx_word' id='word_1_52' title='bbox 1095 825 1231 880; x_wconf 79' lang='grc' dir='ltr'>πολὺ</span> <span class='ocrx_word' id='word_1_53' title='bbox 1272 826 1396 887; x_wconf 91' lang='grc' dir='ltr'>ταῖς</span> <span class='ocrx_word' id='word_1_54' title='bbox 1436 823 1549 877; x_wconf 80' lang='grc' dir='ltr'>ἀνω</span> <span class='ocrx_word' id='word_1_55' title='bbox 1597 817 2018 888; x_wconf 84' lang='grc' dir='ltr'>ἐνδιατρίϐουσα</span> 
     </span>
    </p>
   </div>
   <div class='ocr_carea' id='block_1_8' title="bbox 209 903 2016 1000">
    <p class='ocr_par' dir='ltr' id='par_1_8' title="bbox 209 903 2016 1000">
     <span class='ocr_line' id='line_1_8' title="bbox 209 903 2016 1000; baseline -0.017 -15"><span class='ocrx_word' id='word_1_56' title='bbox 209 923 223 931; x_wconf 70' lang='grc'><em>’</em></span> <span class='ocrx_word' id='word_1_57' title='bbox 338 903 617 1000; x_wconf 81' lang='grc' dir='ltr'>θεωρίαις.</span> <span class='ocrx_word' id='word_1_58' title='bbox 655 903 747 976; x_wconf 85' lang='grc' dir='ltr'>Διὸ</span> <span class='ocrx_word' id='word_1_59' title='bbox 793 920 927 992; x_wconf 86' lang='grc' dir='ltr'>φέρε</span> <span class='ocrx_word' id='word_1_60' title='bbox 965 916 1140 987; x_wconf 80' lang='grc' dir='ltr'>αὐτὴν</span> <span class='ocrx_word' id='word_1_61' title='bbox 1176 915 1242 967; x_wconf 86' lang='grc' dir='ltr'>ἐκ</span> <span class='ocrx_word' id='word_1_62' title='bbox 1283 912 1395 965; x_wconf 86' lang='grc' dir='ltr'>τῶν</span> <span class='ocrx_word' id='word_1_63' title='bbox 1436 906 1685 980; x_wconf 78' lang='grc' dir='ltr'>οὐρανῶν</span> <span class='ocrx_word' id='word_1_64' title='bbox 1714 903 2016 959; x_wconf 71' lang='grc' dir='ltr'>καταϐιϐά-</span> 
     </span>
    </p>
   </div>
   <div class='ocr_carea' id='block_1_9' title="bbox 340 993 2018 1088">
    <p class='ocr_par' dir='ltr' id='par_1_9' title="bbox 340 993 2018 1088">
     <span class='ocr_line' id='line_1_9' title="bbox 340 993 2018 1088; baseline -0.015 -17"><span class='ocrx_word' id='word_1_65' title='bbox 340 993 526 1088; x_wconf 75' lang='grc' dir='ltr'>σωμεν</span> <span class='ocrx_word' id='word_1_66' title='bbox 541 1014 636 1068; x_wconf 79' lang='grc' dir='ltr'>καὶ</span> <span class='ocrx_word' id='word_1_67' title='bbox 672 1009 1168 1083; x_wconf 73' lang='grc' dir='ltr'>ψυχαγωγήσωμεν</span> <span class='ocrx_word' id='word_1_68' title='bbox 1202 996 1765 1088; x_wconf 62' lang='grc' dir='ltr'>καταπεπληγμένην,</span> <span class='ocrx_word' id='word_1_69' title='bbox 1793 993 1886 1088; x_wconf 70' lang='grc' dir='ltr'>ἐπὶ</span> <span class='ocrx_word' id='word_1_70' title='bbox 1918 993 2018 1088; x_wconf 76' lang='grc' dir='ltr'>τὴν</span> 
     </span>
    </p>
   </div>
   <div class='ocr_carea' id='block_1_10' title="bbox 339 1077 2015 1171">
    <p class='ocr_par' dir='ltr' id='par_1_10' title="bbox 339 1077 2015 1171">
     <span class='ocr_line' id='line_1_10' title="bbox 339 1077 2015 1171; baseline -0.016 -17"><span class='ocrx_word' id='word_1_71' title='bbox 339 1077 551 1171; x_wconf 75' lang='grc' dir='ltr'>συνήθη</span> <span class='ocrx_word' id='word_1_72' title='bbox 586 1077 1003 1165; x_wconf 75' lang='grc' dir='ltr'>καταφυγόντες</span> <span class='ocrx_word' id='word_1_73' title='bbox 1032 1087 1402 1158; x_wconf 87' lang='grc' dir='ltr'>παράκλησιν.</span> <span class='ocrx_word' id='word_1_74' title='bbox 1433 1085 1530 1146; x_wconf 89' lang='grc' dir='ltr'>Τίς</span> <span class='ocrx_word' id='word_1_75' title='bbox 1562 1083 1619 1135; x_wconf 86' lang='grc' dir='ltr'>δέ</span> <span class='ocrx_word' id='word_1_76' title='bbox 1656 1080 1798 1150; x_wconf 82' lang='grc' dir='ltr'>αῦτη</span> <span class='ocrx_word' id='word_1_77' title='bbox 1833 1077 2015 1142; x_wconf 86' lang='grc' dir='ltr'>ἐστίν;</span> 
     </span>
    </p>
   </div>
   <div class='ocr_carea' id='block_1_11' title="bbox 340 1166 2018 1260">
    <p class='ocr_par' dir='ltr' id='par_1_11' title="bbox 340 1166 2018 1260">
     <span class='ocr_line' id='line_1_11' title="bbox 340 1166 2018 1260; baseline -0.015 -17"><span class='ocrx_word' id='word_1_78' title='bbox 340 1166 613 1260; x_wconf 73' lang='grc' dir='ltr'>Εὑχέσθαι</span> <span class='ocrx_word' id='word_1_79' title='bbox 642 1184 770 1247; x_wconf 73' lang='grc' dir='ltr'>τοὺς</span> <span class='ocrx_word' id='word_1_80' title='bbox 806 1183 876 1237; x_wconf 90' lang='grc' dir='ltr'>τά</span> <span class='ocrx_word' id='word_1_81' title='bbox 914 1179 1142 1234; x_wconf 89' lang='grc' dir='ltr'>τοιαῦτα</span> <span class='ocrx_word' id='word_1_82' title='bbox 1174 1175 1468 1237; x_wconf 79' lang='grc' dir='ltr'>νοσοῦντας</span> <span class='ocrx_word' id='word_1_83' title='bbox 1506 1169 1725 1241; x_wconf 82' lang='grc' dir='ltr'>ὑγιᾶναί</span> <span class='ocrx_word' id='word_1_84' title='bbox 1762 1185 1917 1222; x_wconf 90' lang='grc' dir='ltr'>ποτε.</span> <span class='ocrx_word' id='word_1_85' title='bbox 1954 1166 2018 1218; x_wconf 81' lang='grc' dir='ltr'>Εἰ</span> 
     </span>
    </p>
   </div>
   <div class='ocr_carea' id='block_1_12' title="bbox 340 1255 2022 1350">
    <p class='ocr_par' dir='ltr' id='par_1_12' title="bbox 340 1255 2022 1350">
     <span class='ocr_line' id='line_1_12' title="bbox 340 1255 2022 1350; baseline -0.015 -18"><span class='ocrx_word' id='word_1_86' title='bbox 340 1255 455 1350; x_wconf 32' lang='grc' dir='ltr'>γὰρ.</span> <span class='ocrx_word' id='word_1_87' title='bbox 486 1275 627 1345; x_wconf 79' lang='grc' dir='ltr'>ὑπὲρ</span> <span class='ocrx_word' id='word_1_88' title='bbox 647 1271 755 1325; x_wconf 86' lang='grc' dir='ltr'>τῶν</span> <span class='ocrx_word' id='word_1_89' title='bbox 783 1272 842 1324; x_wconf 90' lang='grc' dir='ltr'>ἐν</span> <span class='ocrx_word' id='word_1_90' title='bbox 869 1268 1069 1332; x_wconf 89' lang='grc' dir='ltr'>νόσοις,</span> <span class='ocrx_word' id='word_1_91' title='bbox 1104 1266 1161 1318; x_wconf 89' lang='grc' dir='ltr'>ἐν</span> <span class='ocrx_word' id='word_1_92' title='bbox 1196 1261 1500 1336; x_wconf 75' lang='grc' dir='ltr'>μετάλλοις,</span> <span class='ocrx_word' id='word_1_93' title='bbox 1528 1262 1586 1313; x_wconf 88' lang='grc' dir='ltr'>ἐν</span> <span class='ocrx_word' id='word_1_94' title='bbox 1613 1258 1878 1329; x_wconf 86' lang='grc' dir='ltr'>σκληραῖς</span> <span class='ocrx_word' id='word_1_95' title='bbox 1901 1255 2022 1308; x_wconf 88' lang='grc' dir='ltr'>δου-</span> 
     </span>
    </p>
   </div>
   <div class='ocr_carea' id='block_1_13' title="bbox 342 1342 2021 1429">
    <p class='ocr_par' dir='ltr' id='par_1_13' title="bbox 342 1342 2021 1429">
     <span class='ocr_line' id='line_1_13' title="bbox 342 1342 2021 1429; baseline -0.014 -10"><span class='ocrx_word' id='word_1_96' title='bbox 342 1342 535 1428; x_wconf 82' lang='grc' dir='ltr'>λείαις,</span> <span class='ocrx_word' id='word_1_97' title='bbox 566 1342 661 1415; x_wconf 73' lang='grc' dir='ltr'>καὶ</span> <span class='ocrx_word' id='word_1_98' title='bbox 703 1359 848 1429; x_wconf 81' lang='grc' dir='ltr'>ὑπὲρ</span> <span class='ocrx_word' id='word_1_99' title='bbox 901 1356 1012 1409; x_wconf 87' lang='grc' dir='ltr'>τῶν</span> <span class='ocrx_word' id='word_1_100' title='bbox 1060 1350 1470 1424; x_wconf 77' lang='grc' dir='ltr'>ἐνεργουμένων</span> <span class='ocrx_word' id='word_1_101' title='bbox 1525 1345 1862 1417; x_wconf 87' lang='grc' dir='ltr'>κελευόμεθα</span> <span class='ocrx_word' id='word_1_102' title='bbox 1929 1342 2021 1429; x_wconf 80' lang='grc' dir='ltr'>τὸν</span> 
     </span>
    </p>
   </div>
   <div class='ocr_carea' id='block_1_14' title="bbox 342 1428 2024 1522">
    <p class='ocr_par' dir='ltr' id='par_1_14' title="bbox 342 1428 2024 1522">
     <span class='ocr_line' id='line_1_14' title="bbox 342 1428 2024 1522; baseline -0.015 -17"><span class='ocrx_word' id='word_1_103' title='bbox 342 1452 477 1505; x_wconf 81' lang='grc' dir='ltr'>Θεὸν</span> <span class='ocrx_word' id='word_1_104' title='bbox 507 1428 871 1522; x_wconf 81' lang='grc' dir='ltr'>παρακαλεῖν,</span> <span class='ocrx_word' id='word_1_105' title='bbox 897 1442 1050 1513; x_wconf 73' lang='grc' dir='ltr'>πόσῳ</span> <span class='ocrx_word' id='word_1_106' title='bbox 1081 1437 1282 1511; x_wconf 86' lang='grc' dir='ltr'>μᾶλλον</span> <span class='ocrx_word' id='word_1_107' title='bbox 1304 1436 1444 1508; x_wconf 78' lang='grc' dir='ltr'>ὑπὲρ</span> <span class='ocrx_word' id='word_1_108' title='bbox 1472 1433 1708 1498; x_wconf 90' lang='grc' dir='ltr'>τούτων;</span> <span class='ocrx_word' id='word_1_109' title='bbox 1751 1431 1905 1484; x_wconf 72' lang='grc' dir='ltr'>Ἐπεὶ</span> <span class='ocrx_word' id='word_1_110' title='bbox 1931 1428 2024 1480; x_wconf 75' lang='grc' dir='ltr'>καὶ</span> 
     </span>
    </p>
   </div>
   <div class='ocr_carea' id='block_1_15' title="bbox 343 1519 2024 1612">
    <p class='ocr_par' dir='ltr' id='par_1_15' title="bbox 343 1519 2024 1612">
     <span class='ocr_line' id='line_1_15' title="bbox 343 1519 2024 1612; baseline -0.015 -19"><span class='ocrx_word' id='word_1_111' title='bbox 343 1519 706 1612; x_wconf 76' lang='grc' dir='ltr'>χαλεπωτέρα</span> <span class='ocrx_word' id='word_1_112' title='bbox 751 1533 848 1588; x_wconf 89' lang='grc' dir='ltr'>τοῦ</span> <span class='ocrx_word' id='word_1_113' title='bbox 894 1531 1147 1601; x_wconf 87' lang='grc' dir='ltr'>δαίμονος</span> <span class='ocrx_word' id='word_1_114' title='bbox 1185 1529 1220 1599; x_wconf 86' lang='grc' dir='ltr'>ή</span> <span class='ocrx_word' id='word_1_115' title='bbox 1264 1525 1525 1581; x_wconf 87' lang='grc' dir='ltr'>ἀσέϐεια·</span> <span class='ocrx_word' id='word_1_116' title='bbox 1564 1520 1746 1590; x_wconf 86' lang='grc' dir='ltr'>ἐκείνη</span> <span class='ocrx_word' id='word_1_117' title='bbox 1769 1519 1887 1612; x_wconf 39' lang='grc' dir='ltr'>μὲν.</span> <span class='ocrx_word' id='word_1_118' title='bbox 1916 1523 2024 1587; x_wconf 78' lang='grc' dir='ltr'>γὰρ</span> 
     </span>
    </p>
   </div>
   <div class='ocr_carea' id='block_1_16' title="bbox 343 1606 2025 1701">
    <p class='ocr_par' dir='ltr' id='par_1_16' title="bbox 343 1606 2025 1701">
     <span class='ocr_line' id='line_1_16' title="bbox 343 1606 2025 1701; baseline -0.016 -18"><span class='ocrx_word' id='word_1_119' title='bbox 343 1606 457 1701; x_wconf 59' lang='grc' dir='ltr'>ἔχει</span> <span class='ocrx_word' id='word_1_120' title='bbox 494 1606 828 1696; x_wconf 76' lang='grc' dir='ltr'>συγγνώμην</span> <span class='ocrx_word' id='word_1_121' title='bbox 865 1623 899 1694; x_wconf 83' lang='grc' dir='ltr'>ἠ</span> <span class='ocrx_word' id='word_1_122' title='bbox 934 1618 1121 1691; x_wconf 88' lang='grc' dir='ltr'>μανία,</span> <span class='ocrx_word' id='word_1_123' title='bbox 1153 1615 1293 1685; x_wconf 82' lang='grc' dir='ltr'>αῦτη</span> <span class='ocrx_word' id='word_1_124' title='bbox 1340 1613 1397 1667; x_wconf 83' lang='grc' dir='ltr'>δὲ</span> <span class='ocrx_word' id='word_1_125' title='bbox 1433 1613 1615 1682; x_wconf 84' lang='grc' dir='ltr'>πάσης</span> <span class='ocrx_word' id='word_1_126' title='bbox 1659 1606 1957 1701; x_wconf 73' lang='grc' dir='ltr'>ἀπολογίας</span> <span class='ocrx_word' id='word_1_127' title='bbox 1991 1607 2025 1677; x_wconf 81' lang='grc' dir='ltr'>ἡ</span> 
     </span>
    </p>
   </div>
   <div class='ocr_carea' id='block_1_17' title="bbox 347 1697 2027 1786">
    <p class='ocr_par' dir='ltr' id='par_1_17' title="bbox 347 1697 2027 1786">
     <span class='ocr_line' id='line_1_17' title="bbox 347 1697 2027 1786; baseline -0.017 -12"><span class='ocrx_word' id='word_1_128' title='bbox 347 1697 503 1783; x_wconf 81' lang='grc' dir='ltr'>νόσος</span> <span class='ocrx_word' id='word_1_129' title='bbox 545 1715 877 1786; x_wconf 53' lang='grc' dir='ltr'>ἐστέρηται.</span> <span class='ocrx_word' id='word_1_130' title='bbox 906 1707 1046 1761; x_wconf 84' lang='grc' dir='ltr'>Ἀλλ’</span> <span class='ocrx_word' id='word_1_131' title='bbox 1081 1704 1271 1775; x_wconf 84' lang='grc' dir='ltr'>ἐπειδὴ</span> <span class='ocrx_word' id='word_1_132' title='bbox 1311 1703 1412 1773; x_wconf 82' lang='grc' dir='ltr'>τῆς</span> <span class='ocrx_word' id='word_1_133' title='bbox 1449 1701 1591 1772; x_wconf 83' lang='grc' dir='ltr'>ὑπὲρ</span> <span class='ocrx_word' id='word_1_134' title='bbox 1627 1697 1736 1751; x_wconf 88' lang='grc' dir='ltr'>τῶν</span> <span class='ocrx_word' id='word_1_135' title='bbox 1771 1698 2027 1786; x_wconf 84' lang='grc' dir='ltr'>ἐνεργου-</span> 
     </span>
    </p>
   </div>
   <div class='ocr_carea' id='block_1_18' title="bbox 351 1784 2027 1882">
    <p class='ocr_par' dir='ltr' id='par_1_18' title="bbox 351 1784 2027 1882">
     <span class='ocr_line' id='line_1_18' title="bbox 351 1784 2027 1882; baseline -0.016 -19"><span class='ocrx_word' id='word_1_136' title='bbox 351 1810 531 1882; x_wconf 87' lang='grc' dir='ltr'>μένων</span> <span class='ocrx_word' id='word_1_137' title='bbox 563 1784 847 1876; x_wconf 90' lang='grc' dir='ltr'>ἐμνήσθην</span> <span class='ocrx_word' id='word_1_138' title='bbox 868 1784 1061 1869; x_wconf 77' lang='grc' dir='ltr'>ἐύχῆς,</span> <span class='ocrx_word' id='word_1_139' title='bbox 1087 1786 1350 1866; x_wconf 80' lang='grc' dir='ltr'>βούλομαί</span> <span class='ocrx_word' id='word_1_140' title='bbox 1381 1808 1434 1844; x_wconf 91' lang='grc' dir='ltr'>τι</span> <span class='ocrx_word' id='word_1_141' title='bbox 1460 1789 1596 1882; x_wconf 83' lang='grc' dir='ltr'>πρὸς</span> <span class='ocrx_word' id='word_1_142' title='bbox 1625 1786 1724 1858; x_wconf 84' lang='grc' dir='ltr'>τὴν</span> <span class='ocrx_word' id='word_1_143' title='bbox 1753 1785 2027 1857; x_wconf 79' lang='grc' dir='ltr'>ὑμετέραν</span> 
     </span>
    </p>
   </div>
   <div class='ocr_carea' id='block_1_19' title="bbox 346 1877 2029 1969">
    <p class='ocr_par' dir='ltr' id='par_1_19' title="bbox 346 1877 2029 1969">
     <span class='ocr_line' id='line_1_19' title="bbox 346 1877 2029 1969; baseline -0.016 -14"><span class='ocrx_word' id='word_1_144' title='bbox 346 1877 697 1969; x_wconf 80' lang='grc' dir='ltr'>διαλεχθῆναι</span> <span class='ocrx_word' id='word_1_145' title='bbox 732 1892 976 1963; x_wconf 87' lang='grc' dir='ltr'>ἀγάπην.</span> <span class='ocrx_word' id='word_1_146' title='bbox 1006 1888 1102 1942; x_wconf 72' lang='grc' dir='ltr'>καὶ</span> <span class='ocrx_word' id='word_1_147' title='bbox 1132 1886 1346 1956; x_wconf 87' lang='grc' dir='ltr'>νόσημα</span> <span class='ocrx_word' id='word_1_148' title='bbox 1373 1880 1525 1955; x_wconf 73' lang='grc' dir='ltr'>[ὶϐθ]</span> <span class='ocrx_word' id='word_1_149' title='bbox 1551 1880 1650 1969; x_wconf 75' lang='grc' dir='ltr'>τῆς</span> <span class='ocrx_word' id='word_1_150' title='bbox 1699 1877 2029 1969; x_wconf 64' lang='grc' dir='ltr'>’βκκλησίας</span> 
     </span>
    </p>
   </div>
   <div class='ocr_carea' id='block_1_20' title="bbox 349 1965 2030 2056">
    <p class='ocr_par' dir='ltr' id='par_1_20' title="bbox 349 1965 2030 2056">
     <span class='ocr_line' id='line_1_20' title="bbox 349 1965 2030 2056; baseline -0.015 -13"><span class='ocrx_word' id='word_1_151' title='bbox 349 1965 878 2056; x_wconf 27' lang='grc' dir='ltr'>ἐκκύιξξαινχαλεπόν.</span> <span class='ocrx_word' id='word_1_152' title='bbox 922 1977 1034 2032; x_wconf 76' lang='grc' dir='ltr'>Καὶ</span> <span class='ocrx_word' id='word_1_153' title='bbox 1063 1976 1173 2047; x_wconf 86' lang='grc' dir='ltr'>γὰρ</span> <span class='ocrx_word' id='word_1_154' title='bbox 1198 1974 1401 2028; x_wconf 85' lang='grc' dir='ltr'>ἄτοπον</span> <span class='ocrx_word' id='word_1_155' title='bbox 1436 1972 1501 2025; x_wconf 86' lang='grc' dir='ltr'>ἂν</span> <span class='ocrx_word' id='word_1_156' title='bbox 1537 1968 1624 2041; x_wconf 80' lang='grc' dir='ltr'>εἴη</span> <span class='ocrx_word' id='word_1_157' title='bbox 1658 1967 1789 2030; x_wconf 79' lang='grc' dir='ltr'>τούς</span> <span class='ocrx_word' id='word_1_158' title='bbox 1829 1965 2030 2029; x_wconf 78' lang='grc' dir='ltr'>ἔξωθεν</span> 
     </span>
    </p>
   </div>
   <div class='ocr_carea' id='block_1_21' title="bbox 353 2054 2031 2148">
    <p class='ocr_par' dir='ltr' id='par_1_21' title="bbox 353 2054 2031 2148">
     <span class='ocr_line' id='line_1_21' title="bbox 353 2054 2031 2148; baseline -0.014 -19"><span class='ocrx_word' id='word_1_159' title='bbox 353 2054 507 2148; x_wconf 14' lang='grc' dir='ltr'>μετάή</span> <span class='ocrx_word' id='word_1_160' title='bbox 547 2054 822 2139; x_wconf 77' lang='grc' dir='ltr'>τοσαύτης</span> <span class='ocrx_word' id='word_1_161' title='bbox 876 2064 1227 2138; x_wconf 75' lang='grc' dir='ltr'>ἰατρεύοντας</span> <span class='ocrx_word' id='word_1_162' title='bbox 1279 2058 1597 2131; x_wconf 74' lang='grc' dir='ltr'>ἐπιμελείας</span> <span class='ocrx_word' id='word_1_163' title='bbox 1647 2057 1758 2110; x_wconf 89' lang='grc' dir='ltr'>τῶν</span> <span class='ocrx_word' id='word_1_164' title='bbox 1807 2054 2031 2108; x_wconf 78' lang='grc' dir='ltr'>οἰκείων</span> 
     </span>
    </p>
   </div>
   <div class='ocr_carea' id='block_1_22' title="bbox 351 2137 2032 2227">
    <p class='ocr_par' dir='ltr' id='par_1_22' title="bbox 351 2137 2032 2227">
     <span class='ocr_line' id='line_1_22' title="bbox 351 2137 2032 2227; baseline -0.012 -15"><span class='ocrx_word' id='word_1_165' title='bbox 351 2137 716 2227; x_wconf 74' lang='grc' dir='ltr'>καταφρονεῖν</span> <span class='ocrx_word' id='word_1_166' title='bbox 760 2137 974 2223; x_wconf 78' lang='grc' dir='ltr'>μελῶν.</span> <span class='ocrx_word' id='word_1_167' title='bbox 1011 2147 1079 2202; x_wconf 92' lang='grc' dir='ltr'>Τί</span> <span class='ocrx_word' id='word_1_168' title='bbox 1127 2147 1247 2200; x_wconf 90' lang='grc' dir='ltr'>ποτ’</span> <span class='ocrx_word' id='word_1_169' title='bbox 1278 2139 1370 2198; x_wconf 84' lang='grc' dir='ltr'>οῦν</span> <span class='ocrx_word' id='word_1_170' title='bbox 1406 2145 1525 2196; x_wconf 89' lang='grc' dir='ltr'>ἐστι</span> <span class='ocrx_word' id='word_1_171' title='bbox 1561 2141 1625 2195; x_wconf 91' lang='grc' dir='ltr'>τὸ</span> <span class='ocrx_word' id='word_1_172' title='bbox 1674 2139 1929 2210; x_wconf 89' lang='grc' dir='ltr'>νόσημα;</span> <span class='ocrx_word' id='word_1_173' title='bbox 1959 2137 2032 2191; x_wconf 87' lang='grc' dir='ltr'>Τὸ</span> 
     </span>
    </p>
   </div>
   <div class='ocr_carea' id='block_1_23' title="bbox 351 2224 2034 2316">
    <p class='ocr_par' dir='ltr' id='par_1_23' title="bbox 351 2224 2034 2316">
     <span class='ocr_line' id='line_1_23' title="bbox 351 2224 2034 2316; baseline -0.014 -17"><span class='ocrx_word' id='word_1_174' title='bbox 351 2224 556 2316; x_wconf 79' lang='grc' dir='ltr'>πλῆθος</span> <span class='ocrx_word' id='word_1_175' title='bbox 586 2242 747 2296; x_wconf 84' lang='grc' dir='ltr'>τοῦτο</span> <span class='ocrx_word' id='word_1_176' title='bbox 779 2239 840 2293; x_wconf 83' lang='grc' dir='ltr'>τὸ</span> <span class='ocrx_word' id='word_1_177' title='bbox 877 2238 1107 2307; x_wconf 85' lang='grc' dir='ltr'>ἄφατον,</span> <span class='ocrx_word' id='word_1_178' title='bbox 1138 2232 1199 2287; x_wconf 92' lang='grc' dir='ltr'>τὸ</span> <span class='ocrx_word' id='word_1_179' title='bbox 1229 2227 1740 2302; x_wconf 84' lang='grc' dir='ltr'>συγκεκροτημένον</span> <span class='ocrx_word' id='word_1_180' title='bbox 1778 2225 1896 2290; x_wconf 89' lang='grc' dir='ltr'>νῦν,</span> <span class='ocrx_word' id='word_1_181' title='bbox 1939 2224 2034 2278; x_wconf 77' lang='grc' dir='ltr'>καὶ</span> 
     </span>
    </p>
   </div>
   <div class='ocr_carea' id='block_1_24' title="bbox 356 2310 2035 2402">
    <p class='ocr_par' dir='ltr' id='par_1_24' title="bbox 356 2310 2035 2402">
     <span class='ocr_line' id='line_1_24' title="bbox 356 2310 2035 2402; baseline -0.015 -17"><span class='ocrx_word' id='word_1_182' title='bbox 356 2329 494 2402; x_wconf 87' lang='grc' dir='ltr'>μετά</span> <span class='ocrx_word' id='word_1_183' title='bbox 519 2327 791 2397; x_wconf 81' lang='grc' dir='ltr'>τοσαύτης</span> <span class='ocrx_word' id='word_1_184' title='bbox 818 2320 1108 2394; x_wconf 87' lang='grc' dir='ltr'>ἀκριϐείας</span> <span class='ocrx_word' id='word_1_185' title='bbox 1140 2317 1408 2391; x_wconf 87' lang='grc' dir='ltr'>προσέχον</span> <span class='ocrx_word' id='word_1_186' title='bbox 1437 2310 1912 2382; x_wconf 87' lang='grc' dir='ltr'>τοῖς,λεγομένοις,</span> <span class='ocrx_word' id='word_1_187' title='bbox 1932 2326 2035 2362; x_wconf 78' lang='grc' dir='ltr'>κα-</span> 
     </span>
    </p>
   </div>
   <div class='ocr_carea' id='block_1_25' title="bbox 352 2397 2036 2490">
    <p class='ocr_par' dir='ltr' id='par_1_25' title="bbox 352 2397 2036 2490">
     <span class='ocr_line' id='line_1_25' title="bbox 352 2397 2036 2490; baseline -0.015 -17"><span class='ocrx_word' id='word_1_188' title='bbox 352 2397 424 2473; x_wconf 75' lang='grc' dir='ltr'>τὰ</span> <span class='ocrx_word' id='word_1_189' title='bbox 451 2419 550 2490; x_wconf 84' lang='grc' dir='ltr'>τὴν</span> <span class='ocrx_word' id='word_1_190' title='bbox 586 2412 1033 2488; x_wconf 84' lang='grc' dir='ltr'>φρικωδεστάτην</span> <span class='ocrx_word' id='word_1_191' title='bbox 1068 2408 1217 2480; x_wconf 76' lang='grc' dir='ltr'>ὥραν</span> <span class='ocrx_word' id='word_1_192' title='bbox 1271 2405 1485 2474; x_wconf 91' lang='grc' dir='ltr'>ἐκείνην</span> <span class='ocrx_word' id='word_1_193' title='bbox 1530 2400 1793 2462; x_wconf 84' lang='grc' dir='ltr'>πολλάκις</span> <span class='ocrx_word' id='word_1_194' title='bbox 1840 2397 2036 2467; x_wconf 79' lang='grc' dir='ltr'>ἐπιζη-</span> 
     </span>
    </p>
   </div>
   <div class='ocr_carea' id='block_1_26' title="bbox 353 2484 2036 2580">
    <p class='ocr_par' dir='ltr' id='par_1_26' title="bbox 353 2484 2036 2580">
     <span class='ocr_line' id='line_1_26' title="bbox 353 2484 2036 2580; baseline -0.014 -19"><span class='ocrx_word' id='word_1_195' title='bbox 353 2484 526 2580; x_wconf 76' lang='grc' dir='ltr'>τήσας</span> <span class='ocrx_word' id='word_1_196' title='bbox 556 2484 686 2559; x_wconf 83' lang='grc' dir='ltr'>ἰδεῖν</span> <span class='ocrx_word' id='word_1_197' title='bbox 712 2504 813 2555; x_wconf 92' lang='grc' dir='ltr'>οὐκ</span> <span class='ocrx_word' id='word_1_198' title='bbox 835 2498 1130 2570; x_wconf 77' lang='grc' dir='ltr'>ἠδυνήθην,</span> <span class='ocrx_word' id='word_1_199' title='bbox 1162 2494 1255 2548; x_wconf 74' lang='grc' dir='ltr'>καὶ</span> <span class='ocrx_word' id='word_1_200' title='bbox 1283 2492 1490 2564; x_wconf 87' lang='grc' dir='ltr'>σφόδρα</span> <span class='ocrx_word' id='word_1_201' title='bbox 1524 2487 1809 2555; x_wconf 78' lang='grc' dir='ltr'>ἐστέναξα,</span> <span class='ocrx_word' id='word_1_202' title='bbox 1832 2487 1915 2541; x_wconf 82' lang='grc' dir='ltr'>ὅτι</span> <span class='ocrx_word' id='word_1_203' title='bbox 1941 2484 2036 2538; x_wconf 87' lang='grc' dir='ltr'>τοῦ</span> 
     </span>
    </p>
   </div>
   <div class='ocr_carea' id='block_1_27' title="bbox 359 2576 2039 2667">
    <p class='ocr_par' dir='ltr' id='par_1_27' title="bbox 359 2576 2039 2667">
     <span class='ocr_line' id='line_1_27' title="bbox 359 2576 2039 2667; baseline -0.015 -16"><span class='ocrx_word' id='word_1_204' title='bbox 359 2576 460 2667; x_wconf 73' lang='grc' dir='ltr'>μέν</span> <span class='ocrx_word' id='word_1_205' title='bbox 509 2591 793 2648; x_wconf 84' lang='grc' dir='ltr'>συνδούλου</span> <span class='ocrx_word' id='word_1_206' title='bbox 813 2584 1199 2656; x_wconf 85' lang='grc' dir='ltr'>διαλεγομένου</span> <span class='ocrx_word' id='word_1_207' title='bbox 1236 2580 1407 2650; x_wconf 81' lang='grc' dir='ltr'>πολλὴ</span> <span class='ocrx_word' id='word_1_208' title='bbox 1456 2580 1489 2649; x_wconf 83' lang='grc' dir='ltr'>ἡ</span> <span class='ocrx_word' id='word_1_209' title='bbox 1537 2576 1762 2649; x_wconf 85' lang='grc' dir='ltr'>σπουδὴ,</span> <span class='ocrx_word' id='word_1_210' title='bbox 1793 2578 2039 2630; x_wconf 80' lang='grc' dir='ltr'>ἐπιτεταο</span> 
     </span>
    </p>
   </div>
   <div class='ocr_carea' id='block_1_28' title="bbox 364 2663 2039 2757">
    <p class='ocr_par' dir='ltr' id='par_1_28' title="bbox 364 2663 2039 2757">
     <span class='ocr_line' id='line_1_28' title="bbox 364 2663 2039 2757; baseline -0.016 -18"><span class='ocrx_word' id='word_1_211' title='bbox 364 2663 502 2757; x_wconf 80' lang='grc' dir='ltr'>μένη</span> <span class='ocrx_word' id='word_1_212' title='bbox 537 2684 571 2753; x_wconf 76' lang='grc' dir='ltr'><strong>ἡ</strong></span> <span class='ocrx_word' id='word_1_213' title='bbox 599 2676 877 2752; x_wconf 74' lang='grc' dir='ltr'>προθυμία</span> <span class='ocrx_word' id='word_1_214' title='bbox 905 2672 1015 2727; x_wconf 86' lang='grc' dir='ltr'>τῶν</span> <span class='ocrx_word' id='word_1_215' title='bbox 1046 2668 1433 2724; x_wconf 84' lang='grc' dir='ltr'>συνωθούντων</span> <span class='ocrx_word' id='word_1_216' title='bbox 1460 2666 1726 2738; x_wconf 78' lang='grc' dir='ltr'>ἀλλήλους</span> <span class='ocrx_word' id='word_1_217' title='bbox 1754 2664 1849 2718; x_wconf 76' lang='grc' dir='ltr'>καὶ</span> <span class='ocrx_word' id='word_1_218' title='bbox 1875 2663 2039 2736; x_wconf 90' lang='grc' dir='ltr'>μέχρι</span> 
     </span>
    </p>
   </div>
   <div class='ocr_carea' id='block_1_29' title="bbox 358 2749 2042 2836">
    <p class='ocr_par' dir='ltr' id='par_1_29' title="bbox 358 2749 2042 2836">
     <span class='ocr_line' id='line_1_29' title="bbox 358 2749 2042 2836; baseline -0.014 -12"><span class='ocrx_word' id='word_1_219' title='bbox 358 2749 1034 2836; x_wconf 70' lang='grc' dir='ltr'>τέλουςπαραμενόντων,</span> <span class='ocrx_word' id='word_1_220' title='bbox 1066 2757 1161 2812; x_wconf 91' lang='grc' dir='ltr'>τοῦ</span> <span class='ocrx_word' id='word_1_221' title='bbox 1195 2756 1253 2810; x_wconf 83' lang='grc' dir='ltr'>δὲ</span> <span class='ocrx_word' id='word_1_222' title='bbox 1288 2752 1529 2827; x_wconf 79' lang='grc' dir='ltr'>Χριστοῦ</span> <span class='ocrx_word' id='word_1_223' title='bbox 1575 2750 1865 2823; x_wconf 85' lang='grc' dir='ltr'>φαίνεσθαι</span> <span class='ocrx_word' id='word_1_224' title='bbox 1896 2749 2042 2821; x_wconf 92' lang='grc' dir='ltr'>μέλ-</span> 
     </span>
    </p>
   </div>
   <div class='ocr_carea' id='block_1_30' title="bbox 358 2836 2040 2920">
    <p class='ocr_par' dir='ltr' id='par_1_30' title="bbox 358 2836 2040 2920">
     <span class='ocr_line' id='line_1_30' title="bbox 358 2836 2040 2920; baseline -0.014 -8"><span class='ocrx_word' id='word_1_225' title='bbox 358 2859 542 2920; x_wconf 91' lang='grc' dir='ltr'>λοντος</span> <span class='ocrx_word' id='word_1_226' title='bbox 575 2853 668 2907; x_wconf 79' lang='grc' dir='ltr'>ἐπὶ</span> <span class='ocrx_word' id='word_1_227' title='bbox 704 2850 816 2904; x_wconf 88' lang='grc' dir='ltr'>τῶν</span> <span class='ocrx_word' id='word_1_228' title='bbox 848 2847 1009 2918; x_wconf 85' lang='grc' dir='ltr'>ἱερῶν</span> <span class='ocrx_word' id='word_1_229' title='bbox 1059 2843 1397 2915; x_wconf 80' lang='grc' dir='ltr'>μυστηρίων,</span> <span class='ocrx_word' id='word_1_230' title='bbox 1433 2839 1564 2912; x_wconf 86' lang='grc' dir='ltr'>κενὴ</span> <span class='ocrx_word' id='word_1_231' title='bbox 1615 2839 1713 2892; x_wconf 73' lang='grc' dir='ltr'>καὶ</span> <span class='ocrx_word' id='word_1_232' title='bbox 1760 2836 1966 2909; x_wconf 77' lang='grc' dir='ltr'>ἔρημος</span> <span class='ocrx_word' id='word_1_233' title='bbox 2005 2836 2040 2908; x_wconf 83' lang='grc' dir='ltr'>ή</span> 
     </span>
    </p>
   </div>
   <div class='ocr_carea' id='block_1_31' title="bbox 371 2924 2043 3015">
    <p class='ocr_par' dir='ltr' id='par_1_31' title="bbox 371 2924 2043 3015">
     <span class='ocr_line' id='line_1_31' title="bbox 371 2924 2043 3015; baseline -0.014 -15"><span class='ocrx_word' id='word_1_234' title='bbox 371 2940 671 3015; x_wconf 78' lang='grc' dir='ltr'>Ἐκκλησία</span> <span class='ocrx_word' id='word_1_235' title='bbox 684 2939 914 3009; x_wconf 84' lang='grc' dir='ltr'>γίνεται.</span> <span class='ocrx_word' id='word_1_236' title='bbox 930 2934 1040 2990; x_wconf 68' lang='grc' dir='ltr'>Καὶ</span> <span class='ocrx_word' id='word_1_237' title='bbox 1057 2931 1160 2985; x_wconf 90' lang='grc' dir='ltr'>ποῦ</span> <span class='ocrx_word' id='word_1_238' title='bbox 1178 2930 1350 2984; x_wconf 90' lang='grc' dir='ltr'>ταῦτα</span> <span class='ocrx_word' id='word_1_239' title='bbox 1368 2928 1698 2999; x_wconf 86' lang='grc' dir='ltr'>συγγνώμης</span> <span class='ocrx_word' id='word_1_240' title='bbox 1715 2924 1868 2991; x_wconf 74' lang='grc' dir='ltr'>ἀξιας</span> <span class='ocrx_word' id='word_1_241' title='bbox 1911 2924 2043 2978; x_wconf 86' lang='grc' dir='ltr'>Ἀπὸ</span> 
     </span>
    </p>
   </div>
   <div class='ocr_carea' id='block_1_32' title="bbox 360 3014 2040 3105">
    <p class='ocr_par' dir='ltr' id='par_1_32' title="bbox 360 3014 2040 3105">
     <span class='ocr_line' id='line_1_32' title="bbox 360 3014 2040 3105; baseline -0.014 -16"><span class='ocrx_word' id='word_1_242' title='bbox 360 3034 463 3105; x_wconf 79' lang='grc' dir='ltr'>τῆς</span> <span class='ocrx_word' id='word_1_243' title='bbox 508 3029 785 3104; x_wconf 69' lang='grc' dir='ltr'>ῥᾳθυμίας</span> <span class='ocrx_word' id='word_1_244' title='bbox 823 3023 1031 3094; x_wconf 86' lang='grc' dir='ltr'>ταύτης</span> <span class='ocrx_word' id='word_1_245' title='bbox 1071 3022 1167 3075; x_wconf 73' lang='grc' dir='ltr'>καί</span> <span class='ocrx_word' id='word_1_246' title='bbox 1208 3020 1336 3084; x_wconf 79' lang='grc' dir='ltr'>τοὺς</span> <span class='ocrx_word' id='word_1_247' title='bbox 1376 3017 1630 3080; x_wconf 76' lang='grc' dir='ltr'>ἐπαίνους</span> <span class='ocrx_word' id='word_1_248' title='bbox 1676 3016 1802 3079; x_wconf 82' lang='grc' dir='ltr'>τούς</span> <span class='ocrx_word' id='word_1_249' title='bbox 1836 3014 1931 3068; x_wconf 71' lang='grc' dir='ltr'>ἐπὶ</span> <span class='ocrx_word' id='word_1_250' title='bbox 1973 3014 2040 3084; x_wconf 74' lang='grc' dir='ltr'>τῇ</span> 
     </span>
    </p>
   </div>
   <div class='ocr_carea' id='block_1_33' title="bbox 362 3100 2044 3190">
    <p class='ocr_par' dir='ltr' id='par_1_33' title="bbox 362 3100 2044 3190">
     <span class='ocr_line' id='line_1_33' title="bbox 362 3100 2044 3190; baseline -0.014 -14"><span class='ocrx_word' id='word_1_251' title='bbox 362 3100 637 3190; x_wconf 28' lang='grc' dir='ltr'>κατὰ*</span> <span class='ocrx_word' id='word_1_252' title='bbox 668 3116 933 3187; x_wconf 85' lang='grc' dir='ltr'>ἀκρόασιν</span> <span class='ocrx_word' id='word_1_253' title='bbox 980 3108 1182 3180; x_wconf 76' lang='grc' dir='ltr'>σπουδῇ</span> <span class='ocrx_word' id='word_1_254' title='bbox 1228 3109 1437 3170; x_wconf 86' lang='grc' dir='ltr'>πάντας</span> <span class='ocrx_word' id='word_1_255' title='bbox 1476 3103 1765 3159; x_wconf 81' lang='grc' dir='ltr'>ἀπόλλυτε.</span> <span class='ocrx_word' id='word_1_256' title='bbox 1798 3100 1893 3166; x_wconf 88' lang='grc' dir='ltr'>Τίς</span> <span class='ocrx_word' id='word_1_257' title='bbox 1932 3100 2044 3172; x_wconf 86' lang='grc' dir='ltr'>γὰρ</span> 
     </span>
    </p>
   </div>
   <div class='ocr_carea' id='block_1_34' title="bbox 363 3190 2045 3282">
    <p class='ocr_par' dir='ltr' id='par_1_34' title="bbox 363 3190 2045 3282">
     <span class='ocr_line' id='line_1_34' title="bbox 363 3190 2045 3282; baseline -0.012 -18"><span class='ocrx_word' id='word_1_258' title='bbox 363 3209 518 3282; x_wconf 87' lang='grc' dir='ltr'>ὑμῶν</span> <span class='ocrx_word' id='word_1_259' title='bbox 553 3208 614 3260; x_wconf 84' lang='grc' dir='ltr'>οὐ</span> <span class='ocrx_word' id='word_1_260' title='bbox 650 3201 1068 3272; x_wconf 83' lang='grc' dir='ltr'>καταγνώσεται</span> <span class='ocrx_word' id='word_1_261' title='bbox 1095 3200 1190 3253; x_wconf 69' lang='grc' dir='ltr'>καὶ</span> <span class='ocrx_word' id='word_1_262' title='bbox 1218 3195 1399 3269; x_wconf 80' lang='grc' dir='ltr'>ήμῶν,</span> <span class='ocrx_word' id='word_1_263' title='bbox 1426 3197 1554 3249; x_wconf 83' lang='grc' dir='ltr'>ὅταν</span> <span class='ocrx_word' id='word_1_264' title='bbox 1587 3193 1671 3267; x_wconf 76' lang='grc' dir='ltr'>ἴδῃ</span> <span class='ocrx_word' id='word_1_265' title='bbox 1701 3192 1794 3246; x_wconf 88' lang='grc' dir='ltr'>τὸν</span> <span class='ocrx_word' id='word_1_266' title='bbox 1831 3190 2045 3263; x_wconf 89' lang='grc' dir='ltr'>καρπὸν</span> 
     </span>
    </p>
   </div>
   <div class='ocr_carea' id='block_1_35' title="bbox 363 3277 2046 3373">
    <p class='ocr_par' dir='ltr' id='par_1_35' title="bbox 363 3277 2046 3373">
     <span class='ocr_line' id='line_1_35' title="bbox 363 3277 2046 3373; baseline -0.01 -25"><span class='ocrx_word' id='word_1_267' title='bbox 363 3277 467 3373; x_wconf 45' lang='lat' dir='ltr'>ei»;</span> <span class='ocrx_word' id='word_1_268' title='bbox 507 3294 826 3369; x_wconf 82' lang='grc' dir='ltr'>ἀκροάσεως</span> <span class='ocrx_word' id='word_1_269' title='bbox 854 3289 1058 3353; x_wconf 84' lang='grc' dir='ltr'>εὐθέως</span> <span class='ocrx_word' id='word_1_270' title='bbox 1093 3288 1223 3358; x_wconf 89' lang='grc' dir='ltr'>ὑμῖν</span> <span class='ocrx_word' id='word_1_271' title='bbox 1251 3284 1614 3356; x_wconf 74' lang='grc' dir='ltr'>διαρρυέντα;</span> <span class='ocrx_word' id='word_1_272' title='bbox 1656 3283 1719 3336; x_wconf 87' lang='grc' dir='ltr'>Εἰ</span> <span class='ocrx_word' id='word_1_273' title='bbox 1748 3280 1860 3352; x_wconf 75' lang='grc' dir='ltr'>γάρ</span> <span class='ocrx_word' id='word_1_274' title='bbox 1903 3277 2046 3351; x_wconf 79' lang='grc' dir='ltr'>μετὰ</span> 
     </span>
    </p>
   </div>
   <div class='ocr_carea' id='block_1_36' title="bbox 366 3369 2046 3462">
    <p class='ocr_par' dir='ltr' id='par_1_36' title="bbox 366 3369 2046 3462">
     <span class='ocr_line' id='line_1_36' title="bbox 366 3369 2046 3462; baseline -0.014 -17"><span class='ocrx_word' id='word_1_275' title='bbox 366 3369 653 3462; x_wconf 79' lang='grc' dir='ltr'>ἀκριϐείας</span> <span class='ocrx_word' id='word_1_276' title='bbox 684 3380 1007 3455; x_wconf 82' lang='grc' dir='ltr'>προσείχετε</span> <span class='ocrx_word' id='word_1_277' title='bbox 1051 3379 1165 3439; x_wconf 90' lang='grc' dir='ltr'>τοῖς</span> <span class='ocrx_word' id='word_1_278' title='bbox 1206 3374 1546 3462; x_wconf 81' lang='grc' dir='ltr'>λεγομένοις,</span> <span class='ocrx_word' id='word_1_279' title='bbox 1578 3371 1667 3425; x_wconf 81' lang='grc' dir='ltr'>διά</span> <span class='ocrx_word' id='word_1_280' title='bbox 1710 3370 1818 3424; x_wconf 89' lang='grc' dir='ltr'>τῶν</span> <span class='ocrx_word' id='word_1_281' title='bbox 1866 3369 2046 3441; x_wconf 76' lang='grc' dir='ltr'>ἔργων</span> 
     </span>
    </p>
   </div>
   <div class='ocr_carea' id='block_1_37' title="bbox 370 3456 2046 3538">
    <p class='ocr_par' dir='ltr' id='par_1_37' title="bbox 370 3456 2046 3538">
     <span class='ocr_line' id='line_1_37' title="bbox 370 3456 2046 3538; baseline -0.016 -4"><span class='ocrx_word' id='word_1_282' title='bbox 370 3456 826 3538; x_wconf 64' lang='grc' dir='ltr'>ὃνέπεδείξασθε</span> <span class='ocrx_word' id='word_1_283' title='bbox 864 3466 964 3538; x_wconf 82' lang='grc' dir='ltr'>τὴν</span> <span class='ocrx_word' id='word_1_284' title='bbox 998 3463 1271 3534; x_wconf 85' lang='grc' dir='ltr'>σπουδήν·</span> <span class='ocrx_word' id='word_1_285' title='bbox 1312 3462 1374 3514; x_wconf 84' lang='grc' dir='ltr'>τὸ</span> <span class='ocrx_word' id='word_1_286' title='bbox 1411 3460 1466 3513; x_wconf 84' lang='grc' dir='ltr'>δὲ</span> <span class='ocrx_word' id='word_1_287' title='bbox 1498 3458 1704 3522; x_wconf 87' lang='grc' dir='ltr'>εὐθέως</span> <span class='ocrx_word' id='word_1_288' title='bbox 1746 3456 2046 3520; x_wconf 80' lang='grc' dir='ltr'>ἀκούοντας</span> 
     </span>
    </p>
   </div>
   <div class='ocr_carea' id='block_1_38' title="bbox 370 3544 2046 3635">
    <p class='ocr_par' dir='ltr' id='par_1_38' title="bbox 370 3544 2046 3635">
     <span class='ocr_line' id='line_1_38' title="bbox 370 3544 2046 3635; baseline -0.014 -15"><span class='ocrx_word' id='word_1_289' title='bbox 370 3563 659 3635; x_wconf 80' lang='grc' dir='ltr'>ἁποπηδᾷν</span> <span class='ocrx_word' id='word_1_290' title='bbox 684 3557 911 3630; x_wconf 84' lang='grc' dir='ltr'>σημεῖόν</span> <span class='ocrx_word' id='word_1_291' title='bbox 940 3555 1057 3606; x_wconf 89' lang='grc' dir='ltr'>ἐστι</span> <span class='ocrx_word' id='word_1_292' title='bbox 1082 3550 1178 3605; x_wconf 89' lang='grc' dir='ltr'>τοῦ</span> <span class='ocrx_word' id='word_1_293' title='bbox 1205 3550 1371 3622; x_wconf 79' lang='grc' dir='ltr'>μηδὲν</span> <span class='ocrx_word' id='word_1_294' title='bbox 1395 3547 1652 3614; x_wconf 77' lang='grc' dir='ltr'>δέξασθαι</span> <span class='ocrx_word' id='word_1_295' title='bbox 1675 3546 1785 3601; x_wconf 89' lang='grc' dir='ltr'>τῶν</span> <span class='ocrx_word' id='word_1_296' title='bbox 1816 3544 2046 3617; x_wconf 83' lang='grc' dir='ltr'>εἰρημέ-</span> 
     </span>
    </p>
   </div>
   <div class='ocr_carea' id='block_1_39' title="bbox 372 3633 2047 3712">
    <p class='ocr_par' dir='ltr' id='par_1_39' title="bbox 372 3633 2047 3712">
     <span class='ocr_line' id='line_1_39' title="bbox 372 3633 2047 3712; baseline -0.012 -5"><span class='ocrx_word' id='word_1_297' title='bbox 372 3669 478 3707; x_wconf 90' lang='grc' dir='ltr'>νων</span> <span class='ocrx_word' id='word_1_298' title='bbox 506 3633 599 3705; x_wconf 77' lang='grc' dir='ltr'>καὶ</span> <span class='ocrx_word' id='word_1_299' title='bbox 632 3642 997 3701; x_wconf 86' lang='grc' dir='ltr'>ἐναποθέσθαι</span> <span class='ocrx_word' id='word_1_300' title='bbox 1031 3642 1099 3712; x_wconf 81' lang='grc' dir='ltr'>τῇ</span> <span class='ocrx_word' id='word_1_301' title='bbox 1125 3638 1354 3710; x_wconf 82' lang='grc' dir='ltr'>διανοίᾳ.</span> <span class='ocrx_word' id='word_1_302' title='bbox 1385 3637 1449 3689; x_wconf 89' lang='grc' dir='ltr'>Εἰ</span> <span class='ocrx_word' id='word_1_303' title='bbox 1484 3635 1593 3708; x_wconf 87' lang='grc' dir='ltr'>γάρ</span> <span class='ocrx_word' id='word_1_304' title='bbox 1629 3633 1950 3688; x_wconf 81' lang='grc' dir='ltr'>ἐναπέκειτο</span> <span class='ocrx_word' id='word_1_305' title='bbox 1979 3634 2047 3687; x_wconf 76' lang='grc' dir='ltr'>τά</span> 
     </span>
    </p>
   </div>
   <div class='ocr_carea' id='block_1_40' title="bbox 372 3719 2045 3811">
    <p class='ocr_par' dir='ltr' id='par_1_40' title="bbox 372 3719 2045 3811">
     <span class='ocr_line' id='line_1_40' title="bbox 372 3719 2045 3811; baseline -0.013 -17"><span class='ocrx_word' id='word_1_306' title='bbox 372 3739 640 3811; x_wconf 82' lang='grc' dir='ltr'>λεγόμενα</span> <span class='ocrx_word' id='word_1_307' title='bbox 668 3735 786 3797; x_wconf 90' lang='grc' dir='ltr'>ταῖς</span> <span class='ocrx_word' id='word_1_308' title='bbox 817 3730 1040 3803; x_wconf 72' lang='grc' dir='ltr'>ψυχαῖς,</span> <span class='ocrx_word' id='word_1_309' title='bbox 1076 3728 1294 3790; x_wconf 88' lang='grc' dir='ltr'>πάντως</span> <span class='ocrx_word' id='word_1_310' title='bbox 1326 3723 1391 3778; x_wconf 83' lang='grc' dir='ltr'>ἂν</span> <span class='ocrx_word' id='word_1_311' title='bbox 1423 3724 1566 3795; x_wconf 84' lang='grc' dir='ltr'>ὑμᾶς</span> <span class='ocrx_word' id='word_1_312' title='bbox 1607 3721 1755 3775; x_wconf 74' lang='grc' dir='ltr'>ἔνδον</span> <span class='ocrx_word' id='word_1_313' title='bbox 1789 3719 2045 3790; x_wconf 81' lang='grc' dir='ltr'>κατέσχε,</span> 
     </span>
    </p>
   </div>
   <div class='ocr_carea' id='block_1_41' title="bbox 373 3807 2049 3898">
    <p class='ocr_par' dir='ltr' id='par_1_41' title="bbox 373 3807 2049 3898">
     <span class='ocr_line' id='line_1_41' title="bbox 373 3807 2049 3898; baseline -0.014 -15"><span class='ocrx_word' id='word_1_314' title='bbox 373 3807 470 3883; x_wconf 69' lang='grc' dir='ltr'>καί</span> <span class='ocrx_word' id='word_1_315' title='bbox 507 3807 649 3898; x_wconf 78' lang='grc' dir='ltr'>πρὸς</span> <span class='ocrx_word' id='word_1_316' title='bbox 697 3821 769 3875; x_wconf 86' lang='grc' dir='ltr'>τά</span> <span class='ocrx_word' id='word_1_317' title='bbox 813 3816 1235 3892; x_wconf 80' lang='grc' dir='ltr'>φρικωδέστατα</span> <span class='ocrx_word' id='word_1_318' title='bbox 1272 3811 1414 3885; x_wconf 84' lang='grc' dir='ltr'>μετά</span> <span class='ocrx_word' id='word_1_319' title='bbox 1444 3811 1690 3874; x_wconf 89' lang='grc' dir='ltr'>πλείονος</span> <span class='ocrx_word' id='word_1_320' title='bbox 1724 3807 2049 3872; x_wconf 84' lang='grc' dir='ltr'>εὐσεϐείας·</span> 
     </span>
    </p>
   </div>
   <div class='ocr_carea' id='block_1_42' title="bbox 374 3898 2048 3988">
    <p class='ocr_par' dir='ltr' id='par_1_42' title="bbox 374 3898 2048 3988">
     <span class='ocr_line' id='line_1_42' title="bbox 374 3898 2048 3988; baseline -0.013 -16"><span class='ocrx_word' id='word_1_321' title='bbox 374 3911 727 3988; x_wconf 77' lang='grc' dir='ltr'>παρέπεμψε.</span> <span class='ocrx_word' id='word_1_322' title='bbox 763 3907 878 3964; x_wconf 86' lang='grc' dir='ltr'>Νῦν</span> <span class='ocrx_word' id='word_1_323' title='bbox 923 3907 982 3961; x_wconf 83' lang='grc' dir='ltr'>δέ</span> <span class='ocrx_word' id='word_1_324' title='bbox 1026 3905 1217 3973; x_wconf 79' lang='grc' dir='ltr'>ὥσπερ</span> <span class='ocrx_word' id='word_1_325' title='bbox 1251 3898 1564 3973; x_wconf 73' lang='grc' dir='ltr'>κιθαρῳδοῦ</span> <span class='ocrx_word' id='word_1_326' title='bbox 1605 3915 1752 3962; x_wconf 89' lang='grc' dir='ltr'>τινος</span> <span class='ocrx_word' id='word_1_327' title='bbox 1776 3898 2048 3952; x_wconf 92' lang='grc' dir='ltr'>ἀκούσαν-</span> 
     </span>
    </p>
   </div>
   <div class='ocr_carea' id='block_1_43' title="bbox 373 3984 2047 4070">
    <p class='ocr_par' dir='ltr' id='par_1_43' title="bbox 373 3984 2047 4070">
     <span class='ocr_line' id='line_1_43' title="bbox 373 3984 2047 4070; baseline -0.014 -10"><span class='ocrx_word' id='word_1_328' title='bbox 373 3984 487 4070; x_wconf 74' lang='grc' dir='ltr'>τες,</span> <span class='ocrx_word' id='word_1_329' title='bbox 528 3984 702 4064; x_wconf 82' lang='grc' dir='ltr'>οὑτως</span> <span class='ocrx_word' id='word_1_330' title='bbox 739 3997 936 4070; x_wconf 76' lang='grc' dir='ltr'>ἔρημοι</span> <span class='ocrx_word' id='word_1_331' title='bbox 987 3993 1169 4063; x_wconf 83' lang='grc' dir='ltr'>πάσης</span> <span class='ocrx_word' id='word_1_332' title='bbox 1216 3988 1503 4060; x_wconf 82' lang='grc' dir='ltr'>ὠφελείας,</span> <span class='ocrx_word' id='word_1_333' title='bbox 1546 3986 1898 4057; x_wconf 83' lang='grc' dir='ltr'>παυσαμένου</span> <span class='ocrx_word' id='word_1_334' title='bbox 1950 3984 2047 4038; x_wconf 91' lang='grc' dir='ltr'>τοῦ</span> 
     </span>
    </p>
   </div>
   <div class='ocr_carea' id='block_1_44' title="bbox 374 4074 2049 4165">
    <p class='ocr_par' dir='ltr' id='par_1_44' title="bbox 374 4074 2049 4165">
     <span class='ocr_line' id='line_1_44' title="bbox 374 4074 2049 4165; baseline -0.013 -14"><span class='ocrx_word' id='word_1_335' title='bbox 374 4096 648 4165; x_wconf 88' lang='grc' dir='ltr'>λέγοντος,</span> <span class='ocrx_word' id='word_1_336' title='bbox 684 4086 1037 4158; x_wconf 84' lang='grc' dir='ltr'>ἀναχωρεῖτε.</span> <span class='ocrx_word' id='word_1_337' title='bbox 1083 4079 1246 4134; x_wconf 82' lang='grc' dir='ltr'>Ἀλλά</span> <span class='ocrx_word' id='word_1_338' title='bbox 1279 4079 1363 4143; x_wconf 90' lang='grc' dir='ltr'>τίς</span> <span class='ocrx_word' id='word_1_339' title='bbox 1396 4075 1640 4149; x_wconf 72' lang='grc' dir='ltr'>ἡψυχρά</span> <span class='ocrx_word' id='word_1_340' title='bbox 1690 4075 1798 4128; x_wconf 85' lang='grc' dir='ltr'>τῶν</span> <span class='ocrx_word' id='word_1_341' title='bbox 1840 4074 2049 4129; x_wconf 83' lang='grc' dir='ltr'>πολλῶν</span> 
     </span>
    </p>
   </div>
   <div class='ocr_carea' id='block_1_45' title="bbox 376 4164 2048 4253">
    <p class='ocr_par' dir='ltr' id='par_1_45' title="bbox 376 4164 2048 4253">
     <span class='ocr_line' id='line_1_45' title="bbox 376 4164 2048 4253; baseline -0.014 -11"><span class='ocrx_word' id='word_1_342' title='bbox 376 4164 673 4253; x_wconf 71' lang='grc' dir='ltr'>ἀπολογίας</span> <span class='ocrx_word' id='word_1_343' title='bbox 700 4175 997 4244; x_wconf 78' lang='grc' dir='ltr'>Εὐξασθαι,</span> <span class='ocrx_word' id='word_1_344' title='bbox 1027 4172 1181 4245; x_wconf 73' lang='grc' dir='ltr'>φησί,</span> <span class='ocrx_word' id='word_1_345' title='bbox 1214 4170 1310 4223; x_wconf 71' lang='grc' dir='ltr'>καὶ</span> <span class='ocrx_word' id='word_1_346' title='bbox 1342 4168 1439 4222; x_wconf 71' lang='grc' dir='ltr'>ἐπὶ</span> <span class='ocrx_word' id='word_1_347' title='bbox 1470 4167 1570 4239; x_wconf 82' lang='grc' dir='ltr'>τῆς</span> <span class='ocrx_word' id='word_1_348' title='bbox 1592 4166 1772 4231; x_wconf 79' lang='grc' dir='ltr'>οἰκίας</span> <span class='ocrx_word' id='word_1_349' title='bbox 1789 4164 2048 4237; x_wconf 81' lang='grc' dir='ltr'>δύναμαι,</span> 
     </span>
    </p>
   </div>
   <div class='ocr_carea' id='block_1_46' title="bbox 375 4255 2052 4349">
    <p class='ocr_par' dir='ltr' id='par_1_46' title="bbox 375 4255 2052 4349">
     <span class='ocr_line' id='line_1_46' title="bbox 375 4255 2052 4349; baseline -0.015 -16"><span class='ocrx_word' id='word_1_350' title='bbox 375 4275 592 4349; x_wconf 80' lang='grc' dir='ltr'>ὁμιλίας</span> <span class='ocrx_word' id='word_1_351' title='bbox 617 4268 678 4327; x_wconf 82' lang='grc' dir='ltr'>δὲ</span> <span class='ocrx_word' id='word_1_352' title='bbox 716 4266 947 4324; x_wconf 88' lang='grc' dir='ltr'>ἀκοῦσαι</span> <span class='ocrx_word' id='word_1_353' title='bbox 975 4263 1067 4318; x_wconf 71' lang='grc' dir='ltr'>καὶ</span> <span class='ocrx_word' id='word_1_354' title='bbox 1090 4259 1438 4323; x_wconf 87' lang='grc' dir='ltr'>διδασκαλίας</span> <span class='ocrx_word' id='word_1_355' title='bbox 1463 4257 1525 4311; x_wconf 87' lang='grc' dir='ltr'>οὐ</span> <span class='ocrx_word' id='word_1_356' title='bbox 1561 4255 1790 4310; x_wconf 89' lang='grc' dir='ltr'>δυνατὸν</span> <span class='ocrx_word' id='word_1_357' title='bbox 1820 4256 1915 4309; x_wconf 83' lang='grc' dir='ltr'>ἐπὶ</span> <span class='ocrx_word' id='word_1_358' title='bbox 1948 4255 2052 4325; x_wconf 85' lang='grc' dir='ltr'>τῆς</span> 
     </span>
    </p>
   </div>
   <div class='ocr_carea' id='block_1_47' title="bbox 375 4342 2051 4426">
    <p class='ocr_par' dir='ltr' id='par_1_47' title="bbox 375 4342 2051 4426">
     <span class='ocr_line' id='line_1_47' title="bbox 375 4342 2051 4426; baseline -0.015 -7"><span class='ocrx_word' id='word_1_359' title='bbox 375 4342 571 4425; x_wconf 78' lang='grc' dir='ltr'>οίκίας.</span> <span class='ocrx_word' id='word_1_360' title='bbox 615 4356 856 4426; x_wconf 78' lang='grc' dir='ltr'>Ἀπατᾷς</span> <span class='ocrx_word' id='word_1_361' title='bbox 899 4350 1118 4415; x_wconf 88' lang='grc' dir='ltr'>σαυτὸν,</span> <span class='ocrx_word' id='word_1_362' title='bbox 1162 4347 1448 4419; x_wconf 77' lang='grc' dir='ltr'>ἄνθρωπε·</span> <span class='ocrx_word' id='word_1_363' title='bbox 1488 4344 1749 4412; x_wconf 69' lang='grc' dir='ltr'>εὔξασθαι</span> <span class='ocrx_word' id='word_1_364' title='bbox 1795 4342 1894 4415; x_wconf 75' lang='grc' dir='ltr'>μὲν</span> <span class='ocrx_word' id='word_1_365' title='bbox 1941 4343 2051 4414; x_wconf 85' lang='grc' dir='ltr'>γὰρ</span> 
     </span>
    </p>
   </div>
   <div class='ocr_carea' id='block_1_48' title="bbox 377 4431 2053 4513">
    <p class='ocr_par' dir='ltr' id='par_1_48' title="bbox 377 4431 2053 4513">
     <span class='ocr_line' id='line_1_48' title="bbox 377 4431 2053 4513; baseline -0.013 -8"><span class='ocrx_word' id='word_1_366' title='bbox 377 4450 473 4505; x_wconf 72' lang='grc' dir='ltr'>καὶ</span> <span class='ocrx_word' id='word_1_367' title='bbox 514 4447 607 4501; x_wconf 67' lang='grc' dir='ltr'>ἐπὶ</span> <span class='ocrx_word' id='word_1_368' title='bbox 642 4446 741 4513; x_wconf 81' lang='grc' dir='ltr'>τῆς</span> <span class='ocrx_word' id='word_1_369' title='bbox 779 4441 955 4504; x_wconf 84' lang='grc' dir='ltr'>οἰκίας</span> <span class='ocrx_word' id='word_1_370' title='bbox 991 4437 1240 4501; x_wconf 89' lang='grc' dir='ltr'>δυνατὸν,</span> <span class='ocrx_word' id='word_1_371' title='bbox 1268 4434 1409 4489; x_wconf 80' lang='grc' dir='ltr'>οὑτω</span> <span class='ocrx_word' id='word_1_372' title='bbox 1447 4434 1505 4488; x_wconf 82' lang='grc' dir='ltr'>δέ</span> <span class='ocrx_word' id='word_1_373' title='bbox 1553 4431 1812 4498; x_wconf 76' lang='grc' dir='ltr'>εὔξασθαι</span> <span class='ocrx_word' id='word_1_374' title='bbox 1845 4431 1921 4496; x_wconf 84' lang='grc' dir='ltr'>ὡς</span> <span class='ocrx_word' id='word_1_375' title='bbox 1961 4432 2053 4484; x_wconf 70' lang='grc' dir='ltr'>ἐπὶ</span> 
     </span>
    </p>
   </div>
   <div class='ocr_carea' id='block_1_49' title="bbox 376 4518 2055 4609">
    <p class='ocr_par' dir='ltr' id='par_1_49' title="bbox 376 4518 2055 4609">
     <span class='ocr_line' id='line_1_49' title="bbox 376 4518 2055 4609; baseline -0.011 -19"><span class='ocrx_word' id='word_1_376' title='bbox 376 4539 475 4609; x_wconf 82' lang='grc' dir='ltr'>τῆς</span> <span class='ocrx_word' id='word_1_377' title='bbox 519 4529 846 4602; x_wconf 84' lang='grc' dir='ltr'>Ἐκκλησίας</span> <span class='ocrx_word' id='word_1_378' title='bbox 872 4526 1151 4588; x_wconf 84' lang='grc' dir='ltr'>ἀδύνατον,</span> <span class='ocrx_word' id='word_1_379' title='bbox 1185 4526 1318 4578; x_wconf 80' lang='grc' dir='ltr'>ὅπου</span> <span class='ocrx_word' id='word_1_380' title='bbox 1342 4523 1614 4595; x_wconf 83' lang='grc' dir='ltr'>Πατέρων.</span> <span class='ocrx_word' id='word_1_381' title='bbox 1646 4520 1849 4592; x_wconf 84' lang='grc' dir='ltr'>πλῆθος</span> <span class='ocrx_word' id='word_1_382' title='bbox 1872 4518 2055 4573; x_wconf 84' lang='grc' dir='ltr'>τοσοῦ-</span> 
     </span>
    </p>
   </div>
   <div class='ocr_carea' id='block_1_50' title="bbox 378 4606 2050 4688">
    <p class='ocr_par' dir='ltr' id='par_1_50' title="bbox 378 4606 2050 4688">
     <span class='ocr_line' id='line_1_50' title="bbox 378 4606 2050 4688; baseline -0.01 -11"><span class='ocrx_word' id='word_1_383' title='bbox 378 4606 492 4688; x_wconf 77' lang='grc' dir='ltr'>τόν,</span> <span class='ocrx_word' id='word_1_384' title='bbox 522 4622 657 4674; x_wconf 82' lang='grc' dir='ltr'>ὅπου</span> <span class='ocrx_word' id='word_1_385' title='bbox 683 4616 780 4688; x_wconf 84' lang='grc' dir='ltr'>βοὴ</span> <span class='ocrx_word' id='word_1_386' title='bbox 816 4612 953 4683; x_wconf 89' lang='grc' dir='ltr'>πρὸς</span> <span class='ocrx_word' id='word_1_387' title='bbox 989 4612 1082 4665; x_wconf 89' lang='grc' dir='ltr'>τὸν</span> <span class='ocrx_word' id='word_1_388' title='bbox 1115 4610 1249 4664; x_wconf 79' lang='grc' dir='ltr'>Θεὸν</span> <span class='ocrx_word' id='word_1_389' title='bbox 1273 4608 1618 4679; x_wconf 69' lang='grc' dir='ltr'>ὁμοθυμαδὸν</span> <span class='ocrx_word' id='word_1_390' title='bbox 1643 4606 2050 4677; x_wconf 89' lang='grc' dir='ltr'>ἀναπέμπεται.</span> 
     </span>
    </p>
   </div>
   <div class='ocr_carea' id='block_1_51' title="bbox 381 4693 2057 4782">
    <p class='ocr_par' dir='ltr' id='par_1_51' title="bbox 381 4693 2057 4782">
     <span class='ocr_line' id='line_1_51' title="bbox 381 4693 2057 4782; baseline -0.013 -16"><span class='ocrx_word' id='word_1_391' title='bbox 381 4711 494 4782; x_wconf 81' lang='grc' dir='ltr'>Οὐχ</span> <span class='ocrx_word' id='word_1_392' title='bbox 535 4706 709 4768; x_wconf 77' lang='grc' dir='ltr'>οὑτως</span> <span class='ocrx_word' id='word_1_393' title='bbox 747 4698 1010 4771; x_wconf 82' lang='grc' dir='ltr'>είσακούῃ</span> <span class='ocrx_word' id='word_1_394' title='bbox 1046 4696 1189 4752; x_wconf 86' lang='grc' dir='ltr'>κατά</span> <span class='ocrx_word' id='word_1_395' title='bbox 1222 4696 1417 4751; x_wconf 87' lang='grc' dir='ltr'>σαυτὸν</span> <span class='ocrx_word' id='word_1_396' title='bbox 1458 4695 1548 4749; x_wconf 89' lang='grc' dir='ltr'>τὸν</span> <span class='ocrx_word' id='word_1_397' title='bbox 1579 4693 1856 4765; x_wconf 88' lang='grc' dir='ltr'>Δεσπότην</span> <span class='ocrx_word' id='word_1_398' title='bbox 1884 4711 2057 4766; x_wconf 87' lang='grc' dir='ltr'>παρα-</span> 
     </span>
    </p>
   </div>
   <div class='ocr_carea' id='block_1_52' title="bbox 380 4777 2055 4864">
    <p class='ocr_par' dir='ltr' id='par_1_52' title="bbox 380 4777 2055 4864">
     <span class='ocr_line' id='line_1_52' title="bbox 380 4777 2055 4864; baseline -0.014 -10"><span class='ocrx_word' id='word_1_399' title='bbox 380 4777 588 4860; x_wconf 73' lang='grc' dir='ltr'>καλῶν,</span> <span class='ocrx_word' id='word_1_400' title='bbox 617 4794 691 4857; x_wconf 85' lang='grc' dir='ltr'>ὼς</span> <span class='ocrx_word' id='word_1_401' title='bbox 736 4791 875 4864; x_wconf 89' lang='grc' dir='ltr'>μετά</span> <span class='ocrx_word' id='word_1_402' title='bbox 902 4788 1011 4842; x_wconf 88' lang='grc' dir='ltr'>τῶν</span> <span class='ocrx_word' id='word_1_403' title='bbox 1047 4783 1291 4854; x_wconf 85' lang='grc' dir='ltr'>ἀδελφῶν</span> <span class='ocrx_word' id='word_1_404' title='bbox 1328 4782 1438 4837; x_wconf 87' lang='grc' dir='ltr'>τῶν</span> <span class='ocrx_word' id='word_1_405' title='bbox 1470 4783 1596 4837; x_wconf 89' lang='grc' dir='ltr'>σῶν.</span> <span class='ocrx_word' id='word_1_406' title='bbox 1646 4777 1915 4836; x_wconf 60' lang='grc' dir='ltr'>Ἐνταῦθα</span> <span class='ocrx_word' id='word_1_407' title='bbox 1946 4783 2055 4853; x_wconf 86' lang='grc' dir='ltr'>γάρ</span> 
     </span>
    </p>
   </div>
   <div class='ocr_carea' id='block_1_53' title="bbox 381 4869 2056 4947">
    <p class='ocr_par' dir='ltr' id='par_1_53' title="bbox 381 4869 2056 4947">
     <span class='ocr_line' id='line_1_53' title="bbox 381 4869 2056 4947; baseline -0.013 -5"><span class='ocrx_word' id='word_1_408' title='bbox 381 4888 498 4942; x_wconf 86' lang='grc' dir='ltr'>ἐστί</span> <span class='ocrx_word' id='word_1_409' title='bbox 523 4904 578 4939; x_wconf 88' lang='grc' dir='ltr'>τι</span> <span class='ocrx_word' id='word_1_410' title='bbox 613 4881 798 4943; x_wconf 84' lang='grc' dir='ltr'>πλέον,</span> <span class='ocrx_word' id='word_1_411' title='bbox 824 4873 935 4932; x_wconf 73' lang='grc' dir='ltr'>οἷον</span> <span class='ocrx_word' id='word_1_412' title='bbox 965 4878 998 4947; x_wconf 88' lang='grc' dir='ltr'>ή</span> <span class='ocrx_word' id='word_1_413' title='bbox 1029 4873 1252 4946; x_wconf 84' lang='grc' dir='ltr'>ὁμόνοια</span> <span class='ocrx_word' id='word_1_414' title='bbox 1281 4872 1377 4926; x_wconf 77' lang='grc' dir='ltr'>καὶ</span> <span class='ocrx_word' id='word_1_415' title='bbox 1403 4874 1437 4943; x_wconf 80' lang='grc' dir='ltr'><strong>ἡ</strong></span> <span class='ocrx_word' id='word_1_416' title='bbox 1470 4870 1785 4942; x_wconf 77' lang='grc' dir='ltr'>συμφωνία,</span> <span class='ocrx_word' id='word_1_417' title='bbox 1826 4869 1919 4924; x_wconf 72' lang='grc' dir='ltr'>καὶ</span> <span class='ocrx_word' id='word_1_418' title='bbox 1956 4870 2056 4939; x_wconf 77' lang='grc' dir='ltr'>τῆς</span> 
     </span>
    </p>
   </div>
   <div class='ocr_carea' id='block_1_54' title="bbox 380 4956 2056 5046">
    <p class='ocr_par' dir='ltr' id='par_1_54' title="bbox 380 4956 2056 5046">
     <span class='ocr_line' id='line_1_54' title="bbox 380 4956 2056 5046; baseline -0.017 -14"><span class='ocrx_word' id='word_1_419' title='bbox 380 4976 605 5046; x_wconf 85' lang='grc' dir='ltr'>ἀγάπης</span> <span class='ocrx_word' id='word_1_420' title='bbox 636 4974 664 5026; x_wconf 90' lang='grc' dir='ltr'>ό</span> <span class='ocrx_word' id='word_1_421' title='bbox 692 4968 1012 5038; x_wconf 86' lang='grc' dir='ltr'>σύνδεσμος,</span> <span class='ocrx_word' id='word_1_422' title='bbox 1037 4963 1133 5019; x_wconf 76' lang='grc' dir='ltr'>καὶ</span> <span class='ocrx_word' id='word_1_423' title='bbox 1167 4962 1226 5017; x_wconf 91' lang='grc' dir='ltr'>αἱ</span> <span class='ocrx_word' id='word_1_424' title='bbox 1251 4960 1360 5014; x_wconf 87' lang='grc' dir='ltr'>τῶν</span> <span class='ocrx_word' id='word_1_425' title='bbox 1394 4960 1586 5046; x_wconf 80' lang='grc' dir='ltr'>ἱερέων</span> <span class='ocrx_word' id='word_1_426' title='bbox 1616 4958 1795 5046; x_wconf 77' lang='grc' dir='ltr'>εὐχαί.</span> <span class='ocrx_word' id='word_1_427' title='bbox 1825 4956 1924 5011; x_wconf 87' lang='grc' dir='ltr'>Διά</span> <span class='ocrx_word' id='word_1_428' title='bbox 1947 4956 2056 5030; x_wconf 81' lang='grc' dir='ltr'>γὰρ</span> 
     </span>
    </p>
   </div>
   <div class='ocr_carea' id='block_1_55' title="bbox 382 5044 2058 5129">
    <p class='ocr_par' dir='ltr' id='par_1_55' title="bbox 382 5044 2058 5129">
     <span class='ocr_line' id='line_1_55' title="bbox 382 5044 2058 5129; baseline -0.012 -10"><span class='ocrx_word' id='word_1_429' title='bbox 382 5044 540 5118; x_wconf 83' lang='grc' dir='ltr'>τοῦτο</span> <span class='ocrx_word' id='word_1_430' title='bbox 563 5044 613 5114; x_wconf 78' lang='grc' dir='ltr'>οἱ</span> <span class='ocrx_word' id='word_1_431' title='bbox 651 5058 817 5129; x_wconf 85' lang='grc' dir='ltr'>ἱερεῖς</span> <span class='ocrx_word' id='word_1_432' title='bbox 841 5053 1267 5124; x_wconf 84' lang='grc' dir='ltr'>προεστήκασιν,</span> <span class='ocrx_word' id='word_1_433' title='bbox 1293 5048 1381 5102; x_wconf 86' lang='grc' dir='ltr'>’ίνα</span> <span class='ocrx_word' id='word_1_434' title='bbox 1417 5048 1473 5099; x_wconf 86' lang='grc' dir='ltr'>αἱ</span> <span class='ocrx_word' id='word_1_435' title='bbox 1505 5044 1601 5100; x_wconf 90' lang='grc' dir='ltr'>τοῦ</span> <span class='ocrx_word' id='word_1_436' title='bbox 1633 5044 1872 5116; x_wconf 88' lang='grc' dir='ltr'>πλήθους</span> <span class='ocrx_word' id='word_1_437' title='bbox 1900 5045 2058 5115; x_wconf 73' lang='grc' dir='ltr'>εὐχαὶ</span> 
     </span>
    </p>
   </div>
   <div class='ocr_carea' id='block_1_56' title="bbox 383 5131 2060 5217">
    <p class='ocr_par' dir='ltr' id='par_1_56' title="bbox 383 5131 2060 5217">
     <span class='ocr_line' id='line_1_56' title="bbox 383 5131 2060 5217; baseline -0.012 -11"><span class='ocrx_word' id='word_1_438' title='bbox 383 5149 770 5217; x_wconf 85' lang='grc' dir='ltr'>ἀσθενέστεραι</span> <span class='ocrx_word' id='word_1_439' title='bbox 818 5138 999 5206; x_wconf 79' lang='grc' dir='ltr'>οὖσαι,</span> <span class='ocrx_word' id='word_1_440' title='bbox 1021 5138 1132 5193; x_wconf 88' lang='grc' dir='ltr'>τῶν</span> <span class='ocrx_word' id='word_1_441' title='bbox 1165 5135 1551 5205; x_wconf 82' lang='grc' dir='ltr'>δυνατωτέρων</span> <span class='ocrx_word' id='word_1_442' title='bbox 1575 5131 1781 5186; x_wconf 90' lang='grc' dir='ltr'>τούτων</span> <span class='ocrx_word' id='word_1_443' title='bbox 1810 5131 2060 5189; x_wconf 78' lang='grc' dir='ltr'>ἐπιλαϐό·</span> 
     </span>
    </p>
   </div>
   <div class='ocr_carea' id='block_1_57' title="bbox 389 5221 2057 5310">
    <p class='ocr_par' dir='ltr' id='par_1_57' title="bbox 389 5221 2057 5310">
     <span class='ocr_line' id='line_1_57' title="bbox 389 5221 2057 5310; baseline -0.011 -18"><span class='ocrx_word' id='word_1_444' title='bbox 389 5255 569 5310; x_wconf 88' lang='grc' dir='ltr'>μεναι,</span> <span class='ocrx_word' id='word_1_445' title='bbox 597 5234 733 5305; x_wconf 88' lang='grc' dir='ltr'>όμοῦ</span> <span class='ocrx_word' id='word_1_446' title='bbox 760 5229 1154 5285; x_wconf 86' lang='grc' dir='ltr'>συνανέλθωσιν</span> <span class='ocrx_word' id='word_1_447' title='bbox 1177 5227 1365 5289; x_wconf 85' lang='grc' dir='ltr'>αὐταῖς</span> <span class='ocrx_word' id='word_1_448' title='bbox 1401 5225 1481 5288; x_wconf 87' lang='grc' dir='ltr'>εἰς</span> <span class='ocrx_word' id='word_1_449' title='bbox 1512 5222 1604 5276; x_wconf 86' lang='grc' dir='ltr'>τὸν</span> <span class='ocrx_word' id='word_1_450' title='bbox 1638 5221 1888 5293; x_wconf 89' lang='grc' dir='ltr'>οὐρανόν.</span> <span class='ocrx_word' id='word_1_451' title='bbox 1924 5221 2057 5274; x_wconf 79' lang='grc' dir='ltr'>Ἀλ-</span> 
     </span>
    </p>
   </div>
   <div class='ocr_carea' id='block_1_58' title="bbox 384 5305 2056 5391">
    <p class='ocr_par' dir='ltr' id='par_1_58' title="bbox 384 5305 2056 5391">
     <span class='ocr_line' id='line_1_58' title="bbox 384 5305 2056 5391; baseline -0.011 -12"><span class='ocrx_word' id='word_1_452' title='bbox 384 5305 492 5388; x_wconf 87' lang='grc' dir='ltr'>λως</span> <span class='ocrx_word' id='word_1_453' title='bbox 513 5325 569 5377; x_wconf 77' lang='grc' dir='ltr'>δέ</span> <span class='ocrx_word' id='word_1_454' title='bbox 589 5323 642 5376; x_wconf 90' lang='grc' dir='ltr'>τί</span> <span class='ocrx_word' id='word_1_455' title='bbox 660 5320 855 5391; x_wconf 68' lang='grc' dir='ltr'>γίνοιτ’</span> <span class='ocrx_word' id='word_1_456' title='bbox 881 5317 947 5373; x_wconf 84' lang='grc' dir='ltr'>ἂν</span> <span class='ocrx_word' id='word_1_457' title='bbox 975 5316 1165 5385; x_wconf 73' lang='grc' dir='ltr'>ὄφελος</span> <span class='ocrx_word' id='word_1_458' title='bbox 1191 5313 1429 5386; x_wconf 84' lang='grc' dir='ltr'>ὁμιλίας,</span> <span class='ocrx_word' id='word_1_459' title='bbox 1450 5312 1578 5365; x_wconf 79' lang='grc' dir='ltr'>ὅταν</span> <span class='ocrx_word' id='word_1_460' title='bbox 1601 5310 1735 5382; x_wconf 85' lang='grc' dir='ltr'>εὐχὴ</span> <span class='ocrx_word' id='word_1_461' title='bbox 1765 5309 1840 5381; x_wconf 80' lang='grc' dir='ltr'>μὴ</span> <span class='ocrx_word' id='word_1_462' title='bbox 1928 5326 2056 5362; x_wconf 83' lang='grc' dir='ltr'>συν-</span> 
     </span>
    </p>
   </div>
   <div class='ocr_carea' id='block_1_59' title="bbox 384 5396 2059 5481">
    <p class='ocr_par' dir='ltr' id='par_1_59' title="bbox 384 5396 2059 5481">
     <span class='ocr_line' id='line_1_59' title="bbox 384 5396 2059 5481; baseline -0.01 -16"><span class='ocrx_word' id='word_1_463' title='bbox 384 5409 721 5480; x_wconf 74' lang='grc' dir='ltr'>εζευγμένης</span> <span class='ocrx_word' id='word_1_464' title='bbox 751 5405 1028 5481; x_wconf 84' lang='grc' dir='ltr'>Πρότερον</span> <span class='ocrx_word' id='word_1_465' title='bbox 1073 5402 1230 5475; x_wconf 82' lang='grc' dir='ltr'>εὐχὴ,</span> <span class='ocrx_word' id='word_1_466' title='bbox 1266 5400 1362 5455; x_wconf 75' lang='grc' dir='ltr'>καὶ</span> <span class='ocrx_word' id='word_1_467' title='bbox 1406 5399 1526 5453; x_wconf 81' lang='grc' dir='ltr'>τότε</span> <span class='ocrx_word' id='word_1_468' title='bbox 1566 5398 1755 5467; x_wconf 89' lang='grc' dir='ltr'>λόγος·</span> <span class='ocrx_word' id='word_1_469' title='bbox 1793 5396 1936 5450; x_wconf 79' lang='grc' dir='ltr'>οὕτω</span> <span class='ocrx_word' id='word_1_470' title='bbox 1963 5398 2059 5450; x_wconf 73' lang='grc' dir='ltr'>καὶ</span> 
     </span>
    </p>
   </div>
   <div class='ocr_carea' id='block_1_60' title="bbox 386 5484 2060 5566">
    <p class='ocr_par' dir='ltr' id='par_1_60' title="bbox 386 5484 2060 5566">
     <span class='ocr_line' id='line_1_60' title="bbox 386 5484 2060 5566; baseline -0.009 -13"><span class='ocrx_word' id='word_1_471' title='bbox 386 5503 435 5553; x_wconf 91' lang='grc' dir='ltr'>οἱ</span> <span class='ocrx_word' id='word_1_472' title='bbox 474 5498 764 5553; x_wconf 81' lang='grc' dir='ltr'>ἀπόστολοι</span> <span class='ocrx_word' id='word_1_473' title='bbox 808 5510 1005 5566; x_wconf 87' lang='grc' dir='ltr'>φασιν·</span> <span class='ocrx_word' id='word_1_474' title='bbox 1051 5491 1242 5563; x_wconf 82' lang='grc' dir='ltr'>Ἡμεῖς</span> <span class='ocrx_word' id='word_1_475' title='bbox 1279 5488 1348 5544; x_wconf 80' lang='grc' dir='ltr'>δὲ</span> <span class='ocrx_word' id='word_1_476' title='bbox 1383 5486 1459 5558; x_wconf 79' lang='grc' dir='ltr'>τῇ</span> <span class='ocrx_word' id='word_1_477' title='bbox 1501 5485 1816 5556; x_wconf 77' lang='grc' dir='ltr'>προσευχῇ</span> <span class='ocrx_word' id='word_1_478' title='bbox 1853 5486 1952 5539; x_wconf 83' lang='grc' dir='ltr'>καί</span> <span class='ocrx_word' id='word_1_479' title='bbox 1983 5484 2060 5554; x_wconf 77' lang='grc' dir='ltr'>τῇ</span> 
     </span>
    </p>
   </div>
   <div class='ocr_carea' id='block_1_61' title="bbox 386 5573 2059 5652">
    <p class='ocr_par' dir='ltr' id='par_1_61' title="bbox 386 5573 2059 5652">
     <span class='ocr_line' id='line_1_61' title="bbox 386 5573 2059 5652; baseline -0.009 -11"><span class='ocrx_word' id='word_1_480' title='bbox 386 5585 661 5652; x_wconf 75' lang='grc' dir='ltr'>διακονίᾳ</span> <span class='ocrx_word' id='word_1_481' title='bbox 693 5582 800 5637; x_wconf 82' lang='grc' dir='ltr'>τοῦ</span> <span class='ocrx_word' id='word_1_482' title='bbox 842 5583 1029 5652; x_wconf 70' lang='grc' dir='ltr'>λόγου</span> <span class='ocrx_word' id='word_1_483' title='bbox 1060 5574 1698 5648; x_wconf 78' lang='grc' dir='ltr'>προσκαρτερήσωμεν.</span> <span class='ocrx_word' id='word_1_484' title='bbox 1728 5573 1885 5627; x_wconf 78' lang='grc' dir='ltr'>Οὕτω</span> <span class='ocrx_word' id='word_1_485' title='bbox 1911 5573 2005 5627; x_wconf 69' lang='grc' dir='ltr'>καὶ</span> <span class='ocrx_word' id='word_1_486' title='bbox 2030 5573 2059 5626; x_wconf 91' lang='grc' dir='ltr'>ό</span> 
     </span>
    </p>
   </div>
   <div class='ocr_carea' id='block_1_62' title="bbox 387 5659 2059 5739">
    <p class='ocr_par' dir='ltr' id='par_1_62' title="bbox 387 5659 2059 5739">
     <span class='ocr_line' id='line_1_62' title="bbox 387 5659 2059 5739; baseline -0.011 -10"><span class='ocrx_word' id='word_1_487' title='bbox 387 5673 599 5735; x_wconf 79' lang='grc' dir='ltr'>Παῦλος</span> <span class='ocrx_word' id='word_1_488' title='bbox 624 5674 767 5723; x_wconf 89' lang='grc' dir='ltr'>ποιεῖ</span> <span class='ocrx_word' id='word_1_489' title='bbox 802 5669 859 5721; x_wconf 88' lang='grc' dir='ltr'>ἐν</span> <span class='ocrx_word' id='word_1_490' title='bbox 881 5672 992 5731; x_wconf 86' lang='grc' dir='ltr'>τοῖς</span> <span class='ocrx_word' id='word_1_491' title='bbox 1020 5666 1330 5739; x_wconf 83' lang='grc' dir='ltr'>προοιμίοις</span> <span class='ocrx_word' id='word_1_492' title='bbox 1356 5662 1465 5716; x_wconf 90' lang='grc' dir='ltr'>τῶν</span> <span class='ocrx_word' id='word_1_493' title='bbox 1498 5659 1800 5715; x_wconf 79' lang='grc' dir='ltr'>ἐπιστολῶν</span> <span class='ocrx_word' id='word_1_494' title='bbox 1825 5660 2059 5731; x_wconf 83' lang='grc' dir='ltr'>εὐχόμε-</span> 
     </span>
    </p>
   </div>
   <div class='ocr_carea' id='block_1_63' title="bbox 389 5746 2057 5840">
    <p class='ocr_par' dir='ltr' id='par_1_63' title="bbox 389 5746 2057 5840">
     <span class='ocr_line' id='line_1_63' title="bbox 389 5746 2057 5840; baseline -0.013 -22"><span class='ocrx_word' id='word_1_495' title='bbox 389 5780 497 5827; x_wconf 80' lang='grc' dir='ltr'>νος,</span> <span class='ocrx_word' id='word_1_496' title='bbox 526 5761 596 5816; x_wconf 78' lang='grc' dir='ltr'>ῐν’</span> <span class='ocrx_word' id='word_1_497' title='bbox 640 5759 827 5840; x_wconf 79' lang='grc' dir='ltr'>ῶσπερ</span> <span class='ocrx_word' id='word_1_498' title='bbox 869 5757 1060 5829; x_wconf 88' lang='grc' dir='ltr'>λύχνου</span> <span class='ocrx_word' id='word_1_499' title='bbox 1096 5755 1234 5826; x_wconf 86' lang='grc' dir='ltr'>φῶς,</span> <span class='ocrx_word' id='word_1_500' title='bbox 1279 5751 1422 5807; x_wconf 73' lang='grc' dir='ltr'>οὕτω</span> <span class='ocrx_word' id='word_1_501' title='bbox 1472 5750 1533 5805; x_wconf 89' lang='grc' dir='ltr'>τὸ</span> <span class='ocrx_word' id='word_1_502' title='bbox 1582 5750 1681 5819; x_wconf 80' lang='grc' dir='ltr'>τῆς</span> <span class='ocrx_word' id='word_1_503' title='bbox 1730 5748 1895 5819; x_wconf 80' lang='grc' dir='ltr'>εὐχῆς</span> <span class='ocrx_word' id='word_1_504' title='bbox 1940 5746 2057 5816; x_wconf 85' lang='grc' dir='ltr'>φῶς</span> 
     </span>
    </p>
   </div>
   <div class='ocr_carea' id='block_1_64' title="bbox 452 5880 882 5937">
    <p class='ocr_par' dir='ltr' id='par_1_64' title="bbox 452 5880 882 5937">
     <span class='ocr_line' id='line_1_64' title="bbox 452 5880 882 5937; baseline -0.012 -3"><span class='ocrx_word' id='word_1_505' title='bbox 452 5884 481 5913; x_wconf 79' lang='grc'><strong><em>³</em></strong></span> <span class='ocrx_word' id='word_1_506' title='bbox 497 5880 599 5934; x_wconf 74' lang='lat' dir='ltr'>Alii</span> <span class='ocrx_word' id='word_1_507' title='bbox 623 5880 882 5937; x_wconf 73' lang='grc' dir='ltr'>εὐλαϐείας.</span> 
     </span>
    </p>
   </div>
   <div class='ocr_carea' id='block_1_65' title="bbox 1123 249 3709 349">
    <p class='ocr_par' dir='ltr' id='par_1_65' title="bbox 1123 249 3709 349">
     <span class='ocr_line' id='line_1_65' title="bbox 1123 249 3709 349; baseline -0.012 -25"><span class='ocrx_word' id='word_1_508' title='bbox 1123 269 1178 324; x_wconf 89' lang='lat' dir='ltr'>S.</span> <span class='ocrx_word' id='word_1_509' title='bbox 1217 262 1503 349; x_wconf 57' lang='lat' dir='ltr'>JOANNIS</span> <span class='ocrx_word' id='word_1_510' title='bbox 1541 256 2031 315; x_wconf 78' lang='lat' dir='ltr'>CllRYSOSTOMl</span> <span class='ocrx_word' id='word_1_511' title='bbox 2071 254 2392 312; x_wconf 77' lang='lat' dir='ltr'>ARCHIEP.</span> <span class='ocrx_word' id='word_1_512' title='bbox 2434 249 2987 309; x_wconf 74' lang='lat' dir='ltr'>CONSTANTINOP.</span> <span class='ocrx_word' id='word_1_513' title='bbox 3625 258 3709 314; x_wconf 60' lang='grc' dir='ltr'>ηδ</span> 
     </span>
    </p>
   </div>
   <div class='ocr_carea' id='block_1_66' title="bbox 2118 363 3723 443">
    <p class='ocr_par' dir='ltr' id='par_1_66' title="bbox 2118 363 3723 443">
     <span class='ocr_line' id='line_1_66' title="bbox 2118 363 3723 443; baseline 0.001 -18"><span class='ocrx_word' id='word_1_514' title='bbox 2118 370 2523 443; x_wconf 87' lang='grc' dir='ltr'>προοδοποιήσῃ</span> <span class='ocrx_word' id='word_1_515' title='bbox 2565 366 2644 438; x_wconf 82' lang='grc' dir='ltr'>τῷ</span> <span class='ocrx_word' id='word_1_516' title='bbox 2684 366 2851 436; x_wconf 83' lang='grc' dir='ltr'>λόγῳ.</span> <span class='ocrx_word' id='word_1_517' title='bbox 2894 365 3023 420; x_wconf 74' lang='grc' dir='ltr'>Ἐὰν</span> <span class='ocrx_word' id='word_1_518' title='bbox 3054 363 3240 436; x_wconf 78' lang='grc' dir='ltr'>ἐθίσῃς</span> <span class='ocrx_word' id='word_1_519' title='bbox 3281 367 3485 421; x_wconf 82' lang='grc' dir='ltr'>σεαυτὸν</span> <span class='ocrx_word' id='word_1_520' title='bbox 3512 368 3723 440; x_wconf 69' lang='grc' dir='ltr'>εὖχεσθαι</span> 
     </span>
    </p>
   </div>
   <div class='ocr_carea' id='block_1_67' title="bbox 2122 451 3726 529">
    <p class='ocr_par' dir='ltr' id='par_1_67' title="bbox 2122 451 3726 529">
     <span class='ocr_line' id='line_1_67' title="bbox 2122 451 3726 529; baseline -0.001 -18"><span class='ocrx_word' id='word_1_521' title='bbox 2122 457 2263 529; x_wconf 83' lang='grc' dir='ltr'>μετά</span> <span class='ocrx_word' id='word_1_522' title='bbox 2296 456 2600 528; x_wconf 85' lang='grc' dir='ltr'>ἀκριϐείας,</span> <span class='ocrx_word' id='word_1_523' title='bbox 2628 455 2690 508; x_wconf 89' lang='grc' dir='ltr'>οὐ</span> <span class='ocrx_word' id='word_1_524' title='bbox 2725 453 2894 526; x_wconf 87' lang='grc' dir='ltr'>δεήσῃ</span> <span class='ocrx_word' id='word_1_525' title='bbox 2923 452 3023 522; x_wconf 84' lang='grc' dir='ltr'>τῆς</span> <span class='ocrx_word' id='word_1_526' title='bbox 3060 451 3213 520; x_wconf 75' lang='grc' dir='ltr'>παρὰ</span> <span class='ocrx_word' id='word_1_527' title='bbox 3247 451 3350 505; x_wconf 89' lang='grc' dir='ltr'>τῶν</span> <span class='ocrx_word' id='word_1_528' title='bbox 3379 453 3641 509; x_wconf 79' lang='grc' dir='ltr'>συνδούλων</span> <span class='ocrx_word' id='word_1_529' title='bbox 3662 456 3726 510; x_wconf 80' lang='grc' dir='ltr'>δι-</span> 
     </span>
    </p>
   </div>
   <div class='ocr_carea' id='block_1_68' title="bbox 2117 538 3728 611">
    <p class='ocr_par' dir='ltr' id='par_1_68' title="bbox 2117 538 3728 611">
     <span class='ocr_line' id='line_1_68' title="bbox 2117 538 3728 611; baseline -0.002 -12"><span class='ocrx_word' id='word_1_530' title='bbox 2117 544 2434 608; x_wconf 88' lang='grc' dir='ltr'>δασκαλίας,</span> <span class='ocrx_word' id='word_1_531' title='bbox 2459 541 2628 598; x_wconf 86' lang='grc' dir='ltr'>αὐτοῦ</span> <span class='ocrx_word' id='word_1_532' title='bbox 2657 558 2740 594; x_wconf 93' lang='grc' dir='ltr'>σοι</span> <span class='ocrx_word' id='word_1_533' title='bbox 2768 540 2862 594; x_wconf 88' lang='grc' dir='ltr'>τοῦ</span> <span class='ocrx_word' id='word_1_534' title='bbox 2894 538 3031 593; x_wconf 84' lang='grc' dir='ltr'>Θεοῦ</span> <span class='ocrx_word' id='word_1_535' title='bbox 3063 539 3232 611; x_wconf 71' lang='grc' dir='ltr'>χωρὶς</span> <span class='ocrx_word' id='word_1_536' title='bbox 3260 539 3465 609; x_wconf 87' lang='grc' dir='ltr'>μεσίτου</span> <span class='ocrx_word' id='word_1_537' title='bbox 3499 540 3623 604; x_wconf 84' lang='grc' dir='ltr'>τινὸς</span> <span class='ocrx_word' id='word_1_538' title='bbox 3645 559 3728 596; x_wconf 84' lang='grc' dir='ltr'>κα-</span> 
     </span>
    </p>
   </div>
   <div class='ocr_carea' id='block_1_69' title="bbox 2119 626 3731 701">
    <p class='ocr_par' dir='ltr' id='par_1_69' title="bbox 2119 626 3731 701">
     <span class='ocr_line' id='line_1_69' title="bbox 2119 626 3731 701; baseline -0.001 -15"><span class='ocrx_word' id='word_1_539' title='bbox 2119 632 2485 701; x_wconf 74' lang='grc' dir='ltr'>ταυγάζοντος</span> <span class='ocrx_word' id='word_1_540' title='bbox 2521 629 2620 701; x_wconf 81' lang='grc' dir='ltr'>τὴν</span> <span class='ocrx_word' id='word_1_541' title='bbox 2657 629 2916 683; x_wconf 87' lang='grc' dir='ltr'>διάνοιαν.</span> <span class='ocrx_word' id='word_1_542' title='bbox 2959 627 3109 683; x_wconf 83' lang='grc' dir='ltr'>Εἱδέ</span> <span class='ocrx_word' id='word_1_543' title='bbox 3147 626 3279 698; x_wconf 79' lang='grc' dir='ltr'>εὐχὴ</span> <span class='ocrx_word' id='word_1_544' title='bbox 3324 626 3475 695; x_wconf 91' lang='grc' dir='ltr'>μόνου</span> <span class='ocrx_word' id='word_1_545' title='bbox 3508 629 3731 701; x_wconf 85' lang='grc' dir='ltr'>τοσαύτην</span> 
     </span>
    </p>
   </div>
   <div class='ocr_carea' id='block_1_70' title="bbox 2120 712 3731 792">
    <p class='ocr_par' dir='ltr' id='par_1_70' title="bbox 2120 712 3731 792">
     <span class='ocr_line' id='line_1_70' title="bbox 2120 712 3731 792; baseline -0.002 -18"><span class='ocrx_word' id='word_1_546' title='bbox 2120 720 2233 792; x_wconf 83' lang='grc' dir='ltr'>ἔχει</span> <span class='ocrx_word' id='word_1_547' title='bbox 2261 717 2514 790; x_wconf 85' lang='grc' dir='ltr'>δύναμιν,</span> <span class='ocrx_word' id='word_1_548' title='bbox 2552 715 2733 787; x_wconf 88' lang='grc' dir='ltr'>πολλῷ</span> <span class='ocrx_word' id='word_1_549' title='bbox 2767 715 2970 787; x_wconf 82' lang='grc' dir='ltr'>μᾶλλον</span> <span class='ocrx_word' id='word_1_550' title='bbox 3001 716 3033 784; x_wconf 83' lang='grc' dir='ltr'><strong>ἡ</strong></span> <span class='ocrx_word' id='word_1_551' title='bbox 3080 714 3219 786; x_wconf 87' lang='grc' dir='ltr'>μετά</span> <span class='ocrx_word' id='word_1_552' title='bbox 3255 712 3507 785; x_wconf 87' lang='grc' dir='ltr'>πλήθους·</span> <span class='ocrx_word' id='word_1_553' title='bbox 3552 715 3731 787; x_wconf 76' lang='grc' dir='ltr'>μείζονα</span> 
     </span>
    </p>
   </div>
   <div class='ocr_carea' id='block_1_71' title="bbox 2122 803 3735 881">
    <p class='ocr_par' dir='ltr' id='par_1_71' title="bbox 2122 803 3735 881">
     <span class='ocr_line' id='line_1_71' title="bbox 2122 803 3735 881; baseline -0.002 -20"><span class='ocrx_word' id='word_1_554' title='bbox 2122 809 2231 881; x_wconf 77' lang='grc' dir='ltr'>γὰρ</span> <span class='ocrx_word' id='word_1_555' title='bbox 2262 806 2469 878; x_wconf 88' lang='grc' dir='ltr'>ταύτης</span> <span class='ocrx_word' id='word_1_556' title='bbox 2509 806 2579 859; x_wconf 84' lang='grc' dir='ltr'>τά</span> <span class='ocrx_word' id='word_1_557' title='bbox 2619 806 2809 877; x_wconf 88' lang='grc' dir='ltr'>νεῦρα,</span> <span class='ocrx_word' id='word_1_558' title='bbox 2853 805 2948 858; x_wconf 72' lang='grc' dir='ltr'>καὶ</span> <span class='ocrx_word' id='word_1_559' title='bbox 2991 803 3191 857; x_wconf 87' lang='grc' dir='ltr'>πλείων</span> <span class='ocrx_word' id='word_1_560' title='bbox 3236 805 3269 873; x_wconf 88' lang='grc' dir='ltr'>ή</span> <span class='ocrx_word' id='word_1_561' title='bbox 3300 804 3570 879; x_wconf 41' lang='grc' dir='ltr'>,παρρησία</span> <span class='ocrx_word' id='word_1_562' title='bbox 3593 806 3735 876; x_wconf 80' lang='grc' dir='ltr'>πολλῷ</span> 
     </span>
    </p>
   </div>
   <div class='ocr_carea' id='block_1_72' title="bbox 2120 888 3736 966">
    <p class='ocr_par' dir='ltr' id='par_1_72' title="bbox 2120 888 3736 966">
     <span class='ocr_line' id='line_1_72' title="bbox 2120 888 3736 966; baseline -0.002 -17"><span class='ocrx_word' id='word_1_563' title='bbox 2120 897 2218 966; x_wconf 80' lang='grc' dir='ltr'>τῆς</span> <span class='ocrx_word' id='word_1_564' title='bbox 2246 897 2302 949; x_wconf 90' lang='grc' dir='ltr'>ἐν</span> <span class='ocrx_word' id='word_1_565' title='bbox 2335 894 2484 965; x_wconf 82' lang='grc' dir='ltr'>οἰκία</span> <span class='ocrx_word' id='word_1_566' title='bbox 2513 893 2607 947; x_wconf 70' lang='grc' dir='ltr'>καὶ</span> <span class='ocrx_word' id='word_1_567' title='bbox 2644 892 2765 946; x_wconf 84' lang='grc' dir='ltr'>κατ’</span> <span class='ocrx_word' id='word_1_568' title='bbox 2792 892 2951 946; x_wconf 87' lang='grc' dir='ltr'>ἰδίαν.</span> <span class='ocrx_word' id='word_1_569' title='bbox 2991 890 3164 944; x_wconf 87' lang='grc' dir='ltr'>Πόθεν</span> <span class='ocrx_word' id='word_1_570' title='bbox 3203 888 3358 942; x_wconf 88' lang='grc' dir='ltr'>τοῦτο</span> <span class='ocrx_word' id='word_1_571' title='bbox 3396 890 3568 960; x_wconf 73' lang='grc' dir='ltr'>δῆλονς</span> <span class='ocrx_word' id='word_1_572' title='bbox 3596 892 3736 946; x_wconf 78' lang='grc' dir='ltr'>Αὐτοῦ</span> 
     </span>
    </p>
   </div>
   <div class='ocr_carea' id='block_1_73' title="bbox 2121 978 3741 1055">
    <p class='ocr_par' dir='ltr' id='par_1_73' title="bbox 2121 978 3741 1055">
     <span class='ocr_line' id='line_1_73' title="bbox 2121 978 3741 1055; baseline -0.004 -16"><span class='ocrx_word' id='word_1_573' title='bbox 2121 984 2216 1039; x_wconf 90' lang='grc' dir='ltr'>τοῦ</span> <span class='ocrx_word' id='word_1_574' title='bbox 2244 983 2457 1038; x_wconf 89' lang='grc' dir='ltr'>Παύλου</span> <span class='ocrx_word' id='word_1_575' title='bbox 2489 982 2742 1051; x_wconf 89' lang='grc' dir='ltr'>λέγοντος</span> <span class='ocrx_word' id='word_1_576' title='bbox 2764 980 2996 1035; x_wconf 82' lang='grc' dir='ltr'>ἄκουσον</span> <span class='ocrx_word' id='word_1_577' title='bbox 3015 997 3028 1011; x_wconf 90' lang='grc'>·</span> <span class='ocrx_word' id='word_1_578' title='bbox 3088 981 3183 1045; x_wconf 84' lang='grc' dir='ltr'>Ὃς</span> <span class='ocrx_word' id='word_1_579' title='bbox 3202 978 3281 1055; x_wconf 29' lang='grc' dir='ltr'>δέκ</span> <span class='ocrx_word' id='word_1_580' title='bbox 3312 980 3637 1046; x_wconf 71' lang='grc' dir='ltr'>τηλικούτου</span> <span class='ocrx_word' id='word_1_581' title='bbox 3658 985 3741 1035; x_wconf 85' lang='grc' dir='ltr'>θα-</span> 
     </span>
    </p>
   </div>
   <div class='ocr_carea' id='block_1_74' title="bbox 2122 1065 3743 1140">
    <p class='ocr_par' dir='ltr' id='par_1_74' title="bbox 2122 1065 3743 1140">
     <span class='ocr_line' id='line_1_74' title="bbox 2122 1065 3743 1140; baseline -0.002 -14"><span class='ocrx_word' id='word_1_582' title='bbox 2122 1070 2309 1127; x_wconf 81' lang='grc' dir='ltr'>νάτου</span> <span class='ocrx_word' id='word_1_583' title='bbox 2336 1071 2632 1140; x_wconf 73' lang='grc' dir='ltr'>ἐρρύσατο</span> <span class='ocrx_word' id='word_1_584' title='bbox 2661 1068 2840 1138; x_wconf 76' lang='grc' dir='ltr'>ἡμᾶς,</span> <span class='ocrx_word' id='word_1_585' title='bbox 2874 1067 2972 1121; x_wconf 79' lang='grc' dir='ltr'>καὶ</span> <span class='ocrx_word' id='word_1_586' title='bbox 2992 1068 3231 1135; x_wconf 79' lang='grc' dir='ltr'>ῥύεται·</span> <span class='ocrx_word' id='word_1_587' title='bbox 3263 1065 3653 1135; x_wconf 66' lang='grc' dir='ltr'>ἠλπίκαμενδὲ</span> <span class='ocrx_word' id='word_1_588' title='bbox 3670 1065 3743 1122; x_wconf 78' lang='grc' dir='ltr'>ὅτι</span> 
     </span>
    </p>
   </div>
   <div class='ocr_carea' id='block_1_75' title="bbox 2125 1152 3743 1227">
    <p class='ocr_par' dir='ltr' id='par_1_75' title="bbox 2125 1152 3743 1227">
     <span class='ocr_line' id='line_1_75' title="bbox 2125 1152 3743 1227; baseline -0.003 -14"><span class='ocrx_word' id='word_1_589' title='bbox 2125 1159 2225 1215; x_wconf 84' lang='grc' dir='ltr'>καί</span> <span class='ocrx_word' id='word_1_590' title='bbox 2269 1159 2356 1213; x_wconf 79' lang='grc' dir='ltr'>ἔτι</span> <span class='ocrx_word' id='word_1_591' title='bbox 2399 1159 2677 1227; x_wconf 76' lang='grc' dir='ltr'>ῥύσεται,</span> <span class='ocrx_word' id='word_1_592' title='bbox 2720 1154 3313 1225; x_wconf 75' lang='grc' dir='ltr'>συνυπουργούντων</span> <span class='ocrx_word' id='word_1_593' title='bbox 3357 1152 3451 1209; x_wconf 79' lang='grc' dir='ltr'>καὶ</span> <span class='ocrx_word' id='word_1_594' title='bbox 3498 1154 3645 1223; x_wconf 72' lang='grc' dir='ltr'>ὑμῶν</span> <span class='ocrx_word' id='word_1_595' title='bbox 3684 1154 3743 1225; x_wconf 76' lang='grc' dir='ltr'>τῇ</span> 
     </span>
    </p>
   </div>
   <div class='ocr_carea' id='block_1_76' title="bbox 2126 1239 3747 1317">
    <p class='ocr_par' dir='ltr' id='par_1_76' title="bbox 2126 1239 3747 1317">
     <span class='ocr_line' id='line_1_76' title="bbox 2126 1239 3747 1317; baseline -0.003 -16"><span class='ocrx_word' id='word_1_596' title='bbox 2126 1248 2334 1317; x_wconf 82' lang='grc' dir='ltr'>δεήσει</span> <span class='ocrx_word' id='word_1_597' title='bbox 2354 1245 2508 1315; x_wconf 82' lang='grc' dir='ltr'>ὑπὲρ</span> <span class='ocrx_word' id='word_1_598' title='bbox 2533 1243 2722 1315; x_wconf 76' lang='grc' dir='ltr'>ἡμῶν,</span> <span class='ocrx_word' id='word_1_599' title='bbox 2748 1245 2851 1298; x_wconf 79' lang='grc' dir='ltr'>ἵνα</span> <span class='ocrx_word' id='word_1_600' title='bbox 2872 1244 2938 1297; x_wconf 86' lang='grc' dir='ltr'>τὸ</span> <span class='ocrx_word' id='word_1_601' title='bbox 2961 1244 3049 1309; x_wconf 86' lang='grc' dir='ltr'>εἰς</span> <span class='ocrx_word' id='word_1_602' title='bbox 3069 1239 3229 1311; x_wconf 78' lang='grc' dir='ltr'>ἡμᾶς</span> <span class='ocrx_word' id='word_1_603' title='bbox 3252 1240 3506 1311; x_wconf 80' lang='grc' dir='ltr'>χάρισμα</span> <span class='ocrx_word' id='word_1_604' title='bbox 3526 1241 3611 1295; x_wconf 86' lang='grc' dir='ltr'>διὰ</span> <span class='ocrx_word' id='word_1_605' title='bbox 3635 1247 3747 1298; x_wconf 75' lang='grc' dir='ltr'>πολ-</span> 
     </span>
    </p>
   </div>
   <div class='ocr_carea' id='block_1_77' title="bbox 2126 1329 3748 1406">
    <p class='ocr_par' dir='ltr' id='par_1_77' title="bbox 2126 1329 3748 1406">
     <span class='ocr_line' id='line_1_77' title="bbox 2126 1329 3748 1406; baseline -0.004 -15"><span class='ocrx_word' id='word_1_606' title='bbox 2126 1334 2256 1391; x_wconf 70' lang='grc' dir='ltr'>λῶν</span> <span class='ocrx_word' id='word_1_607' title='bbox 2280 1335 2618 1406; x_wconf 81' lang='grc' dir='ltr'>προσώπων</span> <span class='ocrx_word' id='word_1_608' title='bbox 2658 1331 3069 1403; x_wconf 78' lang='grc' dir='ltr'>εὐχαριστηθῇ</span> <span class='ocrx_word' id='word_1_609' title='bbox 3106 1330 3261 1399; x_wconf 81' lang='grc' dir='ltr'>ὑπὲρ</span> <span class='ocrx_word' id='word_1_610' title='bbox 3306 1329 3483 1401; x_wconf 77' lang='grc' dir='ltr'>ἡμῶν.</span> <span class='ocrx_word' id='word_1_611' title='bbox 3515 1331 3649 1385; x_wconf 83' lang='grc' dir='ltr'>Ούτω</span> <span class='ocrx_word' id='word_1_612' title='bbox 3674 1333 3748 1386; x_wconf 73' lang='grc' dir='ltr'>καὶ</span> 
     </span>
    </p>
   </div>
   <div class='ocr_carea' id='block_1_78' title="bbox 2128 1415 3753 1496">
    <p class='ocr_par' dir='ltr' id='par_1_78' title="bbox 2128 1415 3753 1496">
     <span class='ocr_line' id='line_1_78' title="bbox 2128 1415 3753 1496; baseline -0.003 -18"><span class='ocrx_word' id='word_1_613' title='bbox 2128 1424 2334 1496; x_wconf 85' lang='grc' dir='ltr'>Πέτρος</span> <span class='ocrx_word' id='word_1_614' title='bbox 2353 1425 2414 1477; x_wconf 85' lang='grc' dir='ltr'>τὸ</span> <span class='ocrx_word' id='word_1_615' title='bbox 2432 1423 2804 1494; x_wconf 87' lang='grc' dir='ltr'>δεσμωτήριον</span> <span class='ocrx_word' id='word_1_616' title='bbox 2827 1421 3069 1492; x_wconf 86' lang='grc' dir='ltr'>διέφυγε.</span> <span class='ocrx_word' id='word_1_617' title='bbox 3091 1418 3406 1489; x_wconf 78' lang='grc' dir='ltr'>Προσευχὴ</span> <span class='ocrx_word' id='word_1_618' title='bbox 3419 1419 3521 1489; x_wconf 80' lang='grc' dir='ltr'>γὰρ</span> <span class='ocrx_word' id='word_1_619' title='bbox 3540 1415 3608 1490; x_wconf 81' lang='grc' dir='ltr'>ἦν</span> <span class='ocrx_word' id='word_1_620' title='bbox 3624 1420 3753 1473; x_wconf 80' lang='grc' dir='ltr'>ἐκτε-</span> 
     </span>
    </p>
   </div>
   <div class='ocr_carea' id='block_1_79' title="bbox 2129 1506 3751 1581">
    <p class='ocr_par' dir='ltr' id='par_1_79' title="bbox 2129 1506 3751 1581">
     <span class='ocr_line' id='line_1_79' title="bbox 2129 1506 3751 1581; baseline -0.006 -14"><span class='ocrx_word' id='word_1_621' title='bbox 2129 1512 2247 1581; x_wconf 79' lang='grc' dir='ltr'>νὴς</span> <span class='ocrx_word' id='word_1_622' title='bbox 2264 1510 2384 1567; x_wconf 79' lang='grc' dir='ltr'>ὑπὸ</span> <span class='ocrx_word' id='word_1_623' title='bbox 2415 1508 2524 1578; x_wconf 78' lang='grc' dir='ltr'>τῆς</span> <span class='ocrx_word' id='word_1_624' title='bbox 2569 1508 2931 1576; x_wconf 70' lang='grc' dir='ltr'>Ἑκκλησίας</span> <span class='ocrx_word' id='word_1_625' title='bbox 2959 1506 3115 1576; x_wconf 83' lang='grc' dir='ltr'>ὑπὲρ</span> <span class='ocrx_word' id='word_1_626' title='bbox 3135 1506 3324 1561; x_wconf 84' lang='grc' dir='ltr'>αὑτοῦ</span> <span class='ocrx_word' id='word_1_627' title='bbox 3347 1506 3608 1577; x_wconf 73' lang='grc' dir='ltr'>γινομένη</span> <span class='ocrx_word' id='word_1_628' title='bbox 3633 1506 3751 1574; x_wconf 61' lang='grc' dir='ltr'>πρὸς</span> 
     </span>
    </p>
   </div>
   <div class='ocr_carea' id='block_1_80' title="bbox 2130 1594 3756 1669">
    <p class='ocr_par' dir='ltr' id='par_1_80' title="bbox 2130 1594 3756 1669">
     <span class='ocr_line' id='line_1_80' title="bbox 2130 1594 3756 1669; baseline -0.005 -15"><span class='ocrx_word' id='word_1_629' title='bbox 2130 1599 2242 1655; x_wconf 78' lang='grc' dir='ltr'>τὸν</span> <span class='ocrx_word' id='word_1_630' title='bbox 2274 1601 2441 1655; x_wconf 74' lang='grc' dir='ltr'>Θεῶν.</span> <span class='ocrx_word' id='word_1_631' title='bbox 2473 1600 2539 1653; x_wconf 75' lang='lat' dir='ltr'>El</span> <span class='ocrx_word' id='word_1_632' title='bbox 2569 1598 2627 1652; x_wconf 90' lang='grc' dir='ltr'>δέ</span> <span class='ocrx_word' id='word_1_633' title='bbox 2648 1597 2855 1669; x_wconf 87' lang='grc' dir='ltr'>Πέτρον</span> <span class='ocrx_word' id='word_1_634' title='bbox 2884 1594 3040 1668; x_wconf 72' lang='grc'>[470]</span> <span class='ocrx_word' id='word_1_635' title='bbox 3078 1595 3330 1667; x_wconf 78' lang='grc' dir='ltr'>ὠφέλησε</span> <span class='ocrx_word' id='word_1_636' title='bbox 3350 1595 3446 1666; x_wconf 81' lang='grc' dir='ltr'>τῆς</span> <span class='ocrx_word' id='word_1_637' title='bbox 3479 1594 3756 1665; x_wconf 81' lang='grc' dir='ltr'>Ἑκκλησίας</span> 
     </span>
    </p>
   </div>
   <div class='ocr_carea' id='block_1_81' title="bbox 2131 1682 3754 1765">
    <p class='ocr_par' dir='ltr' id='par_1_81' title="bbox 2131 1682 3754 1765">
     <span class='ocr_line' id='line_1_81' title="bbox 2131 1682 3754 1765; baseline -0.008 -18"><span class='ocrx_word' id='word_1_638' title='bbox 2131 1693 2342 1765; x_wconf 77' lang='grc' dir='ltr'>ήιεύχὴ,</span> <span class='ocrx_word' id='word_1_639' title='bbox 2372 1690 2467 1745; x_wconf 74' lang='grc' dir='ltr'>καὶ</span> <span class='ocrx_word' id='word_1_640' title='bbox 2478 1689 2583 1744; x_wconf 77' lang='grc' dir='ltr'>’τὸν</span> <span class='ocrx_word' id='word_1_641' title='bbox 2610 1686 2801 1742; x_wconf 88' lang='grc' dir='ltr'>στῦλον</span> <span class='ocrx_word' id='word_1_642' title='bbox 2824 1688 3033 1742; x_wconf 89' lang='grc' dir='ltr'>ἐκεῖνον</span> <span class='ocrx_word' id='word_1_643' title='bbox 3060 1685 3285 1754; x_wconf 79' lang='grc' dir='ltr'>ἐξέϐαλε</span> <span class='ocrx_word' id='word_1_644' title='bbox 3302 1684 3393 1739; x_wconf 90' lang='grc' dir='ltr'>τοῦ</span> <span class='ocrx_word' id='word_1_645' title='bbox 3410 1682 3754 1754; x_wconf 85' lang='grc' dir='ltr'>δεσμωτηρίου,</span> 
     </span>
    </p>
   </div>
   <div class='ocr_carea' id='block_1_82' title="bbox 2133 1771 3761 1849">
    <p class='ocr_par' dir='ltr' id='par_1_82' title="bbox 2133 1771 3761 1849">
     <span class='ocr_line' id='line_1_82' title="bbox 2133 1771 3761 1849; baseline -0.007 -15"><span class='ocrx_word' id='word_1_646' title='bbox 2133 1779 2254 1844; x_wconf 88' lang='grc' dir='ltr'>πῶς</span> <span class='ocrx_word' id='word_1_647' title='bbox 2287 1780 2353 1832; x_wconf 79' lang='grc' dir='ltr'>σὺ</span> <span class='ocrx_word' id='word_1_648' title='bbox 2393 1779 2762 1849; x_wconf 85' lang='grc' dir='ltr'>καταφρονεῖς</span> <span class='ocrx_word' id='word_1_649' title='bbox 2783 1775 2883 1847; x_wconf 81' lang='grc' dir='ltr'>τῆς</span> <span class='ocrx_word' id='word_1_650' title='bbox 2904 1775 3187 1844; x_wconf 87' lang='grc' dir='ltr'>δυνάμεως</span> <span class='ocrx_word' id='word_1_651' title='bbox 3209 1772 3408 1843; x_wconf 81' lang='grc' dir='ltr'>αὐτῆς,</span> <span class='ocrx_word' id='word_1_652' title='bbox 3432 1772 3546 1824; x_wconf 85' lang='grc' dir='ltr'>εἰπέ</span> <span class='ocrx_word' id='word_1_653' title='bbox 3570 1788 3663 1841; x_wconf 87' lang='grc' dir='ltr'>μοι,</span> <span class='ocrx_word' id='word_1_654' title='bbox 3689 1771 3761 1824; x_wconf 66' lang='grc' dir='ltr'>καὶ</span> 
     </span>
    </p>
   </div>
   <div class='ocr_carea' id='block_1_83' title="bbox 2135 1857 3760 1934">
    <p class='ocr_par' dir='ltr' id='par_1_83' title="bbox 2135 1857 3760 1934">
     <span class='ocr_line' id='line_1_83' title="bbox 2135 1857 3760 1934; baseline -0.008 -11"><span class='ocrx_word' id='word_1_655' title='bbox 2135 1869 2295 1923; x_wconf 81' lang='grc' dir='ltr'>ποίαν</span> <span class='ocrx_word' id='word_1_656' title='bbox 2322 1867 2472 1933; x_wconf 72' lang='grc' dir='ltr'>ἔξεις</span> <span class='ocrx_word' id='word_1_657' title='bbox 2504 1864 2836 1934; x_wconf 90' lang='grc' dir='ltr'>ἀπολογίαν;</span> <span class='ocrx_word' id='word_1_658' title='bbox 2863 1864 3133 1917; x_wconf 72' lang='grc' dir='ltr'>’Ἄκουσον</span> <span class='ocrx_word' id='word_1_659' title='bbox 3176 1862 3272 1915; x_wconf 77' lang='grc' dir='ltr'>καὶ</span> <span class='ocrx_word' id='word_1_660' title='bbox 3311 1858 3476 1913; x_wconf 89' lang='grc' dir='ltr'>αὐτοῦ</span> <span class='ocrx_word' id='word_1_661' title='bbox 3525 1858 3609 1912; x_wconf 88' lang='grc' dir='ltr'>τοῦ</span> <span class='ocrx_word' id='word_1_662' title='bbox 3653 1857 3760 1911; x_wconf 78' lang='grc' dir='ltr'>Θεοῦ</span> 
     </span>
    </p>
   </div>
   <div class='ocr_carea' id='block_1_84' title="bbox 2135 1945 3763 2026">
    <p class='ocr_par' dir='ltr' id='par_1_84' title="bbox 2135 1945 3763 2026">
     <span class='ocr_line' id='line_1_84' title="bbox 2135 1945 3763 2026; baseline -0.007 -16"><span class='ocrx_word' id='word_1_663' title='bbox 2135 1956 2409 2026; x_wconf 89' lang='grc' dir='ltr'>λέγοντος,</span> <span class='ocrx_word' id='word_1_664' title='bbox 2468 1955 2550 2008; x_wconf 82' lang='grc' dir='ltr'>ὅτι</span> <span class='ocrx_word' id='word_1_665' title='bbox 2575 1950 2911 2007; x_wconf 85' lang='grc' dir='ltr'>δυσωπεῖται</span> <span class='ocrx_word' id='word_1_666' title='bbox 2933 1951 2996 2004; x_wconf 88' lang='grc' dir='ltr'>τὸ</span> <span class='ocrx_word' id='word_1_667' title='bbox 3022 1949 3231 2021; x_wconf 83' lang='grc' dir='ltr'>πλῆθος</span> <span class='ocrx_word' id='word_1_668' title='bbox 3261 1948 3378 2021; x_wconf 83' lang='grc' dir='ltr'>μετ’</span> <span class='ocrx_word' id='word_1_669' title='bbox 3407 1948 3607 2010; x_wconf 75' lang='grc' dir='ltr'>εὐνοίας</span> <span class='ocrx_word' id='word_1_670' title='bbox 3632 1945 3763 1999; x_wconf 83' lang='grc' dir='ltr'>αὐτὸν</span> 
     </span>
    </p>
   </div>
   <div class='ocr_carea' id='block_1_85' title="bbox 2138 2033 3764 2116">
    <p class='ocr_par' dir='ltr' id='par_1_85' title="bbox 2138 2033 3764 2116">
     <span class='ocr_line' id='line_1_85' title="bbox 2138 2033 3764 2116; baseline -0.008 -18"><span class='ocrx_word' id='word_1_671' title='bbox 2138 2043 2515 2116; x_wconf 86' lang='grc' dir='ltr'>παρακαλοῦν.</span> <span class='ocrx_word' id='word_1_672' title='bbox 2547 2042 2694 2113; x_wconf 86' lang='grc' dir='ltr'>Πρὸς</span> <span class='ocrx_word' id='word_1_673' title='bbox 2726 2040 2834 2113; x_wconf 85' lang='grc' dir='ltr'>γὰρ</span> <span class='ocrx_word' id='word_1_674' title='bbox 2873 2039 2965 2094; x_wconf 89' lang='grc' dir='ltr'>τὸν</span> <span class='ocrx_word' id='word_1_675' title='bbox 3012 2039 3202 2092; x_wconf 85' lang='grc' dir='ltr'>Ἰωνᾶν</span> <span class='ocrx_word' id='word_1_676' title='bbox 3229 2037 3668 2107; x_wconf 86' lang='grc' dir='ltr'>ἀπολογούμενος,</span> <span class='ocrx_word' id='word_1_677' title='bbox 3695 2033 3764 2087; x_wconf 72' lang='grc' dir='ltr'>διὰ</span> 
     </span>
    </p>
   </div>
   <div class='ocr_carea' id='block_1_86' title="bbox 2136 2120 3767 2202">
    <p class='ocr_par' dir='ltr' id='par_1_86' title="bbox 2136 2120 3767 2202">
     <span class='ocr_line' id='line_1_86' title="bbox 2136 2120 3767 2202; baseline -0.008 -15"><span class='ocrx_word' id='word_1_678' title='bbox 2136 2133 2231 2187; x_wconf 89' lang='grc' dir='ltr'>τοῦ</span> <span class='ocrx_word' id='word_1_679' title='bbox 2264 2131 2431 2202; x_wconf 88' lang='grc' dir='ltr'>φυτοῦ</span> <span class='ocrx_word' id='word_1_680' title='bbox 2465 2131 2565 2201; x_wconf 82' lang='grc' dir='ltr'>τῆς</span> <span class='ocrx_word' id='word_1_681' title='bbox 2600 2128 2952 2200; x_wconf 82' lang='grc' dir='ltr'>κολοκύντης,</span> <span class='ocrx_word' id='word_1_682' title='bbox 2984 2126 3118 2198; x_wconf 88' lang='grc' dir='ltr'>φησί</span> <span class='ocrx_word' id='word_1_683' title='bbox 3140 2144 3153 2157; x_wconf 89' lang='grc'>·</span> <span class='ocrx_word' id='word_1_684' title='bbox 3180 2126 3268 2181; x_wconf 85' lang='grc' dir='ltr'>Σὺ</span> <span class='ocrx_word' id='word_1_685' title='bbox 3287 2125 3403 2195; x_wconf 79' lang='grc' dir='ltr'>μὲν</span> <span class='ocrx_word' id='word_1_686' title='bbox 3428 2125 3632 2195; x_wconf 64' lang='grc' dir='ltr'>ἐφείσω</span> <span class='ocrx_word' id='word_1_687' title='bbox 3646 2120 3767 2189; x_wconf 72' lang='grc' dir='ltr'>ὑπὲρ</span> 
     </span>
    </p>
   </div>
   <div class='ocr_carea' id='block_1_87' title="bbox 2139 2207 3770 2288">
    <p class='ocr_par' dir='ltr' id='par_1_87' title="bbox 2139 2207 3770 2288">
     <span class='ocr_line' id='line_1_87' title="bbox 2139 2207 3770 2288; baseline -0.007 -15"><span class='ocrx_word' id='word_1_688' title='bbox 2139 2218 2250 2288; x_wconf 79' lang='grc' dir='ltr'>τῆς</span> <span class='ocrx_word' id='word_1_689' title='bbox 2278 2218 2675 2283; x_wconf 77' lang='grc' dir='ltr'>κολοκύντης,</span> <span class='ocrx_word' id='word_1_690' title='bbox 2710 2215 2863 2284; x_wconf 84' lang='grc' dir='ltr'>ὑπὲρ</span> <span class='ocrx_word' id='word_1_691' title='bbox 2889 2209 2965 2287; x_wconf 83' lang='grc' dir='ltr'>ἧς</span> <span class='ocrx_word' id='word_1_692' title='bbox 2992 2216 3105 2269; x_wconf 76' lang='grc' dir='ltr'>οὐκ</span> <span class='ocrx_word' id='word_1_693' title='bbox 3156 2212 3631 2279; x_wconf 80' lang='grc' dir='ltr'>ἐκακοπὰθησας,</span> <span class='ocrx_word' id='word_1_694' title='bbox 3658 2207 3770 2262; x_wconf 83' lang='grc' dir='ltr'>οὐδὲ</span> 
     </span>
    </p>
   </div>
   <div class='ocr_carea' id='block_1_88' title="bbox 2140 2295 3770 2375">
    <p class='ocr_par' dir='ltr' id='par_1_88' title="bbox 2140 2295 3770 2375">
     <span class='ocr_line' id='line_1_88' title="bbox 2140 2295 3770 2375; baseline -0.007 -14"><span class='ocrx_word' id='word_1_695' title='bbox 2140 2306 2471 2375; x_wconf 65' lang='grc' dir='ltr'>ἐξέθρεψας</span> <span class='ocrx_word' id='word_1_696' title='bbox 2501 2305 2729 2370; x_wconf 71' lang='grc' dir='ltr'>αὐτὴν·</span> <span class='ocrx_word' id='word_1_697' title='bbox 2767 2304 2884 2374; x_wconf 80' lang='grc' dir='ltr'>ἐγὼ</span> <span class='ocrx_word' id='word_1_698' title='bbox 2911 2301 2979 2355; x_wconf 73' lang='grc' dir='ltr'>δὲ</span> <span class='ocrx_word' id='word_1_699' title='bbox 3006 2302 3080 2356; x_wconf 88' lang='grc' dir='ltr'>οὐ</span> <span class='ocrx_word' id='word_1_700' title='bbox 3114 2301 3405 2371; x_wconf 71' lang='grc' dir='ltr'>φείσομαι</span> <span class='ocrx_word' id='word_1_701' title='bbox 3432 2299 3576 2367; x_wconf 82' lang='grc' dir='ltr'>ὑπὲρ</span> <span class='ocrx_word' id='word_1_702' title='bbox 3602 2295 3770 2352; x_wconf 70' lang='grc' dir='ltr'>Νιγευὶ</span> 
     </span>
    </p>
   </div>
   <div class='ocr_carea' id='block_1_89' title="bbox 2141 2383 3775 2464">
    <p class='ocr_par' dir='ltr' id='par_1_89' title="bbox 2141 2383 3775 2464">
     <span class='ocr_line' id='line_1_89' title="bbox 2141 2383 3775 2464; baseline -0.007 -14"><span class='ocrx_word' id='word_1_703' title='bbox 2141 2395 2253 2464; x_wconf 81' lang='grc' dir='ltr'>τῆς</span> <span class='ocrx_word' id='word_1_704' title='bbox 2286 2392 2525 2460; x_wconf 76' lang='grc' dir='ltr'>’πόλεως</span> <span class='ocrx_word' id='word_1_705' title='bbox 2552 2392 2663 2460; x_wconf 82' lang='grc' dir='ltr'>τῆς</span> <span class='ocrx_word' id='word_1_706' title='bbox 2687 2390 2982 2462; x_wconf 75' lang='grc' dir='ltr'>μεγάλης,</span> <span class='ocrx_word' id='word_1_707' title='bbox 3017 2391 3089 2445; x_wconf 80' lang='grc' dir='ltr'>ἐν</span> <span class='ocrx_word' id='word_1_708' title='bbox 3114 2383 3155 2462; x_wconf 81' lang='grc' dir='ltr'><em>ᾖ</em></span> <span class='ocrx_word' id='word_1_709' title='bbox 3185 2388 3533 2444; x_wconf 81' lang='grc' dir='ltr'>κατοικοῦσι</span> <span class='ocrx_word' id='word_1_710' title='bbox 3566 2387 3775 2450; x_wconf 68' lang='grc' dir='ltr'>πλείους</span> 
     </span>
    </p>
   </div>
   <div class='ocr_carea' id='block_1_90' title="bbox 2142 2472 3774 2551">
    <p class='ocr_par' dir='ltr' id='par_1_90' title="bbox 2142 2472 3774 2551">
     <span class='ocr_line' id='line_1_90' title="bbox 2142 2472 3774 2551; baseline -0.007 -16"><span class='ocrx_word' id='word_1_711' title='bbox 2142 2483 2181 2551; x_wconf 81' lang='grc' dir='ltr'><strong><em>ἣ</em></strong></span> <span class='ocrx_word' id='word_1_712' title='bbox 2226 2480 2456 2535; x_wconf 80' lang='grc' dir='ltr'>δώδεκα</span> <span class='ocrx_word' id='word_1_713' title='bbox 2497 2479 2788 2551; x_wconf 66' lang='grc' dir='ltr'>μιφιάδες</span> <span class='ocrx_word' id='word_1_714' title='bbox 2835 2478 3107 2547; x_wconf 79' lang='grc' dir='ltr'>ἁνδρῶν;</span> <span class='ocrx_word' id='word_1_715' title='bbox 3142 2479 3260 2549; x_wconf 88' lang='grc' dir='ltr'>Οὐχ</span> <span class='ocrx_word' id='word_1_716' title='bbox 3290 2475 3475 2539; x_wconf 84' lang='grc' dir='ltr'>ἁπλῶς</span> <span class='ocrx_word' id='word_1_717' title='bbox 3512 2475 3569 2527; x_wconf 87' lang='grc' dir='ltr'>τὸ</span> <span class='ocrx_word' id='word_1_718' title='bbox 3611 2472 3774 2543; x_wconf 77' lang='grc' dir='ltr'>πλῆθος</span> 
     </span>
    </p>
   </div>
   <div class='ocr_carea' id='block_1_91' title="bbox 2147 2561 3777 2642">
    <p class='ocr_par' dir='ltr' id='par_1_91' title="bbox 2147 2561 3777 2642">
     <span class='ocr_line' id='line_1_91' title="bbox 2147 2561 3777 2642; baseline -0.008 -18"><span class='ocrx_word' id='word_1_719' title='bbox 2147 2568 2538 2642; x_wconf 85' lang='grc' dir='ltr'>προϐάλλεται,</span> <span class='ocrx_word' id='word_1_720' title='bbox 2571 2567 2686 2622; x_wconf 84' lang='grc' dir='ltr'>ἀλλ’</span> <span class='ocrx_word' id='word_1_721' title='bbox 2722 2568 2808 2621; x_wconf 81' lang='grc' dir='ltr'>ἵνα</span> <span class='ocrx_word' id='word_1_722' title='bbox 2841 2568 3042 2639; x_wconf 77' lang='grc' dir='ltr'>μάθῃς,</span> <span class='ocrx_word' id='word_1_723' title='bbox 3087 2566 3171 2621; x_wconf 81' lang='grc' dir='ltr'>δτι</span> <span class='ocrx_word' id='word_1_724' title='bbox 3232 2568 3269 2639; x_wconf 75' lang='grc' dir='ltr'>ἡ</span> <span class='ocrx_word' id='word_1_725' title='bbox 3315 2564 3455 2637; x_wconf 88' lang='grc' dir='ltr'>μετά</span> <span class='ocrx_word' id='word_1_726' title='bbox 3505 2561 3777 2634; x_wconf 83' lang='grc' dir='ltr'>συμφωνίας</span> 
     </span>
    </p>
   </div>
   <div class='ocr_carea' id='block_1_92' title="bbox 2145 2648 3781 2730">
    <p class='ocr_par' dir='ltr' id='par_1_92' title="bbox 2145 2648 3781 2730">
     <span class='ocr_line' id='line_1_92' title="bbox 2145 2648 3781 2730; baseline -0.006 -19"><span class='ocrx_word' id='word_1_727' title='bbox 2145 2659 2281 2730; x_wconf 80' lang='grc' dir='ltr'>εὐχὴ</span> <span class='ocrx_word' id='word_1_728' title='bbox 2311 2657 2556 2729; x_wconf 87' lang='grc' dir='ltr'>μεγάλην</span> <span class='ocrx_word' id='word_1_729' title='bbox 2596 2656 2710 2728; x_wconf 74' lang='grc' dir='ltr'>ἔχει</span> <span class='ocrx_word' id='word_1_730' title='bbox 2750 2656 2850 2727; x_wconf 79' lang='grc' dir='ltr'>τὴν</span> <span class='ocrx_word' id='word_1_731' title='bbox 2883 2655 3131 2727; x_wconf 88' lang='grc' dir='ltr'>δύναμιν.</span> <span class='ocrx_word' id='word_1_732' title='bbox 3166 2655 3345 2708; x_wconf 77' lang='grc' dir='ltr'>Τοῦτο</span> <span class='ocrx_word' id='word_1_733' title='bbox 3394 2654 3489 2707; x_wconf 72' lang='grc' dir='ltr'>καὶ</span> <span class='ocrx_word' id='word_1_734' title='bbox 3530 2651 3584 2718; x_wconf 81' lang='grc' dir='ltr'>ἐξ</span> <span class='ocrx_word' id='word_1_735' title='bbox 3613 2648 3781 2718; x_wconf 83' lang='grc' dir='ltr'>ἀνθρω-</span> 
     </span>
    </p>
   </div>
   <div class='ocr_carea' id='block_1_93' title="bbox 2147 2740 3605 2818">
    <p class='ocr_par' dir='ltr' id='par_1_93' title="bbox 2147 2740 3605 2818">
     <span class='ocr_line' id='line_1_93' title="bbox 2147 2740 3605 2818; baseline -0.005 -18"><span class='ocrx_word' id='word_1_736' title='bbox 2147 2747 2311 2818; x_wconf 89' lang='grc' dir='ltr'>πίνης</span> <span class='ocrx_word' id='word_1_737' title='bbox 2353 2745 2596 2818; x_wconf 88' lang='grc' dir='ltr'>ἱστορίας</span> <span class='ocrx_word' id='word_1_738' title='bbox 2627 2746 2757 2816; x_wconf 90' lang='grc' dir='ltr'>ὑμῖν</span> <span class='ocrx_word' id='word_1_739' title='bbox 2796 2743 3021 2815; x_wconf 82' lang='grc' dir='ltr'>ποιῆσαι</span> <span class='ocrx_word' id='word_1_740' title='bbox 3053 2743 3325 2814; x_wconf 90' lang='grc' dir='ltr'>βούλομαι</span> <span class='ocrx_word' id='word_1_741' title='bbox 3360 2740 3605 2814; x_wconf 83' lang='grc' dir='ltr'>φανερόν.</span> 
     </span>
    </p>
   </div>
   <div class='ocr_carea' id='block_1_94' title="bbox 2218 2822 3784 2905">
    <p class='ocr_par' dir='ltr' id='par_1_94' title="bbox 2218 2822 3784 2905">
     <span class='ocr_line' id='line_1_94' title="bbox 2218 2822 3784 2905; baseline -0.01 -17"><span class='ocrx_word' id='word_1_742' title='bbox 2218 2834 2283 2899; x_wconf 82' lang='grc' dir='ltr'>ζ’.</span> <span class='ocrx_word' id='word_1_743' title='bbox 2325 2834 2439 2905; x_wconf 85' lang='grc' dir='ltr'>Πρὸ</span> <span class='ocrx_word' id='word_1_744' title='bbox 2468 2832 2578 2904; x_wconf 78' lang='grc' dir='ltr'>γάρ</span> <span class='ocrx_word' id='word_1_745' title='bbox 2598 2831 2731 2886; x_wconf 88' lang='grc' dir='ltr'>δέκα</span> <span class='ocrx_word' id='word_1_746' title='bbox 2751 2829 2956 2884; x_wconf 90' lang='grc' dir='ltr'>τούτων</span> <span class='ocrx_word' id='word_1_747' title='bbox 2982 2830 3119 2885; x_wconf 85' lang='grc' dir='ltr'>ἐτῶν</span> <span class='ocrx_word' id='word_1_748' title='bbox 3150 2831 3406 2886; x_wconf 81' lang='grc' dir='ltr'>ἑάλωσαν</span> <span class='ocrx_word' id='word_1_749' title='bbox 3432 2828 3523 2883; x_wconf 83' lang='grc' dir='ltr'>ἐπὶ</span> <span class='ocrx_word' id='word_1_750' title='bbox 3547 2822 3784 2897; x_wconf 82' lang='grc' dir='ltr'>τυραννίδι</span> 
     </span>
    </p>
   </div>
   <div class='ocr_carea' id='block_1_95' title="bbox 2145 2911 3785 2993">
    <p class='ocr_par' dir='ltr' id='par_1_95' title="bbox 2145 2911 3785 2993">
     <span class='ocr_line' id='line_1_95' title="bbox 2145 2911 3785 2993; baseline -0.007 -16"><span class='ocrx_word' id='word_1_751' title='bbox 2145 2924 2311 2989; x_wconf 80' lang='grc' dir='ltr'>τινὲς,</span> <span class='ocrx_word' id='word_1_752' title='bbox 2341 2922 2595 2993; x_wconf 88' lang='grc' dir='ltr'>καθάπερ</span> <span class='ocrx_word' id='word_1_753' title='bbox 2622 2921 2719 2975; x_wconf 76' lang='grc' dir='ltr'>καὶ</span> <span class='ocrx_word' id='word_1_754' title='bbox 2748 2921 2908 2992; x_wconf 81' lang='grc' dir='ltr'>ὑμεῖς</span> <span class='ocrx_word' id='word_1_755' title='bbox 2940 2921 3074 2975; x_wconf 76' lang='grc' dir='ltr'>ἴστε.</span> <span class='ocrx_word' id='word_1_756' title='bbox 3110 2915 3251 2974; x_wconf 74' lang='grc' dir='ltr'>Εἶτα</span> <span class='ocrx_word' id='word_1_757' title='bbox 3281 2919 3393 2973; x_wconf 86' lang='grc' dir='ltr'>τῶν</span> <span class='ocrx_word' id='word_1_758' title='bbox 3417 2921 3474 2972; x_wconf 89' lang='grc' dir='ltr'>ἐν</span> <span class='ocrx_word' id='word_1_759' title='bbox 3502 2911 3785 2983; x_wconf 70' lang='grc' dir='ltr'>δυναστείᾳδ</span> 
     </span>
    </p>
   </div>
   <div class='ocr_carea' id='block_1_96' title="bbox 2146 3003 3787 3081">
    <p class='ocr_par' dir='ltr' id='par_1_96' title="bbox 2146 3003 3787 3081">
     <span class='ocr_line' id='line_1_96' title="bbox 2146 3003 3787 3081; baseline -0.008 -15"><span class='ocrx_word' id='word_1_760' title='bbox 2146 3031 2231 3078; x_wconf 90' lang='grc' dir='ltr'>τις</span> <span class='ocrx_word' id='word_1_761' title='bbox 2259 3012 2428 3067; x_wconf 75' lang='grc' dir='ltr'>ὄντων</span> <span class='ocrx_word' id='word_1_762' title='bbox 2456 3010 2759 3074; x_wconf 84' lang='grc' dir='ltr'>ὑπεύθυνος</span> <span class='ocrx_word' id='word_1_763' title='bbox 2790 3013 2906 3073; x_wconf 88' lang='grc' dir='ltr'>τοῖς</span> <span class='ocrx_word' id='word_1_764' title='bbox 2937 3010 3260 3081; x_wconf 88' lang='grc' dir='ltr'>ἐγκλήμασι</span> <span class='ocrx_word' id='word_1_765' title='bbox 3315 3009 3533 3078; x_wconf 77' lang='grc' dir='ltr'>φανεὶς,</span> <span class='ocrx_word' id='word_1_766' title='bbox 3562 3003 3787 3074; x_wconf 87' lang='grc' dir='ltr'>σπαρτίον</span> 
     </span>
    </p>
   </div>
   <div class='ocr_carea' id='block_1_97' title="bbox 2149 3090 3789 3170">
    <p class='ocr_par' dir='ltr' id='par_1_97' title="bbox 2149 3090 3789 3170">
     <span class='ocr_line' id='line_1_97' title="bbox 2149 3090 3789 3170; baseline -0.007 -15"><span class='ocrx_word' id='word_1_767' title='bbox 2149 3102 2243 3155; x_wconf 76' lang='grc' dir='ltr'>ἐπὶ</span> <span class='ocrx_word' id='word_1_768' title='bbox 2264 3101 2358 3155; x_wconf 90' lang='grc' dir='ltr'>τοῦ</span> <span class='ocrx_word' id='word_1_769' title='bbox 2389 3100 2661 3170; x_wconf 86' lang='grc' dir='ltr'>στόματος</span> <span class='ocrx_word' id='word_1_770' title='bbox 2685 3098 2889 3164; x_wconf 88' lang='grc' dir='ltr'>λαϐὼν,</span> <span class='ocrx_word' id='word_1_771' title='bbox 2922 3098 3153 3170; x_wconf 79' lang='grc' dir='ltr'>ἐξήγετο</span> <span class='ocrx_word' id='word_1_772' title='bbox 3178 3098 3282 3170; x_wconf 84' lang='grc' dir='ltr'>τὴν</span> <span class='ocrx_word' id='word_1_773' title='bbox 3313 3097 3410 3151; x_wconf 72' lang='grc' dir='ltr'>ἐπὶ</span> <span class='ocrx_word' id='word_1_774' title='bbox 3435 3095 3653 3150; x_wconf 82' lang='grc' dir='ltr'>θάνατον</span> <span class='ocrx_word' id='word_1_775' title='bbox 3678 3090 3789 3145; x_wconf 77' lang='grc' dir='ltr'>ὁδόν.</span> 
     </span>
    </p>
   </div>
   <div class='ocr_carea' id='block_1_98' title="bbox 2149 3179 3794 3262">
    <p class='ocr_par' dir='ltr' id='par_1_98' title="bbox 2149 3179 3794 3262">
     <span class='ocr_line' id='line_1_98' title="bbox 2149 3179 3794 3262; baseline -0.009 -18"><span class='ocrx_word' id='word_1_776' title='bbox 2149 3191 2287 3244; x_wconf 84' lang='grc' dir='ltr'>Τότε</span> <span class='ocrx_word' id='word_1_777' title='bbox 2321 3189 2386 3262; x_wconf 82' lang='grc' dir='ltr'>δὴ</span> <span class='ocrx_word' id='word_1_778' title='bbox 2431 3191 2580 3243; x_wconf 81' lang='grc' dir='ltr'>πᾶσα</span> <span class='ocrx_word' id='word_1_779' title='bbox 2610 3191 2643 3260; x_wconf 82' lang='grc' dir='ltr'>ἡ</span> <span class='ocrx_word' id='word_1_780' title='bbox 2680 3188 2837 3252; x_wconf 89' lang='grc' dir='ltr'>πόλις</span> <span class='ocrx_word' id='word_1_781' title='bbox 2875 3188 2968 3241; x_wconf 79' lang='grc' dir='ltr'>ἐπὶ</span> <span class='ocrx_word' id='word_1_782' title='bbox 2997 3187 3088 3240; x_wconf 86' lang='grc' dir='ltr'>τὸν</span> <span class='ocrx_word' id='word_1_783' title='bbox 3134 3187 3477 3259; x_wconf 74' lang='grc' dir='ltr'>ἱππόδρομον</span> <span class='ocrx_word' id='word_1_784' title='bbox 3503 3184 3693 3255; x_wconf 82' lang='grc' dir='ltr'>ἔτρεχε,</span> <span class='ocrx_word' id='word_1_785' title='bbox 3720 3179 3794 3233; x_wconf 72' lang='grc' dir='ltr'>καὶ</span> 
     </span>
    </p>
   </div>
   <div class='ocr_carea' id='block_1_99' title="bbox 2149 3268 3796 3349">
    <p class='ocr_par' dir='ltr' id='par_1_99' title="bbox 2149 3268 3796 3349">
     <span class='ocr_line' id='line_1_99' title="bbox 2149 3268 3796 3349; baseline -0.003 -16"><span class='ocrx_word' id='word_1_786' title='bbox 2149 3279 2279 3343; x_wconf 80' lang='grc' dir='ltr'>τοὺς</span> <span class='ocrx_word' id='word_1_787' title='bbox 2306 3282 2370 3333; x_wconf 86' lang='grc' dir='ltr'>ἐκ</span> <span class='ocrx_word' id='word_1_788' title='bbox 2399 3278 2511 3332; x_wconf 86' lang='grc' dir='ltr'>τῶν</span> <span class='ocrx_word' id='word_1_789' title='bbox 2556 3277 2941 3349; x_wconf 81' lang='grc' dir='ltr'>ἐργαστηρίων</span> <span class='ocrx_word' id='word_1_790' title='bbox 2972 3275 3192 3347; x_wconf 78' lang='grc' dir='ltr'>ἐξῆγον,</span> <span class='ocrx_word' id='word_1_791' title='bbox 3231 3276 3334 3329; x_wconf 78' lang='grc' dir='ltr'>καὶ</span> <span class='ocrx_word' id='word_1_792' title='bbox 3363 3278 3519 3346; x_wconf 83' lang='grc' dir='ltr'>κοινῇ</span> <span class='ocrx_word' id='word_1_793' title='bbox 3553 3274 3651 3336; x_wconf 77' lang='grc' dir='ltr'>πᾶς</span> <span class='ocrx_word' id='word_1_794' title='bbox 3680 3268 3796 3338; x_wconf 58' lang='lat'>65?}-</span> 
     </span>
    </p>
   </div>
   <div class='ocr_carea' id='block_1_100' title="bbox 2155 3356 3798 3438">
    <p class='ocr_par' dir='ltr' id='par_1_100' title="bbox 2155 3356 3798 3438">
     <span class='ocr_line' id='line_1_100' title="bbox 2155 3356 3798 3438; baseline -0.007 -19"><span class='ocrx_word' id='word_1_795' title='bbox 2155 3383 2255 3438; x_wconf 93' lang='grc' dir='ltr'>μος</span> <span class='ocrx_word' id='word_1_796' title='bbox 2284 3363 2525 3420; x_wconf 87' lang='grc' dir='ltr'>ἀνελθὼν</span> <span class='ocrx_word' id='word_1_797' title='bbox 2558 3365 2838 3436; x_wconf 79' lang='grc' dir='ltr'>ἐξήρπασε</span> <span class='ocrx_word' id='word_1_798' title='bbox 2855 3363 2955 3433; x_wconf 78' lang='grc' dir='ltr'>τῆς</span> <span class='ocrx_word' id='word_1_799' title='bbox 2986 3362 3282 3435; x_wconf 80' lang='grc' dir='ltr'>βασιλικῆς</span> <span class='ocrx_word' id='word_1_800' title='bbox 3311 3362 3485 3434; x_wconf 82' lang='grc' dir='ltr'>ὀργῆς</span> <span class='ocrx_word' id='word_1_801' title='bbox 3513 3361 3599 3414; x_wconf 87' lang='grc' dir='ltr'>τὸν</span> <span class='ocrx_word' id='word_1_802' title='bbox 3614 3356 3798 3438; x_wconf 82' lang='grc' dir='ltr'>καταδι-</span> 
     </span>
    </p>
   </div>
   <div class='ocr_carea' id='block_1_101' title="bbox 2152 3436 3799 3525">
    <p class='ocr_par' dir='ltr' id='par_1_101' title="bbox 2152 3436 3799 3525">
     <span class='ocr_line' id='line_1_101' title="bbox 2152 3436 3799 3525; baseline -0.007 -16"><span class='ocrx_word' id='word_1_803' title='bbox 2152 3436 2447 3518; x_wconf 87' lang='grc' dir='ltr'>κασθέντα,</span> <span class='ocrx_word' id='word_1_804' title='bbox 2479 3453 2576 3507; x_wconf 80' lang='grc' dir='ltr'>καὶ</span> <span class='ocrx_word' id='word_1_805' title='bbox 2624 3452 2885 3525; x_wconf 80' lang='grc' dir='ltr'>οὐδεμιᾶς</span> <span class='ocrx_word' id='word_1_806' title='bbox 2930 3452 3081 3519; x_wconf 79' lang='grc' dir='ltr'>ἀξιον</span> <span class='ocrx_word' id='word_1_807' title='bbox 3136 3452 3273 3505; x_wconf 76' lang='grc' dir='ltr'>ὄντα</span> <span class='ocrx_word' id='word_1_808' title='bbox 3323 3436 3799 3520; x_wconf 71' lang='grc' dir='ltr'>συγγνώμης.Ἐίτα</span> 
     </span>
    </p>
   </div>
   <div class='ocr_carea' id='block_1_102' title="bbox 2154 3536 3801 3615">
    <p class='ocr_par' dir='ltr' id='par_1_102' title="bbox 2154 3536 3801 3615">
     <span class='ocr_line' id='line_1_102' title="bbox 2154 3536 3801 3615; baseline -0.007 -18"><span class='ocrx_word' id='word_1_809' title='bbox 2154 3542 2420 3615; x_wconf 84' lang='grc' dir='ltr'>βασιλέως</span> <span class='ocrx_word' id='word_1_810' title='bbox 2479 3544 2577 3614; x_wconf 80' lang='grc' dir='ltr'>μὲν</span> <span class='ocrx_word' id='word_1_811' title='bbox 2623 3542 2796 3615; x_wconf 81' lang='grc' dir='ltr'>ὀργὴν</span> <span class='ocrx_word' id='word_1_812' title='bbox 2846 3540 3089 3610; x_wconf 83' lang='grc' dir='ltr'>ἐπιγείου</span> <span class='ocrx_word' id='word_1_813' title='bbox 3140 3540 3460 3594; x_wconf 90' lang='grc' dir='ltr'>καταλῦσαι</span> <span class='ocrx_word' id='word_1_814' title='bbox 3508 3536 3801 3609; x_wconf 83' lang='grc' dir='ltr'>βουλόμενοι,</span> 
     </span>
    </p>
   </div>
   <div class='ocr_carea' id='block_1_103' title="bbox 2157 3618 3801 3703">
    <p class='ocr_par' dir='ltr' id='par_1_103' title="bbox 2157 3618 3801 3703">
     <span class='ocr_line' id='line_1_103' title="bbox 2157 3618 3801 3703; baseline -0.007 -18"><span class='ocrx_word' id='word_1_815' title='bbox 2157 3630 2295 3703; x_wconf 89' lang='grc' dir='ltr'>μετά</span> <span class='ocrx_word' id='word_1_816' title='bbox 2324 3631 2530 3685; x_wconf 89' lang='grc' dir='ltr'>παίδων</span> <span class='ocrx_word' id='word_1_817' title='bbox 2560 3631 2655 3684; x_wconf 74' lang='grc' dir='ltr'>καὶ</span> <span class='ocrx_word' id='word_1_818' title='bbox 2685 3629 2962 3700; x_wconf 89' lang='grc' dir='ltr'>γυναικῶν</span> <span class='ocrx_word' id='word_1_819' title='bbox 3006 3627 3373 3700; x_wconf 84' lang='grc' dir='ltr'>συνετρέχετε</span> <span class='ocrx_word' id='word_1_820' title='bbox 3405 3626 3622 3689; x_wconf 84' lang='grc' dir='ltr'>πάντες,</span> <span class='ocrx_word' id='word_1_821' title='bbox 3651 3622 3731 3676; x_wconf 85' lang='grc' dir='ltr'>τὸν</span> <span class='ocrx_word' id='word_1_822' title='bbox 3756 3618 3801 3672; x_wconf 78' lang='grc' dir='ltr'>δὲ</span> 
     </span>
    </p>
   </div>
   <div class='ocr_carea' id='block_1_104' title="bbox 2152 3709 3807 3791">
    <p class='ocr_par' dir='ltr' id='par_1_104' title="bbox 2152 3709 3807 3791">
     <span class='ocr_line' id='line_1_104' title="bbox 2152 3709 3807 3791; baseline -0.007 -17"><span class='ocrx_word' id='word_1_823' title='bbox 2152 3720 2263 3774; x_wconf 90' lang='grc' dir='ltr'>τῶν</span> <span class='ocrx_word' id='word_1_824' title='bbox 2319 3719 2568 3791; x_wconf 78' lang='grc' dir='ltr'>οὐρανῶν</span> <span class='ocrx_word' id='word_1_825' title='bbox 2621 3718 2846 3791; x_wconf 82' lang='grc' dir='ltr'>βασιλέα</span> <span class='ocrx_word' id='word_1_826' title='bbox 2905 3717 3200 3789; x_wconf 86' lang='grc' dir='ltr'>μέλλοντες</span> <span class='ocrx_word' id='word_1_827' title='bbox 3252 3717 3387 3770; x_wconf 82' lang='grc' dir='ltr'>ἵλεω</span> <span class='ocrx_word' id='word_1_828' title='bbox 3431 3715 3687 3784; x_wconf 85' lang='grc' dir='ltr'>ποιήσειν,</span> <span class='ocrx_word' id='word_1_829' title='bbox 3732 3709 3807 3762; x_wconf 75' lang='grc' dir='ltr'>καὶ</span> 
     </span>
    </p>
   </div>
   <div class='ocr_carea' id='block_1_105' title="bbox 2156 3793 3803 3876">
    <p class='ocr_par' dir='ltr' id='par_1_105' title="bbox 2156 3793 3803 3876">
     <span class='ocr_line' id='line_1_105' title="bbox 2156 3793 3803 3876; baseline -0.003 -18"><span class='ocrx_word' id='word_1_830' title='bbox 2156 3804 2489 3876; x_wconf 80' lang='grc' dir='ltr'>ἐξαρπάσειν</span> <span class='ocrx_word' id='word_1_831' title='bbox 2538 3803 2638 3874; x_wconf 79' lang='grc' dir='ltr'>τῆς</span> <span class='ocrx_word' id='word_1_832' title='bbox 2686 3801 2856 3874; x_wconf 82' lang='grc' dir='ltr'>ὀργῆς</span> <span class='ocrx_word' id='word_1_833' title='bbox 2915 3800 3081 3855; x_wconf 88' lang='grc' dir='ltr'>αὐτοῦ</span> <span class='ocrx_word' id='word_1_834' title='bbox 3127 3801 3234 3872; x_wconf 87' lang='grc' dir='ltr'>οὐχ</span> <span class='ocrx_word' id='word_1_835' title='bbox 3277 3800 3379 3854; x_wconf 72' lang='grc' dir='ltr'>ἕνα</span> <span class='ocrx_word' id='word_1_836' title='bbox 3418 3798 3664 3863; x_wconf 86' lang='grc' dir='ltr'>καθάπερ</span> <span class='ocrx_word' id='word_1_837' title='bbox 3690 3793 3803 3853; x_wconf 67' lang='grc' dir='ltr'>τότε.</span> 
     </span>
    </p>
   </div>
   <div class='ocr_carea' id='block_1_106' title="bbox 2154 3877 3809 3964">
    <p class='ocr_par' dir='ltr' id='par_1_106' title="bbox 2154 3877 3809 3964">
     <span class='ocr_line' id='line_1_106' title="bbox 2154 3877 3809 3964; baseline -0.007 -18"><span class='ocrx_word' id='word_1_838' title='bbox 2154 3893 2276 3947; x_wconf 87' lang='grc' dir='ltr'>οὐδέ</span> <span class='ocrx_word' id='word_1_839' title='bbox 2304 3892 2397 3945; x_wconf 88' lang='grc' dir='ltr'>δύο</span> <span class='ocrx_word' id='word_1_840' title='bbox 2427 3892 2521 3946; x_wconf 76' lang='grc' dir='ltr'>καὶ</span> <span class='ocrx_word' id='word_1_841' title='bbox 2550 3893 2703 3964; x_wconf 85' lang='grc' dir='ltr'>τρεῖς</span> <span class='ocrx_word' id='word_1_842' title='bbox 2738 3891 2834 3944; x_wconf 79' lang='grc' dir='ltr'>καὶ</span> <span class='ocrx_word' id='word_1_843' title='bbox 2881 3889 3098 3954; x_wconf 86' lang='grc' dir='ltr'>ἐκατὸν,</span> <span class='ocrx_word' id='word_1_844' title='bbox 3132 3888 3282 3943; x_wconf 86' lang='grc' dir='ltr'>ἀλλά</span> <span class='ocrx_word' id='word_1_845' title='bbox 3314 3889 3530 3950; x_wconf 85' lang='grc' dir='ltr'>πάντας</span> <span class='ocrx_word' id='word_1_846' title='bbox 3556 3884 3675 3946; x_wconf 79' lang='grc' dir='ltr'>τοὺς</span> <span class='ocrx_word' id='word_1_847' title='bbox 3695 3877 3809 3935; x_wconf 74' lang='grc' dir='ltr'>κατὰ</span> 
     </span>
    </p>
   </div>
   <div class='ocr_carea' id='block_1_107' title="bbox 2152 3969 3809 4052">
    <p class='ocr_par' dir='ltr' id='par_1_107' title="bbox 2152 3969 3809 4052">
     <span class='ocr_line' id='line_1_107' title="bbox 2152 3969 3809 4052; baseline -0.004 -17"><span class='ocrx_word' id='word_1_848' title='bbox 2152 3982 2254 4052; x_wconf 79' lang='grc' dir='ltr'>τὴν</span> <span class='ocrx_word' id='word_1_849' title='bbox 2299 3980 2627 4052; x_wconf 74' lang='grc' dir='ltr'>οἰκουμένην</span> <span class='ocrx_word' id='word_1_850' title='bbox 2678 3977 3039 4051; x_wconf 78' lang='grc' dir='ltr'>ἁμαρτωλοὺς</span> <span class='ocrx_word' id='word_1_851' title='bbox 3063 4017 3079 4044; x_wconf 90' lang='grc'>,</span> <span class='ocrx_word' id='word_1_852' title='bbox 3134 3979 3234 4031; x_wconf 76' lang='grc' dir='ltr'>καὶ</span> <span class='ocrx_word' id='word_1_853' title='bbox 3288 3977 3422 4039; x_wconf 79' lang='grc' dir='ltr'>τοὺς</span> <span class='ocrx_word' id='word_1_854' title='bbox 3478 3969 3809 4044; x_wconf 69' lang='grc' dir='ltr'>δαιμονῶντῖιις</span> 
     </span>
    </p>
   </div>
   <div class='ocr_carea' id='block_1_108' title="bbox 2155 4056 3808 4140">
    <p class='ocr_par' dir='ltr' id='par_1_108' title="bbox 2155 4056 3808 4140">
     <span class='ocr_line' id='line_1_108' title="bbox 2155 4056 3808 4140; baseline -0.01 -15"><span class='ocrx_word' id='word_1_855' title='bbox 2155 4070 2517 4125; x_wconf 87' lang='grc' dir='ltr'>ἀπαλλάττειν</span> <span class='ocrx_word' id='word_1_856' title='bbox 2532 4069 2634 4140; x_wconf 80' lang='grc' dir='ltr'>τῆς</span> <span class='ocrx_word' id='word_1_857' title='bbox 2655 4067 2750 4121; x_wconf 88' lang='grc' dir='ltr'>τοῦ</span> <span class='ocrx_word' id='word_1_858' title='bbox 2770 4065 3018 4121; x_wconf 86' lang='grc' dir='ltr'>διαϐόλου</span> <span class='ocrx_word' id='word_1_859' title='bbox 3044 4066 3285 4134; x_wconf 87' lang='grc' dir='ltr'>παγίδος</span> <span class='ocrx_word' id='word_1_860' title='bbox 3303 4076 3356 4132; x_wconf 76' lang='grc' dir='ltr'>ε,</span> <span class='ocrx_word' id='word_1_861' title='bbox 3387 4063 3496 4130; x_wconf 72' lang='grc' dir='ltr'>ἔξω</span> <span class='ocrx_word' id='word_1_862' title='bbox 3527 4056 3808 4125; x_wconf 77' lang='grc' dir='ltr'>καθέζεσθε,</span> 
     </span>
    </p>
   </div>
   <div class='ocr_carea' id='block_1_109' title="bbox 2155 4151 3812 4228">
    <p class='ocr_par' dir='ltr' id='par_1_109' title="bbox 2155 4151 3812 4228">
     <span class='ocr_line' id='line_1_109' title="bbox 2155 4151 3812 4228; baseline -0.01 -14"><span class='ocrx_word' id='word_1_863' title='bbox 2155 4162 2251 4214; x_wconf 72' lang='grc' dir='ltr'>καὶ</span> <span class='ocrx_word' id='word_1_864' title='bbox 2277 4160 2335 4214; x_wconf 90' lang='grc' dir='ltr'>οὐ</span> <span class='ocrx_word' id='word_1_865' title='bbox 2368 4176 2495 4212; x_wconf 89' lang='grc' dir='ltr'>συντ</span> <span class='ocrx_word' id='word_1_866' title='bbox 2505 4157 2691 4228; x_wconf 87' lang='grc' dir='ltr'>ρέχετε</span> <span class='ocrx_word' id='word_1_867' title='bbox 2718 4154 2873 4225; x_wconf 83' lang='grc' dir='ltr'>κοινῇ</span> <span class='ocrx_word' id='word_1_868' title='bbox 2905 4153 3126 4219; x_wconf 88' lang='grc' dir='ltr'>πάντες,</span> <span class='ocrx_word' id='word_1_869' title='bbox 3145 4154 3239 4208; x_wconf 80' lang='grc' dir='ltr'>ῖνα</span> <span class='ocrx_word' id='word_1_870' title='bbox 3270 4156 3301 4209; x_wconf 88' lang='grc' dir='ltr'>ό</span> <span class='ocrx_word' id='word_1_871' title='bbox 3331 4152 3471 4216; x_wconf 84' lang='grc' dir='ltr'>Θεὸς</span> <span class='ocrx_word' id='word_1_872' title='bbox 3494 4151 3593 4223; x_wconf 82' lang='grc' dir='ltr'>τὴν</span> <span class='ocrx_word' id='word_1_873' title='bbox 3619 4164 3812 4219; x_wconf 75' lang='grc' dir='ltr'>συμφω-</span> 
     </span>
    </p>
   </div>
   <div class='ocr_carea' id='block_1_110' title="bbox 2156 4231 3813 4317">
    <p class='ocr_par' dir='ltr' id='par_1_110' title="bbox 2156 4231 3813 4317">
     <span class='ocr_line' id='line_1_110' title="bbox 2156 4231 3813 4317; baseline -0.009 -16"><span class='ocrx_word' id='word_1_874' title='bbox 2156 4247 2274 4301; x_wconf 88' lang='grc' dir='ltr'>νίαν</span> <span class='ocrx_word' id='word_1_875' title='bbox 2305 4243 2459 4317; x_wconf 89' lang='grc' dir='ltr'>ὑμῶν</span> <span class='ocrx_word' id='word_1_876' title='bbox 2499 4243 2788 4309; x_wconf 72' lang='grc' dir='ltr'>αἰδεσθεὶς,</span> <span class='ocrx_word' id='word_1_877' title='bbox 2831 4243 3110 4306; x_wconf 90' lang='grc' dir='ltr'>κάκείνοις</span> <span class='ocrx_word' id='word_1_878' title='bbox 3148 4242 3271 4313; x_wconf 81' lang='grc' dir='ltr'>ἀφῇ</span> <span class='ocrx_word' id='word_1_879' title='bbox 3324 4242 3431 4314; x_wconf 78' lang='grc' dir='ltr'>τὴν</span> <span class='ocrx_word' id='word_1_880' title='bbox 3484 4231 3813 4303; x_wconf 32' lang='grc' dir='ltr'>κόλασιν.,κα“ι</span> 
     </span>
    </p>
   </div>
   <div class='ocr_carea' id='block_1_111' title="bbox 2158 4322 3813 4406">
    <p class='ocr_par' dir='ltr' id='par_1_111' title="bbox 2158 4322 3813 4406">
     <span class='ocr_line' id='line_1_111' title="bbox 2158 4322 3813 4406; baseline -0.004 -17"><span class='ocrx_word' id='word_1_881' title='bbox 2158 4336 2285 4406; x_wconf 91' lang='grc' dir='ltr'>ὑμῖν</span> <span class='ocrx_word' id='word_1_882' title='bbox 2320 4332 2757 4405; x_wconf 81' lang='grc' dir='ltr'>συγχωρήσῃ’τὰ</span> <span class='ocrx_word' id='word_1_883' title='bbox 2785 4331 3202 4402; x_wconf 84' lang='grc' dir='ltr'>ἀμαρτήματα;</span> <span class='ocrx_word' id='word_1_884' title='bbox 3238 4330 3311 4384; x_wconf 85' lang='grc' dir='ltr'>Εἰ</span> <span class='ocrx_word' id='word_1_885' title='bbox 3374 4330 3488 4400; x_wconf 82' lang='grc' dir='ltr'>γάρ</span> <span class='ocrx_word' id='word_1_886' title='bbox 3519 4326 3607 4381; x_wconf 88' lang='grc' dir='ltr'>ἐπ’</span> <span class='ocrx_word' id='word_1_887' title='bbox 3645 4322 3813 4393; x_wconf 69' lang='grc' dir='ltr'>ἀγορᾶς</span> 
     </span>
    </p>
   </div>
   <div class='ocr_carea' id='block_1_112' title="bbox 2154 4409 3812 4494">
    <p class='ocr_par' dir='ltr' id='par_1_112' title="bbox 2154 4409 3812 4494">
     <span class='ocr_line' id='line_1_112' title="bbox 2154 4409 3812 4494; baseline -0.009 -17"><span class='ocrx_word' id='word_1_888' title='bbox 2154 4424 2339 4494; x_wconf 75' lang='grc' dir='ltr'>τύχοις</span> <span class='ocrx_word' id='word_1_889' title='bbox 2361 4421 2436 4475; x_wconf 84' lang='grc' dir='ltr'>ὣν</span> <span class='ocrx_word' id='word_1_890' title='bbox 2474 4420 2619 4475; x_wconf 86' lang='grc' dir='ltr'>κατά</span> <span class='ocrx_word' id='word_1_891' title='bbox 2663 4419 2753 4473; x_wconf 92' lang='grc' dir='ltr'>τὸν</span> <span class='ocrx_word' id='word_1_892' title='bbox 2788 4417 2981 4490; x_wconf 88' lang='grc' dir='ltr'>καιρὸν</span> <span class='ocrx_word' id='word_1_893' title='bbox 3019 4419 3260 4481; x_wconf 89' lang='grc' dir='ltr'>ἐκεῖνον,</span> <span class='ocrx_word' id='word_1_894' title='bbox 3294 4417 3349 4470; x_wconf 89' lang='grc' dir='ltr'>εἰ</span> <span class='ocrx_word' id='word_1_895' title='bbox 3388 4416 3503 4489; x_wconf 84' lang='grc' dir='ltr'>γὰρ</span> <span class='ocrx_word' id='word_1_896' title='bbox 3529 4415 3620 4468; x_wconf 76' lang='grc' dir='ltr'>ἐπὶ</span> <span class='ocrx_word' id='word_1_897' title='bbox 3645 4412 3731 4483; x_wconf 82' lang='grc' dir='ltr'>τῆς</span> <span class='ocrx_word' id='word_1_898' title='bbox 3752 4409 3812 4461; x_wconf 78' lang='grc' dir='ltr'>οίο</span> 
     </span>
    </p>
   </div>
   <div class='ocr_carea' id='block_1_113' title="bbox 2159 4497 3815 4581">
    <p class='ocr_par' dir='ltr' id='par_1_113' title="bbox 2159 4497 3815 4581">
     <span class='ocr_line' id='line_1_113' title="bbox 2159 4497 3815 4581; baseline -0.005 -16"><span class='ocrx_word' id='word_1_899' title='bbox 2159 4511 2302 4577; x_wconf 90' lang='grc' dir='ltr'>κίας,</span> <span class='ocrx_word' id='word_1_900' title='bbox 2339 4512 2388 4564; x_wconf 91' lang='grc' dir='ltr'>εἰ</span> <span class='ocrx_word' id='word_1_901' title='bbox 2416 4508 2527 4581; x_wconf 83' lang='grc' dir='ltr'>γάρ</span> <span class='ocrx_word' id='word_1_902' title='bbox 2556 4511 2616 4562; x_wconf 90' lang='grc' dir='ltr'>ἐν</span> <span class='ocrx_word' id='word_1_903' title='bbox 2658 4509 3055 4579; x_wconf 86' lang='grc' dir='ltr'>ἀπαραιτήτοις</span> <span class='ocrx_word' id='word_1_904' title='bbox 3108 4504 3476 4577; x_wconf 87' lang='grc' dir='ltr'>πράγμασιν,</span> <span class='ocrx_word' id='word_1_905' title='bbox 3508 4502 3627 4573; x_wconf 85' lang='grc' dir='ltr'>οὐχὶ</span> <span class='ocrx_word' id='word_1_906' title='bbox 3655 4497 3815 4557; x_wconf 69' lang='grc' dir='ltr'>παντὸς</span> 
     </span>
    </p>
   </div>
   <div class='ocr_carea' id='block_1_114' title="bbox 2158 4582 3816 4667">
    <p class='ocr_par' dir='ltr' id='par_1_114' title="bbox 2158 4582 3816 4667">
     <span class='ocr_line' id='line_1_114' title="bbox 2158 4582 3816 4667; baseline -0.008 -15"><span class='ocrx_word' id='word_1_907' title='bbox 2158 4599 2372 4662; x_wconf 90' lang='grc' dir='ltr'>λέοντος</span> <span class='ocrx_word' id='word_1_908' title='bbox 2407 4596 2765 4667; x_wconf 85' lang='grc' dir='ltr'>σφοδρότερον</span> <span class='ocrx_word' id='word_1_909' title='bbox 2804 4593 3022 4649; x_wconf 70' lang='grc' dir='ltr'>ἅπαντα</span> <span class='ocrx_word' id='word_1_910' title='bbox 3051 4592 3371 4665; x_wconf 75' lang='grc' dir='ltr'>διαρρήξας</span> <span class='ocrx_word' id='word_1_911' title='bbox 3410 4591 3485 4645; x_wconf 81' lang='grc' dir='ltr'>τὰ</span> <span class='ocrx_word' id='word_1_912' title='bbox 3522 4587 3692 4660; x_wconf 90' lang='grc' dir='ltr'>δεσμά</span> <span class='ocrx_word' id='word_1_913' title='bbox 3711 4582 3816 4655; x_wconf 70' lang='grc' dir='ltr'>πρὸς</span> 
     </span>
    </p>
   </div>
   <div class='ocr_carea' id='block_1_115' title="bbox 2158 4678 3817 4760">
    <p class='ocr_par' dir='ltr' id='par_1_115' title="bbox 2158 4678 3817 4760">
     <span class='ocr_line' id='line_1_115' title="bbox 2158 4678 3817 4760; baseline -0.007 -20"><span class='ocrx_word' id='word_1_914' title='bbox 2158 4688 2260 4760; x_wconf 82' lang='grc' dir='ltr'>τὴν</span> <span class='ocrx_word' id='word_1_915' title='bbox 2291 4686 2476 4755; x_wconf 82' lang='grc' dir='ltr'>κοινὴν</span> <span class='ocrx_word' id='word_1_916' title='bbox 2525 4682 2805 4755; x_wconf 81' lang='grc' dir='ltr'>ἱκετηρίαν</span> <span class='ocrx_word' id='word_1_917' title='bbox 2832 4681 3268 4752; x_wconf 62' lang='grc' dir='ltr'>αὐτομολήσειςς</span> <span class='ocrx_word' id='word_1_918' title='bbox 3300 4681 3481 4735; x_wconf 85' lang='grc' dir='ltr'>Ποίαν</span> <span class='ocrx_word' id='word_1_919' title='bbox 3516 4678 3657 4745; x_wconf 72' lang='grc' dir='ltr'>ἔξεις</span> <span class='ocrx_word' id='word_1_920' title='bbox 3686 4689 3817 4760; x_wconf 68' lang='lat' dir='ltr'>60m;-</span> 
     </span>
    </p>
   </div>
   <div class='ocr_carea' id='block_1_116' title="bbox 2165 4759 3817 4843">
    <p class='ocr_par' dir='ltr' id='par_1_116' title="bbox 2165 4759 3817 4843">
     <span class='ocr_line' id='line_1_116' title="bbox 2165 4759 3817 4843; baseline -0.007 -20"><span class='ocrx_word' id='word_1_921' title='bbox 2165 4771 2286 4843; x_wconf 91' lang='grc' dir='ltr'>ρίας</span> <span class='ocrx_word' id='word_1_922' title='bbox 2316 4768 2526 4831; x_wconf 86' lang='grc' dir='ltr'>ἐλπίδα,</span> <span class='ocrx_word' id='word_1_923' title='bbox 2561 4767 2682 4820; x_wconf 89' lang='grc' dir='ltr'>εἰπέ</span> <span class='ocrx_word' id='word_1_924' title='bbox 2714 4784 2826 4838; x_wconf 92' lang='grc' dir='ltr'>μοι.</span> <span class='ocrx_word' id='word_1_925' title='bbox 2860 4764 3002 4819; x_wconf 86' lang='grc' dir='ltr'>κατὰ</span> <span class='ocrx_word' id='word_1_926' title='bbox 3053 4764 3145 4818; x_wconf 86' lang='grc' dir='ltr'>τὸν</span> <span class='ocrx_word' id='word_1_927' title='bbox 3199 4765 3410 4833; x_wconf 84' lang='grc' dir='ltr'>καιρὸν</span> <span class='ocrx_word' id='word_1_928' title='bbox 3448 4765 3675 4823; x_wconf 83' lang='grc' dir='ltr'>ἐκεῖνον,</span> <span class='ocrx_word' id='word_1_929' title='bbox 3713 4759 3817 4822; x_wconf 74' lang='grc' dir='ltr'>ἁγα-</span> 
     </span>
    </p>
   </div>
   <div class='ocr_carea' id='block_1_117' title="bbox 2162 4844 3819 4929">
    <p class='ocr_par' dir='ltr' id='par_1_117' title="bbox 2162 4844 3819 4929">
     <span class='ocr_line' id='line_1_117' title="bbox 2162 4844 3819 4929; baseline -0.008 -18"><span class='ocrx_word' id='word_1_930' title='bbox 2162 4857 2333 4929; x_wconf 84' lang='grc' dir='ltr'>πητέ;</span> <span class='ocrx_word' id='word_1_931' title='bbox 2364 4857 2479 4910; x_wconf 89' lang='grc' dir='ltr'>Οὐκ</span> <span class='ocrx_word' id='word_1_932' title='bbox 2527 4854 2803 4927; x_wconf 77' lang='grc' dir='ltr'>ἄνθρωποι</span> <span class='ocrx_word' id='word_1_933' title='bbox 2849 4852 2999 4924; x_wconf 86' lang='grc' dir='ltr'>μόνοι</span> <span class='ocrx_word' id='word_1_934' title='bbox 3052 4850 3222 4922; x_wconf 86' lang='grc' dir='ltr'>βοῶσι</span> <span class='ocrx_word' id='word_1_935' title='bbox 3274 4850 3383 4923; x_wconf 81' lang='grc' dir='ltr'>τὴν</span> <span class='ocrx_word' id='word_1_936' title='bbox 3417 4844 3819 4929; x_wconf 69' lang='grc' dir='ltr'>φρικωδεστάτην</span> 
     </span>
    </p>
   </div>
   <div class='ocr_carea' id='block_1_118' title="bbox 2163 4926 3820 5014">
    <p class='ocr_par' dir='ltr' id='par_1_118' title="bbox 2163 4926 3820 5014">
     <span class='ocr_line' id='line_1_118' title="bbox 2163 4926 3820 5014; baseline -0.008 -20"><span class='ocrx_word' id='word_1_937' title='bbox 2163 4926 2379 5014; x_wconf 79' lang='grc' dir='ltr'>ἐκείνην</span> <span class='ocrx_word' id='word_1_938' title='bbox 2400 4940 2548 5013; x_wconf 81' lang='grc' dir='ltr'>βοὴν,</span> <span class='ocrx_word' id='word_1_939' title='bbox 2579 4926 2716 4994; x_wconf 88' lang='grc' dir='ltr'>ἀλλά</span> <span class='ocrx_word' id='word_1_940' title='bbox 2736 4938 2830 4992; x_wconf 70' lang='grc' dir='ltr'>καὶ</span> <span class='ocrx_word' id='word_1_941' title='bbox 2861 4936 3082 5006; x_wconf 81' lang='grc' dir='ltr'>ἄγγελοι</span> <span class='ocrx_word' id='word_1_942' title='bbox 3108 4938 3543 5008; x_wconf 88' lang='grc' dir='ltr'>προσπίπτουσι</span> <span class='ocrx_word' id='word_1_943' title='bbox 3560 4934 3637 5005; x_wconf 82' lang='grc' dir='ltr'>τῷ</span> <span class='ocrx_word' id='word_1_944' title='bbox 3659 4926 3820 4985; x_wconf 84' lang='grc' dir='ltr'>Δεσπό-</span> 
     </span>
    </p>
   </div>
   <div class='ocr_carea' id='block_1_119' title="bbox 2162 5014 3824 5103">
    <p class='ocr_par' dir='ltr' id='par_1_119' title="bbox 2162 5014 3824 5103">
     <span class='ocr_line' id='line_1_119' title="bbox 2162 5014 3824 5103; baseline -0.009 -19"><span class='ocrx_word' id='word_1_945' title='bbox 2162 5048 2251 5103; x_wconf 77' lang='grc' dir='ltr'>τῃ,</span> <span class='ocrx_word' id='word_1_946' title='bbox 2283 5030 2378 5083; x_wconf 76' lang='grc' dir='ltr'>καὶ</span> <span class='ocrx_word' id='word_1_947' title='bbox 2409 5027 2737 5100; x_wconf 82' lang='grc' dir='ltr'>ἀρχάγγελοι</span> <span class='ocrx_word' id='word_1_948' title='bbox 2765 5025 2996 5080; x_wconf 90' lang='grc' dir='ltr'>δέονται.</span> <span class='ocrx_word' id='word_1_949' title='bbox 3027 5025 3262 5095; x_wconf 86' lang='grc' dir='ltr'>Ἔχουσι</span> <span class='ocrx_word' id='word_1_950' title='bbox 3295 5026 3399 5080; x_wconf 73' lang='grc' dir='ltr'>καί.</span> <span class='ocrx_word' id='word_1_951' title='bbox 3427 5024 3523 5080; x_wconf 92' lang='grc' dir='ltr'>τὸν</span> <span class='ocrx_word' id='word_1_952' title='bbox 3555 5020 3730 5093; x_wconf 86' lang='grc' dir='ltr'>καιρὸν</span> <span class='ocrx_word' id='word_1_953' title='bbox 3747 5014 3824 5070; x_wconf 68' lang='grc' dir='ltr'>σύσ-</span> 
     </span>
    </p>
   </div>
   <div class='ocr_carea' id='block_1_120' title="bbox 2162 5107 3825 5189">
    <p class='ocr_par' dir='ltr' id='par_1_120' title="bbox 2162 5107 3825 5189">
     <span class='ocr_line' id='line_1_120' title="bbox 2162 5107 3825 5189; baseline -0.01 -17"><span class='ocrx_word' id='word_1_954' title='bbox 2162 5121 2272 5183; x_wconf 88' lang='grc' dir='ltr'>τοῖς</span> <span class='ocrx_word' id='word_1_955' title='bbox 2296 5115 2710 5189; x_wconf 81' lang='grc' dir='ltr'>συμμαχοῦντα,</span> <span class='ocrx_word' id='word_1_956' title='bbox 2741 5114 2841 5186; x_wconf 81' lang='grc' dir='ltr'>τὴν</span> <span class='ocrx_word' id='word_1_957' title='bbox 2868 5112 3190 5185; x_wconf 83' lang='grc' dir='ltr'>προσφοράν</span> <span class='ocrx_word' id='word_1_958' title='bbox 3241 5112 3589 5185; x_wconf 91' lang='grc' dir='ltr'>βοηθοῦσαν.</span> <span class='ocrx_word' id='word_1_959' title='bbox 3624 5107 3721 5164; x_wconf 77' lang='grc' dir='ltr'>Καὶ</span> <span class='ocrx_word' id='word_1_960' title='bbox 3744 5119 3825 5157; x_wconf 74' lang='grc' dir='ltr'>κα-</span> 
     </span>
    </p>
   </div>
   <div class='ocr_carea' id='block_1_121' title="bbox 2164 5194 3828 5278">
    <p class='ocr_par' dir='ltr' id='par_1_121' title="bbox 2164 5194 3828 5278">
     <span class='ocr_line' id='line_1_121' title="bbox 2164 5194 3828 5278; baseline -0.011 -18"><span class='ocrx_word' id='word_1_961' title='bbox 2164 5205 2342 5278; x_wconf 84' lang='grc' dir='ltr'>θάπερ</span> <span class='ocrx_word' id='word_1_962' title='bbox 2388 5208 2436 5259; x_wconf 91' lang='grc' dir='ltr'>οἱ</span> <span class='ocrx_word' id='word_1_963' title='bbox 2487 5201 2787 5275; x_wconf 79' lang='grc' dir='ltr'>ἄνθρωποι,</span> <span class='ocrx_word' id='word_1_964' title='bbox 2821 5201 3050 5264; x_wconf 86' lang='grc' dir='ltr'>κλάδους</span> <span class='ocrx_word' id='word_1_965' title='bbox 3093 5200 3302 5256; x_wconf 87' lang='grc' dir='ltr'>ἐλαιῶν</span> <span class='ocrx_word' id='word_1_966' title='bbox 3338 5201 3700 5273; x_wconf 68' lang='grc' dir='ltr'>ἐκκόψαντες,</span> <span class='ocrx_word' id='word_1_967' title='bbox 3730 5194 3828 5278; x_wconf 54' lang='grc' dir='ltr'>ἐπιτ</span> 
     </span>
    </p>
   </div>
   <div class='ocr_carea' id='block_1_122' title="bbox 2165 5276 3830 5361">
    <p class='ocr_par' dir='ltr' id='par_1_122' title="bbox 2165 5276 3830 5361">
     <span class='ocr_line' id='line_1_122' title="bbox 2165 5276 3830 5361; baseline -0.011 -16"><span class='ocrx_word' id='word_1_968' title='bbox 2165 5292 2372 5345; x_wconf 86' lang='grc' dir='ltr'>σείουσι</span> <span class='ocrx_word' id='word_1_969' title='bbox 2403 5293 2516 5353; x_wconf 87' lang='grc' dir='ltr'>τοῖς</span> <span class='ocrx_word' id='word_1_970' title='bbox 2547 5288 2850 5361; x_wconf 86' lang='grc' dir='ltr'>βασιλεῦσι,</span> <span class='ocrx_word' id='word_1_971' title='bbox 2877 5288 2967 5342; x_wconf 80' lang='grc' dir='ltr'>διὰ</span> <span class='ocrx_word' id='word_1_972' title='bbox 3012 5286 3109 5342; x_wconf 87' lang='grc' dir='ltr'>τοῦ</span> <span class='ocrx_word' id='word_1_973' title='bbox 3139 5289 3327 5358; x_wconf 82' lang='grc' dir='ltr'>φυτοῦ</span> <span class='ocrx_word' id='word_1_974' title='bbox 3355 5290 3567 5350; x_wconf 80' lang='grc' dir='ltr'>αὐτοὺς</span> <span class='ocrx_word' id='word_1_975' title='bbox 3593 5286 3733 5339; x_wconf 86' lang='grc' dir='ltr'>ἐλέου</span> <span class='ocrx_word' id='word_1_976' title='bbox 3756 5276 3830 5331; x_wconf 85' lang='grc' dir='ltr'>καὶ</span> 
     </span>
    </p>
   </div>
   <div class='ocr_carea' id='block_1_123' title="bbox 2165 5369 3833 5452">
    <p class='ocr_par' dir='ltr' id='par_1_123' title="bbox 2165 5369 3833 5452">
     <span class='ocr_line' id='line_1_123' title="bbox 2165 5369 3833 5452; baseline -0.007 -17"><span class='ocrx_word' id='word_1_977' title='bbox 2165 5379 2577 5452; x_wconf 77' lang='grc' dir='ltr'>φιλανθρωπίας</span> <span class='ocrx_word' id='word_1_978' title='bbox 2622 5378 3160 5450; x_wconf 88' lang='grc' dir='ltr'>ἀναμιμνήσκοντες·</span> <span class='ocrx_word' id='word_1_979' title='bbox 3196 5376 3357 5431; x_wconf 71' lang='grc' dir='ltr'>οὕτω</span> <span class='ocrx_word' id='word_1_980' title='bbox 3392 5377 3462 5450; x_wconf 82' lang='grc' dir='ltr'>δὴ</span> <span class='ocrx_word' id='word_1_981' title='bbox 3496 5376 3595 5430; x_wconf 70' lang='grc' dir='ltr'>καὶ</span> <span class='ocrx_word' id='word_1_982' title='bbox 3621 5373 3667 5426; x_wconf 86' lang='grc' dir='ltr'>οί</span> <span class='ocrx_word' id='word_1_983' title='bbox 3696 5369 3833 5437; x_wconf 71' lang='grc' dir='ltr'>ἄγγε’</span> 
     </span>
    </p>
   </div>
   <div class='ocr_carea' id='block_1_124' title="bbox 2087 5454 3836 5536">
    <p class='ocr_par' dir='ltr' id='par_1_124' title="bbox 2087 5454 3836 5536">
     <span class='ocr_line' id='line_1_124' title="bbox 2087 5454 3836 5536; baseline -0.005 -15"><span class='ocrx_word' id='word_1_984' title='bbox 2087 5476 2095 5480; x_wconf 72' lang='grc'><em>’</em></span> <span class='ocrx_word' id='word_1_985' title='bbox 2163 5468 2246 5522; x_wconf 92' lang='grc' dir='ltr'>λοι</span> <span class='ocrx_word' id='word_1_986' title='bbox 2272 5468 2392 5522; x_wconf 90' lang='grc' dir='ltr'>τότε</span> <span class='ocrx_word' id='word_1_987' title='bbox 2414 5467 2537 5521; x_wconf 76' lang='grc' dir='ltr'>ἀντὶ</span> <span class='ocrx_word' id='word_1_988' title='bbox 2566 5465 2776 5520; x_wconf 87' lang='grc' dir='ltr'>κλάδων</span> <span class='ocrx_word' id='word_1_989' title='bbox 2800 5465 2996 5519; x_wconf 85' lang='grc' dir='ltr'>ἐλαιῶν</span> <span class='ocrx_word' id='word_1_990' title='bbox 3014 5462 3145 5520; x_wconf 89' lang='grc' dir='ltr'>αὐτὸ</span> <span class='ocrx_word' id='word_1_991' title='bbox 3169 5464 3239 5518; x_wconf 90' lang='grc' dir='ltr'>τὸ</span> <span class='ocrx_word' id='word_1_992' title='bbox 3270 5465 3446 5536; x_wconf 78' lang='grc' dir='ltr'>σῶμα</span> <span class='ocrx_word' id='word_1_993' title='bbox 3478 5466 3541 5519; x_wconf 90' lang='grc' dir='ltr'>τὸ</span> <span class='ocrx_word' id='word_1_994' title='bbox 3552 5454 3836 5517; x_wconf 74' lang='grc' dir='ltr'>δεσποτικὸν</span> 
     </span>
    </p>
   </div>
   <div class='ocr_carea' id='block_1_125' title="bbox 2166 5540 3835 5626">
    <p class='ocr_par' dir='ltr' id='par_1_125' title="bbox 2166 5540 3835 5626">
     <span class='ocr_line' id='line_1_125' title="bbox 2166 5540 3835 5626; baseline -0.004 -20"><span class='ocrx_word' id='word_1_995' title='bbox 2166 5555 2593 5626; x_wconf 79' lang='grc' dir='ltr'>προτεινόμενοι,</span> <span class='ocrx_word' id='word_1_996' title='bbox 2637 5554 2730 5607; x_wconf 91' lang='grc' dir='ltr'>τὸν</span> <span class='ocrx_word' id='word_1_997' title='bbox 2784 5553 3068 5624; x_wconf 88' lang='grc' dir='ltr'>Δεσπότην</span> <span class='ocrx_word' id='word_1_998' title='bbox 3122 5552 3566 5625; x_wconf 87' lang='grc' dir='ltr'>παρακαλοῦσιν</span> <span class='ocrx_word' id='word_1_999' title='bbox 3592 5547 3724 5618; x_wconf 82' lang='grc' dir='ltr'>ὑπὲρ</span> <span class='ocrx_word' id='word_1_1000' title='bbox 3752 5540 3835 5608; x_wconf 72' lang='grc' dir='ltr'>τῆς</span> 
     </span>
    </p>
   </div>
   <div class='ocr_carea' id='block_1_126' title="bbox 2166 5627 3839 5713">
    <p class='ocr_par' dir='ltr' id='par_1_126' title="bbox 2166 5627 3839 5713">
     <span class='ocr_line' id='line_1_126' title="bbox 2166 5627 3839 5713; baseline -0.006 -18"><span class='ocrx_word' id='word_1_1001' title='bbox 2166 5642 2513 5713; x_wconf 88' lang='grc' dir='ltr'>ἀνθρωπίνης</span> <span class='ocrx_word' id='word_1_1002' title='bbox 2535 5641 2770 5712; x_wconf 88' lang='grc' dir='ltr'>φύσεως,</span> <span class='ocrx_word' id='word_1_1003' title='bbox 2810 5642 3092 5713; x_wconf 75' lang='grc' dir='ltr'>μονονουχὶ</span> <span class='ocrx_word' id='word_1_1004' title='bbox 3112 5638 3387 5710; x_wconf 87' lang='grc' dir='ltr'>λέγοντες</span> <span class='ocrx_word' id='word_1_1005' title='bbox 3415 5642 3526 5707; x_wconf 83' lang='grc' dir='ltr'>ὅτι,</span> <span class='ocrx_word' id='word_1_1006' title='bbox 3556 5637 3723 5708; x_wconf 82' lang='grc' dir='ltr'>’Υπὲρ</span> <span class='ocrx_word' id='word_1_1007' title='bbox 3741 5627 3839 5686; x_wconf 76' lang='grc' dir='ltr'>τού·</span> 
     </span>
    </p>
   </div>
   <div class='ocr_carea' id='block_1_127' title="bbox 2227 5745 2785 5804">
    <p class='ocr_par' dir='ltr' id='par_1_127' title="bbox 2227 5745 2785 5804">
     <span class='ocr_line' id='line_1_127' title="bbox 2227 5745 2785 5804; baseline 0.005 -10"><span class='ocrx_word' id='word_1_1008' title='bbox 2227 5745 2258 5785; x_wconf 75' lang='grc' dir='ltr'>Ι)</span> <span class='ocrx_word' id='word_1_1009' title='bbox 2284 5747 2380 5795; x_wconf 75' lang='lat' dir='ltr'><strong>Alii</strong></span> <span class='ocrx_word' id='word_1_1010' title='bbox 2404 5747 2451 5794; x_wconf 83' lang='grc' dir='ltr'>ἐν</span> <span class='ocrx_word' id='word_1_1011' title='bbox 2475 5747 2785 5804; x_wconf 86' lang='grc' dir='ltr'>δυναστείαις.</span> 
     </span>
    </p>
   </div>
   <div class='ocr_carea' id='block_1_128' title="bbox 2220 5801 3841 5883">
    <p class='ocr_par' dir='ltr' id='par_1_128' title="bbox 2220 5801 3841 5883">
     <span class='ocr_line' id='line_1_128' title="bbox 2220 5801 3841 5883; baseline 0.001 -28"><span class='ocrx_word' id='word_1_1012' title='bbox 2220 5812 2255 5881; x_wconf 64' lang='lat' dir='ltr'><em>f</em></span> <span class='ocrx_word' id='word_1_1013' title='bbox 2265 5807 2459 5883; x_wconf 37' lang='grc' dir='ltr'>,Μητρὶ</span> <span class='ocrx_word' id='word_1_1014' title='bbox 2497 5804 2583 5856; x_wconf 84' lang='grc' dir='ltr'>τοῦ</span> <span class='ocrx_word' id='word_1_1015' title='bbox 2605 5801 2827 5883; x_wconf 60' lang='grc' dir='ltr'>διαϐόλου</span> <span class='ocrx_word' id='word_1_1016' title='bbox 2845 5810 3058 5874; x_wconf 85' lang='grc' dir='ltr'>παγίδος,</span> <span class='ocrx_word' id='word_1_1017' title='bbox 3073 5804 3231 5859; x_wconf 79' lang='lat' dir='ltr'>Savil.</span> <span class='ocrx_word' id='word_1_1018' title='bbox 3248 5804 3344 5858; x_wconf 80' lang='grc' dir='ltr'>τοῦ</span> <span class='ocrx_word' id='word_1_1019' title='bbox 3369 5807 3603 5859; x_wconf 81' lang='grc' dir='ltr'>διαϐόλου</span> <span class='ocrx_word' id='word_1_1020' title='bbox 3619 5801 3841 5870; x_wconf 62' lang='grc' dir='ltr'>μάστιγος,</span> 
     </span>
    </p>
   </div>
   <div class='ocr_carea' id='block_1_129' title="bbox 2168 5869 2790 5932">
    <p class='ocr_par' dir='ltr' id='par_1_129' title="bbox 2168 5869 2790 5932">
     <span class='ocr_line' id='line_1_129' title="bbox 2168 5869 2790 5932; baseline 0 -13"><span class='ocrx_word' id='word_1_1021' title='bbox 2168 5869 2482 5932; x_wconf 19' lang='grc' dir='ltr'>διὶίθδιαϐόλου</span> <span class='ocrx_word' id='word_1_1022' title='bbox 2505 5872 2790 5930; x_wconf 84' lang='grc' dir='ltr'>τυραννίδος.</span> 
     </span>
    </p>
   </div>
  </div>
