3980 6184
219 242 303 298 7ἳ5

265 356 314 411 ϐ.
343 354 492 423 Quod
531 366 712 415 autem
754 375 860 417 non
905 361 1036 433 ipsis
1070 364 1358 423 Cherubim
1399 380 1454 426 et
1480 370 1761 443 Seraphim

203 454 390 499 tantum
412 486 427 511 ,
462 446 555 502 sed
581 464 686 505 nec
725 451 885 506 etiam
921 453 1336 527 Principatibus,
1367 461 1723 547 Potestatihus
1745 508 1762 535 ,

198 550 356 605 neque
377 537 464 590 alii
488 538 719 609 cuipiam
749 542 939 600 Virtuti
968 548 1462 618 comprehensibilis
1489 556 1560 611 sit
1590 544 1759 625 Deus,

197 631 241 685 id
259 632 361 701 jam
393 633 579 688 vellem
620 638 934 704 ostendere;
983 641 1077 696 sed
1112 643 1223 713 jam
1267 645 1509 704 defessus
1550 651 1762 709 animus

193 732 263 777 est
279 764 294 787 ,
316 738 419 778 non
441 726 802 796 multitudine,
828 733 921 788 sed
945 734 1168 793 horrore
1188 738 1532 799 dicendarum
1553 760 1755 801 rerum.

191 812 375 871 Tremit
402 818 545 871 enim
576 830 631 874 et
658 820 924 879 horrescit
962 829 1204 897 supernis
1228 831 1331 886 illis
1356 837 1759 906 contemplatio-

190 905 327 959 nibus
351 904 555 962 diutius
596 910 908 969 immorans.
939 917 1295 984 Quamobrem
1341 939 1409 979 ex
1444 926 1588 983 cmlis
1632 944 1753 985 eum

191 994 514 1064 reducamus,
540 1003 950 1075 perculsumque
970 1024 1293 1078 recreemus,
1316 1015 1384 1069 ad
1399 1017 1608 1072 solitam
1624 1035 1755 1075 con-

184 1087 426 1158 fugientes
453 1094 903 1159 exhortationem.
932 1101 1185 1169 Quantam
1210 1106 1299 1162 illa
1324 1110 1439 1165 est?
1471 1110 1535 1167 Ut
1563 1128 1752 1182 prece-

178 1196 285 1237 mur
310 1199 405 1239 eos
435 1187 523 1256 qui
556 1188 647 1243 tali
691 1192 881 1247 morbo
909 1194 1153 1253 laborant
1186 1201 1253 1254 ad
1286 1203 1566 1260 sanitatem
1594 1223 1748 1263 revo-

181 1274 289 1327 cari.
320 1274 459 1331 Nam
507 1279 551 1333 si
583 1296 679 1349 pro
724 1287 938 1353 aegrotis
961 1328 976 1352 ,
1008 1304 1106 1358 pro
1134 1290 1494 1352 laborantibus
1539 1298 1606 1354 ad
1637 1317 1750 1358 me-

177 1365 280 1420 talla
303 1408 319 1432 ,
365 1383 469 1438 pro
498 1370 629 1426 dura
672 1376 924 1433 servitute
950 1382 1179 1450 pressis,
1216 1399 1314 1454 pro
1339 1395 1710 1459 energumenis
1729 1436 1744 1461 ,

174 1456 320 1512 Deum
350 1475 548 1531 rogare
574 1464 863 1535 iubemur,
895 1482 1094 1541 quanto
1135 1478 1304 1548 magis
1336 1495 1431 1547 pro
1474 1456 1601 1539 his?
1638 1456 1745 1541 Im;

171 1548 323 1617 pietas
360 1553 566 1625 quippe
601 1557 719 1628 ipso
744 1559 984 1619 daemone
1015 1566 1202 1622 tetrior
1223 1580 1304 1625 est
1336 1588 1349 1624 :
1383 1573 1472 1628 illa
1516 1592 1745 1649 namque

169 1641 351 1697 insania
379 1648 597 1703 veniam
616 1662 853 1708 meretur
870 1694 886 1721 ,
918 1655 1004 1712 hic
1032 1674 1158 1715 vero
1186 1664 1403 1719 morbus
1427 1667 1625 1724 nullam
1648 1669 1743 1726 lia-

168 1732 244 1789 bet
265 1735 656 1797 defensionem.
681 1746 749 1799 At
778 1749 988 1815 quando
1014 1749 1082 1806 de
1111 1755 1351 1812 oratione
1381 1774 1476 1829 pro
1514 1775 1734 1835 energu-

167 1827 320 1882 menis
344 1833 687 1889 mentionem
716 1835 814 1892 feci
838 1880 853 1904 ,
885 1840 1081 1912 aliquid
1107 1859 1169 1899 ea
1191 1844 1259 1901 de
1287 1862 1347 1902 re
1386 1862 1578 1906 vestrae
1603 1855 1739 1909 cari-

167 1916 244 1970 tati
282 1918 555 1978 disserere
600 1926 811 1982 animus
836 1939 954 1997 est,
1005 1949 1111 2003 quo
1150 1951 1371 2006 gravem
1399 1941 1467 1996 ab
1495 1941 1733 2000 Ecclesia

163 2008 386 2064 morbum
419 2014 813 2073 exscindamus.
846 2020 1058 2079 Etenim
1107 2025 1394 2085 absurdum
1425 2042 1568 2090 esset
1608 2036 1735 2094 dum

161 2105 450 2154 exterarum
476 2105 679 2160 morbis
711 2116 852 2165 tanta
893 2126 1014 2166 cura
1046 2116 1323 2172 medemur
1344 2161 1358 2186 ,
1392 2126 1603 2193 propria
1641 2143 1735 2184 ne-

158 2186 332 2258 gligere
362 2194 631 2249 membra.
663 2197 813 2266 Quod
840 2216 1010 2273 genus
1039 2207 1208 2262 morbi
1240 2209 1368 2265 illud
1392 2186 1511 2267 esti

214 2282 394 2353 Argnit
443 2287 783 2347 Antiochenos
835 2296 971 2365 quod
1015 2309 1127 2368 post
1155 2302 1448 2359 concionem
1494 2324 1527 2361 a
1572 2312 1731 2368 sacris

161 2376 395 2442 mysteriis
422 2380 733 2437 recederent.
759 2414 828 2424 —
851 2387 1121 2458 ingentem
1147 2392 1285 2450 hanc
1330 2399 1505 2467 populi
1543 2388 1728 2458 multi;

156 2466 369 2524 tudinem
393 2487 540 2527 nunc
565 2485 803 2531 coactam
827 2521 842 2545 ,
866 2490 921 2534 et
952 2490 1098 2537 tanto
1120 2485 1294 2541 studio
1316 2491 1723 2563 auscultantem,

154 2562 413 2617 tremenda
441 2564 532 2618 illa
555 2564 683 2621 hora
713 2571 879 2627 oculis
906 2576 1222 2645 perquirens
1245 2620 1260 2646 ,
1286 2580 1468 2638 videre
1493 2600 1598 2640 non
1628 2602 1724 2656 po-

152 2650 215 2702 tui
243 2668 256 2703 :
291 2654 693 2729 admodumque
717 2660 949 2733 ingemui
970 2708 986 2733 ,
1019 2669 1160 2738 quod
1185 2712 1199 2738 ,
1233 2671 1482 2743 loquente
1510 2650 1727 2748 quid-cm.

147 2757 431 2813 conservo,
479 2750 669 2823 ingens
733 2757 806 2812 sit
852 2760 1127 2830 studium,
1176 2779 1381 2823 summa
1434 2773 1718 2845 alacritas,

145 2837 329 2892 cunctis
356 2854 483 2896 sese
514 2853 698 2900 mutuo
727 2847 1118 2918 impellentibus
1142 2897 1158 2923 ,
1192 2866 1249 2911 et
1276 2858 1343 2913 ad
1367 2876 1534 2933 usque
1558 2866 1717 2923 finem

144 2931 507 3000 manentibus;
537 2951 656 2991 cum
686 2949 863 2996 autem
890 2942 1133 3002 Christus
1163 2949 1217 3004 in
1256 2953 1423 3008 sacris
1449 2961 1718 3028 mysteriis

142 3031 245 3075 sese
270 3032 591 3083 ostensurus
617 3038 701 3084 est
722 3070 738 3097 ,
780 3034 1009 3091 ecclesia
1034 3053 1197 3095 vacua
1242 3042 1557 3118 desertaque
1597 3067 1715 3107 ma-

140 3119 263 3165 mt.
296 3113 424 3181 Quo
450 3128 605 3185 pacto
628 3121 811 3179 isthmc
831 3126 1037 3183 veniam
1068 3137 1407 3190 mereantur?
1432 3138 1544 3195 Tali
1569 3134 1714 3199 cerle

139 3203 347 3271 segnitie
379 3221 595 3263 omnem
624 3212 786 3268 studii
815 3214 870 3270 in
910 3220 1259 3278 auscultando
1288 3228 1450 3282 vestri
1498 3229 1709 3287 laudem

139 3293 387 3351 amittitis.
421 3297 550 3365 Quis
573 3302 715 3357 enim
733 3319 798 3360 ex
827 3307 975 3363 vobis
1005 3325 1109 3365 non
1132 3328 1232 3369 nos
1257 3332 1469 3388 quoque
1492 3320 1711 3379 damna-

138 3391 271 3441 turus
298 3398 389 3443 est
415 3430 432 3455 ,
460 3406 580 3447 cum
613 3394 791 3452 videat
818 3407 983 3455 totum
1011 3405 1285 3463 concionis
1312 3408 1536 3467 fructum
1558 3415 1708 3472 vobis

136 3479 296 3534 statim
329 3482 613 3541 efﬂuxisse
630 3487 655 3540 ?
674 3488 805 3546 Nam
832 3493 877 3547 si
907 3493 1063 3551 dictis
1090 3498 1277 3555 sedulo
1315 3505 1662 3563 attenderetis
1687 3552 1701 3574 ,

133 3571 371 3635 operibus
398 3582 529 3631 sane
558 3588 792 3637 vestram
824 3583 1149 3643 exhiberetis
1178 3588 1524 3662 diligentiam.
1553 3571 1704 3665 Quod

131 3672 293 3719 autem
336 3668 518 3722 statim
544 3679 703 3740 atque
748 3674 1023 3734 audivistis
1043 3720 1058 3745 ,
1089 3681 1372 3740 discedatis
1393 3727 1408 3754 ,
1443 3688 1494 3742 id
1528 3692 1703 3760 profe-

127 3761 206 3806 cto
229 3757 439 3827 signum
476 3768 559 3816 est
582 3776 677 3816 vos
702 3764 835 3819 nihil
871 3766 1132 3825 dictorum
1174 3774 1352 3829 animo
1378 3781 1697 3849 suscepisse.

129 3843 327 3900 Atenim
351 3847 399 3901 si
435 3864 499 3904 ea
540 3850 592 3905 in
624 3854 816 3910 animis
841 3858 1030 3913 vestris
1068 3859 1308 3931 deposita
1345 3877 1558 3935 essent,
1607 3874 1700 3928 v‘os

125 3937 270 4003 plane
296 3939 441 3995 intus
480 3944 809 4012 retinerent,
857 3954 912 4003 et
962 3952 1150 4020 majori
1183 3968 1304 4009 eum
1343 3956 1538 4027 pietate
1575 3960 1701 4016 hor-

125 4029 294 4085 rendis
320 4031 424 4086 illis
455 4037 723 4104 mysteriis
761 4038 1105 4098 admoverent
1134 4062 1148 4098 :
1178 4060 1320 4101 nunc
1349 4059 1523 4104 autem
1546 4055 1697 4122 quasi

121 4120 481 4188 cytharcedum
522 4128 824 4197 quempiam
867 4131 1187 4201 audissetis,
1233 4137 1311 4192 sic
1337 4141 1481 4194 omni
1522 4141 1695 4200 fructu

130 4218 265 4271 Iacui
290 4230 535 4277 cessante
562 4224 819 4280 concione
842 4227 1110 4284 receditis.
1131 4232 1196 4286 At
1222 4246 1475 4301 quorsum
1508 4234 1693 4307 frigida

124 4305 205 4361 illa
231 4310 520 4366 multorum
548 4316 865 4371 excusatio?
889 4319 1101 4375 Precari
1141 4324 1301 4377 etiam
1329 4324 1473 4381 domi
1504 4342 1691 4396 possu-

122 4414 237 4453 mus
256 4443 273 4465 ,
303 4404 614 4459 concionem
641 4405 1043 4478 doctrinamque
1069 4413 1251 4469 audire
1278 4416 1487 4471 nonnisi
1514 4416 1566 4472 in
1604 4433 1690 4474 ec-

118 4489 275 4543 clrsia
302 4509 602 4562 possumus.
629 4497 705 4553 Te
735 4499 908 4569 ipsum
932 4542 949 4568 ,
980 4504 1050 4557 mi
1084 4503 1243 4560 homo
1265 4548 1280 4573 ,
1320 4506 1540 4578 decipis.
1566 4509 1691 4566 Pre-

115 4580 225 4634 cari
253 4583 404 4638 etiam
434 4584 579 4641 domi
609 4597 790 4656 potus;
824 4589 896 4644 ita
921 4607 1047 4646 vero
1073 4595 1280 4662 precari
1308 4607 1365 4650 ut
1390 4598 1439 4651 in
1462 4599 1687 4656 ecclesia

115 4683 222 4722 non
247 4682 389 4739 potes
408 4715 425 4741 ,
452 4676 542 4731 ubi
574 4687 719 4734 tanta
741 4688 948 4749 patrum
978 4682 1273 4752 frequentia
1297 4727 1312 4752 ,
1356 4688 1444 4743 ubi
1488 4690 1688 4747 clamor

112 4766 429 4825 unanimiter
447 4770 515 4825 ad
544 4771 708 4828 Deum
732 4776 978 4831 emissus.
1004 4776 1120 4833 Non
1147 4781 1365 4850 perinde
1390 4784 1687 4841 cxaudieris

111 4872 235 4911 cum
254 4875 415 4929 penes
444 4865 667 4921 tesolus
707 4866 872 4923 Deum
913 4870 1184 4938 precaris,
1225 4883 1384 4943 atque
1431 4875 1516 4929 ubi
1557 4891 1678 4931 cum

112 4947 360 5008 fratribus
387 4955 511 5008 tuis.
543 4955 639 5011 Hic
667 4957 862 5028 aliquid
902 4960 1127 5030 amplius
1164 4971 1282 5027 est,
1322 4978 1512 5034 nempe
1554 4981 1683 5020 con-

110 5042 284 5098 cordia
331 5056 387 5101 et
434 5062 755 5114 consensus,
806 5052 1040 5107 caritatis
1090 5054 1379 5123 vinculum,
1428 5066 1480 5110 et
1508 5071 1685 5112 sacer-

110 5131 286 5190 dotum
335 5138 626 5194 orationes.
660 5140 782 5196 Ideo
815 5158 1041 5212 namque
1070 5144 1373 5201 sacerdotes
1410 5159 1679 5216 prmsunt,

115 5231 168 5275 ut
198 5226 545 5282 multitudinis
573 5245 755 5299 preces
801 5232 1121 5289 infirmiores
1145 5250 1264 5290 cum
1291 5234 1437 5290 hisce
1466 5237 1683 5291 validio-

114 5312 249 5370 ribus
291 5318 598 5388 conjuncta:
625 5336 728 5375 una
775 5338 895 5377 cum
945 5324 1107 5379 eisin
1157 5324 1344 5378 emittm
1371 5325 1676 5380 ascendant.

117 5404 350 5478 Alioquin
396 5409 524 5480 quid
562 5413 749 5468 concio
792 5415 999 5484 prosit,
1033 5416 1133 5470 nisi
1173 5416 1388 5471 sitcum
1441 5417 1680 5472 oratione

117 5496 422 5564 conjuncta?
449 5499 605 5557 Prius
627 5503 817 5571 oratio,
840 5505 1032 5561 deinde
1056 5520 1260 5562 sermo:
1282 5507 1358 5560 sic
1387 5506 1534 5561 aiunt
1561 5522 1680 5576 apo-

120 5584 229 5638 stoli
257 5607 271 5642 :
299 5588 410 5645 Nos
437 5600 605 5645 autem
637 5594 688 5647 in
716 5596 939 5650 oratione
959 5607 1005 5650 et
1041 5597 1172 5651 verbi
1203 5598 1474 5652 ministerio
1513 5615 1682 5668 perse-

118 5683 320 5734 Ierum
355 5680 493 5753 (Act.
524 5683 577 5737 6.
605 5681 682 5753 4).
711 5682 799 5741 Sic
828 5694 882 5741 et
917 5685 1108 5744 Paulus
1137 5687 1289 5757 facit,
1322 5703 1441 5759 cum
1484 5690 1537 5745 in
1565 5689 1677 5759 epi-

1106 252 1196 308 DE
1233 252 1913 316 INCOMPREIIENSIBILI
1954 264 2061 319 DEI
2101 266 2403 326 NATL’RA.
2448 273 2529 328 lli.

3347 289 3451 348 7‘26

1875 378 2128 435 stolarum
2159 385 2391 442 exordiis
2418 398 2693 460 precetur,
2718 401 2774 448 ut
2795 396 2944 465 quasi
2973 397 3152 457 lumen
3179 401 3408 462 lucernae
3431 449 3448 475 ,

1871 466 1942 522 ita
1962 479 2014 524 et
2034 474 2286 530 orationis
2307 477 2396 532 lux
2412 481 2574 536 verbo
2596 496 2811 552 prmeat.
2838 486 2891 542 Si
2924 490 2995 544 ita
3021 500 3070 546 te
3095 496 3447 558 assuefeecris

1867 560 2052 613 orandi
2085 561 2398 633 diligentim,
2427 583 2806 629 conservorum
2831 576 3067 634 doctrina
3105 598 3210 638 non
3243 588 3445 658 cgebis,

1867 648 1984 717 ipso
2011 652 2152 719 Deo,
2191 657 2306 712 sine
2338 658 2446 713 ullo
2491 663 2815 733 mediatore,
2864 682 3093 728 mentem
3126 684 3266 731 tuam
3315 681 3447 735 irra-

1865 742 2066 799 diante.
2114 747 2266 816 Quod
2312 752 2356 806 si
2407 755 2562 812 unius
2602 759 2772 814 oratio
2817 770 3012 820 tantam
3058 768 3162 823 vim
3216 772 3441 843 haheat,

1864 834 2032 888 multo
2057 839 2224 907 magis
2267 855 2367 907 ea,
2412 859 2530 913 qua:
2577 862 2697 902 cum
2752 852 3090 911 multitudine
3139 861 3440 921 emittitur:

1861 922 1977 979 hmc
2025 926 2143 995 plus
2193 928 2352 986 habet
2392 950 2710 1006 nervorum,
2760 943 3119 1017 majoremque
3157 950 3439 1022 fiduciam,

1860 1006 2017 1085 quam
2043 1019 2185 1075 domi
2213 1024 2429 1081 emissa.
2460 1028 2736 1086 Undenam
2770 1035 2820 1089 id
2842 1006 3060 1108 liquet?!
3103 1006 3433 1113 lpsum

1860 1105 2081 1163 Paulum
2111 1110 2415 1182 loquentem
2446 1135 2460 1171 :
2494 1120 2594 1187 Qui
2637 1124 2699 1177 de
2724 1135 2863 1181 tanta
2892 1105 3052 1185 morte
3089 1135 3274 1206 eripuit
3304 1156 3429 1205 nos,

1856 1206 1901 1251 et
1922 1199 2089 1255 adhuc
2115 1216 2275 1259 eruet.
2300 1208 2576 1278 Speremus
2598 1222 2913 1290 autemquod
2939 1225 3105 1279 adhuc
3128 1199 3337 1299 eripiet:
3353 1249 3439 1286 vo-

1856 1288 1929 1342 bis
1949 1308 2143 1363 quoque
2167 1296 2220 1350 in
2246 1301 2473 1356 oratione
2499 1323 2594 1374 pro
2642 1288 2795 1363 nobis
2825 1314 3228 1375 subvenientibus
3249 1363 3264 1385 ,
3294 1335 3348 1377 ut
3374 1327 3437 1381 de

1853 1379 1986 1435 dono
2008 1385 2149 1440 nobis
2175 1390 2359 1445 collato
2389 1411 2477 1463 per
2504 1397 2690 1452 multas
2728 1418 2966 1469 personas
2992 1410 3174 1478 gratia:
3215 1426 3430 1483 agantur

1851 1489 1943 1542 pro
1968 1475 2108 1532 nobis
2135 1478 2212 1548 (2.
2244 1480 2362 1538 Cor.
2396 1486 2445 1540 1.
2473 1488 2559 1557 10.
2593 1491 2699 1560 11).
2732 1491 2819 1548 Sic
2850 1475 3009 1553 etiam
3039 1499 3228 1557 Petrus
3247 1475 3429 1561 carce-

1849 1580 1960 1620 rem
1996 1569 2177 1639 effugit
2216 1591 2229 1627 :
2267 1575 2442 1631 Oratio
2480 1581 2610 1635 enim
2650 1585 2801 1650 ﬁebat
2825 1588 2935 1642 sine
2979 1591 3343 1651 intermissione
3366 1604 3429 1653 ab

1846 1653 2076 1713 Ecclesia
2099 1662 2167 1715 ad
2202 1662 2359 1721 Deum
2383 1686 2474 1738 pro
2508 1687 2565 1725 eo
2596 1673 2729 1743 (Act.
2761 1676 2849 1731 12.
2877 1677 2953 1750 5).
2981 1680 3133 1749 Quod
3159 1686 3205 1740 si
3247 1687 3429 1745 Eccle-

1844 1748 1939 1804 site
1963 1753 2134 1809 oratio
2159 1755 2320 1812 Petro
2349 1760 2577 1829 profuit,
2627 1781 2689 1820 ac
2724 1748 3026 1827 columnam
3069 1775 3214 1831 illam
3242 1778 3430 1836 eduxit

1843 1855 1907 1895 ex
1933 1857 2179 1915 carcere,
2211 1856 2376 1919 quare
2402 1862 2454 1907 tu
2481 1855 2597 1924 ejus
2620 1857 2725 1912 vim
2757 1859 3020 1932 deSpicis,
3047 1866 3135 1923 die
3174 1865 3337 1937 mihi,
3377 1886 3430 1928 et

1840 1945 1999 2001 quam
2033 1934 2252 1993 habebis
2294 1946 2727 2003 excusationem?
2770 1950 2947 2021 Ipsum
2999 1972 3211 2027 quoque
3253 1962 3420 2018 Deum

1839 2022 2102 2081 dicentem
2174 2029 2331 2099 audi,
2385 2048 2445 2088 se
2494 2037 2834 2096 multitudine
2880 2058 3000 2099 cum
3048 2045 3420 2109 benevolentia

1838 2125 2027 2170 orante
2065 2117 2283 2186 placari.
2331 2121 2463 2177 Nam
2505 2140 2625 2180 cum
2656 2142 2778 2184 sese
2802 2132 2941 2201 apud
2984 2134 3174 2191 Jonam
3203 2155 3421 2196 excusa-

1836 2212 1917 2259 ret
1932 2204 1999 2260 de
2019 2209 2305 2265 cucurbita:
2324 2210 2531 2281 frutice,
2552 2217 2625 2270 ait
2649 2236 2663 2272 :
2688 2218 2767 2273 Tu
2789 2223 2991 2290 quidem
3030 2231 3296 2296 pepercisti
3322 2249 3415 2286 cu~

1833 2296 2058 2366 curbitw,
2082 2316 2174 2370 pro
2201 2319 2301 2372 qua
2330 2320 2431 2359 non
2453 2307 2713 2378 laborasti,
2734 2329 2892 2383 neque
2914 2319 3175 2375 excoluiin
3198 2339 3343 2389 eam;
3368 2336 3417 2380 et

1831 2404 1923 2459 ego
1944 2405 2045 2445 non
2072 2409 2278 2461 parcam
2305 2395 2511 2452 Niniva:
2552 2402 2743 2456 civitati
2785 2422 3015 2477 magum,
3048 2411 3099 2464 in
3130 2430 3228 2482 qua
3272 2417 3415 2470 habi-

1830 2487 1939 2533 tant
1966 2480 2082 2551 plus
2110 2500 2263 2554 quam
2293 2496 2491 2541 centum
2522 2491 2699 2562 viginti
2741 2494 2907 2550 millia
2951 2480 3211 2556 hominum
3254 2505 3410 2576 (Jan.
3436 2502 3441 2507 ’

1826 2573 1880 2628 4.
1911 2574 1998 2630 10.
2027 2576 2153 2649 11).
2182 2579 2299 2634 Non
2326 2582 2421 2637 abs
2444 2598 2503 2639 re
2532 2585 2925 2644 multitudinem
2951 2595 3206 2662 opponit;
3231 2573 3325 2653 sed
3355 2612 3411 2655 ut

1825 2665 1964 2720 scias
1983 2708 1998 2732 ,
2022 2669 2318 2725 orationem
2341 2688 2446 2726 uno
2472 2688 2735 2731 consensu
2765 2676 2956 2734 factam
2999 2698 3243 2751 magnam
3292 2689 3398 2742 vim

1825 2751 2042 2813 habere.
2085 2757 2199 2815 Hoc
2242 2760 2390 2817 vobis
2430 2778 2497 2818 ex
2542 2764 2770 2822 humana
2815 2770 2973 2825 ctiam
3027 2772 3248 2830 historia
3290 2779 3404 2851 pla-

1824 2861 1950 2900 num
1978 2846 2151 2906 facere
2178 2851 2325 2908 libet.
3002 2916 3006 2921 .

1893 2936 1944 2989 7.
1964 2936 2211 3009 Loquitur
2224 2942 2307 2996 llic
2320 2943 2383 2998 de
2394 2943 2661 3002 Theodoro
2675 2950 2762 3021 qui
2782 2954 3098 3022 tyrannidem
3114 2957 3401 3025 aﬂ'ectabat.

1829 3025 1953 3081 Vide
1968 3044 2123 3097 supra
2143 3032 2193 3084 in
2212 3030 2430 3089 Mouito.
2449 3066 2520 3076 —
2536 3038 2676 3093 Ante
2692 3039 2788 3094 hos
2803 3042 2986 3100 decem
3006 3061 3175 3103 annos
3190 3050 3402 3119 quidam

1817 3119 2148 3188 tyrannidem
2169 3122 2475 3181 allectantcs
2494 3126 2813 3198 deprehensi
2827 3135 3071 3205 captique
3092 3143 3235 3206 sunt,
3259 3144 3399 3211 quod

1815 3223 1910 3264 vos
1936 3224 2041 3265 non
2071 3210 2346 3282 ignoratis.
2375 3215 2508 3271 Tum
2544 3218 2737 3290 aliquis
2776 3222 2831 3276 in
2862 3225 3172 3295 magistratu
3201 3234 3399 3287 consti-

1814 3308 1975 3363 tutus.
2003 3304 2243 3360 criminis
2276 3321 2401 3362 reus
2429 3320 2756 3380 compertus,
2785 3328 2904 3368 cum
2935 3316 3000 3371 ad
3022 3329 3245 3375 mortem
3273 3321 3398 3380 fune

1810 3390 1875 3444 ad
1906 3406 1967 3445 os
2006 3394 2222 3464 alligato
2247 3396 2551 3467 duceretur,
2591 3411 2700 3457 tota
2729 3403 2854 3460 urbs
2882 3406 2949 3461 ad
2984 3408 3391 3480 hippodromum

1808 3482 2057 3550 accurrit,
2099 3484 2409 3558 eductisque
2448 3488 2787 3557 ofﬁcinarum
2816 3488 3015 3564 operis‘,
3054 3500 3212 3555 simul
3253 3513 3393 3560 totus

1809 3570 2030 3640 populus
2070 3590 2217 3629 reum
2262 3576 2615 3647 imperatoria:
2659 3582 2845 3638 ultioni
2870 3588 2971 3641 etsi
3000 3589 3143 3643 nulla
3172 3591 3387 3662 dignum

1806 3663 1959 3716 venia
1981 3664 2256 3721 subduxit.
2285 3667 2429 3725 Itane
2451 3673 2645 3726 terreni
2669 3672 3004 3743 Imperatoris
3023 3679 3155 3736 iram
3180 3685 3390 3752 placare

1804 3751 2061 3819 volentes,
2092 3770 2212 3810 cum
2246 3756 2424 3813 liberis
2472 3769 2527 3814 et
2563 3763 2815 3817 uxoribus
2851 3780 3036 3823 omnes
3074 3774 3384 3839 accurritis;

1802 3845 2048 3900 cat-lorum
2093 3863 2220 3904 vero
2252 3850 2632 3920 Imperatorem
2672 3856 2822 3911 vobis
2852 3862 3133 3932 propitium
3161 3867 3386 3924 reddere

1800 3938 2091 4006 studentes,
2132 3950 2290 4012 atque
2334 3960 2399 3999 ex
2440 3945 2515 4000 ira
2548 3947 2854 4020 ultioneque
2893 3952 3008 4023 ejus
3048 3971 3154 4012 non
3198 3975 3380 4030 unum,

1800 4030 1882 4085 vel
1906 4030 2061 4097 duos,
2088 4042 2178 4089 aut
2209 4043 2336 4100 tres,
2375 4047 2464 4093 aut
2485 4049 2717 4107 centum,
2750 4041 2842 4097 sed
2862 4058 3050 4101 omnes
3073 4064 3167 4116 per
3195 4052 3380 4107 orbem

1798 4132 2125 4190 peccatores,
2152 4141 2356 4180 necnon
2378 4127 2731 4185 dzemoniacos
2755 4147 2784 4185 a
2816 4132 3009 4189 diaboli
3034 4136 3235 4207 laqueis
3258 4157 3378 4195 ere.

1797 4215 1955 4281 pturi,
1996 4215 2211 4281 sedetis,
2255 4232 2354 4272 nec
2380 4219 2538 4273 simul
2576 4236 2762 4277 manes
2791 4227 3125 4293 concurritis,
3154 4241 3209 4283 ut
3237 4232 3377 4288 Deus

1794 4305 2132 4359 concordiam
2165 4315 2393 4361 vestram
2423 4310 2702 4375 reveritus,
2727 4321 2780 4365 et
2806 4313 2910 4367 illis
2937 4330 3168 4383 pmnam,
3202 4330 3254 4375 et
3280 4336 3397 4377 vo-'

1793 4394 1875 4450 bis
1919 4407 2136 4467 peccata
2189 4399 2467 4454 remittat?
2508 4400 2641 4455 Nam
2684 4403 2729 4458 si
2782 4399 2832 4459 in
2869 4404 2984 4462 foro
3015 4408 3377 4485 illo‘temporo

1794 4487 1970 4553 fuerit,
2002 4489 2047 4542 si
2074 4488 2239 4554 domi,
2267 4490 2310 4545 si
2335 4490 2388 4545 in
2417 4493 2640 4561 negotiis
2662 4496 2990 4563 urgentibus,
3015 4515 3190 4557 nonne
3219 4503 3373 4561 leone

1790 4581 1978 4651 quovis
2003 4580 2388 4649 vehementius,
2414 4583 2655 4655 abruptis
2680 4585 2920 4654 vinculis,
2951 4589 3016 4644 ad
3038 4605 3373 4653 communem

1789 4672 2227 4743 supplicationem
2254 4685 2305 4731 te
2330 4685 2520 4744 sponte
2547 4676 2827 4733 conferes?
2866 4680 3120 4751 Ecquam,
3156 4686 3369 4758 dilecte,

1789 4763 1879 4817 illo
1902 4774 2138 4835 tempore
2153 4781 2302 4836 spem
2319 4767 2503 4822 salutis
2524 4767 2721 4825 habere
2748 4772 2960 4840 possis?
2987 4774 3101 4830 Non
3127 4775 3371 4836 homines

1789 4857 1958 4912 solum
1980 4856 2299 4913 horrendam
2328 4858 2471 4914 illam
2490 4860 2737 4915 emittunt
2763 4878 2966 4927 vocem,
2990 4864 3090 4919 sed
3115 4876 3168 4921 et
3193 4871 3369 4939 angeli

1787 4959 1909 5004 ante
1930 4950 2599 5021 Dominumprocumbunt,
2616 4952 2916 5023 archangeli
2936 4968 3247 5024 precantur:
3274 4961 3366 5014 ha-

1786 5040 1915 5095 bent
1931 5049 2139 5110 tempus
2158 5041 2282 5096 illud
2305 5041 2575 5105 idoneum,
2597 5042 2918 5097 oblationem
2947 5044 3048 5101 sibi
3076 5046 3359 5107 faventem.

1784 5131 1863 5187 Ac
1878 5132 2322 5202 quemadmodum
2351 5133 2592 5187 homines
2606 5133 2797 5189 excisis
2826 5135 3063 5192 olearum
3093 5142 3255 5197 ramis
3275 5160 3363 5199 re-

1784 5241 1878 5295 ges
1903 5240 2121 5281 movere
2141 5226 2336 5290 solent,
2365 5224 2555 5293 illaque
2581 5225 2772 5279 arbore
2807 5225 2873 5280 ad
2894 5228 3191 5290 clementize
3216 5233 3363 5302 ipsos

1785 5317 2096 5372 memoriam
2136 5323 2385 5371 revocant
2413 5332 2425 5367 :
2458 5315 2535 5369 sic
2559 5323 2614 5369 et
2637 5316 2807 5385 angeli
2838 5325 2963 5373 tunc
2987 5322 3241 5390 temporis
3267 5340 3364 5394 pro

1783 5412 2019 5466 olearum
2057 5408 2218 5463 ramis
2246 5408 2418 5478 ipsum
2445 5421 2636 5476 corpus
2676 5407 3008 5464 Dominicum
3036 5415 3362 5482 protenden-

1783 5511 1884 5558 tes.
1924 5501 2203 5555 Dominum
2236 5514 2332 5568 pro
2357 5498 2584 5553 humana
2611 5506 2797 5554 natura
2826 5513 3035 5571 rogant,
3064 5519 3127 5560 ac
3145 5506 3190 5561 si
3215 5508 3363 5564 diee-

1782 5604 1899 5650 rent
1929 5611 1941 5647 :
1989 5593 2092 5648 Pro
2118 5593 2200 5647 his
2224 5593 2615 5663 supplicamus,
2656 5607 2790 5663 quos
2824 5604 2881 5648 tu
2919 5599 3250 5664 praeveniens
3293 5603 3363 5659 ita

1781 5685 2003 5757 diligere
2045 5684 2290 5756 dignatus
2324 5699 2399 5753 es,
2439 5693 2499 5742 ut
2532 5687 2761 5744 animam
2804 5699 2948 5747 tuam
2976 5690 3246 5763 traderes;
3270 5708 3367 5766 pro
