3980 6184
495 302 499 305 ⁷
540 286 638 346 7'11

537 411 619 466 his
640 402 1050 477 supplicationes
1073 395 1363 459 fundimus,
1388 406 1484 463 pro
1509 389 1698 461 quibus
1719 396 1774 441 tu
1804 383 2114 456 sanguinem

536 497 800 561 effudisti;
848 506 944 564 pro
983 490 1068 544 his
1111 499 1382 556 rogamus,
1417 497 1514 552 pro
1551 479 1742 552 quibus
1774 477 1878 532 hoc
1925 487 2133 543 COI‘pUS‘

538 588 839 646 immolasti.
883 582 1007 638 Ideo
1035 591 1421 649 euergumenos
1458 575 1548 629 illo
1586 580 1827 641 tempore
1865 567 2120 623 diaconus

536 681 770 746 adducit,
797 677 1053 749 jubctque
1076 679 1235 743 caput
1262 677 1464 724 tantum
1490 665 1762 728 inclinare,
1783 669 1841 715 ut
1862 662 1976 730 ipso
1996 672 2121 713 cor-

538 772 682 842 poris
726 770 831 825 situ
873 764 1285 835 supplicationes
1320 758 1611 815 emittant:
1658 755 1785 824 ipsis
1824 751 1965 806 enim
2000 763 2122 804 cum

539 861 810 917 communi
838 861 1060 914 fratrum
1086 863 1229 912 coetu
1262 851 1465 924 precari
1494 864 1600 904 non
1630 848 1771 902 licet.
1803 843 2031 914 Ideoque
2058 843 2125 896 il-

542 957 624 1011 los
648 954 809 1019 sistit,
855 961 913 1006 ut
940 963 1125 1006 eorum
1158 955 1265 1001 tum
1293 943 1670 1005 calamitatem,
1703 947 1815 993 tum
1848 934 2126 992 taciturni-

541 1057 704 1103 tatem
726 1045 1009 1099 miseratus
1024 1039 1210 1095 fiducia
1229 1046 1317 1094 tua
1333 1035 1398 1090 ad
1416 1035 1559 1089 illius
1573 1029 1923 1104 patrocinium
1942 1026 2122 1081 utaris.

542 1137 666 1191 llaec
686 1136 863 1206 itaque
886 1132 1180 1202 cogitantes
1200 1138 1581 1183 concurramus
1603 1123 1686 1176 illa
1713 1120 1865 1182 hora,
1898 1126 1956 1172 ut
1976 1115 2129 1170 nobis

543 1226 961 1282 misericordiam
989 1220 1337 1285 attrahamus,
1381 1226 1435 1272 et
1458 1214 1684 1287 gratiam
1711 1209 2045 1265 inveniamus
2067 1220 2130 1260 ac

543 1329 898 1390 opportunum
922 1314 1195 1370 auxilium.
1242 1309 1523 1382 Laudastis
1554 1319 1618 1361 ea
1643 1318 1760 1375 quae
1786 1301 1927 1356 dicta
1955 1298 2128 1363 fuere,

543 1428 665 1467 cum
693 1425 885 1482 magno
918 1407 1143 1463 tumultu
1182 1414 1233 1459 et
1262 1405 1447 1472 plausu
1476 1395 1892 1454 admonitionem
1920 1388 2130 1460 accepi-

544 1505 661 1559 stis.
705 1481 809 1558 Sed
847 1510 905 1557 ut
946 1499 1100 1555 nobis
1129 1496 1312 1553 laudes
1355 1493 1482 1564 ipsis
1524 1487 1775 1561 operibus
1813 1481 2130 1547 exhibeatis,

1253 280 1312 336 S.
1351 274 1627 335 JOANNlS
1663 268 2135 328 CHRYSOSTOMI
2176 261 2494 322 ARCHIEP.
2532 260 3065 322 CONSTANTlNOP.
3634 281 3714 333 ηδ

2225 397 2328 435 non
2353 381 2565 452 longum
2587 390 2794 451 tempus
2810 383 3062 451 quarritur
3076 380 3140 436 ad
3158 379 3523 452 obsequentium
3542 388 3728 449 demou-

2224 473 2517 529 strandam.
2538 473 2971 529 Exltortationem
2986 473 3153 527 oratio
3173 486 3425 544 sequatur.
3446 478 3572 536 llanc
3583 498 3729 554 quaero

2226 567 2465 634 laudem,
2521 566 2661 622 hunc
2703 582 2802 637 per
2836 580 2995 636 opera
3042 566 3152 637 ipsa
3195 567 3439 636 plausum.
3474 572 3568 629 \‘os
3591 576 3733 647 itaque

2226 671 2412 716 mutuo
2440 661 2737 715 hortamine
2772 659 2837 715 ad
2879 660 3124 715 standum
3183 660 3601 730 quemadmodum
3650 680 3735 725 Ste-

2230 754 2366 808 tistis
2395 770 2409 806 :
2450 754 2495 807 si
2539 754 2659 823 quis
2682 767 2800 807 sese
2831 761 3040 808 moveat
3070 760 3128 806 ut
3146 751 3377 807 ordinem
3401 753 3604 823 deserat,
3626 757 3736 814 hunc

2231 844 2416 899 sedulo
2440 845 2703 909 retinete;
2736 851 2792 897 ut
2821 852 2875 898 et
2905 844 3107 913 preprii
3131 842 3287 898 studii
3315 851 3369 899 et
3390 843 3607 901 fraternae
3629 864 3739 905 certe

2232 937 2497 1006 duplicent
2539 935 2837 991 mercedem
2872 943 3224 1003 reportantes,
3257 950 3372 990 cum
3405 936 3572 1007 majori
3594 938 3742 995 fiducia

2234 1042 2420 1097 preces
2446 1025 2745 1089 eti'undatis,
2773 1025 3083 1094 placatoque
3113 1025 3241 1091 Deo,
3268 1033 3319 1079 ct
3340 1030 3592 1095 praesentia
3616 1038 3660 1083 ct
3681 1028 3745 1082 fu-

2238 1130 2351 1174 tura
2378 1120 2513 1172 bona
2541 1117 2794 1186 consequi
2826 1116 3059 1187 possitis,
3095 1115 3257 1186 gratia
3286 1126 3338 1170 et
3359 1117 3645 1189 benignitate
3666 1120 3747 1175 Do-

2238 1213 2366 1267 mini
2406 1211 2574 1266 nostri
2599 1210 2722 1266 Jesu
2749 1208 2967 1273 Christi,
3012 1223 3130 1262 cum
3170 1222 3276 1278 quo
3314 1207 3447 1263 Patri
3488 1218 3537 1263 et
3573 1209 3749 1277 Spiritui

2238 1314 2423 1357 sancto
2471 1302 2633 1373 gloria
2686 1309 2743 1358 et
2794 1301 3073 1371 imperium
3127 1300 3180 1354 in
3232 1302 3420 1356 saecuia
3469 1301 3747 1358 smculorum.

2243 1397 2430 1449 Amen.

1196 1624 3735 1663 __________.___________.____.—————————————————————

1184 1656 2005 1855 ἷῖἷΝωΜ
2016 1721 2317 1833 PRE
2328 1716 3184 1838 HENSIBILI.
3258 1656 3297 1871 j

1864 1909 2113 1958 CONTRA
2153 1901 2503 1950 ANOHOEOS.

2005 2036 2374 2094 «mea:

1089 2198 1307 2243 ιιοιιιιιλ
1343 2191 1574 2243 αυιὶῐιτρι.

624 2330 677 2385 1.
704 2326 884 2384 Satius
924 2323 1033 2393 jam
1081 2326 1246 2383 esset,
1287 2320 1566 2385 postquam
1609 2317 1778 2374 nuper
1811 2295 2140 2355 ostendimus

556 2425 722 2479 Deum
772 2433 893 2475 esse
944 2406 1535 2483 incomprehensibilem
1576 2395 1901 2458 hominibus,
1943 2393 2053 2446 imo
2088 2395 2144 2442 et

556 2512 684 2584 ipsis
711 2507 998 2566 Clterubim
1039 2513 1095 2560 ct
1125 2480 1448 2570 'Seraphim,
1479 2510 1511 2550 a
1548 2489 1774 2563 negotiis
1803 2480 2062 2556 expediri,
2090 2488 2145 2535 et

558 2570 688 2660 nihil
712 2600 930 2657 ulterius
957 2608 1171 2651 movere
1204 2610 1219 2647 :
1262 2603 1445 2645 verum
1473 2585 1593 2656 quia
1622 2582 1675 2638 id
1705 2578 1860 2636 nobis
1888 2577 1941 2632 in
1968 2570 2144 2629 studio

557 2705 614 2752 et
647 2694 699 2749 in
737 2690 1009 2763 proposito
1031 2694 1131 2752 est,
1185 2691 1243 2737 ut
1268 2694 1376 2735 non
1402 2677 1561 2732 modo
1590 2668 2014 2728 adversariorum
2053 2677 2144 2717 ora

559 2757 918 2845 occlud'amus,
969 2777 1062 2834 sed
1106 2776 1265 2832 etiam
1304 2779 1362 2827 ut
1392 2769 1671 2825 caritatem
1712 2771 1943 2819 vestram
1977 2757 2147 2827 magis

561 2877 835 2947 magisque
877 2871 1234 2929 instituamus.
1275 2863 1505 2933 idipsum
1535 2863 1902 2929 argumentum
1946 2848 2147 2921 repeti-

562 2982 701 3033 mus,
732 2963 1053 3032 ulteriusque
1081 2970 1331 3015 sermone
1365 2948 1717 3023 procedimus.
1753 2945 1886 3000 Nam
1930 2942 1973 2997 si
2005 2942 2057 2995 in
2084 2939 2148 2993 iis

561 3059 757 3114 diutius
777 3057 1142 3117 immoremur,
1166 3059 1219 3104 et
1238 3060 1334 3102 vos
1354 3042 1621 3099 doctiores
1640 3038 1951 3099 efficiemus,
1978 3041 2030 3088 et
2051 3046 2149 3086 nos

563 3148 971 3222 splendidiorem
1009 3143 1282 3198 victoriam
1325 3133 1746 3208 reportabimus;
1791 3138 1902 3185 tum
1950 3127 1994 3181 si
2024 3124 2148 3196 quid

563 3218 905 3314 reliquiarum
934 3236 1181 3307 supersit,
1212 3233 1263 3288 id
1296 3233 1407 3303 jam
1448 3241 1664 3300 prorsus
1697 3225 1763 3279 de
1789 3221 1963 3277 medio
1993 3218 2151 3273 tolle-

566 3343 651 3389 tur
667 3308 694 3398 ς’
724 3327 1147 3402 quandoquidem
1192 3322 1380 3377 noxias
1413 3318 1606 3373 herbas
1633 3330 1736 3368 non
1780 3328 1810 3366 a
1848 3308 2153 3365 summitate

569 3422 728 3480 modo
742 3398 967 3476 tondere
991 3428 1123 3486 opus
1147 3421 1230 3468 est
1263 3429 1276 3467 :
1307 3411 1350 3465 si
1377 3409 1516 3465 enim
1538 3405 1743 3462 radices
1766 3406 2032 3461 maneant,
2055 3398 2153 3452 de-

571 3531 678 3572 nuo
719 3510 1092 3585 pullulabnnt:
1134 3505 1229 3560 sed
1271 3502 1430 3558 etiam
1465 3499 1532 3555 ab
1562 3498 1676 3567 ipso
1711 3493 1919 3550 telluris
1954 3489 2154 3561 gremio

570 3581 823 3662 radicitus
861 3599 1060 3657 evellas
1106 3602 1347 3667 oportet,
1387 3601 1727 3662 cxponasque
1773 3581 2023 3639 solarium
2066 3594 2155 3634 ra-

571 3698 781 3754 diorum
834 3690 1047 3758 ardori,
1089 3697 1148 3744 ut
1211 3684 1428 3740 omnino
1486 3685 1835 3736 marcescant.
1877 3675 1989 3745 Age
2029 3684 2157 3740 ergo

576 3791 629 3845 in
659 3786 845 3842 etclam
873 3796 1058 3839 rursus
1095 3791 1342 3834 sermone
1371 3769 1812 3833 conscendamus,
1844 3781 1951 3820 non
1980 3771 2036 3818 ut
2065 3778 2157 3816 cu-

573 3876 800 3934 riosius'
824 3881 1142 3936 scrutemur,
1167 3868 1249 3923 vel
1275 3864 1581 3921 subtiliores
1602 3858 1921 3932 qumstiones
1946 3864 2160 3910 merea-

576 3984 728 4035 ntus;
777 3964 871 4021 sed
900 3972 958 4019 ut
986 3975 1172 4018 eorum
1198 3959 1287 4030 qui
1312 3970 1482 4027 neque
1510 3954 1714 4023 seipsos
1742 3957 1959 4014 norunt,
1987 3959 2159 4015 neque

578 4060 825 4116 humante
872 4065 1076 4111 naturte
1115 4051 1331 4109 modum
1378 4047 1672 4116 intelligere
1720 4043 1925 4108 volunt,
1968 4040 2161 4094 intem-

579 4151 835 4224 pestivam
870 4145 1263 4203 contentionem
1294 4140 1480 4194 tollere
1503 4144 1824 4207 satagamus.
1870 4129 1994 4187 ideo
2015 4129 2166 4199 quip-

579 4223 645 4314 pe
687 4257 754 4298 ex
792 4236 1099 4303 abundanti,
1152 4249 1259 4289 non
1301 4229 1395 4285 Dei
1438 4226 1630 4293 modo,
1668 4224 1760 4281 sed
1800 4223 1958 4278 etiam
2005 4233 2166 4289 ange-

582 4313 754 4391 lorum
792 4340 1133 4401 conspectum
1164 4327 1308 4394 justo
1347 4323 1422 4379 illi
1446 4322 1559 4401 viro
1589 4315 1975 4375 intolerandum
2006 4313 2167 4368 fuisse

580 4397 939 4486 ostendimus,
959 4417 1170 4491 quando
1199 4424 1362 4470 totam
1401 4397 1552 4468 vobis
1582 4408 1854 4464 historiam
1893 4404 2118 4476 legimus
2146 4419 2161 4454 :

583 4514 883 4583 saepiusque
929 4511 1140 4564 beatum
1193 4506 1463 4560 Danielcm
1509 4501 1812 4556 indusimus
1859 4496 2162 4568 pallentem,

589 4613 927 4667 trementem,
968 4615 1140 4671 neque
1170 4599 1358 4652 melius
1384 4596 1651 4661 :tﬂ'ectum,
1684 4607 1842 4663 quam
1867 4591 1924 4656 ii,
1957 4588 2046 4660 qui
2075 4587 2170 4642 de-

587 4695 789 4762 ficiunt,
829 4703 1160 4763 quorumque
1204 4688 1377 4743 anima
1406 4686 1611 4741 vincula
1649 4684 1825 4739 carnis
1853 4682 2168 4749 abrumpere

586 4788 819 4844 festinat.
865 4783 1013 4839 Sicut
1041 4780 1181 4836 enim
1207 4777 1453 4833 columba
1479 4776 1767 4832 domestica
1799 4782 1853 4829 et
1894 4779 2167 4827 mansueta

588 4898 641 4937 tn
668 4878 985 4936 domuncula
1018 4874 1285 4939 habitans,
1313 4872 1356 4927 si
1386 4871 1607 4939 strepitu
1635 4864 1915 4934 terreatur,
1944 4878 2171 4934 expave-

588 4974 726 5028 facta
753 4972 804 5025 in
832 4977 1027 5024 tectum
1049 4965 1242 5028 avolat,
1265 4970 1319 5018 et
1343 4976 1438 5033 per
1459 4960 1718 5015 fenestras
1742 4957 1940 5012 exitum
1958 4956 2167 5026 qumrit,

590 5075 647 5120 ut
669 5079 790 5119 sese
814 5062 883 5116 ab
910 5058 1152 5131 angustia
1174 5056 1402 5120 eximat;
1433 5054 1511 5109 sic
1539 5052 1675 5108 beati
1704 5051 1842 5106 illius
1873 5050 1969 5104 viri
1994 5048 2168 5103 anima

589 5176 653 5212 cx
680 5169 907 5227 corpore
933 5152 1111 5224 egredi
1150 5157 1205 5206 et
1235 5156 1453 5205 externa
1488 5154 1667 5217 petere
1700 5143 1988 5214 gestiebat;
2014 5142 2173 5198 exiis-

590 5261 779 5325 setque
843 5249 998 5321 plane
1045 5255 1206 5315 atque
1256 5243 1551 5307 avolasset,
1608 5253 1907 5310 corpusque
1948 5251 2170 5290 vacuum

591 5342 916 5414 reliquisset,
961 5336 1064 5393 nisi
1092 5335 1271 5390 statim
1300 5333 1518 5403 angelus
1544 5330 1920 5401 praevertisset,
1950 5341 2173 5396 eamque

591 5437 661 5492 ab
698 5433 938 5507 anguSIia
977 5431 1289 5493 liberasset,
1334 5427 1493 5498 inque
1525 5428 1792 5496 praprium
1828 5420 1929 5477 sibi
1952 5418 2175 5475 domici-

657 5592 674 5623 ¹
711 5588 850 5662 Smil.
876 5591 924 5639 in
954 5601 1109 5662 marg.
1149 5593 1212 5658 et
1247 5585 1343 5662 duo
1375 5583 1899 5662 Δδιειιιιιάυενιιερ,
1940 5581 2053 5662 quia
2096 5592 2175 5650 eos

592 5651 857 5766 ζέςευέωίη
879 5643 1331 5713 cwtum'erigimus.
1372 5652 1427 5699 Et
1449 5646 1538 5697 hoc
1558 5646 1764 5711 agimus,
1802 5656 1895 5697 non
1934 5650 1983 5693 ut
2019 5643 2177 5696 curio-

691 5749 706 5776 r
808 5749 822 5766 ο
1061 5755 1064 5759 ~

2245 2156 2369 2208 lium
2401 2154 2721 2212 reduxisset.
2748 2154 2948 2211 Idcirco
2976 2165 3154 2211 autem
3181 2154 3302 2211 lucc
3325 2163 3447 2210 tunc
3465 2153 3696 2219 dicebam,
3728 2161 3773 2207 ut

2242 2247 2542 2301 ediscerent
2572 2246 2666 2312 illi,
2712 2256 2969 2316 quantum
3009 2246 3231 2316 angelus
3263 2245 3459 2299 homini
3490 2254 3695 2314 pratstet,
3733 2252 3772 2296 et

2245 2354 2307 2393 ex
2345 2337 2589 2396 conservi
2630 2338 2983 2409 prmcellentia
3011 2337 3303 2402 emendati,
3335 2345 3512 2392 contra
3541 2335 3773 2390 Dominum

2247 2428 2477 2483 insanire
2516 2437 2808 2483 cessarent.
2852 2427 3034 2483 Justus
3064 2428 3149 2483 ille
3182 2429 3288 2495 vir,
3316 2436 3456 2482 tanta
3484 2426 3702 2497 prmditus
3733 2423 3779 2476 li-

2247 2521 2422 2585 ducia,
2454 2521 2627 2589 angeli
2655 2532 2996 2591 conspectum
3034 2536 3138 2575 non
3166 2520 3310 2580 tulit.
3338 2529 3392 2574 et
3414 2518 3489 2585 bi,
3515 2517 3595 2589 qui
3621 2524 3781 2571 tantum

2248 2613 2315 2668 ab
2340 2612 2479 2667 illius
2506 2612 2697 2667 virtute
2725 2613 2914 2667 remoti
2936 2622 3078 2678 sunt,
3109 2627 3222 2666 non
3252 2612 3517 2682 angelum,
3543 2610 3625 2664 sed
3648 2608 3783 2677 ipsum

2249 2704 2554 2773 angelorum
2578 2702 2862 2758 Dominum
2887 2703 3094 2757 curiose
3128 2711 3474 2765 scrutantur;
3505 2702 3587 2756 ille
3615 2699 3787 2754 leonum

2252 2793 2577 2850 ferocitatem
2618 2793 2872 2860 edomuit,
2925 2807 3022 2847 nos
3050 2807 3117 2847 ne
3158 2793 3354 2862 vulpes
3382 2790 3584 2861 quidem
3620 2788 3787 2841 vincere

2254 2900 2569 2958 possumus;
2616 2885 2704 2940 ille
2744 2884 3028 2941 draconem
3059 2882 3299 2939 medium
3331 2883 3569 2953 disrupit,
3604 2878 3789 2947 fereque

2254 2985 2494 3032 naturam
2539 2976 2809 3046 superavit
2844 2990 2940 3030 sua
2985 2974 3035 3029 in
3082 2975 3253 3029 Deum
3300 2973 3489 3028 fiducia
3528 2972 3685 3034 fultus,
3718 2980 3792 3022 nos

2255 3069 2608 3125 minutissima
2651 3083 2861 3139 quoque
2888 3067 3094 3137 rcptilia
3129 3066 3517 3127 formidamus;
3549 3064 3627 3118 ille
3651 3073 3792 3131 regem

2257 3161 2425 3216 instar
2465 3159 2633 3213 leonis
2680 3159 2961 3223 furentem,
3012 3158 3259 3227 iramque
3316 3150 3797 3212 Nabuchodonosoris

2257 3251 2401 3305 omni
2451 3249 2662 3304 flamma
2695 3248 3148 3303 vehementiorem
3192 3248 3251 3302 in
3297 3247 3548 3302 barbaros
3582 3239 3797 3298 exercitus

2258 3350 2498 3396 ruentem
2525 3381 2537 3403 ,
2593 3338 2851 3394 accedens
2903 3339 3241 3410 compressit,
3302 3348 3359 3394 et
3408 3336 3631 3393 tenebris
3669 3330 3800 3387 ofl'usa

2260 3431 2435 3486 omnia
2465 3432 2764 3486 illustravit.

2333 3522 2499 3577 Multa
2529 3524 2827 3594 prwcedenti
2854 3523 3089 3578 concione
3117 3523 3260 3577 dicta
3286 3523 3487 3595 repetit.
3507 3552 3576 3562 —
3601 3519 3803 3576 Attamen

2263 3613 2349 3668 hic
2372 3615 2460 3684 qui
2491 3613 2660 3669 lucem
2692 3613 2942 3671 attulerat
2977 3613 3231 3685 angelum
3270 3616 3574 3670 venientem
3612 3608 3802 3669 intuitus,

2262 3706 2485 3777 caligine
2509 3706 2652 3776 gravi
2683 3708 3004 3776 interceptus
3028 3716 3125 3761 est.
3153 3700 3333 3775 Quam
3380 3706 3537 3778 igitur
3559 3700 3808 3761 excusatio-

2265 3813 2386 3854 nem
2415 3798 2639 3855 afferent
2676 3798 2733 3865 ii,
2768 3799 2857 3869 qui
2883 3800 3089 3854 beatam
3119 3798 3271 3854 illam
3307 3798 3659 3869 perlustrare‘
3692 3802 3809 3848 natu-

2264 3904 2380 3946 ram
2430 3890 2726 3945 conantur?
2772 3888 2879 3945 Nos
2920 3904 3048 3944 vero
3108 3905 3217 3944 non
3270 3888 3365 3946 hic
3413 3889 3570 3943 finem
3608 3878 3812 3955 loquendi

2266 3982 2518 4047 fecimus,
2572 3982 2666 4037 sed
2712 3981 2777 4037 ad
2822 3982 3086 4053 sapientes
3132 3983 3258 4037 illas
3307 3983 3534 4037 virtutes
3569 3977 3812 4033 orationem

2268 4075 2652 4142 transtulimus,
2714 4074 2899 4130 oculos
2952 4089 3133 4130 earum
3211 4089 3446 4132 aversos
3512 4068 3815 4129 ostendimus.

2266 4165 2515 4221 obtensas
2536 4165 2667 4229 alas,
2694 4174 2873 4220 erecta
2893 4179 3068 4228 crura,
3110 4165 3416 4221 clamorem
3447 4171 3755 4234 perpetuum.
3777 4163 3816 4208 οι

2267 4255 2533 4327 quomodo
2560 4256 2662 4310 illa:
2690 4255 3018 4326 incorporea:
3039 4253 3278 4310 virtutes
3302 4262 3536 4326 stupore
3554 4261 3606 4309 et
3628 4246 3815 4305 admira-

2271 4350 2412 4406 tione
2443 4348 2582 4420 capti
2614 4347 2774 4403 animi
2806 4347 2952 4418 signa
2986 4347 3265 4416 praebeant
3314 4367 3328 4403 :
3380 4354 3580 4417 quanto
3607 4342 3734 4398 enim
3753 4350 3816 4391 sa-

2270 4442 2577 4513 pientiores,
2612 4448 2810 4512 quauto
2838 4439 2991 4494 nobis
3027 4439 3453 4511 propinqttiores
3475 4446 3595 4494 sunt
3617 4424 3819 4493 ineffabili

2271 4531 2346 4587 illi
2366 4532 2638 4602 beatzeque
2658 4530 2988 4593 substantiae,
3030 4537 3176 4583 tanto
3209 4530 3393 4601 magis
3414 4519 3818 4597 incomprehensi-

2270 4622 2525 4678 bilitatem
2557 4628 2751 4677 norunt
2777 4638 2789 4675 :
2814 4618 3117 4690 magnitudo
3133 4621 3345 4690 quippe
3372 4617 3644 4690 sapientiae
3667 4608 3821 4682 magni-

2272 4712 2507 4768 tudinem
2538 4711 2749 4782 pietatis
2792 4711 2973 4766 efﬁcit.
3019 4710 3265 4766 Diximus
3296 4712 3458 4766 vobis
3482 4710 3607 4781 qttid
3631 4709 3819 4762 inacces-

2272 4804 2423 4861 sibile
2449 4804 2538 4871 sit,
2564 4801 2783 4872 etquod
2808 4801 2939 4858 illud
2965 4800 3130 4855 multo
3154 4800 3340 4872 majus
3365 4802 3439 4856 sit
3467 4794 3820 4869 incomprehen-

2273 4896 2410 4952 sibili
2461 4912 2475 4949 :
2524 4894 2676 4965 cujus
2729 4894 2810 4950 rei
2863 4908 3076 4951 causam
3123 4893 3457 4963 adjecimus,
3508 4894 3629 4965 quia
3674 4888 3822 4945 scilicet

2274 4988 2809 5060 incomprehensibile
2865 4996 2988 5060 post
3032 5004 3265 5044 examen
3336 4974 3825 5059 incomprehensibile

2274 5097 2394 5138 esse
2434 5080 2850 5152 deprehenditur
2879 5097 2894 5135 :
2937 5082 3314 5138 inaccessibile
3340 5097 3479 5138 vero
3507 5092 3715 5136 examen
3752 5083 3829 5125 n0!

2276 5174 2494 5243 patitur,
2524 5188 2586 5227 ac
2612 5188 2680 5228 ne
2701 5172 2916 5243 quidem
2942 5171 3171 5227 adeundi
3204 5173 3561 5244 principium,
3588 5168 3671 5226 ubi
3695 5176 3739 5221 ct
3762 5177 3831 5229 pc-

2276 5262 2375 5334 lagi
2403 5263 2647 5333 exemplo
2676 5279 2808 5334 opus
2836 5263 3135 5318 habuimus.
3183 5264 3525 5320 Addidimus
3555 5278 3653 5319 non
3677 5256 3836 5315 dixisse

2277 5353 2516 5420 Paulum,
2547 5354 2712 5409 Deum
2746 5369 2866 5410 esse
2896 5354 3069 5410 lucem
3095 5354 3562 5421 inaccessibilem,
3602 5350 3689 5407 sed
3709 5350 3835 5401 tamn

2270 5447 2502 5509 habitare
2535 5446 2926 5501 inaccessibilem
2954 5461 2975 5502 :
3012 5445 3154 5518 quod
3193 5446 3243 5502 si
3271 5446 3476 5502 domus
3504 5448 3613 5516 ipsa
3636 5440 3699 5497 sit
3726 5435 3839 5491 inac-

2274 5537 2554 5603 cessibilis,
2600 5537 2763 5592 multo
2792 5536 2958 5609 magis
2996 5537 3085 5608 qui
3113 5537 3162 5592 in
3192 5535 3288 5592 illa
3320 5536 3533 5593 habitat
3563 5532 3710 5589 Deus.
3743 5524 3839 5579 Ιὶεῡι

2342 5715 2358 5745 ι
2395 5711 2498 5775 Alii,
2515 5690 2790 5777 explorare.
