3980 6184
335 326 436 380 7‘29

336 455 495 515 porro
521 439 654 494 dixit
675 437 889 505 Paulus,
915 451 1016 492 non
1036 443 1091 490 ut
1113 436 1416 490 DeumJoco
1431 433 1908 498 circumscriberet,

337 530 426 584 sed
454 537 512 583 ut
535 529 704 598 magis
733 530 1005 597 magisque
1023 527 1246 595 liqueret
1265 525 1433 580 Deum
1455 540 1552 579 nec
1580 524 1798 594 cogitari
1821 539 1919 578 nec

335 620 468 674 adiri
515 633 693 688 posse.
730 619 875 672 Alias
917 619 1040 672 item
1082 617 1302 670 virtutes
1343 615 1672 681 indusimus,
1728 630 1919 683 nempe

340 710 645 774 Cherubim,
675 707 1165 776 duclaravimusque
1196 706 1462 776 quomodo
1503 721 1658 775 supra
1701 706 1816 760 illas
1851 706 1921 760 sit

340 802 750 865 ﬁrmamentum,
793 799 924 866 lapis
979 798 1234 865 crystalli,
1289 796 1578 851 similitudo
1625 796 1820 863 throni,
1865 806 1920 851 et

339 893 545 962 species
570 889 821 955 hominis,
849 889 1126 952 electrum,
1154 888 1308 957 ignis,
1339 903 1516 952 arcus,
1545 896 1599 942 et
1631 887 1770 956 quod
1803 894 1921 955 post

343 985 453 1037 hmc
473 983 648 1037 omnia
679 980 933 1051 propheta
962 980 1123 1046 dicat,
1153 979 1276 1033 Hazc
1303 979 1426 1033 visio
1455 979 1800 1032 similitudinis
1817 977 1922 1032 Do-

342 1071 466 1125 mini
491 1071 702 1143 (Ezech.
729 1072 782 1124 2.
819 1070 868 1142 1)
903 1089 916 1124 :
946 1080 1104 1140 atque
1129 1087 1193 1124 ex
1225 1070 1307 1125 his
1336 1069 1582 1124 omnibus
1612 1071 1701 1124 Dei
1732 1079 1922 1124 attem-

343 1163 668 1232 perationem
720 1162 872 1216 vobis
913 1161 1426 1225 demonstravimus,
1468 1177 1691 1231 eamque
1746 1172 1920 1217 tamen

342 1253 626 1322 ejusmodi,
653 1269 772 1323 qua:
802 1266 899 1308 nec
925 1267 956 1307 a
994 1253 1238 1321 supernis
1264 1252 1544 1308 virtutibus
1583 1253 1705 1308 ferri
1735 1253 1918 1323 possit.

411 1349 464 1401 2.
500 1348 626 1402 llaec
664 1362 770 1400 non
811 1347 924 1401 sine
959 1362 1118 1401 causa
1153 1355 1366 1415 repeto;
1397 1347 1488 1402 sed
1524 1348 1647 1416 quia
1678 1363 1763 1402 me
1802 1363 1923 1417 pro-

343 1442 490 1496 missi
539 1440 832 1495 debitorem
887 1439 1031 1506 novi,
1080 1440 1218 1494 scire
1263 1439 1416 1506 volo,
1463 1439 1590 1509 quid
1646 1439 1940 1506 solverim,-

343 1532 573 1601 quidque
605 1530 916 1585 solvendum
955 1531 1209 1600 supersit.
1242 1531 1330 1585 Sic
1359 1539 1412 1584 et
1437 1531 1559 1585 aeris
1589 1530 1746 1585 alieni
1772 1531 1923 1586 debi-

347 1637 486 1680 tores
519 1625 735 1690 faciunt,
766 1622 986 1678 tabellas
1016 1624 1067 1677 in
1098 1623 1331 1678 medium
1361 1623 1666 1693 proferunt.
1695 1623 1784 1678 ubi
1824 1623 1923 1678 de-

344 1717 433 1770 biti
453 1716 590 1770 ratio
609 1715 891 1784 descripta,
913 1715 1104 1785 quibus
1120 1714 1426 1772 fmueratori
1444 1715 1692 1772 exhibitis
1712 1716 1925 1772 residua

346 1815 649 1860 numerant.
703 1805 818 1875 Ego
871 1805 1134 1873 similiter,
1188 1814 1372 1876 aperto
1425 1808 1698 1862 memoriae
1733 1816 1926 1862 vestra:

345 1900 500 1965 libro,
529 1907 686 1968 atque
717 1898 779 1950 iis
816 1913 933 1968 qua:
953 1898 1064 1968 jam
1103 1899 1273 1954 soluta
1300 1907 1424 1954 sunt
1459 1899 1608 1970 quasi
1637 1899 1802 1969 digito
1827 1900 1926 1954 de—

346 1989 676 2054 monstratis,
707 1989 772 2042 ad
813 1989 1013 2058 reliqua
1051 1989 1267 2044 demum
1307 2005 1557 2060 pr0pero.
1591 1991 1727 2058 Quid
1769 1991 1927 2060 igitur

347 2081 614 2134 residuum
643 2080 793 2133 erat?
825 2078 891 2135 Ut
916 2080 1342 2147 ostenderemus,
1373 2097 1546 2154 neque
1575 2083 1922 2153 principatus,

346 2187 517 2241 neque
557 2179 862 2241 potestates,
898 2187 1071 2242 neque
1107 2172 1518 2238 dominationes,
1560 2189 1732 2252 neque
1768 2175 1924 2228 aliam

344 2263 503 2315 ullam
553 2271 785 2317 creatam
830 2263 1080 2318 virtutem
1131 2279 1271 2330 csse,
1320 2280 1437 2335 quae
1482 2267 1648 2321 Deum
1694 2266 1928 2335 perfecte

341 2352 782 2421 comprehendat.
809 2353 947 2408 Sunt
973 2356 1118 2410 enim
1138 2356 1253 2412 sine
1273 2356 1435 2412 dubio
1460 2365 1514 2412 et
1539 2357 1656 2413 alia:
1684 2358 1924 2425 virtutes,

340 2459 569 2513 quarum
597 2459 664 2497 ne
687 2443 900 2498 nomina
927 2445 1140 2514 quidem
1162 2448 1426 2504 novimus.
1447 2448 1764 2519 Perpendite
1784 2450 1924 2504 insa-

343 2550 465 2587 nam
499 2533 870 2590 htcreticorum
897 2539 1252 2609 arrogantiam
1282 2558 1297 2595 :
1320 2556 1388 2596 ne
1411 2555 1687 2596 servorum
1715 2541 1928 2612 quidem

342 2626 560 2678 nomina
602 2626 875 2692 novimus,
906 2636 961 2682 et
990 2628 1156 2700 ipsam
1190 2632 1398 2687 Domini
1429 2633 1778 2689 substantiam
1810 2650 1929 2704 per-

341 2725 668 2772 scrutantur.
698 2717 832 2772 Sunt
860 2719 1004 2775 enim
1031 2722 1224 2792 angeli,
1253 2724 1578 2795 archangeli,
1604 2726 1801 2792 throni,
1829 2727 1928 2782 don

344 2813 687 2876 minationes,
717 2808 1043 2882 principatus
1081 2822 1134 2866 et
1159 2823 1468 2881 potestates.
1497 2817 1567 2870 At
1602 2832 1708 2872 non
1746 2817 1800 2872 hi
1829 2817 1928 2873 soli

344 2908 395 2960 in
427 2907 562 2960 egelo
591 2915 716 2960 sunt
744 2906 944 2975 populi,
971 2906 1062 2961 sed
1093 2905 1312 2962 inﬁnita:
1338 2916 1544 2978 gentes,
1579 2910 1747 2965 tribus
1775 2910 1932 2965 innu-

343 3013 531 3063 mene,
558 3013 688 3066 quas
715 2997 889 3052 nullus
916 3013 1096 3053 sermo
1121 2997 1394 3053 declarare
1423 3009 1618 3069 po:est.
1649 2999 1929 3056 Undenam

340 3096 558 3141 constat
597 3087 776 3156 plures
818 3103 936 3142 esse
977 3089 1222 3152 virtutes,
1259 3075 1481 3158 quarum
1529 3091 1742 3146 nomina
1781 3093 1931 3163 igno-

345 3178 568 3233 ramus?
598 3179 791 3233 Paulus
820 3180 908 3249 qui
941 3179 1027 3233 illa
1065 3180 1275 3234 dixerat
1314 3179 1415 3234 hoc
1450 3181 1608 3236 etiam
1649 3182 1825 3249 docet,
1858 3183 1929 3239 ita

340 3269 413 3324 de
441 3270 656 3324 Christo
677 3270 898 3340 loquens
921 3287 934 3323 :
959 3271 1225 3325 Constituit
1253 3288 1366 3324 eum
1390 3289 1542 3342 super
1565 3290 1759 3328 omnem
1791 3276 1932 3344 prin-

341 3362 592 3429 cipalttm,
642 3369 686 3414 et
729 3370 1054 3432 potestatem,
1101 3373 1146 3416 et
1183 3364 1431 3430 virtutem,
1475 3372 1525 3418 et
1563 3381 1709 3418 omne
1751 3383 1929 3422 nomen

343 3454 480 3520 quod
507 3451 796 3503 nominatur
823 3469 925 3505 non
960 3453 1121 3506 solum
1149 3453 1201 3505 in
1239 3453 1331 3506 hoc
1357 3455 1560 3516 sa’culo,
1590 3454 1678 3509 sed
1703 3457 1850 3509 etiam
1878 3458 1930 3510 in

343 3547 522 3611 futuro
563 3539 787 3612 (Ep/tes.
832 3543 884 3596 1.
925 3541 1042 3612 21).
1086 3542 1286 3597 Videtis
1323 3544 1497 3613 aliqua
1536 3545 1644 3599 illic
1679 3560 1800 3601 esse
1836 3547 1931 3600 ali-

343 3631 562 3703 quando
605 3635 992 3703 cognoscenda,
1038 3651 1156 3704 qure
1203 3652 1344 3690 nunc
1393 3637 1569 3707 ignota
1607 3640 1767 3693 sunt?
1805 3640 1930 3695 ldeo

341 3727 503 3791 dixit,
533 3741 650 3795 qua:
679 3743 782 3780 non
815 3728 973 3781 modo
1005 3728 1054 3781 in
1087 3727 1186 3784 hoc
1213 3731 1409 3784 szeculo
1443 3732 1804 3800 nominantur,
1835 3735 1928 3789 sed

342 3819 511 3872 etiam
551 3818 604 3871 in
647 3819 838 3873 futuro.
876 3819 1075 3889 Ecquid
1117 3821 1308 3874 mirum
1349 3821 1392 3874 si
1432 3823 1780 3878 substantiam
1821 3842 1927 3881 non

343 3909 584 3978 perfecte
629 3909 1125 3977 comprehendunt?
1178 3909 1310 3965 lllud
1363 3913 1504 3966 enim
1561 3913 1930 3972 demonstrare

343 4015 457 4054 non
478 3999 700 4053 arduum
728 4009 828 4054 est.
859 3999 990 4054 Nam
1020 4000 1475 4070 dispensationum
1501 4004 1617 4074 ejus
1647 4006 1838 4062 multas
1864 4023 1931 4063 ne

343 4090 563 4160 quidem
590 4104 832 4159 superna:
859 4091 1078 4146 virtutes
1101 4101 1325 4161 norunt,
1347 4109 1445 4149 nec
1467 4096 1810 4165 principatus,
1835 4112 1922 4167 po-

348 4191 573 4237 testates
599 4191 652 4237 et
670 4182 1078 4238 dominationes.
1113 4183 1272 4255 quue
1303 4201 1511 4240 rursum
1539 4201 1606 4242 ex
1627 4189 1930 4257 apostolicis

344 4274 530 4328 verbis
579 4274 790 4344 planum
832 4274 1106 4340 faciemus,
1157 4293 1349 4348 nempe
1392 4279 1585 4334 multas
1628 4296 1691 4335 ex
1738 4281 1929 4336 divinis

345 4365 835 4433 dispensationibus
856 4367 1128 4422 nobiscum
1150 4368 1450 4435 edidicisse,
1473 4386 1606 4439 quas
1629 4381 1749 4426 ante
1770 4388 1929 4442 quam

349 4472 452 4510 nos
493 4456 819 4512 disceremus
868 4458 1200 4529 ignorabant.
1241 4460 1355 4514 Non
1395 4461 1563 4515 solum
1602 4473 1780 4518 autem
1830 4480 1930 4518 no-

355 4547 555 4600 biscum
593 4547 912 4614 didicerunt,
953 4549 1045 4604 sed
1090 4551 1250 4604 etiam
1298 4565 1326 4604 a
1371 4552 1522 4606 nobis
1563 4553 1692 4622 ipsis
1735 4554 1927 4623 :Aliis,

355 4637 543 4706 inquit,
569 4641 966 4709 generationibus
986 4659 1086 4696 non
1113 4653 1182 4696 est
1203 4644 1449 4714 agnitum,
1473 4646 1602 4699 sicut
1630 4664 1763 4702 nunc
1790 4666 1930 4704 reveo

353 4730 510 4782 latum
539 4740 610 4784 est
643 4733 828 4786 sanctis
859 4735 1098 4802 apostolis
1129 4736 1234 4806 ejus
1260 4746 1305 4789 et
1345 4738 1600 4808 praphetis
1634 4741 1685 4794 in
1716 4743 1926 4811 spiritu,

350 4836 459 4873 esse
485 4831 653 4890 gentes
679 4824 942 4877 coheredes
972 4833 1018 4876 et
1043 4827 1441 4893 conrorporales,
1473 4838 1518 4883 et
1545 4833 1929 4902 comparticipes

349 4912 698 4976 promissionis
735 4914 844 4983 ejus
879 4913 1087 4986 (Ep/tes.
1124 4917 1176 4970 5.
1215 4917 1290 4985 5).
1324 4917 1713 4976 Promissiones
1751 4934 1929 4979 autem

345 5002 550 5058 Judmis
591 5004 729 5059 datze
768 5008 976 5062 fuerant
1004 5025 1018 5061 :
1051 5008 1155 5062 Per
1185 5009 1534 5083 Erangelium,
1576 5017 1722 5086 cujus
1763 5022 1930 5089 factus

343 5111 464 5146 smn
491 5110 582 5164 ego
612 5095 808 5150 Paulus
837 5099 1080 5152 minister.
1115 5099 1389 5157 Undenam
1421 5107 1718 5162 ostenditur
1745 5125 1932 5179 super-

345 5202 446 5240 nas
474 5187 697 5242 virtutes
728 5189 777 5242 id
819 5200 942 5246 tunc
984 5192 1304 5249 edidicisse?
1335 5195 1463 5250 Nam
1493 5214 1610 5266 quae
1639 5200 1776 5254 dicta
1808 5212 1933 5258 sunt

340 5275 413 5328 ad
442 5276 690 5331 homines
713 5289 976 5348 spectant.
1012 5283 1147 5339 Audi
1180 5299 1193 5337 :
1219 5284 1348 5340 Mihi
1377 5289 1600 5342 omnium
1630 5291 1885 5347 hominum
1913 5295 1929 5327 ι

341 5369 556 5422 minimo
593 5370 712 5424 data
731 5383 805 5426 est
831 5375 997 5444 gratia
1026 5376 1154 5444 lucc,
1194 5380 1533 5450 euangelizare
1556 5385 1784 5439 omnibus
1806 5405 1931 5456 gen-

335 5463 480 5516 tibus
519 5464 887 5537 investigabiles
912 5470 1111 5524 divitias
1147 5471 1332 5525 Christi
1370 5472 1583 5542 (Ep/tes.
1613 5478 1665 5531 ’5.
1697 5478 1772 5549 8).
1795 5481 1930 5547 Quid

339 5561 433 5606 est
457 5553 860 5627 investigabile?
885 5558 1036 5624 Quod
1060 5563 1292 5632 perquiri
1317 5565 1518 5633 nequit,
1544 5581 1642 5623 nec
1663 5571 1820 5626 modo
1846 5587 1933 5627 re-

419 5753 610 5836 ξ..ξὲἱὶιὶ
619 5757 840 5836 Signini
864 5764 990 5822 Mss,
1009 5759 1216 5816 omnium
1238 5774 1526 5819 sanctorum.
1561 5770 1722 5822 Morel.
1751 5780 1802 5824 et
1832 5772 1928 5836 alit,

344 5815 558 5864 mnium
580 5815 839 5870 hornimtm.

1289 320 1376 375 DE
1417 316 2090 374 lNCOMl‘REllENSIBlLl
2130 316 2240 372 DEI
2277 317 2576 376 NATURA.
2611 319 2698 374 IV.

3501 330 3606 385 730

2027 431 2187 502 periri
2237 447 2342 486 non
2395 440 2589 502 potest,
2635 432 2732 490 sed
2783 448 2957 505 neque
2999 435 3329 508 investigari.
3375 438 3602 496 Audiant

2024 539 2182 592 quam
2209 524 2394 578 crebra
2421 524 2702 580 adversum
2729 540 2787 580 se
2810 525 2984 595 jacula
3006 542 3035 581 a
3061 527 3226 583 Paulo
3255 528 3605 586 emittantur?

2023 613 2154 667 Nam
2185 614 2230 668 si
2269 614 2470 669 divitia:
2500 615 2896 685 investigabiles
2924 627 3070 685 sunt,
3099 621 3368 690 quomodo
3412 623 3482 687 is,
3516 624 3606 693 qui

2023 705 2246 774 largitur
2267 704 2496 768 d.vitias,
2524 721 2632 760 non
2663 708 3049 779 investigabilis
3084 712 3185 765 sit?
3222 710 3290 764 Et
3319 713 3610 768 illuminare

2023 811 2212 860 omnes,
2236 811 2346 864 quae
2363 798 2427 850 sit
2448 797 2756 866 dispensatio
2773 802 3077 855 sacramenti
3097 801 3376 857 absconditi
3399 821 3430 857 α
3446 821 3608 858 δίει-ιι-

2026 885 2088 938 lis
2117 887 2168 939 in
2197 885 2325 953 Deo,
2350 897 2401 940 ut
2423 889 2768 957 manifestetur
2785 907 2919 945 nunc
2943 893 3307 963 principatibus
3327 907 3374 948 et
3396 906 3610 964 potestu-

2024 976 2155 1030 tibus
2193 994 2282 1048 per
2308 976 2590 1033 Ecclesium
2619 981 2948 1053 multiformis
2976 985 3225 1054 sapientia
3263 984 3360 1040 Dei
3388 985 3606 1057 (Ephes.

2024 1066 2076 1121 5.
2101 1067 2155 1122 9.
2186 1069 2299 1138 10).
2332 1070 2499 1124 Audis
2537 1072 2679 1141 quod
2719 1089 2880 1140 nunc,
2922 1090 3027 1129 non
3068 1086 3212 1144 ante,
3246 1079 3348 1134 illac
3387 1080 3608 1136 virtutes

2025 1157 2141 1214 hare
2176 1164 2563 1231 cognoverint?
2599 1163 2731 1218 Nam
2770 1172 2889 1235 Quae
2927 1183 3022 1222 rex
3059 1170 3344 1235 consultat,
3393 1172 3608 1226 satelles

2027 1254 2198 1308 nescit
2231 1271 2244 1308 :
2277 1253 2343 1309 Ut
2367 1258 2719 1327 manifestetur
2745 1276 2879 1312 nunc
2915 1261 3281 1329 principatibus
3310 1273 3356 1316 et
3386 1273 3607 1334 potesta-

2026 1339 2155 1397 tibus
2198 1359 2286 1413 per
2331 1344 2609 1399 Ecclesium
2653 1348 2980 1417 multiformis
3023 1352 3271 1419 sapientia
3315 1351 3426 1407 Dei.
3474 1353 3610 1411 Vide

2026 1444 2279 1503 quantum
2301 1436 2519 1499 honoris
2535 1438 2783 1494 humana:
2806 1449 3008 1496 natura:
3023 1443 3272 1498 collatum
3291 1445 3379 1511 sit,
3398 1447 3611 1516 quando

2026 1525 2298 1579 nobiscum
2339 1535 2393 1581 et
2427 1542 2526 1596 per
2553 1543 2650 1583 nos
2687 1543 2932 1599 superna:
2970 1532 3190 1588 virtutes
3228 1534 3367 1604 regis
3398 1544 3607 1590 secreta

2026 1624 2409 1683 cognoverunt.
2441 1615 2548 1671 Sed
2580 1617 2842 1673 undenam
2874 1628 3061 1689 pateat
3079 1621 3146 1677 de
3175 1623 3476 1679 cmlestibus
3503 1625 3608 1680 illis

2028 1702 2172 1758 dici?
2201 1704 2409 1759 Etenim
2439 1705 2712 1762 daemonas
2737 1710 2895 1763 etiam
2927 1710 3195 1767 interdum
3225 1723 3379 1769 vocat
3411 1717 3612 1785 princi-

2027 1801 2183 1862 patus
2210 1805 2264 1849 et
2291 1804 2602 1865 potestates,
2635 1806 2694 1852 ut
2722 1814 2841 1853 cum
2870 1800 3000 1856 dicit
3027 1820 3040 1856 :
3073 1803 3195 1858 Non
3229 1815 3300 1860 est
3327 1805 3469 1862 nobis
3503 1809 3614 1863 colo

2029 1884 2237 1938 luctatio
2283 1886 2522 1942 adversus
2561 1890 2856 1960 sanguinem
2894 1901 2942 1946 et
2979 1909 3203 1960 carnem,
3241 1897 3333 1950 sed
3375 1898 3615 1954 adversus

2031 1978 2342 2048 principatus
2373 1989 2417 2033 et
2444 1991 2733 2050 potestates,
2763 1984 3001 2038 adversus
3029 1987 3205 2040 mundi
3239 1999 3453 2044 rectores
3482 1999 3617 2044 tene-

2030 2073 2232 2123 brarum
2259 2073 2432 2126 saeculi
2458 2074 2613 2143 hujus
2635 2073 2848 2144 (Ephes.
2883 2077 2934 2131 6.
2970 2077 3081 2148 12).
3111 2078 3377 2150 Numquid
3407 2072 3534 2152 ergo
3562 2083 3616 2137 id

2030 2175 2170 2216 nunc
2207 2162 2366 2216 etiam
2407 2162 2554 2228 dicit,
2588 2180 2781 2235 nempe
2809 2165 3080 2222 dmmonas
3111 2177 3236 2224 tunc
3264 2171 3617 2241 cognovisse?

2028 2250 2408 2323 Nequaquam;
2449 2253 2542 2308 sed
2587 2255 2654 2310 de
2699 2258 2945 2326 supernis
2989 2258 3094 2314 illis
3132 2261 3240 2330 agit
3282 2263 3564 2320 virtutibus
3598 2283 3612 2318 :

2029 2359 2150 2399 cum
2191 2345 2332 2400 enim
2369 2345 2609 2412 dixisset,
2642 2349 2958 2419 principatus
2996 2360 3043 2405 et
3073 2363 3360 2422 potestates,
3390 2356 3610 2426 adjecit,

2029 2437 2083 2489 in
2124 2435 2424 2493 cwlestibus.
2459 2437 2540 2492 llli
2584 2454 2814 2509 namque
2857 2442 3186 2512 principatus
3233 2453 3287 2500 et
3327 2455 3615 2515 potestates

2030 2527 2310 2594 cmlestes;
2358 2527 2413 2581 hi
2456 2544 2584 2584 vero
2621 2530 2720 2585 sub
2761 2533 2895 2586 caelo
2931 2543 3055 2588 sunt
3087 2552 3100 2587 :
3131 2538 3478 2605 quamobrem
3526 2555 3614 2594 re-

2030 2627 2207 2674 ctores
2231 2618 2412 2673 mundi
2441 2631 2595 2674 vocat
2613 2621 2751 2690 illos,
2779 2623 3068 2680 ostendens
3093 2627 3282 2681 etelum
3308 2629 3436 2698 ipsis
3467 2631 3616 2687 inac-

2029 2722 2238 2764 cessum
2268 2723 2388 2765 esse
2420 2727 2433 2763 :
2467 2721 2737 2780 totamque
2769 2729 2863 2770 eos
2891 2729 3042 2771 suam
3079 2720 3411 2789 tyrannidem
3439 2722 3491 2777 in
3517 2723 3619 2779 hoc

2031 2803 2203 2857 solum
2231 2803 2430 2858 mundo
2457 2820 2727 2861 exercere.

2102 2896 2156 2950 '5.
2193 2896 2435 2951 Vidistin’
2464 2913 2569 2968 quo
2595 2909 2746 2968 pacto
2777 2901 3054 2957 nobiscum
3082 2914 3134 2959 et
3164 2920 3260 2975 per
3288 2922 3386 2962 nos
3412 2909 3498 2964 illa
3526 2925 3618 2964 co-

2031 2975 2350 3055 gnoverint?
2369 2987 2472 3042 Sed
2494 2988 2559 3043 ad
2581 2989 2815 3046 debitum
2840 2993 2965 3048 illud
2987 2996 3299 3052 solvendum
3321 3001 3616 3068 veniamus,

2031 3091 2096 3130 ac
2123 3077 2410 3146 probemus
2450 3095 2621 3150 neque
2648 3082 2978 3153 principatus
3015 3101 3188 3157 neque
3216 3099 3506 3158 potestates
3536 3093 3618 3164 ip-

2032 3167 2146 3221 sius
2194 3168 2543 3225 substautiam
2592 3187 2768 3229 nosse.
2816 3175 2946 3241 Quis
2990 3177 3092 3233 hoc
3139 3179 3309 3235 dicit?
3350 3182 3464 3238 Non
3505 3184 3616 3254 jam

2034 3256 2247 3327 Paulus,
2270 3271 2362 3314 aut
2390 3261 2628 3329 llesaias,
2657 3274 2749 3319 aut
2779 3266 3047 3336 Ezechiel,
3077 3270 3171 3326 sed
3199 3272 3340 3327 aliud
3369 3289 3462 3329 vas
3489 3290 3617 3332 san-

2033 3356 2196 3414 ctum,
2248 3350 2360 3420 ipse
2401 3352 2618 3407 tonitrui
2665 3353 2824 3420 ﬁlius,
2867 3356 3091 3413 dilectus
3130 3359 3325 3416 Christi
3361 3362 3615 3434 Joannes,

2033 3440 2120 3508 qui
2150 3454 2304 3509 supra
2332 3451 2518 3511 pectus
2544 3442 2867 3500 dominicum
2892 3449 3153 3516 recubuit,
3180 3460 3234 3506 et
3259 3451 3466 3510 divinos
3494 3456 3620 3513 inde

2037 3531 2206 3586 fontes
2249 3531 2443 3586 hausit.
2478 3534 2615 3600 Quid
2644 3537 2802 3606 igitur
2827 3539 2938 3594 ait?
2961 3539 3130 3595 Deum
3170 3561 3314 3599 nemo
3351 3548 3473 3602 vidit
3501 3565 3616 3603 um-

2032 3639 2184 3693 quam
2229 3624 2408 3696 (Joan.
2451 3628 2504 3681 1.
2547 3629 2651 3700 18).
2685 3629 2824 3686 Vere
2871 3635 3088 3689 tonitrui
3129 3635 3287 3704 filius,
3334 3655 3454 3695 nam
3497 3643 3616 3700 tuba

2033 3714 2314 3770 clariorem
2367 3718 2546 3773 emisit
2599 3736 2807 3788 vocem,
2866 3739 2985 3794 qua:
3038 3727 3202 3795 possit
3256 3733 3621 3790 contentiosos

2034 3819 2224 3860 omnes
2263 3806 2612 3865 confundere.
2650 3812 2755 3867 Sed
2786 3813 3058 3870 videamus
3084 3817 3210 3887 quid
3246 3830 3430 3876 contra
3461 3824 3620 3893 01)]ἱοί

2035 3895 2223 3964 possit.
2247 3896 2382 3964 Quid
2402 3940 2417 3964 ,
2447 3914 2650 3969 quaeso,
2680 3901 2813 3958 dicis
2837 3903 3093 3974 Joannes,
3124 3907 3286 3963 Deum
3320 3929 3463 3967 nemo
3496 3917 3620 3970 vidit

2033 3988 2314 4055 umquam?
2361 3987 2500 4056 Quid
2548 3990 2614 4046 de
2663 3993 2940 4065 prophetis
2986 4012 3224 4068 agamus,
3271 4004 3358 4073 qui
3414 4005 3616 4072 dicunt,

2051 4083 2167 4140 Vidi
2186 4084 2390 4142 Deum?
2409 4087 2636 4144 Hesaias
2653 4089 2823 4156 enim,
2856 4090 2973 4144 Vidi
2995 4091 3296 4159 Dominum,
3323 4096 3518 4165 inquit,
3539 4116 3616 4152 se-

2033 4177 2240 4231 dentem
2263 4175 2416 4247 super
2444 4181 2634 4234 solium
2656 4183 2919 4236 excelsum
2940 4192 2987 4237 et
3006 4183 3261 4238 eleuatum
3294 4185 3432 4252 (Isa.
3461 4188 3604 4260 6.1);

2036 4259 2220 4314 Daniel
2249 4277 2398 4328 vero,
2440 4262 2556 4316 Vidi
2583 4264 2739 4318 donec
2763 4267 2932 4320 throni
2953 4269 3102 4337 positi
3127 4280 3246 4324 sunt
3267 4313 3281 4336 ,
3310 4283 3356 4326 et
3384 4283 3620 4345 antiquus

2035 4349 2230 4402 dierum
2262 4352 2387 4404 sedit
2414 4350 2574 4423 (Dan.
2600 4355 2653 4407 7.
2685 4354 2773 4423 9);
2806 4357 3053 4412 Micha‘as
3082 4359 3208 4414 item
3241 4379 3253 4416 :
3295 4361 3408 4416 Vidi
3445 4363 3619 4420 Domi-

2036 4459 2155 4496 num
2185 4442 2349 4496 Deum
2375 4443 2538 4499 Israel
2569 4447 2821 4501 sedentem
2846 4466 2997 4516 super
3016 4452 3198 4507 solium
3223 4471 3368 4508 suum
3392 4444 3615 4530 (57Reg.
3639 4468 3652 4489 ‘

2033 4534 2121 4588 22.
2153 4533 2276 4608 l9);
2305 4535 2443 4592 alius
2472 4553 2681 4592 rursum
2715 4541 2970 4610 propheta
2997 4542 3124 4598 dicit
3153 4563 3167 4598 :
3204 4544 3320 4601 Vidi
3349 4546 3621 4606 Dominum

2034 4639 2248 4682 stantem
2269 4645 2422 4698 super
2447 4631 2626 4695 altare,
2655 4644 2699 4685 et
2727 4632 2855 4686 dixit
2885 4635 3038 4701 mihi,
3067 4649 3267 4708 percute
3301 4657 3454 4710 super
3499 4661 3621 4710 pro-

2037 4719 2350 4789 pitiatorium
2396 4720 2590 4790 (Amos
2644 4723 2697 4778 9.
2758 4723 2854 4796 1).
2928 4725 3088 4782 Multa
3148 4745 3278 4785 sane
3318 4733 3619 4802 hujusmodi

2039 4811 2338 4867 testimonia
2379 4813 2558 4884 colligi
2599 4826 2838 4884 possunt.
2878 4817 2985 4874 Cur
3037 4835 3166 4891 ergo
3221 4823 3454 4880 Joannes
3508 4829 3619 4894 ait,

2035 4900 2200 4956 Deum
2245 4921 2389 4959 nemo
2415 4906 2536 4959 vidit
2569 4911 2848 4979 umquam?
2892 4910 2960 4966 Ut
2987 4911 3192 4968 ediscas
3222 4929 3342 4969 eum
3387 4917 3453 4972 de
3494 4934 3619 4987 pcr-

2039 4995 2171 5050 fecta
2238 4999 2718 5066 comprehensione
2773 5010 2827 5056 et
2883 5001 3026 5057 clara
3089 5007 3393 5076 cognitione
3455 5011 3619 5080 loqui.

2037 5086 2187 5155 Quod
2215 5090 2356 5144 enim
2380 5091 2465 5144 illa
2493 5094 2668 5146 omnia
2692 5109 2788 5162 per
2805 5099 3300 5166 attemperationem
3333 5101 3469 5158 facta
3490 5105 3619 5171 sint,

2039 5196 2210 5250 neque
2235 5197 2422 5251 puram
2455 5184 2595 5238 illius
2622 5185 2970 5242 substantiam
2999 5191 3275 5262 quisquam
3303 5195 3512 5251 illorum
3543 5201 3623 5256 vi-

2041 5270 2202 5337 derit,
2251 5272 2376 5328 hinc
2424 5273 2596 5342 palam
2641 5283 2724 5330 est
2769 5277 2911 5347 quod
2949 5280 3096 5336 varie
3142 5283 3365 5353 quisque
3410 5286 3621 5345 viderit.

2041 5363 2250 5419 Etenim
2282 5365 2424 5421 Deus
2447 5366 2668 5437 simplex
2693 5379 2794 5434 est,
2819 5370 3220 5444 incompositus,
3247 5386 3299 5431 et
3325 5379 3506 5450 ﬁgura:
3527 5398 3623 5438 ex-

2039 5471 2194 5528 pers;
2225 5457 2296 5511 illi
2326 5474 2452 5513 vero
2479 5458 2673 5530 figuras
2699 5461 2942 5518 videruut
2966 5465 3161 5522 varias.
3194 5467 3305 5524 Hoc
3331 5469 3502 5540 ipsum
3526 5489 3620 5544 per

2041 5548 2202 5602 alium
2232 5547 2542 5618 prephetam
2572 5551 2824 5619 ostendit,
2857 5554 3090 5626 ipsisque
3117 5561 3402 5629 persuadet
3428 5579 3488 5620 se
3517 5582 3622 5623 non

2040 5639 2327 5712 perfectam
2358 5642 2708 5700 substantiam
2732 5645 2950 5712 vidisse.
2980 5647 3062 5705 bis
3091 5653 3266 5708 verbis
3295 5673 3309 5710 :
3342 5656 3450 5726 Ego
3469 5659 3622 5714 risio-

2043 5750 2127 5787 nes
2155 5734 2497 5802 nutltiplicavi,
2529 5745 2572 5791 et
2598 5738 2648 5792 in
2679 5741 2908 5795 manibus
2933 5742 3294 5814 prophetarum
3317 5750 3620 5804 assimilatas

2043 5842 2153 5880 sum
2187 5825 2339 5898 (Osce
2377 5827 2463 5884 12.
2498 5827 2585 5901 10)
2631 5846 2645 5885 :
2700 5845 2805 5888 non
2849 5831 3018 5903 ipsam
3063 5851 3236 5893 meam
3273 5837 3618 5894 substantiam
