3980 6184
471 241 568 300 73!

469 357 700 424 ostendi,
745 359 836 415 sed
888 361 1175 415 videntium
1220 360 1508 417 inﬁrmitati
1550 378 1634 422 me
1676 364 2044 434 attemperavi.

469 449 705 506 Joannes
731 468 856 523 ergo
877 469 982 507 non
1010 455 1075 508 de
1098 455 1398 511 hominibus
1426 455 1525 512 hoc
1553 457 1700 524 dicit,
1728 457 1886 512 Deum
1909 476 2051 513 nemo

471 544 592 596 uidit
621 561 857 614 umquam
889 561 908 598 :
934 546 983 601 id
1011 548 1152 601 enim
1193 548 1359 619 liquet
1387 564 1508 604 eum
1535 564 1602 606 ex
1642 551 1727 617 iis,
1767 566 1884 621 qua?
1911 552 2048 606 dicta

470 645 612 699 sunt,
639 636 961 704 propheticis
990 654 1178 708 nempe
1203 640 1404 707 verbis,
1432 639 1544 711 Ego
1573 642 1783 697 visiones
1806 643 2051 712 multipli-

470 725 611 788 cavi,
642 735 686 778 et
713 726 764 779 in
794 727 1021 781 mortibus
1051 730 1407 798 praphelarum
1435 732 1739 786 assimilatas
1763 750 1871 787 sum
1890 750 1909 798 ;
1939 743 2048 788 tum

416 824 419 825 '
466 833 529 870 ex
553 819 810 872 sententia
838 819 1002 892 Moysi
1031 823 1266 890 prolata;
1296 839 1414 878 cum
1443 825 1582 878 enim
1612 825 1698 879 ille
1727 826 1890 880 Deum
1919 826 2050 882 facie

466 910 531 963 ad
566 911 749 966 faciem
780 913 959 969 videre
985 924 1224 984 cuperet,
1255 917 1328 970 ait
1354 917 1490 972 Deus
1524 936 1536 970 :
1571 917 1734 972 Nemo
1755 919 1934 973 videbit
1965 921 2050 988 [a-

467 1004 592 1057 ciem
619 1022 798 1070 meam,
831 1017 878 1060 et
905 1009 1029 1061 viret
1061 1008 1254 1079 (Exod.
1287 1011 1376 1066 55.
1415 1010 1528 1084 20).
1560 1012 1838 1083 Liquidum
1870 1014 2050 1084 itaque

464 1095 590 1149 illud
620 1105 778 1166 atque
809 1097 861 1152 in
887 1099 1133 1154 confesso
1166 1111 1264 1156 est.
1296 1102 1413 1156 Non
1446 1119 1574 1173 ergo
1598 1105 1663 1159 de
1694 1104 1921 1160 humana
1952 1121 2048 1160 na—

465 1199 581 1244 tura
623 1201 844 1257 tantum,
876 1192 968 1247 sed
997 1195 1155 1248 etiam
1184 1195 1252 1250 de
1294 1197 1539 1264 supernis
1571 1199 1920 1266 potestatibus
1951 1199 2050 1254 hoc

465 1282 559 1345 ait,
609 1281 769 1336 Deum
817 1301 960 1338 nemo
1006 1286 1125 1339 vidit
1165 1304 1455 1356 umquam:
1485 1291 1829 1357 quamobrem
1877 1292 2047 1360 ipsum

471 1389 681 1444 quoque
712 1377 1036 1446 unigenitum
1066 1378 1223 1448 hujus
1261 1380 1514 1436 doctrinm
1549 1392 1934 1451 prtrceptorem
1967 1381 2078 1438 in-'

463 1464 631 1520 ducit.
666 1466 741 1521 Ne
770 1469 887 1537 quis
917 1469 1054 1524 enim
1085 1469 1306 1535 diceret,
1340 1471 1606 1528 undenam
1636 1474 1684 1528 id
1718 1474 1927 1546 liquet?
1951 1476 2048 1531 ad-

460 1562 590 1631 jecit
632 1581 645 1617 :
683 1564 983 1634 Unigem'tus
1027 1567 1316 1638 [Νίκῃ-ηαξ
1350 1579 1422 1623 est
1465 1570 1518 1622 in
1556 1570 1670 1623 sinu
1707 1568 1912 1638 Patria,
1941 1573 2051 1643 ipse

463 1655 689 1721 exposuit
717 1653 892 1726 (Joan.
919 1658 969 1710 l.
995 1657 1108 1727 l8),
1133 1673 1194 1712 ac
1217 1658 1319 1713 fide
1340 1659 1556 1728 dignum
1577 1660 1838 1730 dogmatis
1859 1671 2046 1716 testem

463 1744 846 1815 ductoremque
873 1746 1094 1801 inducit.
1130 1749 1288 1818 Atqui
1325 1750 1370 1804 si
1404 1751 1630 1819 idipsum
1661 1753 1801 1821 quod
1841 1753 2050 1824 Moyses
2119 1759 2128 1768 ‘

462 1833 551 1889 hic
579 1837 879 1907 signiﬁcare
907 1840 1085 1906 vellet,
1111 1841 1306 1894 frustra
1333 1842 1608 1912 adjicerct,
1642 1843 1940 1916 Unigenitus
1961 1861 2046 1899 ea:-

464 1927 652 1994 posuit.
705 1927 810 1980 Sed
856 1929 1014 1982 etiam
1063 1930 1208 1998 prius
1255 1946 1413 2000 quam
1461 1931 1693 1988 Joannes
1739 1935 1851 1988 hare
1897 1936 2046 2005 quasi

462 2015 650 2070 doctus
674 2017 740 2071 ab
767 2019 1038 2088 unigenito
1062 2019 1286 2087 diceret,
1319 2021 1369 2075 id
1401 2023 1554 2077 nobis
1581 2023 1839 2093 pr0phcta
1867 2025 2049 2081 decia-

462 2117 655 2174 rasset,
702 2118 886 2180 utpore
925 2112 1011 2182 qui
1057 2127 1087 2165 a
1132 2112 1243 2166 Deo
1284 2113 1600 2183 accepisset.
1633 2116 1738 2170 Sed
1769 2117 1889 2186 quia
1931 2117 2049 2187 plus

460 2199 660 2269 aliquid
682 2241 696 2265 ,
727 2216 886 2271 quam
915 2209 1044 2258 tunc
1071 2202 1266 2258 dictum
1295 2202 1504 2269 fuisset,
1537 2205 1692 2260 nobis
1722 2207 2050 2263 revelaturus

460 2300 594 2355 erat,
629 2308 843 2363 nempe,
877 2309 945 2348 ne
974 2308 1232 2364 supernas
1260 2295 1474 2372 quidem
1503 2297 1728 2352 virtutes
1765 2299 1936 2368 ipsum
1972 2301 2052 2354 vi-

460 2384 611 2450 dere,
660 2385 780 2440 ideo
828 2387 1156 2457 unigenitum
1203 2388 1476 2446 doctorem
1523 2391 1742 2447 inducit.
1777 2393 2047 2450 Visioncm

460 2490 622 2545 porro
664 2476 750 2553 hic
793 2479 1151 2547 cognitionem
1201 2495 1321 2535 esse
1371 2482 1630 2552 intellige.
1677 2483 1860 2554 Neque
1907 2487 2048 2539 enim

463 2557 695 2634 pupillae,
719 2568 878 2631 oculi,
903 2569 1168 2638 palpebra:
1191 2570 1518 2640 incorporeis
1543 2572 1722 2627 insunt
1740 2575 2046 2640 virtutibus;

464 2654 560 2708 sed
601 2655 743 2725 quod
787 2657 942 2712 nobis
977 2644 1060 2713 est
1096 2661 1246 2726 visio,
1291 2661 1422 2730 ipsis
1461 2671 1544 2717 est
1585 2665 1838 2733 cognitio.
1871 2667 2051 2736 Itaque

463 2760 583 2800 cum
624 2748 811 2814 audis,
857 2748 1016 2801 Deum
1059 2767 1203 2804 nemo
1241 2753 1364 2805 vidit
1397 2770 1656 2821 umquam,
1701 2755 1751 2810 id
1794 2757 2048 2828 intellige,

464 2837 664 2891 milium
705 2853 824 2894 esse
852 2839 941 2910 qui
974 2840 1140 2896 Deum
1175 2842 1595 2900 substantialiter
1624 2847 1640 2878 ¹
1668 2847 1890 2903 omnino
1926 2864 2050 2918 per—

463 2927 602 2984 fecte
627 2939 933 3000 COguoscat.
961 2933 1038 2987 Ac
1064 2933 1130 2988 de
1152 2932 1432 3004 Seraphim
1460 2951 1579 2990 cum
1610 2938 1762 2992 audis
1782 2954 1844 2993 ea
1865 2939 2052 2995 oculos

463 3022 738 3085 avertisse,
771 3031 825 3077 et
852 3024 1056 3079 vultum
1097 3025 1396 3094 obtexisse,
1435 3027 1609 3098 deque
1637 3029 1952 3097 Cherubim,
1987 3046 2050 3086 ea

463 3113 602 3168 idem
631 3115 801 3185 ipsum
829 3115 1036 3182 fecisse,
1062 3133 1128 3173 ne
1153 3119 1339 3174 oculos
1365 3120 1448 3174 vel
1476 3122 1699 3192 pupillas
1720 3123 1831 3193 ipsa
1855 3123 2052 3180 habere

467 3216 638 3271 putes,
670 3208 911 3276 corporis
946 3209 1088 3262 enim
1116 3217 1200 3264 est
1225 3209 1530 3280 hujusmodi
1563 3211 1752 3279 forma,
1783 3214 1876 3270 sed
1910 3215 1993 3270 his
2020 3231 2050 3271 a

463 3296 724 3365 propheta
767 3299 1124 3366 cognitionem
1168 3300 1455 3369 signiﬁcari
1495 3301 1676 3356 crede.
1706 3302 1840 3357 Cum
1872 3305 2052 3375 itaque

463 3385 720 3454 propheta
751 3385 900 3452 dicit,
935 3387 1050 3442 illas
1090 3389 1314 3444 virtutes
1347 3390 1513 3445 Deum
1551 3394 1790 3461 quamvis
1823 3409 1939 3450 sese
1967 3405 2049 3450 at-

464 3485 850 3548 tetnpcranlcm
870 3493 974 3532 non
1003 3479 1143 3534 ferre
1169 3482 1425 3550 potuisse,
1450 3485 1580 3538 nihil
1605 3487 1746 3541 aliud
1763 3488 2046 3558 signiﬁcat,

465 3583 621 3637 quam
649 3567 763 3638 ejus
787 3569 1144 3638 cognitionem
1167 3572 1365 3627 claram
1390 3583 1444 3629 et
1469 3586 1788 3644 accuratam,
1815 3594 2050 3650 compre-

467 3659 889 3731 hensionemque
916 3663 1056 3717 ferre
1086 3679 1192 3718 non
1224 3681 1402 3735 posse,
1438 3683 1610 3738 neque
1639 3670 1836 3727 audere
1863 3689 2049 3742 puram

465 3751 610 3806 illam
651 3753 1045 3826 perfectamque
1084 3756 1433 3813 substantiam
1481 3761 1695 3829 intueri,
1726 3780 1794 3819 ne
1834 3766 2048 3836 quidem

466 3861 588 3901 cum
627 3863 746 3902 sese
774 3856 1112 3920 attemperat.
1143 3851 1283 3906 Nihil
1321 3861 1498 3908 autem
1536 3856 1680 3911 aliud
1723 3867 1806 3913 est
1833 3860 2046 3928 intueri,

465 3954 626 4007 quam
654 3954 998 4009 cognoscere.
1028 3941 1383 4007 Quamobrem
1415 3944 1775 4016 Evangelista,
1800 3963 2048 4020 comper-

467 4039 582 4088 tum
626 4032 828 4088 habens
863 4035 1114 4089 humana:
1163 4051 1269 4089 non
1309 4052 1430 4092 esse
1475 4048 1680 4094 natura:
1725 4043 1846 4096 talia
1887 4045 2048 4112 scire,

469 4140 641 4195 neque
663 4127 907 4194 superuis
930 4127 1057 4197 ipsis
1082 4127 1364 4184 virtutibus
1381 4131 1913 4201 comprehensibilem
1932 4153 2050 4194 esse

471 4217 658 4284 Deum,
687 4235 807 4272 eum
842 4220 1034 4290 ipsum,
1063 4221 1151 4290 qui
1181 4221 1232 4275 in
1265 4221 1482 4278 dextera
1511 4224 1624 4294 ejus
1653 4227 1826 4292 sedet,
1852 4239 1904 4284 et
1935 4230 2051 4286 haec

470 4309 702 4376 perfecte
735 4313 900 4375 novit,
935 4312 1092 4383 hujus
1119 4313 1374 4370 doctriuze
1403 4328 1785 4388 prmceptorem
1828 4321 2047 4378 inducit.

467 4399 648 4470 Neque
677 4403 988 4472 simpliciter
1016 4405 1166 4470 dixit,
1199 4407 1388 4475 Filius,
1416 4411 1658 4478 quamvis
1682 4412 1726 4466 si
1756 4413 1826 4467 ita
1855 4415 2046 4485 loquu-

469 4499 554 4544 tus
579 4502 742 4556 eSset,
773 4494 902 4546 satis
933 4493 982 4548 id
1018 4494 1204 4551 fuisset
1229 4497 1293 4551 ad
1335 4514 1429 4554 ora
1459 4501 1847 4571 impudentium
1875 4507 2050 4562 homi-

472 4594 596 4631 num
641 4580 955 4636 obturanda.
987 4583 1137 4638 Sicut
1175 4587 1317 4642 enim
1359 4591 1509 4645 multi
1547 4593 1741 4649 Christi
1780 4596 2048 4665 dicuntur,

474 4685 608 4725 unus
639 4681 814 4726 autem
847 4689 1004 4728 verus
1033 4675 1279 4733 Christus
1306 4691 1387 4735 est
1421 4700 1433 4736 :
1468 4694 1522 4738 et
1561 4686 1709 4740 multi
1739 4686 1941 4744 domini
1967 4693 2052 4746 di-

470 4775 683 4828 cuntur,
719 4782 854 4822 unus
885 4783 1013 4823 vero
1046 4769 1305 4826 Dominus
1339 4791 1351 4825 :
1380 4785 1435 4830 et
1475 4777 1626 4831 multi
1668 4778 1741 4833 dii
1781 4780 2048 4851 dicuntur,

472 4871 608 4910 unus
634 4872 761 4911 vero
790 4859 960 4921 Deus;
994 4860 1070 4914 sic
1096 4870 1149 4915 et
1174 4863 1322 4917 multi
1351 4864 1443 4920 ﬁlii
1472 4866 1741 4934 dicuntur,
1768 4887 1904 4928 unus
1927 4891 2054 4930 vero

473 4946 656 5013 Filius,
687 4958 844 5017 atque
873 4949 982 5018 ipsa
1009 4953 1215 5006 articuli
1238 4953 1438 5011 additio
1460 4958 1714 5027 unigeniti
1743 4965 2054 5029 prmeellen-

473 5039 598 5092 tiam
627 5040 756 5092 satis
778 5039 996 5095 indicat.
1025 5042 1274 5099 Attamen
1303 5062 1365 5101 ea
1392 5063 1449 5102 re
1473 5063 1579 5102 nou
1601 5059 1900 5116 contentus,
1931 5070 2051 5110 eum

473 5131 716 5198 dixisset,
755 5131 916 5186 Deum
945 5151 1088 5188 nemo
1110 5137 1232 5191 vidit
1256 5155 1513 5210 umquam,
1541 5142 1833 5212 subjunxit,
1867 5147 2056 5219 Uuige-

474 5225 608 5277 uitus
632 5223 814 5290 Filius,
844 5227 1022 5296 quiest
1042 5228 1092 5281 in
1115 5231 1229 5284 sinu
1252 5230 1445 5300 Patris,
1474 5235 1582 5304 ipse
1605 5241 1853 5308 exposuit.
1881 5241 2058 5298 Primo

476 5311 630 5381 dixit,
661 5315 963 5386 unigenitus,
983 5326 1035 5372 et
1065 5329 1269 5388 postca,
1302 5320 1350 5374 F
1352 5323 1487 5378 ilius.
1515 5324 1648 5380 Cum
1676 5329 1817 5382 enim
1840 5341 2057 5401 propter

478 5406 708 5460 nominis
747 5409 1203 5478 communitatem,
1247 5413 1470 5483 gloriam
1516 5417 1633 5488 ejus
1674 5421 1912 5494 plerique
1953 5427 2056 5479 mi-

481 5507 665 5564 nuant,
695 5515 856 5555 unum
879 5502 1016 5558 inter
1039 5505 1234 5560 multos
1259 5506 1405 5562 illum
1427 5524 1547 5566 esse
1575 5513 1676 5568 rati
1702 5531 1717 5568 :
1747 5513 1838 5569 ﬁlii
1863 5518 2060 5587 quippe

545 5632 902 5715 :_§icgvjl._et
930 5635 1152 5701 plerique
1191 5640 1333 5690 Codd.
1382 5649 1430 5692 tn
1460 5644 1621 5694 Morel.
1666 5647 1808 5699 deest
1839 5651 2060 5715 verbum,

487 5691 870 5746 substantiatiter.

1181 248 1234 303 S.
1272 247 1548 302 JOANNIS
1584 247 2056 305 CllRYSOSTOMl
2097 248 2410 306 ARClllEP.
2453 252 2983 310 CONSTANTINOP.
3590 278 3674 334 τῃ

2163 381 2355 423 nomen
2398 370 2645 424 onmibus
2687 386 2970 428 commune
3013 383 3095 429 est
3126 395 3139 429 :
3170 375 3286 432 ideo
3322 382 3451 450 quod
3489 399 3559 442 est
3596 391 3679 461 ipsi

2159 460 2314 526 ιη·ωεί
2322 475 2478 528 puum
2504 469 2557 515 et
2582 463 2866 530 peculiare,
2886 464 2952 518 ad
2975 466 3277 537 nullumque
3298 470 3445 528 alium
3468 460 3678 547 pertinet,

2159 551 2466 619 przeposuit,
2515 567 2707 622 nempe
2754 556 3085 625 unigenitus;
3134 567 3191 612 ut
3237 559 3355 616 hinc
3393 566 3577 634 eredas,
3616 574 3685 627 vel

2155 656 2438 698 commune
2487 644 2615 699 illud
2661 660 2765 699 non
2815 662 2940 702 vere
2977 663 3256 704 commune
3302 667 3444 721 esse,
3487 658 3568 712 sed
3607 663 3686 730 ipsi

2157 736 2434 803 proprium
2463 745 2518 792 et
2541 738 2833 808 peculiare,
2862 742 3167 813 nemiuique
3196 744 3412 801 aliorum
3433 759 3482 802 ut
3504 751 3569 805 illi
3590 767 3690 807 coa-

2161 843 2369 884 ventre.

2223 942 2277 995 4.
2318 941 2491 1010 thue
2515 943 2709 1000 clarius
2751 946 2801 1001 id
2841 947 3067 1013 evadat,
3113 964 3226 1004 rem
3257 950 3412 1006 fusius
3435 955 3692 1024 explicabo.

2161 1031 2366 1088 Nomen
2402 1036 2526 1089 illud
2552 1079 2566 1104 ,
2598 1037 2788 1104 Filius,
2823 1048 2872 1094 et
2903 1039 3207 1097 hominibus
3234 1029 3287 1098 εἰ
3310 1045 3506 1101 Christo
3527 1033 3696 1106 conve-

2155 1125 2232 1178 nit
2256 1141 2269 1188 ;
2298 1126 2388 1180 sed
2417 1128 2568 1182 nobis
2589 1129 2755 1183 abusu
2781 1131 3033 1199 quodam,
3069 1133 3139 1186 illi
3175 1149 3298 1187 vero
3322 1139 3521 1205 proprie
3550 1156 3562 1190 :
3587 1139 3696 1195 illud

2154 1226 2356 1282 autem,
2387 1223 2694 1290 unigcnilus,
2729 1223 2826 1292 ipsi
2856 1226 3128 1294 proprium
3151 1239 3250 1290 est,
3281 1230 3566 1300 nemiuique
3585 1233 3695 1286 aiio-

2159 1324 2277 1362 rum
2307 1311 2390 1364 vel
2417 1313 2634 1368 abusive
2679 1315 2947 1370 tribuitur.
2991 1316 3060 1372 Ut
3089 1319 3249 1388 igitur
3291 1321 3356 1375 ab
3391 1326 3698 1392 appellatione

2155 1407 2351 1460 nemini
2373 1417 2711 1476 competente
2733 1418 3081 1480 prteterquam
3111 1414 3205 1482 ipsi
3233 1415 3352 1478 soli,
3376 1417 3526 1470 etiam
3549 1419 3697 1484 aliam,

2153 1513 2272 1568 qua:
2302 1499 2481 1553 multis
2510 1502 2777 1567 tribuitur,
2808 1503 2904 1572 ipsi
2927 1506 3195 1574 propriam
3224 1522 3343 1562 esse
3368 1519 3580 1578 putares,
3606 1513 3700 1566 ideo

2153 1593 2297 1661 prius
2313 1593 2461 1658 dixit,
2484 1596 2784 1665 unigenitus,
2813 1607 3097 1667 posteaque
3117 1598 3299 1653 Filius.
3317 1601 3460 1667 Quod
3477 1605 3516 1657 si
3541 1620 3598 1659 ne
3613 1605 3703 1659 hare

2151 1683 2361 1752 quidem
2381 1685 2472 1738 tibi
2495 1687 2622 1740 satis
2638 1688 2762 1752 sint,
2781 1688 2994 1743 tertium
3013 1690 3201 1744 addam
3221 1733 3234 1756 ,
3258 1692 3483 1763 illudque
3499 1711 3700 1750 crassum

2151 1787 2203 1830 et
2230 1776 2520 1832 humanum
2545 1819 2558 1843 ,
2589 1781 2682 1834 sed
2710 1780 2848 1850 quod
2880 1783 3047 1850 pOSsit
3078 1792 3255 1838 tamen
3307 1785 3448 1839 humi
3495 1798 3704 1856 repentes

2151 1869 2216 1923 ad
2246 1871 2430 1940 gloriae
2458 1871 2716 1942 unigeniti
2743 1875 2983 1929 notitiam
3008 1875 3440 1945 reducere/Quid
3465 1881 3579 1934 illud
3606 1866 3708 1935 est?

2153 1961 2254 2027 Qui
2281 1973 2352 2017 est
2379 1964 2432 2016 in
2456 1964 2570 2018 sinu
2595 1962 2789 2019 Patris.
2819 1967 3069 2022 Crassum
3110 1969 3239 2024 illud
3264 1971 3482 2026 verbum
3511 1983 3600 2034 est,
3627 1974 3702 2027 sed

2150 2054 2290 2124 quod
2314 2057 2443 2110 satis
2459 2057 2526 2110 sit
2541 2057 2604 2110 ad
2625 2059 2903 2128 genuinam
2921 2060 3178 2115 rationem
3201 2064 3710 2120 commonstrandanu

2153 2147 2198 2200 si
2226 2148 2674 2216 quemadmodum
2707 2151 2814 2205 Deo
2838 2150 3026 2206 deceat
3053 2153 3395 2223 intelligatur.
3433 2155 3569 2211 Sicut
3595 2157 3709 2209 enim

2152 2253 2274 2292 cum
2319 2241 2566 2293 tiu-onum
2613 2241 2766 2296 audis
2809 2249 2862 2296 et
2909 2242 3088 2299 sedem
3117 2259 3145 2296 a
3177 2245 3418 2310 dextris,
3465 2261 3560 2300 non
3601 2261 3706 2301 vere

2154 2331 2403 2384 thronum
2427 2332 2680 2400 opinaris,
2710 2350 2809 2388 nec
2835 2335 3032 2403 locum,
3058 2352 3154 2392 nec
3176 2338 3713 2409 circumscriptionem,

2154 2421 2247 2475 sed
2276 2437 2303 2474 a
2337 2422 2514 2476 throni
2547 2424 2904 2492 appellatione
2933 2434 2989 2481 et
3015 2441 3042 2480 a
3070 2427 3215 2482 sedis
3248 2429 3499 2484 societate
3527 2431 3711 2483 honoris

2153 2512 2509 2582 aequalitatem
2534 2516 2918 2585 paritatemque
2941 2517 3224 2588 intelligis;
3257 2520 3334 2575 sic
3355 2531 3407 2576 et
3432 2536 3543 2574 cum
3570 2521 3716 2574 sinum

2153 2607 2324 2670 audis,
2349 2621 2416 2660 ne
2441 2607 2613 2660 sinum
2638 2616 2790 2676 putes
2815 2623 2953 2675 esse,
2985 2625 3158 2680 neque
3181 2611 3363 2667 locum
3389 2629 3402 2676 ;
3431 2612 3519 2667 sed
3544 2628 3569 2665 a
3598 2612 3718 2666 sinus

2153 2712 2284 2752 Voce
2347 2699 2791 2768 propinquitatem
2841 2708 2896 2754 et
2951 2699 3194 2756 fiduciam
3263 2702 3402 2771 apud
3457 2703 3717 2770 genitorem

2153 2789 2345 2858 cogita.
2379 2789 2508 2844 Nam
2536 2790 2675 2859 quod
2708 2790 2758 2844 in
2790 2792 2908 2846 sinu
2947 2804 3189 2847 versetur
3213 2835 3231 2861 ,
3268 2793 3318 2848 id
3363 2793 3552 2848 clarius
3593 2794 3722 2847 nobis

2155 2879 2293 2947 quod
2321 2880 2549 2949 genitori
2578 2882 2906 2952 propinquus
2935 2883 3005 2936 sit
3029 2883 3388 2950 demonstrat,
3419 2901 3568 2954 quam
3591 2883 3714 2958 qpod

2153 2985 2181 3024 a
2209 2972 2408 3028 dextris
2448 2973 2647 3028 sedeat.
2678 2974 2858 3044 Neque
2884 2977 3024 3030 enim
3050 2976 3206 3031 Pater
3238 2978 3291 3032 in
3339 2979 3454 3032 sinu
3483 2993 3574 3032 suo
3614 2992 3716 3032 esse

2154 3064 2349 3119 Filium
2368 3076 2658 3135 pateretur,
2684 3069 2784 3122 nisi
2806 3068 3045 3138 ejusdem
3068 3070 3385 3126 substantia:
3406 3080 3560 3135 esset,
3581 3085 3726 3140 neque

2153 3153 2266 3224 ipse
2294 3155 2482 3224 Filius,
2513 3158 2555 3212 si
2585 3159 2858 3213 inferioris
2884 3168 3030 3215 esset
3049 3171 3280 3230 naturas,
3315 3162 3367 3216 in
3399 3173 3608 3233 paterno
3626 3162 3724 3216 sinu

2152 3249 2353 3304 versari
2378 3251 2684 3306 sustineret.
2721 3251 2786 3307 Ut
2817 3251 2981 3306 Filius
3011 3267 3137 3324 ergo
3159 3262 3216 3308 ct
3247 3256 3566 3325 unigenitus,
3588 3263 3724 3322 atque

2153 3339 2206 3394 in
2235 3341 2353 3395 sinu
2385 3350 2606 3410 paterno
2645 3358 2885 3410 versans,
2915 3346 3090 3399 omnia
3119 3362 3241 3416 qua:
3274 3348 3450 3402 Patris
3478 3357 3590 3400 sunt
3628 3361 3728 3415 pcr-

2153 3432 2291 3488 fecte
2336 3434 2497 3488 novit.
2546 3435 2884 3507 Quapropter
2931 3436 3015 3492 his
3065 3439 3409 3510 Evangelista
3454 3429 3618 3494 verbis
3656 3445 3724 3491 est

2151 3539 2301 3590 usus,
2334 3533 2390 3578 ut
2415 3524 2536 3579 Filii
2566 3536 2864 3582 accuratam
2897 3543 3054 3596 quam
3098 3528 3164 3584 de
3192 3529 3356 3585 Patre
3384 3532 3537 3585 habet
3559 3528 3718 3598 cogni-

2154 3613 2353 3668 tionem
2383 3615 2678 3672 declararet
2720 3635 2734 3672 :
2789 3634 2910 3672 nam
2950 3619 3018 3674 de
3061 3621 3374 3689 cognitione
3416 3637 3588 3677 sermo
3613 3627 3726 3674 erat.

2152 3705 2305 3772 Quod
2350 3709 2449 3762 nisi
2493 3709 2562 3762 ita
2593 3718 2738 3764 esset
2761 3751 2774 3774 ,
2803 3726 2900 3765 cur
2939 3713 3088 3766 sinus
3115 3713 3494 3769 memoratur?
3537 3713 3656 3768 Nam
3693 3709 3729 3764 si

2152 3799 2291 3854 Deus
2311 3817 2414 3854 non
2438 3803 2505 3854 sit
2528 3816 2743 3871 corpus,
2773 3811 2828 3855 ut
2849 3818 2973 3858 vere
2996 3819 3100 3858 non
3129 3813 3235 3871 est,
3261 3821 3438 3876 neque
3457 3803 3729 3876 genuinitas

2151 3902 2206 3947 et
2268 3893 2632 3963 prepinquitas
2685 3893 2801 3948 Filii
2857 3910 2981 3965 erga
3039 3895 3340 3965 genitorem
3395 3897 3732 3966 significetur.

2146 3984 2348 4038 frustra
2391 3999 2453 4037 ae
2479 3985 2592 4038 sine
2616 4000 2774 4040 causa
2805 3984 2905 4040 hoc
2935 3986 3133 4040 dictum
3172 3987 3436 4057 injectum
3466 3987 3559 4040 fuit
3582 4028 3595 4049 ,
3625 3998 3727 4038 cum

2153 4076 2350 4130 nullius
2372 4077 2523 4130 nobis
2547 4078 2616 4131 sit
2640 4094 2786 4133 usus.
2812 4077 3002 4133 Verum
3027 4095 3132 4133 non
3161 4078 3364 4135 frustra
3383 4080 3626 4151 injectum
3647 4085 3732 4130 est:

2152 4169 2323 4233 absit;
2354 4183 2524 4238 neque
2544 4170 2684 4223 enim
2713 4179 2910 4225 temere
2933 4170 3160 4240 Spiritus
3191 4173 3465 4242 loquitur;
3498 4170 3587 4225 sed
3613 4183 3721 4239 pro-

2153 4258 2496 4328 pinquitatem
2541 4259 2658 4314 Filii
2700 4276 2823 4331 erga
2873 4265 3081 4317 Patrem
3113 4263 3406 4332 signiﬁcat.
3439 4263 3567 4318 Cum
3613 4259 3733 4316 enim

2155 4365 2267 4402 rem
2317 4364 2560 4419 magnam
2606 4352 2920 4406 asseruisset
2972 4352 3348 4421 Evangelista,
3403 4352 3543 4424 quod
3588 4363 3736 4419 neque

2156 4457 2384 4511 superna
2412 4451 2656 4497 creatura
2683 4443 2854 4512 ipsum
2883 4444 3094 4507 videat,
3148 4445 3198 4498 id
3230 4456 3320 4500 est
3345 4488 3360 4510 ,
3409 4443 3635 4516 perfecte
3662 4456 3741 4495 co-

2154 4543 2374 4604 gnoscat
2397 4576 2410 4593 .
2441 4543 2498 4588 ut
2527 4534 2626 4589 ﬁde
2668 4534 2882 4604 dignum
2917 4535 3071 4604 hujus
3117 4537 3188 4590 rei
3223 4539 3239 4569 ί
3273 4539 3551 4593 doctorem
3595 4534 3738 4588 addu-

2157 4635 2324 4691 ceret,
2356 4625 2471 4679 hmc
2518 4625 2680 4682 verba
2713 4628 2967 4696 protulit,
3000 4638 3057 4681 ut
3085 4630 3222 4698 Ipsi,
3261 4639 3524 4700 tanquam
3571 4627 3671 4681 ﬁlio
3695 4631 3739 4678 et

2155 4715 2432 4786 unigenito
2481 4718 2533 4773 in
2576 4720 2802 4789 sinuque
2850 4729 3071 4788 paterno
3099 4723 3382 4784 versanti,
3419 4723 3469 4774 in
3516 4719 3739 4773 onmibus

2160 4807 2316 4862 ﬁdem
2346 4809 2589 4875 haberes,
2620 4825 2793 4879 neque
2822 4811 3046 4864 ulterius
3074 4810 3379 4866 dubitares.
3411 4812 3465 4865 Si
3497 4811 3612 4881 quis
3633 4819 3738 4859 vero

2159 4917 2258 4957 nec
2287 4902 2617 4956 contentiose
2641 4917 2736 4956 nec
2767 4902 3100 4970 impudenter
3129 4918 3291 4972 agere
3314 4905 3446 4956 velit
3466 4943 3480 4964 ,
3537 4902 3736 4967 idipsmn

2160 4994 2508 5046 mternitatem
2571 4993 2921 5062 comprobare
2982 4992 3230 5047 dixerim.
3289 4989 3732 5061 Quemadmodum

2160 5085 2300 5138 enim
2331 5101 2393 5138 ex
2419 5085 2508 5139 illo
2535 5085 2600 5138 ad
2621 5085 2835 5156 Moysen
2861 5086 3023 5151 dicto,
3059 5085 3167 5156 Ego
3192 5088 3424 5156 suntqui
3443 5103 3574 5149 sum,
3602 5094 3737 5136 auer-

2161 5175 2378 5229 nitatem
2409 5175 2726 5240 ediscimus;
2757 5177 2832 5230 sic
2856 5184 2910 5230 ct
2935 5192 2998 5230 ex
3026 5175 3116 5229 illo
3141 5218 3154 5242 ,
3181 5175 3284 5242 Qui
3314 5188 3390 5231 est
3415 5179 3467 5230 in
3497 5178 3607 5229 sinu
3637 5171 3731 5224 Ρα-

2162 5268 2252 5322 tris
2278 5266 2297 5338 (
2321 5267 2497 5321 Exod.
2521 5269 2574 5322 '5.
2607 5269 2738 5337 l4);
2786 5269 2954 5337 ipsum
2982 5268 3050 5320 ab
3075 5277 3279 5321 aeterna
3326 5270 3378 5322 in
3426 5271 3546 5322 sinu
3591 5263 3738 5319 Patris

2163 5373 2281 5412 esse
2306 5373 2527 5428 arguere
2550 5373 2850 5428 possumus.
2880 5358 3032 5426 Quod
3061 5360 3234 5429 itaque
3257 5371 3525 5414 creatura:
3545 5355 3738 5410 cuilibet

2162 5449 2457 5504 substantia
2508 5450 2602 5505 Dei
2652 5450 2722 5505 sit
2766 5449 3321 5519 incomprehensibilis
3371 5450 3457 5503 his
3514 5445 3739 5503 omnibus

2111 5541 2586 5598 ~demonstratum
2631 5551 2732 5599 est.
2777 5542 2962 5599 Restat
3003 5552 3058 5598 ut
3105 5542 3463 5599 ostendamus
3493 5541 3672 5597 Filium
3699 5541 3744 5589 et

2199 5725 2209 5742 ι
2229 5696 2244 5727 ι
2279 5694 2384 5758 Alii,
2409 5693 2552 5756 hujus
2576 5681 2825 5758 dogmatis.
