3980 6184
74 244 141 300 731
1053 242 1142 297 DE
1180 241 1884 301 INCOMPREIIENSIBILI
1925 243 2037 302 DEI
2077 243 2387 302 NATURA.
2430 247 2522 303 IV.

73 358 318 416 ἀσθένειαν.
367 359 424 411 '0
459 354 645 429 μέντοι
705 358 957 431 Ἰωάννης
992 359 1053 413 ού
1098 360 1226 432 περὶ
1263 361 1372 415 τῶν
1398 361 1704 434 ἀνθρώπων

72 445 337 517 φησὶημόνον
353 446 458 511 ὅτι,
489 444 599 499 Τὸν
628 446 777 500 Θεὸν
799 445 1001 513 οὐδεὶς
1022 446 1243 516 ἑώρακε
1264 448 1502 505 πώποτε
1516 466 1531 479 ⁶
1547 449 1709 505 τοῦτο

72 536 145 607 γὰρ
162 533 312 604 δῆλον
340 528 412 605 ἦν
443 534 557 587 ἀπό
602 551 665 587 τε
693 533 801 588 τῶν
832 534 1141 606 εἰρημένων
1165 536 1403 602 τούτων,
1438 538 1538 609 τῆς
1569 555 1707 611 προ-

70 623 259 692 ᾳητικῆς
291 623 511 694 ρήσεως
538 621 684 691 λέγω
715 622 921 695 ταύτης
942 623 1043 694 τῆς
1069 623 1353 697 λεγούσης,
1387 627 1536 698 Ἐγὼ
1568 627 1708 696 (59d-

70 727 165 775 σεις
190 708 526 776 ἐπλήθυνα,
553 710 649 763 καὶ
672 710 743 763 ἐν
771 710 944 779 χερσὶ
967 710 1118 784 [475]
1149 713 1472 784 προφητῶν
1491 716 1709 785 ὡμοιώ-

69 803 171 865 θην,
198 799 290 851 καὶ
318 796 430 852 ἀπὸ
462 799 563 870 τῆς
594 798 732 869 πρὸς
769 799 864 852 τὸν
893 801 1136 854 Μωῡσέα
1166 804 1468 874 γενομένης
1494 805 1709 874 ἀποφά-

71 905 196 950 σεως.
228 887 468 941 Ἑκείνου
498 887 611 959 γὰρ
650 887 1049 960 ἐπιθυμοῦντος
1074 891 1236 945 αὐτὸν
1271 892 1399 947 ἰδεῖν
1432 892 1710 965 ὀφθαλμο-

69 974 235 1042 φανῶς,
256 975 421 1047 φησὶν
443 976 472 1029 6
496 975 648 1040 Θεὸς,
676 975 884 1043 Οὐδεὶς
904 977 1114 1046 ὄψεται
1136 977 1204 1034 τὸ
1228 982 1556 1051 πρόσωπόν
1566 1001 1708 1054 μου,

69 1065 139 1118 καὶ
169 1062 414 1130 ζήσεται.
449 1065 613 1119 Ὥστε
649 1064 809 1120 τοῦτο
848 1066 1010 1137 δῆλον
1035 1064 1103 1139 ἦν
1141 1070 1274 1142 ἡμῖν
1299 1074 1394 1126 καὶ
1425 1072 1706 1147 ῶμολογη⁶

73 1153 223 1222 μένον.
261 1153 337 1206 Ού
388 1153 572 1206 τοίνυν
607 1153 733 1225 περί
766 1155 865 1226 τῆς
895 1157 1174 1229 ἡμετέρας
1204 1157 1419 1228 φύσεώς
1452 1180 1584 1235 φησι
1616 1165 1713 1235 μό-

70 1256 144 1309 νης
175 1240 341 1306 τοῦτο,
383 1240 524 1295 ἀλλὰ
577 1240 673 1295 καὶ
707 1242 835 1315 περὶ
870 1244 980 1297 τῶν
1008 1246 1122 1299 ἄνω
1144 1245 1427 1318 δυνάμεων
1453 1250 1535 1316 τὸ,
1565 1251 1715 1307 Θεὸν

69 1328 236 1394 οὐδεὶς
260 1328 484 1396 ἐόψακε
516 1328 753 1383 πώποτε
770 1346 783 1359 ·
808 1331 896 1385 διὰ
925 1332 1082 1387 τοῦτο
1106 1335 1199 1389 καὶ
1222 1336 1316 1391 τὸν
1342 1340 1601 1412 μονογενῆ
1633 1340 1714 1395 δι-

65 1417 300 1471 δάσκαλον
337 1418 550 1486 εἰσάγει
582 1418 676 1473 τοῦ
703 1420 994 1499 δόγματος.
1020 1420 1139 1477 Ἵνα
1165 1423 1275 1497 γὰρ
1315 1426 1387 1499 μή
1428 1444 1514 1490 τις
1539 1427 1672 1501 λέγῃ
1696 1444 1710 1459 -

67 1504 206 1557 τόθεν
250 1504 410 1559 τοῦτο
440 1506 636 1577 δῆλον;
669 1498 950 1578 ἐπήγαγεν
973 1527 988 1542 ν
1025 1511 1091 1564 '0
1114 1512 1455 1583 μονογενὴς
1474 1498 1717 1583 ,Υἱόςίό

61 1592 125 1645 ὢν
158 1595 243 1659 εις
262 1594 368 1648 τὸν
397 1597 634 1650 κόλπον
660 1597 768 1651 τοῦ
802 1597 1055 1667 Πατρός,
1089 1600 1275 1668 αὐτὸς
1304 1601 1648 1673 ἐξηγήσατο
1663 1618 1713 1672 α,

62 1680 347 1748 ἀξιόπιστον
374 1685 615 1755 εἰσάγων
647 1685 740 1740 τοῦ
762 1686 1029 1760 δόγματος
1062 1689 1317 1762 μάρτυρα
1339 1693 1434 1746 καὶ
1458 1693 1717 1748 διδάσκα-

61 1771 144 1824 λον.
187 1772 371 1826 Καίτοι
396 1774 445 1826 εἰ
476 1774 570 1827 καὶ
596 1775 656 1828 τὸ
674 1776 954 1842 Μωῦσέως
986 1779 1117 1848 ἡμῖν
1141 1779 1531 1850 παραδηλῶσαι
1561 1781 1718 1835 ἐϐού-

58 1860 180 1926 λετο,
199 1862 453 1933 περιττὸν
473 1858 543 1935 ἦν
569 1864 763 1929 εἰπεῖν,
787 1865 870 1919 ὅτι
904 1866 933 1919 ὁ
967 1867 1259 1939 μονογενὴς
1300 1868 1629 1940 ἐξηγήσατο’
1655 1871 1716 1925 οὐ

60 1949 146 2021 γὰρ
174 1952 207 2004 ὁ
234 1950 578 2020 μονογενὴς
604 1952 788 2020 αὐτὸς
813 1952 1159 2023 ἐξηγήσατο
1197 1955 1248 2021 δ,
1290 1955 1438 2024 ἀλλὰ,
1461 1957 1555 2011 καὶ
1589 1958 1718 2030 πρὶν

59 2042 85 2111 ᾖ
112 2042 189 2094 τὸν
232 2044 492 2116 Ἰωάννην
526 2044 704 2100 ταῦτα
740 2047 951 2110 εἰπεῖν,
984 2048 1061 2113 ὡς
1093 2048 1245 2121 παρά
1272 2049 1364 2104 τοῦ
1395 2053 1720 2122 μονογενοῦς

59 2131 333 2202 ἀκηκοότα,
368 2132 532 2204 δῆλον
563 2135 695 2204 ἡμῖν
726 2136 756 2188 6
788 2137 1079 2209 προφήτης
1128 2139 1427 2210 πεποίηκεν
1462 2140 1538 2204 ὡς
1583 2143 1722 2213 ἀκη-

58 2219 178 2283 κοὼς
212 2220 370 2293 παρά
395 2221 494 2276 τοῦ
523 2221 685 2277 Θεοῦ.
707 2222 847 2277 Ἀλλ’
865 2226 1055 2297 ἐπειδὴ
1084 2226 1246 2282 πλέον
1275 2227 1385 2281 τῶν
1416 2229 1541 2283 τότε
1569 2230 1721 2301 εἰρη-

60 2309 223 2377 μένων,
243 2309 475 2379 ἔμελλεν
510 2311 642 2382 ἡμῖν
678 2311 1168 2380 ἐκκαλύπτειν,ότι
1196 2313 1320 2368 οὔτε
1351 2317 1406 2370 αἱ
1430 2316 1543 2371 ἄνω
1570 2316 1724 2371 δυνά-

59 2413 164 2463 μεις
189 2396 356 2450 αὐτὸν
389 2397 582 2470 ὁρῶσι,
608 2397 698 2452 διὰ
723 2399 884 2453 τοῦτο
917 2402 1129 2471 εἰσάγει
1157 2402 1249 2456 τὸν
1282 2405 1549 2475 μονογενῆ
1574 2405 1720 2460 διδά-

58 2484 254 2537 σκαλον.
284 2484 521 2556 Ὀρασιν
562 2486 620 2539 δὲ
670 2487 909 2542 ἐνταῦθα
949 2488 1050 2561 τὴν
1088 2490 1288 2559 γνῶσιν
1333 2487 1475 2546 εἶναι
1508 2492 1718 2563 νόμιζε.

52 2569 129 2623 0'1
150 2571 259 2643 γὰρ
288 2573 352 2642 δὴ
379 2573 542 2644 κόραι
575 2573 671 2628 καὶ
704 2575 931 2647 ὄμματα
964 2576 1060 2629 καὶ
1104 2576 1427 2650 βλεφαρίδες
1457 2581 1587 2651 περὶ
1622 2580 1722 2645 τὰς

53 2660 363 2729 ἀσωμάτους
397 2661 688 2733 δυνάμεις’
716 2663 831 2717 ἀλλ’
852 2664 991 2736 ὅπερ
1033 2665 1119 2734 ἐφ’
1149 2666 1308 2737 ἡμῶν
1338 2668 1485 2720 ἐστιν
1509 2668 1720 2740 ὅρασις,

52 2747 194 2801 τοῦτο
223 2748 315 2802 ἐπ’
350 2750 577 2803 ἐκείνων
606 2750 827 2820 γνῶσις.
858 2752 1021 2806 Ὥστε
1050 2753 1180 2807 ὅταν
1199 2754 1436 2827 ἀκούσῃς
1471 2756 1552 2809 ὅτι
1575 2757 1725 2811 Θεὸν

51 2836 235 2905 οὐδεὶς
262 2838 487 2907 ἐῴακε
512 2838 772 2902 πώποτε,
801 2843 981 2894 ἐκεῖνο
1005 2841 1193 2912 νόμιζε
1229 2843 1471 2909 ἀκούειν,
1511 2845 1594 2898 ὅτι
1634 2846 1724 2899 τὸν

52 2921 169 2977 Θεὸν
203 2926 387 2989 ούδεὶς
436 2926 580 2995 ἔγνω
629 2927 904 2994 ούσιωδῶς
932 2940 955 2969 α
1001 2931 1141 3001 μετὰ
1173 2931 1457 3002 ἀκριϐείας
1483 2933 1720 3005 ἀπάσης.

48 3012 149 3066 Καὶ
172 3032 239 3067 7:3
247 3014 306 3085 91
341 3014 452 3068 τῶν
482 3015 736 3088 Σεραφὶμ
753 3016 812 3070 δὲ
833 3017 963 3071 ὅταν
998 3017 1241 3092 ἀκούσῃς
1261 3020 1346 3073 ὅτι
1376 3020 1725 3092 ἀπέστρεψαν

46 3104 164 3167 τοὺς
183 3102 532 3174 ὀφθαλμοὺς.
561 3105 655 3156 καὶ
682 3104 782 3176 τὴν
810 3104 934 3174 ὸψιν
969 3106 1262 3177 ἐτείχισαν,
1286 3109 1381 3162 καὶ
1421 3107 1492 3162 τά
1516 3110 1725 3181 Χερου-

44 3193 139 3262 ϐὶμ
162 3194 245 3260 δέ,
263 3195 349 3248 ὅτι
370 3193 433 3247 τὸ
458 3194 592 3248 αὐτὸ
610 3193 773 3250 τοῦτο
800 3196 965 3250 πάλιν
985 3197 1270 3269 ἐποίησαν,
1290 3199 1364 3272 μὴ
1389 3200 1721 3272 ὀφθαλμοὺς,

50 3280 177 3350 μηδὲ
203 3283 384 3352 κόρας
411 3279 553 3337 εἶναι
574 3283 764 3354 νόμιζε
791 3300 805 3314 ’
840 3285 1111 3356 σωμάτων
1137 3287 1247 3360 γὰρ
1271 3281 1426 3353 οὗτος
1453 3291 1482 3343 ὁ
1509 3306 1726 3361 σχημα-

43 3371 229 3441 τισμός
251 3387 271 3401 ·
295 3371 434 3425 ἀλλὰ
474 3371 564 3425 διὰ
589 3371 795 3425 τούτων
825 3372 925 3445 τὴν
954 3374 1157 3444 γνῶσιν
1182 3376 1362 3429 αὐτῶν
1391 3376 1725 3433 αἰνίττεσθαι

42 3456 267 3510 πίστευε
297 3458 393 3511 τὸν
424 3459 735 3531 προφήτην.
774 3460 946 3516 Ὅταν
983 3456 1077 3515 οῦν
1109 3461 1243 3535 λέγῃ
1274 3464 1302 3516 6
1337 3465 1622 3536 προφήτης
1643 3466 1726 3521 ὅτι

39 3545 551 3614 συγκαταϐαίνοντα
578 3546 672 3601 τὸν
691 3547 825 3601 Θεὸν
850 3547 979 3603 ίδεῖν
1002 3550 1104 3604 οὐκ
1135 3551 1396 3623 ἤνεγκαν,
1420 3552 1573 3607 οὐδὲν
1599 3554 1726 3609 ἀλλο

34 3631 206 3700 λέγει,
243 3634 368 3688 ἀλλ’
396 3635 429 3705 ἢ
463 3635 545 3688 ὅτι
586 3635 688 3708 τὴν
714 3636 917 3705 γνῶσιν
966 3638 1132 3692 αὑτοῦ
1166 3641 1585 3713 τετρανωμένην
1631 3644 1727 3697 καὶ

33 3721 243 3795 ἀκριϐῆ
270 3723 379 3794 τῆς
410 3723 770 3796 καταλήψεως
796 3727 1040 3795 ἐνεγκεῖν
1062 3728 1124 3781 οὐ
1153 3727 1430 3794 δύνανται,
1458 3729 1578 3784 οὐδὲ
1608 3732 1729 3785 τολ-

35 3810 216 3879 μῶσιν
250 3812 451 3875 ἀτενὲς
488 3812 615 3866 ἰδεῖν
643 3813 780 3885 πρὸς
806 3815 906 3884 τὴν
920 3816 1196 3887 ἀκραιφνῆ
1225 3816 1321 3870 καὶ
1358 3817 1616 3889 ἀκέραιον
1636 3821 1728 3873 ού-

36 3897 182 3963 σίαν,
231 3899 357 3953 ἀλλ’
387 3898 509 3953 οὐδὲ
558 3899 696 3972 πρὸς
729 3901 901 3973 αὐτὴν
943 3901 1043 3972 τὴν
1091 3903 1519 3971 συγκατάϐασιν.
1552 3905 1626 3958 Τὸ
1669 3907 1728 3960 δὲ

26 3987 227 4052 ἀτενὲς
264 3988 402 4041 ἰδεῖν
429 3987 493 4041 τὸ
526 3989 725 4056 γνῶναι
757 3989 894 4044 ἐστί.
925 3986 1026 4044 Διὰ
1060 3990 1219 4045 τοῦτο
1258 3993 1351 4045 καὶ
1380 3993 1409 4046 6
1445 3993 1729 4062 εὐαγγελι-

30 4076 166 4145 στὴς
222 4076 394 4139 εἰδὼς
447 4077 525 4139 ὡς
568 4077 670 4130 οὐκ
713 4077 862 4131 ἐστιν
915 4078 1264 4151 ἀνθρωπίνης
1314 4079 1529 4150 φύσεως
1558 4082 1618 4135 τὸ
1658 4081 1728 4136 τά

21 4162 271 4217 τοιαῦτα
310 4164 536 4228 εἰδέναι,
569 4166 663 4219 καὶ
691 4166 774 4219 ὅτι
812 4165 935 4220 ούδέ
967 4169 1088 4230 ταῖς
1120 4167 1233 4221 ἀνω
1266 4166 1530 4244 δυνάμεσι
1559 4169 1729 4224 κατά-

22 4248 245 4320 ὶηπ-τὸς
283 4255 438 4306 ἐστιν
464 4254 494 4306 6
542 4254 706 4319 Θεὸς,
738 4253 902 4309 αὐτὸν
926 4253 1017 4308 τὸν
1057 4255 1124 4309 ἐκ
1157 4253 1347 4320 δεξιῶν
1390 4256 1557 4309 αὐτοῦ
1596 4257 1730 4311 καθ-

276 4342 376 4395 καὶ
406 4340 583 4397 ταῦτα
605 4342 848 4414 ἀκριϐῶς
875 4344 1233 4414 ἐπιστάμενον
1260 4343 1497 4416 παράγει
1521 4343 1623 4398 τοῦ.
1645 4346 1731 4399 δό-

14 4442 257 4495 γματος
294 4430 428 4499 ἡμῖν
455 4429 644 4484 τούτου
675 4429 1020 4487 διδάσκαλον·
1046 4432 1141 4486 καὶ
1179 4432 1301 4486 οὐδὲ
1328 4431 1517 4499 ἁπλῶς
1552 4428 1727 4497 εἶπεν,

13 4516 33 4568 Ξ
75 4516 223 4581 Υἱός
253 4532 272 4546 ο
313 4517 488 4572 καίτοι
525 4520 698 4573 καὶεί
730 4518 893 4574 τοῦτο
917 4520 1152 4592 εἰρήκει,
1191 4520 1375 4574 ἱκανὸν
1413 4514 1483 4591 ἦν
1513 4521 1734 4576 ἐπιστοο

13 4604 195 4672 μίσαι
234 4603 319 4657 τά
344 4604 449 4658 τῶν
480 4608 850 4678 ἀναισχύντων
867 4611 1131 4680 στόματα.
1158 4608 1369 4678 ’Ὠσπερ
1409 4608 1518 4681 γὰρ
1546 4609 1733 4665 πολλοὶ

13 4691 263 4761 Ipsm}.
309 4690 609 4764 λεγόμενοι,
639 4696 668 4748 6
695 4695 753 4749 δὲ
777 4693 988 4768 ἀληθὴς
1028 4696 1267 4769 Χριστὸς
1291 4692 1392 4761 εἷς,
1415 4697 1512 4752 καὶ
1546 4698 1733 4753 πολλοὶ

14 4782 211 4852 κύριοι
244 4779 562 4852 λεγόμενοι,
593 4785 621 4836 6
643 4782 703 4836 δὲ
732 4782 936 4856 Κύριος
970 4778 1071 4848 εἷς,
1113 4783 1207 4837 καὶ
1228 4784 1416 4837 πολλοὶ
1440 4784 1551 4840 θεοὶ
1578 4785 1734 4855 λεγό-

14 4884 203 4933 μενοι.
246 4869 288 4922 ὁ
316 4868 377 4922 δὲ
403 4870 535 4935 Θεὸς
575 4865 657 4936 εἷς
676 4870 851 4925 ὀὕτω
887 4871 982 4926 καὶ
1027 4870 1214 4926 πολλοὶ
1239 4871 1345 4927 υἱοὶ
1372 4871 1678 4944 λεγόμενοι,
1706 4875 1735 4927 6

14 4956 59 5007 ξε
90 4944 248 5021 1‘3);
297 4950 404 5021 εἷς,
436 4959 527 5011 καὶ
560 4959 595 5030 ἡ
626 4960 722 5014 τοῦ
748 4959 952 5033 ἄρθρου
990 4959 1274 5032 προσθήκη
1311 4959 1469 5033 ἱκανὴ
1496 4961 1557 5014 τὸ
1590 4962 1735 5029 ἐξαί-

16 5058 175 5111 ρετον
200 5044 405 5111 δεῖξαι
434 5044 530 5098 τοῦ
575 5047 935 5118 Μονογενοῦς.
980 5047 1133 5102 Ἀλλ’
1155 5049 1306 5121 ὅμως
1343 5048 1444 5103 οὐκ
1487 5050 1733 5124 ἠρκέσθη

14 5133 221 5206 τούτῳ,
264 5132 402 5186 ἀλλ’
426 5133 633 5203 εἰπὼν,
670 5136 820 5190 Θεὸν
850 5135 1053 5202 οὐδεὶς
1086 5135 1306 5206 ἑώρακε
1344 5136 1611 5203 πώποτε,
1638 5139 1729 5192 ἐπ-

16 5222 267 5290 ήγαγεν,
329 5220 397 5275 '0
414 5223 756 5293 μονογενὴς
782 5226 915 5292 T16;-
946 5227 979 5279 ό
1006 5222 1093 5277 ὢν
1114 5225 1201 5291 είς
1230 5225 1339 5278 τὸν
1371 5225 1605 5279 κόλπον
1629 5226 1735 5281 τοῦ

14 5311 297 5380 Πατρός,
314 5310 510 5379 αὑτός
534 5310 896 5381 ἐξηγήσατο.
914 5313 1186 5386 Πρότερον
1216 5309 1338 5367 εἷπε
1361 5314 1734 5383 Μονογενὴς,

14 5402 102 5451 καὶ
123 5404 270 5455 τότε
316 5401 460 5479 Υἱός
480 5418 495 5433 ο
522 5403 711 5475 ἐπειδὴ
746 5403 857 5477 γάρ
896 5404 1083 5458 πολλοὶ
1116 5403 1203 5457 διά
1237 5404 1338 5474 τὴν
1362 5403 1510 5475 πρὸς
1533 5403 1596 5458 τὸ
1620 5404 1737 5458 όνοο

13 5504 85 5557 μα
138 5489 472 5544 κοινωνίαν
503 5490 899 5563 ὐποτέμνονται
940 5491 1106 5547 αὑτοῦ
1157 5490 1254 5565 τὴν
1283 5491 1474 5561 δόξαν,
1500 5493 1596 5547 ἐνα
1627 5492 1737 5547 τῶν

64 5658 87 5681 ⁸
114 5652 213 5705 Sic
243 5653 482 5717 Ingnium
504 5666 621 5717 pars
661 5668 780 5706 mss.
824 5652 1158 5717 Μοτοιχτειιο
1192 5658 1448 5717 μονογενὴς
1484 5650 1627 5706 αὐτὸς
1663 5650 1738 5717 ἐξί-

13 5726 269 5795 Wo.
308 5714 446 5764 Infra
469 5714 536 5773 οξ
569 5716 812 5778 ἀκηκοώς,
856 5719 928 5766 sic
958 5716 1109 5766 iidem
1141 5714 1256 5767 ωεε.
1284 5714 1455 5766 Morel.
1503 5720 1670 5763 autem
1708 5715 1737 5762 6

13 5784 479 5905 killgnivc§bm
500 5837 557 5888 οὐ
576 5838 724 5905 γὰρ...
752 5840 1033 5905 ἐξηγῄσατο,
1055 5842 1362 5905 ζςειίιυὶῐηυς
1385 5852 1446 5889 ex
1472 5832 1623 5905 Sa_\‘i|.
1643 5834 1739 5905 ΔΕιι.

60 5911 93 5945 ⁸
120 5908 225 5958 Sic
258 5897 439 5953 Sa‘il.
467 5906 517 5950 et
542 5897 768 5966 pl'cﬂque
790 5897 960 5965 ωδάά
983 5897 1033 5953 ιη
1056 5902 1226 5957 Morel.
1250 5902 1492 5965 σύσιωδῶς
1513 5900 1679 5951 deest.

3378 246 3486 304 752

1814 360 2026 415 πολλῶν
2041 358 2178 417 εῖναι
2202 363 2523 435 νομίζοντες
2543 365 2732 418 αὐτόν’
2765 365 2828 419 τὸ
2852 366 2958 440 γὰρ
2986 367 3100 432 υίὸς
3120 366 3278 422 τοῦτο
3305 367 3486 421 κοινόν

1811 451 1959 503 ἐστιν
1990 449 2161 521 ὄνομα
2189 449 2338 523 [476]
2367 455 2584 506 πάντων
2609 454 2775 524 ’ὅπερ
2805 454 2954 506 ἐστὶν
2991 453 3269 525 ἐξαίρετον
3316 453 3485 507 αὑτοῦ

1812 539 1909 592 καὶ
1938 538 2068 593 ἴδιον
2094 541 2189 593 καὶ
2221 541 2397 594 οὐδενί
2427 540 2535 595 τῶν
2569 541 2745 595 ἄλλων
2776 542 2977 613 προσὸν
2998 584 3013 608 ,
3039 542 3251 597 τέθεικε
3286 544 3489 615 πρότε-

1817 644 1930 700 ρον,
1957 629 2018 682 τὸ
2039 630 2408 700 Μονοτενὴς,
2433 631 2520 685 ἵνα
2553 633 2665 686 ἀπὸ
2702 630 2895 685 τούτου
2924 632 3245 706 πιστεύσῃς,
3279 635 3363 686 ὅτι
3392 633 3489 686 καὶ

1812 718 1875 771 τὸ
1923 719 2099 772 κοινὸν
2141 720 2298 774 τοῦτο
2340 722 2441 776 οὐκ
2491 722 2607 775 ἔστι
2648 720 2847 785 κοινὸν,
2881 721 2996 775 ἀλλ’
3033 724 3163 779 ἴδιον
3198 722 3362 778 αὐτοῦ
3396 725 3489 778 καὶ

1815 807 2005 878 κύριόν
2054 810 2193 875 ἐστι,
2230 811 2326 865 καὶ
2366 812 2543 866 οὐδενὶ
2583 810 2694 865 τῶν
2740 809 2915 864 ἄλλων
2954 811 3128 879 οὕτως
3174 815 3250 879 ὡς
3293 811 3489 885 ἐκείνῳ

1817 898 2040 970 προσόν.

1884 986 1948 1040 δ’.
1980 985 2089 1039 Καὶ
2130 986 2217 1041 ἴνα
2264 988 2594 1061 σαφέστερον
2630 989 2659 1044 ὃ
2697 992 2840 1062 λέγω
2874 992 3119 1064 γένηται,
3158 987 3492 1060 πλατύτερον

1816 1073 1947 1129 αὐτὸ
1972 1073 2134 1129 πάλιν
2161 1076 2291 1147 ἐρῶ.
2318 1078 2392 1130 Τὸ
2415 1078 2542 1145 υἱὸς
2573 1079 2742 1152 ὄνομα
2762 1082 3017 1155 πρόσεστι
3046 1079 3142 1135 καὶ
3164 1076 3491 1151 ἀνθρώποις,

1818 1164 2079 1235 πρόσεστι
2122 1166 2218 1218 καὶ
2263 1165 2340 1237 τῷ
2387 1168 2630 1240 Χριστῷ,
2679 1169 2794 1223 ἀλλ’
2835 1172 2968 1241 ἡμῖν
3014 1166 3491 1239 καταχρηστικῶς,

1820 1251 2013 1325 ἐκείνῳ
2039 1254 2096 1308 δὲ
2125 1254 2349 1327 κυρίως
2366 1256 2428 1310 τὸ
2446 1256 2502 1309 δὲ
2525 1257 2871 1327 Μονογενὶις
2892 1256 3057 1312 αὐτοῦ
3082 1257 3241 1328 μόνον
3268 1256 3382 1308 ἐστὶ
3400 1253 3493 1327 καί

1819 1342 1997 1396 οὐδενὶ
2028 1342 2138 1397 τῶν
2175 1344 2351 1398 ἀλλων
2383 1345 2504 1399 οὐδέ
2532 1344 2989 1419 καταχρηστικῶς
3031 1345 3343 1418 πρόσεστιν.
3375 1342 3496 1395 ’Ὶνα

1820 1425 1915 1483 οὖν
1947 1430 2056 1485 ἀπὸ
2084 1431 2185 1501 τῆς
2219 1433 2591 1507 προσηγορίας
2627 1434 2728 1505 τῆς
2753 1435 2928 1488 οὐδενὶ
2963 1433 3296 1507 προσούσης,
3322 1431 3436 1486 ἀλλ’
3458 1430 3493 1502 ἢ

1822 1518 1970 1591 αύτῷ
2004 1521 2168 1592 μόνῳ,
2193 1521 2285 1574 καὶ
2318 1521 2416 1593 τὴν
2450 1522 2616 1594 ἄλλην
2652 1522 2752 1595 τὴν
2782 1525 2896 1587 τοῖς
2930 1522 3145 1585 πολλοῖς
3186 1519 3496 1593 προσοῦσαν

1822 1608 1987 1662 αὑτοῦ
2021 1612 2214 1682 κυρίαν
2261 1607 2397 1664 εἶναι
2437 1611 2698 1685 νομίσῃς,
2726 1612 2815 1666 διὰ
2847 1611 3011 1665 τοῦτο
3052 1611 3317 1682 πρότερον
3343 1604 3497 1661 εἷπεν

1822 1692 1851 1744 6
1881 1693 2248 1763 Μονογενὶές,
2280 1694 2374 1747 καὶ
2399 1694 2518 1748 τότε
2560 1697 2709 1762 Υἱός.
2746 1697 2810 1750 Εί
2843 1696 2900 1749 δὲ
2928 1697 3029 1751 ούκ
3056 1698 3219 1769 ἀρκεῖ
3256 1710 3338 1747 σοι
3376 1690 3498 1745 οὐδὲ

1823 1782 2026 1845 ταῦτα,
2062 1782 2229 1853 φησὶ,
2276 1782 2421 1852 λέγω
2454 1785 2548 1837 καὶ
2586 1785 2775 1857 ἕτερον
2822 1786 3034 1859 τρίτον,
3076 1785 3221 1856 παχὺ
3268 1783 3365 1855 μὲν
3404 1780 3500 1835 καὶ

1824 1870 2183 1942 ἀνθρώπινον,
2209 1872 2391 1926 ἱκανὸν
2412 1872 2469 1926 δὲ
2501 1875 2595 1927 καὶ
2628 1876 2753 1939 τοὺς
2783 1877 2960 1948 χαμαὶ
2989 1877 3255 1946 ἕρποντας
3288 1874 3370 1936 είς
3400 1870 3503 1941 τὴν

1824 1957 2031 2013 ἔννοιαν
2053 1959 2152 2030 τῆς
2173 1959 2265 2012 τοῦ
2297 1961 2621 2029 μονογενοῦς
2646 1962 2804 2032 δόξης
2831 1963 3147 2033 ἀναγαγεῖν.
3171 1960 3237 2013 Τί
3260 1959 3317 2013 δὲ
3344 1956 3501 2012 τοῦτό

1825 2046 2007 2112 ἐστιν;
2042 2047 2104 2100 ’0
2143 2044 2229 2100 ὢν
2254 2050 2342 2114 εἰς
2389 2048 2496 2102 τὸν
2547 2049 2782 2103 κόλπον
2817 2049 2924 2104 τοῦ
2960 2050 3209 2117 Πατρός.
3255 2047 3408 2116 Παχὺ
3440 2045 3501 2099 τὸ

1830 2136 2001 2208 ῥῆμα,
2037 2135 2153 2189 ἀλλ’
2186 2136 2368 2190 ἱκανὸν
2399 2136 2736 2202 ἐνδείξασθαι
2764 2135 2861 2208 τὴν
2890 2137 3243 2209 γνησιότητα,
3284 2135 3350 2189 ἂν
3384 2133 3502 2188 θεο-

1827 2222 2056 2295 πρεπῶς
2094 2223 2436 2295 ἐκλάϐωμεν.
2480 2225 2689 2296 Ὥσπερ
2736 2224 2846 2297 γάρ
2895 2223 3110 2278 ἀκούων
3153 2223 3363 2294 θρόνον,
3408 2221 3503 2274 καὶ

1827 2312 1923 2383 τὴν
1959 2313 2023 2365 ἐκ
2046 2310 2233 2378 δεξιῶν
2266 2311 2550 2383 καθέδραν,
2587 2313 2646 2366 οὐ
2678 2312 2867 2384 θρόνον
2913 2302 3345 2387 ὑπολαμϐάνεις,
3379 2306 3502 2362 ούδέ

1827 2400 1989 2453 τόπον
2012 2401 2105 2453 καὶ
2135 2400 2502 2473 περιγραφὴν,
2521 2392 2635 2456 ἀλλ⁶
2665 2403 2730 2455 ἐκ
2757 2402 2856 2471 τῆς
2883 2400 2976 2455 τοῦ
3002 2400 3193 2473 θρόνου
3226 2416 3504 2470 προσηγο-

1830 2488 1973 2561 ρίας,
2004 2490 2100 2543 καὶ
2150 2491 2250 2560 τῆς
2283 2489 2424 2544 κατά
2467 2491 2566 2564 τὴν
2614 2490 2882 2562 καθέδραν
2931 2489 3251 2553 κοινωνίας,
3302 2489 3361 2541 τὸ
3407 2489 3504 2558 τῆς

1828 2579 1998 2651 τιμῆς
2049 2578 2468 2649 ἀπαράλλακτον
2516 2581 2610 2633 καὶ
2663 2580 2808 2633 ἴσον
2838 2579 2983 2633 οῦτω
3036 2581 3130 2633 καὶ
3171 2578 3264 2632 τὸν
3305 2578 3505 2632 κόλπον

1829 2668 2066 2731 ἀκούων,
2104 2667 2179 2740 μὴ
2210 2667 2410 2721 κόλπον
2438 2663 2578 2722 εἶναι
2607 2665 2817 2738 νόμιζε,
2854 2667 2988 2739 μηδέ
3027 2668 3214 2731 τόπον,
3255 2667 3374 2721 ἀλλ’
3398 2668 3507 2720 ἀπὸ

1828 2757 1929 2827 τῆς
1959 2755 2053 2809 τοῦ
2089 2743 2293 2809 κόλπου
2318 2753 2689 2829 προσηγορίας
2712 2755 2811 2827 τὴν
2839 2755 2975 2824 πρὸς
3009 2754 3100 2809 τὸν
3142 2755 3509 2825 γεγεννηκότα

1830 2843 2107 2914 ἐγγύτητα
2148 2843 2243 2897 καὶ
2282 2843 2381 2915 τὴν
2429 2843 2745 2916 παρρησίαν
2785 2842 3127 2915 ἐκλάμϐανεο
3168 2842 3260 2896 τοῦ
3299 2843 3408 2912 γὰρ
3445 2844 3509 2896 ἐκ

1829 2930 2020 2997 δεξιῶν
2051 2929 2323 3002 καθῆσθαι
2356 2930 2419 2983 τὸ
2447 2930 2524 3001 τῷ
2566 2930 2750 3001 κόλπῳ
2786 2930 3153 2985 ἐνδιαιτᾶσθαι
3189 2929 3372 3002 πολλῷ
3413 2946 3510 2984 σα-

1832 3021 2093 3091 φέστερον
2120 3021 2253 3090 ἡμῖν
2273 3018 2371 3090 τὴν
2401 3018 2537 3090 πρὸς
2556 3018 2649 3072 τὸν
2669 3019 3037 3090 γεγεννηκότα
3064 3018 3339 3090 ἐγγύτητα
3361 3018 3512 3091 δηλοῖ

1832 3107 1927 3161 καὶ
1955 3106 2300 3178 παρίστησιν.
2335 3104 2473 3159 Οὔτε
2504 3104 2614 3176 γὰρ
2652 3105 2717 3160 ἂν
2749 3108 2778 3160 6
2820 3105 3011 3178 Πατὴρ
3034 3106 3295 3177 ἠνέσχετο
3340 3105 3398 3157 ἐν
3432 3105 3511 3177 τῷ

1833 3195 2017 3267 κόλπῳ
2054 3194 2145 3248 τὸν
2185 3193 2314 3248 Υίὸν
2361 3192 2535 3265 ἐχειν,
2586 3195 2636 3247 εί
2681 3194 2757 3265 μὴ
2799 3194 2899 3266 τῆς
2948 3194 3121 3265 αὐτῆς
3165 3192 3355 3257 οὐσίας
3395 3188 3506 3265 ἦν,

1831 3282 1942 3337 οὒτ’
1986 3283 2053 3338 ἂν
2097 3284 2305 3347 ἐκεῖνος
2358 3281 2652 3353 ὑπέμεινεν
2696 3274 3100 3356 ὒποδεεστέρας
3169 3281 3386 3351 φύσεως
3414 3281 3509 3361 χῶν

1835 3369 2199 3425 ἐνδιαιτᾶσθαι
2242 3369 2320 3440 τῷ
2361 3368 2550 3441 κόλπῳ
2576 3368 2657 3440 τῷ
2709 3368 2980 3441 πατρικῷ.
3034 3370 3123 3434 Ὠς
3166 3368 3294 3434 Υἱὸς
3330 3368 3511 3423 τοίνυν
3586 3446 3593 3451 η

1832 3458 1927 3513 καί⁸
1957 3457 2268 3530 Μονογενὴς
2294 3459 2390 3513 καὶ
2414 3459 2472 3512 ἐν
2511 3457 2592 3529 τῷ
2619 3458 2805 3530 κόλπῳ
2826 3456 3117 3530 διατρίϐων
3147 3456 3225 3530 τῷ
3257 3458 3512 3531 πατρικῷ

1833 3547 2012 3601 πάντα
2039 3546 2110 3601 τὰ
2126 3545 2222 3600 τοῦ
2250 3547 2463 3617 Πατρὸς
2490 3546 2779 3600 ἐπίσταται
2808 3545 3053 3618 ἀκριϐῶς
3073 3562 3086 3577 ο
3110 3545 3198 3601 διὰ
3231 3546 3389 3601 τοῦτο
3416 3549 3512 3602 καὶ

1830 3638 2037 3691 τούτων
2076 3636 2270 3709 ἐδεήθη
2301 3636 2410 3689 τῶν
2454 3635 2714 3707 ῥημάτων
2753 3636 2782 3688 6
2824 3635 3247 3715 εὐαγγελιστὴς,
3292 3637 3381 3691 ἵνα
3412 3636 3511 3708 τὴν

1832 3724 2036 3797 ἀκριϐῆ
2073 3723 2167 3777 τοῦ
2199 3722 2329 3776 Υἰοῦ
2372 3723 2700 3795 παραστήσῃ
2738 3721 2941 3791 γνῶσιν
2981 3722 3080 3795 τὴν
3113 3724 3244 3796 περὶ
3275 3723 3371 3781 τοῦ
3401 3725 3513 3778 Πα-

1831 3816 1977 3887 τρός.
2006 3813 2143 3885 Περὶ
2167 3811 2276 3885 γὰρ
2314 3812 2570 3881 γνώσεως
2605 3808 2673 3885 ἦν
2705 3813 2734 3866 6
2773 3812 2960 3882 λόγος·
2990 3813 3116 3867 ἐπεὶ
3149 3815 3200 3868 εί
3240 3814 3315 3888 μὴ
3354 3816 3511 3870 τοῦτό

1833 3905 1969 3969 ἐστι,
2000 3901 2145 3967 τίνος
2183 3902 2416 3955 ἐνεκενό
2448 3900 2649 3965 κόλπος
2686 3901 3095 3973 παρείληπται;
3130 3904 3191 3958 Εἰ
3218 3904 3326 3978 γὰρ
3371 3906 3512 3977 μήτε

1836 3990 1999 4063 σῶμά
2021 3992 2170 4044 ἐστιν
2198 3992 2226 4043 6
2253 3989 2405 4054 Θεὸς,
2435 3987 2627 4061 ῶσπερ
2646 3985 2739 4044 οῦν
2767 3989 2890 4043 ούδέ
2920 3989 3057 4053 ἐστι,
3094 3993 3230 4065 μήτε
3256 3992 3356 4064 τὴν
3381 4010 3515 4065 γνη-

1836 4080 2061 4150 σιότητα
2093 4078 2186 4133 καὶ
2217 4077 2319 4151 τὴν
2363 4076 2641 4148 ἐγγύτητα
2683 4077 2783 4149 τὴν
2822 4077 2963 4149 πρὸς
3004 4078 3097 4132 τὸν
3138 4082 3511 4150 γεγεννηκότα

1833 4167 2002 4236 δηλοῖ,
2036 4165 2225 4230 ἁπλῶς
2263 4165 2358 4218 καὶ
2405 4164 2530 4235 εἰκῆ
2562 4164 2625 4217 τὸ
2667 4165 2816 4236 ῥῆμα
2863 4164 3291 4236 προσέρριπται,
3323 4166 3511 4238 χρείαν

1819 4254 1966 4326 ’ἡμῖν
1995 4253 2254 4325 οὐδεμίαν
2281 4251 2543 4323 πληροῦν.
2578 4250 2718 4304 Ἀλλ’
2748 4252 2847 4321 οὐχ
2876 4250 3064 4315 ἁπλῶς
3086 4252 3508 4324 προσέῤῥιπται,

1839 4343 1915 4414 μὴ
1946 4340 2156 4410 γένοιτο
2177 4356 2192 4371 ο
2223 4339 2374 4393 οὐδὲν
2402 4338 2511 4409 γὰρ
2540 4337 2663 4409 εἰκῆ
2694 4337 2756 4391 τὸ
2780 4338 3005 4410 Πνεῦμα
3031 4339 3347 4410 φθέγγεται,
3374 4340 3515 4397 ἀλλά

1834 4429 1934 4502 τὴν
1974 4428 2251 4498 ἐγγύτητα
2289 4424 2382 4480 τοῦ
2420 4425 2554 4479 Υίοῦ
2594 4424 2693 4496 τὴν
2740 4426 2877 4498 πρὸς
2933 4426 3026 4480 τὸν
3068 4426 3288 4499 Πατέρα
3339 4427 3511 4501 δηλοῖ.

1850 4517 2068 4588 Ἐπειδὴ
2097 4516 2206 4587 γὰρ
2230 4514 2374 4585 μέγα
2404 4513 2723 4585 ἀπεφήνατο
2757 4515 2787 4568 6
2829 4514 3242 4588 εὐαγγελιστὴς,
3273 4517 3356 4571 ὃτι
3387 4516 3512 4573 οὔτε

1837 4611 1873 4680 ἡ
1894 4608 2008 4663 ἀνω
2032 4604 2209 4669 κτίσις
2236 4602 2399 4659 αὑτὸν
2417 4604 2540 4675 ὁρᾷ,
2562 4602 2705 4657 τοῦτ’
2731 4600 2869 4669 ἔστι,
2893 4602 3153 4673 γινώσκει
3182 4605 3344 4659 αὐτὸν
3373 4608 3514 4678 μετά

1837 4694 2154 4769 ἀκριϐείας,
2197 4691 2516 4764 βουλόμενος
2565 4688 2877 4757 ἀξιόπιστον
2910 4693 3205 4764 ἐπιστῆσαι
3244 4692 3337 4746 τοῦ
3374 4694 3516 4764 πρά-

1838 4798 2051 4854 γματος
2077 4780 2398 4834 διδάσκαλον
2428 4777 2477 4845 ά,
2513 4778 2685 4833 ταῦτα
2729 4778 2798 4833 τὰ
2829 4780 3052 4852 ῥήματα
3105 4778 3379 4841 τέθεικεν,
3427 4780 3517 4834 ἵνα

1840 4872 1935 4926 καὶ
1968 4870 2044 4935 ὡς
2075 4868 2188 4941 Υίῷ
2222 4869 2317 4923 καὶ
2350 4868 2428 4932 ὡς
2454 4869 2750 4936 Μονογενεῖ
2781 4869 2876 4922 καὶ
2915 4867 2992 4931 ὡς
3023 4865 3407 4938 ἐνδιατρίϐοντι
3436 4866 3514 4938 τῷ

1842 4959 2025 5030 κόλπῳ
2052 4957 2130 5030 τῷ
2171 4955 2423 5029 πατρικῷ
2458 4957 2587 5027 περὶ
2616 4955 2834 5010 πάντων
2859 4954 3179 5028 πιστεύσῃς,
3216 4955 3309 5007 καὶ
3349 4955 3515 5027 μηδὲν

1838 5048 2157 5122 ἀμφιϐἀλης
2183 5047 2389 5102 λοιπόν.
2412 5046 2476 5099 Εἰ
2501 5045 2559 5098 δέ
2590 5061 2674 5106 τις
2705 5043 2779 5114 μὴ
2812 5042 3163 5112 φιλονεικοίη,
3202 5042 3335 5114 μηδέ
3366 5043 3517 5098 ἀναι-

1844 5139 2089 5212 σχυντεῖν
2113 5135 2374 5207 βούλοιτο,
2396 5133 2492 5187 καὶ
2516 5130 2609 5185 τοῦ
2642 5131 2813 5185 ἀϊδίου
2831 5129 2988 5185 τοῦτό
3014 5148 3155 5202 φημι
3178 5126 3317 5184 εἰναι
3342 5148 3517 5202 παραυ

1845 5225 2118 5281 στατικόν.
2148 5224 2361 5293 Ὠσπερ
2387 5220 2497 5292 γάρ
2542 5218 2602 5284 ἐξ
2632 5218 2847 5291 ἐκείνης
2874 5218 2977 5288 τῆς
3012 5220 3221 5290 ῥήσεως
3249 5221 3347 5290 τῆς
3379 5220 3516 5291 πρὸς

1843 5317 1935 5370 τὸν
1958 5312 2161 5368 Μωσέα
2183 5309 2489 5382 λεχθείσης,
2524 5306 2667 5377 Ἐγώ
2691 5309 2807 5377 εἰμι
2831 5310 2864 5361 ό
2890 5307 2997 5371 ὢν,
3026 5305 3086 5360 τὸ
3110 5306 3280 5361 ἀΐδιον
3312 5307 3518 5379 ἐκλαμ-

1844 5403 2099 5473 ϐάνομεν,
2135 5398 2308 5460 οὕτως
2341 5396 2432 5450 καὶ
2461 5397 2526 5449 ἐκ
2566 5395 2667 5466 τῆς
2702 5396 2915 5466 ρήσεως
2959 5394 3168 5463 ταύτης
3209 5394 3512 5466 λεγούσης,

1853 5493 1910 5545 '0
1932 5490 2017 5544 ὢν
2041 5491 2111 5544 ὲν
2134 5487 2260 5554 τοῖς
2293 5486 2544 5550 κόλποις
2570 5482 2679 5538 τοῦ
2704 5480 2954 5561 Πατρός,
2986 5482 3046 5536 τὸ
3072 5483 3257 5547 ἀῖδίως
3286 5480 3425 5538 εἷναι
3458 5486 3517 5538 ἐν

1843 5583 1956 5645 τοῖς
1987 5578 2208 5641 κόλποις
2243 5574 2338 5628 τοῦ
2386 5571 2534 5649 [477]
2569 5571 2783 5644 Πατρὸς
2815 5570 3040 5625 δυνατὸν
3078 5572 3349 5629 ἐκλαϐεῖν.
3393 5573 3517 5626 Ὅτι

1850 5669 1946 5739 μὲν
1975 5662 2069 5720 οῦν
2098 5668 2166 5737 τῇ
2202 5663 2378 5717 κτίσει
2409 5660 2559 5731 πάσῃ
2592 5658 2972 5732 ἀκατάληπτος
2997 5661 3032 5730 ἡ
3054 5660 3210 5714 οὐσία
3238 5659 3330 5715 τοῦ
3355 5658 3515 5722 Θεοῦ,

1916 5821 1945 5861 ιι
1968 5823 2064 5873 Ᾱῑὶἰ
2088 5817 2173 5869 τοῦ
2196 5817 2473 5880 πράγματος
2498 5813 2807 5880 διδάσκαλον,
2830 5811 2915 5865 alii
2936 5809 3021 5861 τοῦ
3041 5813 3274 5879 δόγματος
3290 5809 3518 5863 διδάσκοι

1852 5888 1952 5939 λον.
1984 5885 2089 5936 Mox
2118 5880 2201 5933 alii
2224 5880 2284 5928 τὰ
2307 5877 2495 5948 βήματα
2515 5877 2694 5938 ἔθηκεν.
