3980 6184
244 336 344 392 733

242 452 497 522 Spiritum
520 461 760 509 sanctum
777 453 1050 508 dumtaxat
1067 456 1210 510 illum
1229 459 1626 515 accuratissime
1647 475 1842 528 cogno-

249 544 628 600 scere.Vcrnm
651 561 712 600 ea
733 561 789 600 re
806 546 872 600 ad
891 547 1048 601 aliam
1071 547 1483 616 disputationem
1502 553 1749 614 remissa,
1779 567 1845 605 ne

245 635 507 689 dictorum
538 638 690 706 copia
722 639 1030 692 memoriam
1057 639 1481 708 confundamus,
1528 642 1596 697 ad
1635 643 1843 696 solitam

246 725 671 782 exhortationem
710 743 1010 783 sermonem
1046 738 1437 786 convertamus.
1468 732 1718 800 Qumnatn
1758 733 1845 786 illa

250 819 409 872 solita
461 818 806 873 exhortatio?
834 819 898 876 Ut
926 820 1142 878 assidue
1185 824 1412 878 orationi
1458 833 1638 880 mente
1668 825 1847 879 sobria

251 908 503 977 vigilique
547 909 728 963 animo
768 910 1156 967 incumbamus.
1201 913 1412 968 Etenim
1442 929 1614 985 nuper
1640 915 1740 970 hac
1780 915 1849 969 de

253 1013 307 1052 re
337 1013 432 1054 vos
459 999 780 1070 alloquutus,
804 1016 992 1058 omnes
1030 1005 1133 1058 vidi
1162 1014 1406 1076 prompto
1431 1008 1610 1062 animo
1644 1022 1846 1062 morem

251 1104 460 1158 gerere.
497 1091 799 1147 Absurdum
842 1109 972 1148 sane
998 1105 1179 1162 esset,
1211 1097 1255 1150 si
1281 1112 1403 1152 cum
1450 1099 1726 1169 segniores
1755 1113 1850 1153 vos

256 1179 414 1233 video
445 1179 719 1250 obiurgem
747 1221 764 1247 ,
793 1197 912 1236 cum
941 1199 1068 1238 vero
1095 1195 1239 1240 recte
1260 1187 1414 1257 agitis
1445 1202 1550 1242 non
1577 1187 1811 1243 laudem.

326 1268 532 1324 Laudat
578 1271 910 1328 Antiochenos
969 1276 1104 1346 quod
1150 1279 1353 1331 monitis
1403 1279 1507 1333 suis
1575 1278 1838 1347 obsequuti

258 1363 376 1416 sint.
400 1363 734 1420 —Laudare
764 1365 922 1436 igitur
949 1383 1042 1422 vos
1073 1369 1230 1424 hodie
1258 1369 1398 1436 volo,
1430 1371 1732 1441 gratiasque
1751 1387 1849 1424 vo-

262 1454 338 1508 bis
365 1455 506 1510 illius
527 1455 887 1526 obsequentia:
912 1457 1167 1514 reddere:
1196 1461 1393 1530 gratias
1435 1470 1611 1516 autem
1635 1463 1703 1516 ita
1725 1461 1850 1517 red-

263 1546 447 1600 demus
471 1586 487 1610 ,
519 1547 564 1601 si
592 1563 687 1602 vos
710 1548 1077 1614 docuerimus,
1104 1565 1208 1620 qua
1245 1551 1312 1606 de
1341 1567 1502 1608 causa
1528 1553 1642 1608 haec
1681 1554 1850 1608 oratio

263 1647 450 1692 caetera
500 1639 801 1709 prazcedat,
843 1649 898 1696 et
939 1656 1034 1696 cur
1060 1642 1416 1698 dtemoniacos
1458 1646 1509 1709 ί,
1556 1658 1620 1698 ac
1668 1652 1850 1700 mente

264 1737 443 1796 captos
467 1738 595 1785 tunc
613 1730 873 1786 Diaconus
896 1731 1070 1787 induci
1094 1743 1168 1797 ,et
1186 1735 1356 1803 capita
1382 1735 1850 1804 inclinarejubeat.

261 1818 366 1872 Cur
390 1835 523 1890 ergo
547 1824 625 1876 sic
648 1825 788 1892 agit?
813 1823 948 1878 Mala
972 1825 1250 1894 gravisque
1282 1835 1469 1881 catena
1514 1835 1596 1881 est
1639 1828 1854 1898 agitatio

261 1910 565 1966 dtemonum
592 1931 607 1978 ;
635 1923 843 1980 eatena,
874 1916 1086 1984 inquam
1108 1956 1124 1982 ,
1153 1917 1294 1972 ferro
1322 1917 1564 1973 validior.
1591 1919 1856 1986 Quemad-

272 2008 487 2060 modum
519 2007 678 2075 igitur
692 2005 870 2076 judice
897 2009 1192 2077 prodituro,
1223 2019 1279 2062 ut
1303 2009 1354 2063 in
1375 2011 1587 2066 excelso
1609 2011 1855 2066 tribunali

264 2099 468 2165 sedeat,
492 2100 727 2154 carceris
750 2100 998 2154 custodes
1037 2102 1283 2157 detentos
1307 2119 1492 2158 omnes
1516 2103 1736 2158 eductos
1755 2105 1854 2158 do-

266 2191 460 2245 micilio
501 2201 626 2245 ante
666 2192 934 2246 cancellos
976 2201 1031 2247 et
1070 2193 1345 2248 tribunalis
1394 2196 1511 2248 vela
1553 2195 1853 2259 collocant,

263 2284 562 2366 squalidos,
583 2285 876 2350 sordentes,
905 2286 1074 2355 passis
1094 2285 1298 2354 capillis
1317 2328 1332 2352 ,
1359 2285 1540 2340 scis.~is
1560 2286 1746 2355 pannis
1774 2285 1858 2338 in-

269 2375 460 2432 dutos;
494 2374 564 2427 ita
592 2374 776 2430 Patres
798 2376 1090 2430 faciendum
1121 2385 1455 2443 statuerunt,
1480 2376 1691 2446 quando
1721 2377 1860 2430 futu-

269 2481 381 2518 rum
408 2475 493 2519 est
514 2475 574 2520 ut
598 2466 838 2521 Christus
861 2483 956 2521 ceu
989 2468 1038 2522 in
1071 2468 1284 2523 excelso
1307 2469 1553 2523 tribunali
1577 2468 1779 2534 sedeat,
1805 2468 1856 2522 in

266 2556 499 2625 ipsisque
529 2558 796 2626 mysteriis
836 2568 1126 2627 appareat,
1159 2569 1218 2613 ut
1260 2561 1462 2614 scilicet
1505 2559 1816 2615 daemoniaci
1842 2600 1856 2626 ,

263 2647 410 2715 quasi
443 2647 607 2701 vincti
641 2647 853 2717 quidam
881 2648 1218 2716 inducantur,
1249 2666 1352 2705 non
1381 2659 1438 2704 ut
1468 2666 1627 2721 pcena
1652 2650 1859 2722 suppli-

268 2738 462 2807 cioqne
507 2736 836 2803 afficiantur,
867 2739 961 2794 sed
992 2748 1046 2793 ut
1091 2741 1285 2810 p0pulo
1325 2742 1559 2812 urbeque
1586 2744 1861 2798 teta'intus

263 2837 531 2896 przesente
557 2843 868 2886 communes
895 2832 1306 2901 supplicationes
1337 2832 1524 2888 fierent
1550 2874 1566 2900 ,
1614 2835 1863 2890 omnibus

263 2922 447 2976 animo
486 2938 590 2977 uno
617 2939 952 2980 communem
980 2928 1257 2981 Dominum
1305 2928 1362 2982 ill
1387 2945 1516 2983 trum
1545 2930 1711 3000 gratia
1745 2946 1861 2999 pre-

264 3018 513 3071 cantibus
535 3058 550 3083 ,
581 3034 874 3089 magnaque
900 3035 1027 3074 voce
1054 3021 1470 3077 misericordiam
1501 3023 1859 3092 poscentibus.

347 3109 404 3162 5.
456 3108 636 3163 Talem
665 3111 824 3177 igitur
849 3113 1142 3166 orationem
1167 3113 1473 3168 deserentes
1500 3113 1857 3183 increpabam,

267 3200 359 3269 qui
391 3199 483 3253 illo
508 3209 748 3271 tempore
779 3201 906 3256 foris
930 3204 1297 3258 versabantur.
1326 3203 1473 3257 Nunc
1497 3219 1589 3258 eos
1609 3205 1694 3274 qui
1726 3205 1864 3257 intus

265 3303 492 3346 manent
522 3294 763 3349 incusare
793 3297 946 3361 volo;
979 3309 1086 3349 non
1115 3296 1258 3366 quod
1285 3307 1568 3359 maneant,
1597 3297 1688 3351 sed
1723 3296 1864 3366 quod

267 3383 417 3437 intus
449 3384 604 3452 positi
632 3385 799 3439 nihilo
825 3386 1035 3448 melius,
1064 3402 1224 3455 quam
1257 3387 1292 3440 ii
1317 3387 1402 3456 qui
1432 3387 1646 3453 absunt,
1682 3402 1740 3442 se
1767 3387 1865 3442 ha-

273 3474 479 3540 beant,
513 3474 637 3529 dum
687 3475 955 3530 horrcndo
985 3477 1076 3531 illo
1117 3488 1355 3547 tempore
1382 3488 1569 3532 mutuo
1607 3477 1864 3532 confabu-

273 3568 474 3621 lantur.
507 3567 640 3635 Quid
673 3569 784 3638 agis
809 3609 824 3634 ,
873 3585 905 3623 ο
932 3569 1132 3623 homo?
1159 3568 1261 3623 Tot
1289 3585 1355 3624 ex
1387 3568 1608 3623 fratrum
1655 3581 1862 3622 tuorum

265 3676 500 3715 numero
536 3661 738 3715 vinctos
768 3675 930 3730 prope
957 3661 1134 3716 cernis
1157 3702 1174 3728 ,
1201 3671 1254 3715 et
1280 3670 1335 3716 tu
1364 3660 1432 3716 de
1457 3661 1615 3715 rebus
1642 3659 1772 3714 nihil
1800 3659 1864 3714 ad

271 3762 326 3806 te
359 3752 744 3822 pertinentibus
769 3752 1056 3809 fabularis?
1089 3755 1167 3808 An
1195 3755 1276 3808 vel
1301 3756 1412 3824 ipse
1435 3753 1580 3808 solus
1606 3755 1680 3808 rei
1708 3768 1866 3822 aspe-

270 3854 394 3900 ctus
425 3859 531 3898 non
561 3854 610 3898 te
642 3854 814 3914 potest
837 3844 1108 3899 deterrere
1134 3852 1188 3898 et
1208 3843 1276 3899 ad
1305 3843 1722 3898 misericordiam
1748 3857 1867 3912 per—

270 3936 524 3992 trahere?
553 3937 741 3992 Frater
772 3948 890 3992 tuus
917 3939 966 3991 in
989 3937 1234 4003 vinculis,
1263 3947 1313 3991 et
1341 3945 1395 3991 tu
1425 3936 1477 3990 in
1499 3936 1723 4006 segnitie
1748 3951 1870 3990 ver-

269 4029 458 4085 Saris?
487 4029 620 4096 Qua,
648 4045 849 4099 quaeso,
876 4030 1026 4085 venia
1053 4030 1240 4101 dignus
1271 4031 1396 4095 eris,
1428 4030 1505 4084 sic
1529 4030 1865 4092 inhumanus,

270 4121 690 4186 immisericors,
722 4121 924 4175 durus?
952 4123 1141 4175 Annon
1164 4121 1318 4175 times
1350 4135 1416 4175 ne
1452 4130 1503 4175 te
1527 4119 1870 4174 confabulan-

270 4223 408 4277 tem,
435 4212 670 4282 segniter
691 4219 956 4282 agentem,
980 4213 1356 4282 negligentem,
1379 4211 1586 4266 dromon
1607 4211 1867 4281 quispiam

270 4305 403 4358 inde
430 4305 702 4369 exsiliens,
722 4315 995 4359 vacantem
1014 4305 1295 4374 scopisque
1317 4304 1619 4358 mundatam
1637 4304 1867 4357 animam

272 4408 425 4451 tuam
460 4397 611 4452 facile
639 4398 889 4463 invadat,
922 4407 1154 4452 reserata
1199 4397 1362 4451 domo
1390 4397 1634 4466 reperta?
1676 4398 1867 4450 Annon

273 4500 552 4557 oporteret
572 4505 756 4545 omnes
779 4491 868 4543 illo
889 4499 1127 4560 tempore
1148 4490 1408 4560 lacrymas
1429 4487 1698 4542 effundere
1721 4529 1735 4548 ,
1761 4502 1871 4541 ma-

279 4583 527 4636 dentibus
547 4565 666 4637 esse
686 4582 876 4649 oculis,
901 4579 1055 4635 ﬂetus
1073 4581 1404 4651 gemitusque
1439 4595 1532 4650 per
1574 4579 1862 4633 Ecclesiam

281 4676 490 4729 audiri?
516 4676 638 4729 Post
666 4674 1039 4746 mysteriorum
1062 4676 1509 4734 communionem.
1540 4683 1654 4742 post
1678 4671 1874 4726 lavacri

280 4768 511 4821 fructum
537 4807 554 4831 ,
587 4778 703 4837 post
731 4768 914 4822 initam
960 4781 1080 4821 cum
1108 4765 1320 4820 Christo
1345 4766 1650 4819 societatem
1675 4804 1690 4829 ,
1721 4765 1874 4834 lupus

253 4845 371 4914 ille
399 4862 571 4930 potuit
595 4877 659 4916 ex
697 4862 820 4914 ovili
845 4876 1010 4932 agnos
1040 4874 1246 4929 rapere,
1279 4866 1335 4913 et
1354 4873 1514 4928 penes
1537 4873 1596 4912 se
1623 4856 1871 4919 retinere;

273 4965 338 5006 tu
373 4968 503 5007 vero
533 4961 736 5008 tantam
764 4968 992 5008 cernens
1015 4953 1368 5008 calamitatem
1403 4966 1507 5005 non
1535 4947 1875 5020 larrytnaris?

263 5049 401 5112 Quo
429 5056 584 5116 pacto
606 5045 718 5100 lucc
745 5046 948 5114 possint
967 5043 1250 5099 excusari?
1271 5043 1384 5096 Non
1410 5043 1490 5095 vis
1511 5040 1686 5095 fratris
1706 5039 1874 5092 vicem

257 5138 513 5195 dolere?
548 5137 745 5192 Saltem
788 5153 882 5207 pro
922 5146 973 5192 te
999 5144 1178 5191 metue
1202 5144 1255 5190 et
1284 5133 1673 5203 expergiscere.
1713 5130 1767 5187 Si
1793 5129 1878 5183 vi-

259 5232 394 5287 cini
425 5231 496 5284 tui
529 5230 745 5283 dommn
774 5229 1100 5298 conflagrare
1129 5227 1340 5280 videres
1364 5266 1379 5290 ,
1423 5223 1629 5278 etiamsi
1672 5223 1718 5276 is
1757 5238 1877 5275 ont-

259 5329 434 5384 niurn
463 5325 554 5380 tibi
587 5324 978 5378 inimicissimus
1016 5337 1157 5378 esset
1181 5364 1194 5386 ,
1221 5336 1397 5374 annon
1425 5331 1734 5372 accurrercs
1757 5357 1771 5382 ,
1819 5324 1876 5368 nt

258 5419 594 5477 incendium
624 5418 978 5488 restingueres
1044 5415 1244 5470 veritus
1274 5427 1340 5467 ne
1369 5409 1666 5465 incendium
1701 5406 1881 5477 paula-

264 5518 378 5570 tim
418 5526 642 5580 serpens
670 5509 816 5565 fores
851 5517 969 5563 tuas
1009 5505 1317 5562 invaderet?
1348 5503 1579 5572 ldipsum
1607 5501 1656 5553 in
1683 5499 1881 5554 damno-

264 5606 462 5663 niacis
491 5603 668 5672 cogita
688 5643 702 5666 ,
733 5618 854 5656 nant
881 5600 1179 5654 dremonum
1212 5595 1429 5668 agitatio
1457 5609 1553 5649 ceu
1581 5591 1881 5646 incendium

344 5724 363 5755 ι
415 5727 482 5767 ne
503 5717 852 5780 energumenis
871 5723 921 5766 et
937 5715 1249 5780 dtenioniaeis
1264 5711 1600 5780 in_rF.cclesiam
1629 5707 1882 5780 mysteriof

263 5798 398 5833 mm
429 5771 880 5842 temporéinducﬁs
902 5793 929 5827 a
966 5779 1168 5826 Diacono
1205 5775 1422 5838 pluribus
1443 5783 1663 5840 agemus,
1698 5771 1778 5819 ubi
1817 5771 1882 5815 de

266 5843 491 5906 "turgt:
515 5840 568 5893 et
588 5840 919 5892 celebratione
941 5843 1294 5896 mysteriorum.

1169 340 1254 395 DE
1295 340 1973 401 lNCOSlPREllENSlBlLl
2020 348 2124 402 DEI
2168 348 2467 405 N.\TUR.\.
2511 351 2603 407 ιν.

3419 359 3532 413 754

1950 465 2212 534 quoddam
2244 467 2525 522 exitiosum
2558 479 2657 524 est.
2686 469 2828 524 Cave
2871 485 2998 541 ergo
3029 485 3096 526 ne
3135 471 3348 526 daemon
3400 474 3531 528 ultra

1950 571 2266 626 progressus
2286 559 2516 613 animam
2545 560 2757 614 invadat
2782 570 2922 615 tuam
2946 579 2958 614 :
2982 577 3042 616 ac
3067 578 3187 616 cum
3220 571 3536 632 prtesentem

1949 645 2146 701 videris
2173 687 2187 711 ,
2215 649 2496 718 diligenter
2535 650 2600 704 ad
2648 651 2927 705 Dominum
2966 651 3274 722 confugias:
3318 661 3377 704 ut
3419 667 3537 705 cum

1951 737 2158 792 daemon
2188 747 2240 794 te
2268 741 2445 795 animo
2471 741 2692 796 ferventi
2723 745 3056 814 excitatoque
3082 732 3306 807 viderit,
3338 744 3537 797 nnllmn

1951 831 2051 886 sibi
2085 833 2224 900 apud
2259 843 2309 888 te
2340 834 2538 889 aditum
2567 851 2684 890 esse
2727 838 3003 906 intelligat.
3045 837 3100 893 Si
3136 838 3275 892 enim
3316 846 3367 891 te
3397 836 3537 889 osci-

1953 934 2152 980 tantem
2195 936 2248 981 et
2277 943 2494 998 segnem
2537 928 2765 993 viderit,
2808 938 2866 983 ut
2891 929 3159 984 desertum
3191 927 3539 983 diversorium

1954 1016 2197 1082 invadet;
2230 1018 2309 1072 sin
2337 1019 2640 1089 vigilan'em
2667 1028 2720 1074 et
2749 1020 3026 1083 intentum,
3056 1019 3301 1086 cceliSque
3330 1017 3531 1070 hmren-

1956 1117 2082 1173 tem,
2113 1125 2179 1163 ne
2205 1110 2397 1163 intueri
2419 1109 2632 1179 quidem
2658 1109 2889 1164 audebit.
2914 1109 3095 1179 Itaque
3120 1108 3164 1162 si
3195 1108 3406 1162 fratrem
3436 1121 3541 1158 non

1953 1215 2146 1264 curas,
2195 1201 2382 1256 saltem
2437 1202 2527 1255 tibi
2551 1202 2766 1256 consule
2798 1243 2812 1265 ,
2857 1201 3157 1270 animmque
3201 1209 3304 1253 ture
3343 1197 3541 1250 aditum

1954 1291 2184 1360 maligno
2205 1291 2435 1346 dznmoni
2463 1293 2700 1347 occlude.
2725 1292 2866 1346 Nihil
2887 1301 3061 1346 autem
3090 1290 3308 1361 perinde
3339 1290 3433 1359 ipsi
3464 1290 3543 1342 in-

1954 1396 2194 1450 gressum
2223 1383 2288 1436 ad
2324 1398 2420 1438 nos
2450 1383 2734 1438 occludere
2762 1383 2919 1449 solet,
2953 1391 3111 1451 atque
3137 1383 3306 1436 oratio
3329 1389 3382 1436 et
3408 1395 3536 1448 sup-

1955 1473 2165 1540 plicatio
2185 1472 2417 1527 assidua.
2451 1473 2579 1526 Nam
2607 1473 2748 1542 quod
2778 1473 3038 1526 Diaconus
3063 1471 3309 1525 ornnihus
3353 1469 3545 1538 pratt-i-

1956 1563 2064 1632 piat
2089 1563 2170 1617 his
2193 1564 2403 1618 verbis:
2436 1563 2604 1618 Erecti
2629 1573 2813 1618 stemus
2839 1563 2987 1634 probe
3014 1563 3032 1634 (
3055 1561 3297 1632 Liturgite
3329 1559 3474 1614 verba
3497 1557 3539 1630 ),

1957 1669 2060 1706 non
2091 1651 2286 1707 frustra
2318 1661 2622 1724 temereque
2651 1663 2905 1707 statutum
2934 1661 3009 1707 est
3031 1669 3048 1719 ;
3073 1651 3166 1706 sed
3196 1660 3254 1704 ut
3282 1649 3429 1703 lnnni
3456 1662 3545 1701 rc-

1957 1753 2142 1814 pentes
2167 1745 2515 1814 cogitationes
2536 1744 2822 1814 erigamus,
2847 1752 3006 1812 utque
3032 1743 3308 1812 segnitiem
3337 1737 3550 1793 szecula.

1966 1836 2114 1892 ribus
2138 1836 2281 1890 curis
2309 1844 2513 1906 partam
2534 1836 2809 1904 ejicientes
2829 1876 2842 1900 ,
2876 1843 3075 1889 rectam
3101 1847 3278 1887 coram
3307 1832 3414 1885 Deo
3439 1827 3552 1882 ani-

1958 1943 2101 1982 mam
2147 1935 2382 1981 nostram
2430 1935 2665 1982 statuere
2711 1926 2997 1995 possimus.
3037 1924 3188 1990 Quod
3227 1931 3404 1977 autem
3452 1920 3552 1974 hoc

1959 2033 2142 2072 verum
2174 2019 2260 2082 sit,
2289 2017 2534 2087 quodque
2559 2033 2665 2070 non
2693 2030 2887 2085 corpus
2915 2017 3029 2069 hmc
3053 2014 3209 2068 verba
3241 2012 3549 2083 respiciant,

1959 2109 2052 2164 sed
2075 2110 2304 2163 animam
2327 2124 2483 2178 quam
2505 2109 2709 2178 erigere
2724 2107 2994 2176 jubemur,
3016 2105 3292 2160 audiamus
3310 2103 3550 2166 Paulum,

1964 2201 2152 2257 eodem
2194 2201 2353 2256 modo
2394 2201 2480 2254 illa
2511 2200 2760 2270 loquendi
2791 2198 3012 2253 formula
3046 2213 3220 2251 usum.
3249 2197 3381 2249 Cum
3411 2194 3550 2247 enim

1965 2293 2128 2364 lapsis
2169 2304 2220 2348 et
2264 2308 2617 2348 aerumnarum
2660 2292 2797 2345 mole
2825 2305 2960 2360 pene
2989 2287 3394 2358 desperantibus
3423 2283 3551 2338 scri-

1962 2385 2147 2450 beret,
2179 2384 2388 2439 dicebat
2420 2401 2432 2436 :
2465 2382 2671 2437 Solutus
2713 2397 2890 2434 mamts
2919 2389 2963 2434 et
2984 2379 3149 2432 soluta
3171 2393 3330 2448 genua
3378 2375 3551 2444 erigite

1963 2474 2414 2546 (Ileb.12.12).
2457 2477 2536 2529 An
2581 2473 2873 2528 dixerimus
2917 2471 3063 2525 illum
3107 2469 3172 2523 de
3213 2467 3454 2522 manibus
3501 2473 3552 2519 et

1962 2568 2185 2638 genibus
2209 2566 2481 2636 corporeis
2505 2565 2681 2636 loqui?
2707 2563 2924 2617 Minime
2965 2580 2978 2616 :
3009 2577 3179 2631 neque
3209 2560 3348 2612 enim
3377 2557 3551 2610 homi-

1965 2674 2061 2713 nes
2089 2657 2273 2712 cursui
2320 2666 2374 2712 et
2422 2655 2800 2711 certaminibus
2829 2653 3036 2708 deditos
3079 2651 3404 2720 alloquitur,
3459 2648 3552 2702 sed

1964 2751 2106 2804 vires
2131 2747 2510 2818 cogi'ationum
2542 2761 2570 2800 a
2597 2743 2976 2800 tentationibns
3003 2750 3295 2812 prostratas
3322 2739 3404 2793 bis
3432 2755 3553 2791 ver-

1964 2840 2046 2894 bis
2067 2840 2301 2896 excitare
2327 2837 2494 2908 jubet.
2524 2836 2707 2906 Cogita
2743 2835 2827 2889 cui
2858 2834 3098 2903 proxime
3123 2831 3318 2893 adstes,
3349 2845 3410 2884 ac
3440 2829 3556 2899 qui-

1965 2933 2185 2987 buscum
2220 2932 2385 2986 Deum
2410 2930 2748 2984 invocaturus
2768 2927 2858 2990 sis,
2885 2926 3084 2980 scilicet
3107 2939 3225 2978 cum
3249 2921 3553 2977 Clierubim.

1966 3021 2344 3076 Animadverte
2374 3035 2507 3090 quos
2549 3020 2745 3074 habeas
2789 3017 2962 3072 socios
2982 3057 2994 3080 ,
3025 3015 3182 3084 idque
3214 3014 3303 3067 tibi
3328 3013 3391 3066 ad
3422 3012 3554 3082 vigi-

1966 3115 2182 3168 lantiam
2228 3115 2357 3167 satis
2384 3114 2520 3178 erit,
2554 3126 2674 3164 cum
2705 3120 2878 3165 tecum
2925 3108 3252 3177 reputaveris
3299 3115 3350 3160 te
3393 3121 3554 3160 carne

1967 3209 2206 3262 indutum
2223 3215 2276 3261 et
2296 3221 2518 3274 corpore
2536 3221 2653 3259 cum
2678 3204 3004 3272 incorporeis
3025 3201 3304 3256 virtutibus
3325 3200 3388 3252 ad
3407 3216 3420 3248 ‹
3437 3213 3554 3252 om-

1973 3315 2186 3353 munem
2211 3298 2487 3350 Dominum
2505 3294 2879 3350 celebrandum
2901 3293 3126 3348 adscribi
3144 3290 3367 3361 dignari.
3386 3288 3555 3343 Nemo

1969 3390 2130 3461 igitur
2163 3389 2342 3443 animo
2379 3387 2616 3442 resoluto
2645 3400 2824 3440 sacras
2851 3385 2967 3440 illas
2997 3392 3049 3438 ct
3079 3382 3328 3452 mysticas
3371 3378 3556 3432 laudes

1969 3481 2124 3535 adeat
2147 3497 2161 3546 ;
2191 3495 2351 3535 nemo
2389 3478 2675 3532 Steculares
2703 3486 2828 3530 tunc
2855 3474 3108 3543 temporis
3131 3472 3476 3541 cogitationes
3502 3470 3552 3522 in

1970 3581 2147 3627 mente
2170 3579 2385 3625 verset:
2418 3569 2512 3623 sed
2546 3569 2774 3624 terrenis
2802 3566 3049 3622 omnibus
3079 3565 3331 3634 expulsis,
3370 3562 3422 3616 in
3449 3578 3557 3617 ca:-

1970 3664 2078 3718 lum
2106 3678 2164 3717 se
2190 3671 2356 3716 totum
2389 3659 2689 3724 transferat,
2720 3673 2783 3714 ac
2806 3656 2955 3728 quasi
2982 3655 3048 3710 ad
3077 3655 3326 3709 thronum
3367 3654 3552 3724 gloria)

1970 3753 2216 3808 admotus
2237 3791 2251 3816 ,
2283 3765 2403 3806 cum
2433 3749 2712 3819 Seraphim
2762 3749 3004 3811 volaret,
3047 3745 3123 3798 sic
3161 3743 3554 3797 sanctissimum

1971 3845 2227 3917 hymnum
2286 3841 2568 3912 magnifico
2623 3837 3114 3910 gloriosissimoque
3162 3835 3271 3889 Deo
3329 3834 3556 3887 emittat.

1973 3945 2095 3999 Ideo
2121 3951 2246 3998 tunc
2275 3941 2528 4012 temporis
2551 3939 2716 4010 probe
2740 3949 2882 3994 stare
2904 3936 3172 4008 iubemur.
3197 3933 3370 3990 Probe
3411 3943 3561 3982 nam-

1972 4050 2079 4104 que
2109 4042 2250 4088 stare
2282 4033 2412 4088 nihil
2459 4031 2602 4086 aliud
2646 4038 2730 4086 est
2753 4073 2767 4097 ,
2799 4045 2959 4100 quam
2987 4028 3057 4083 ita
3084 4035 3226 4082 stare
3249 4065 3264 4091 ,
3307 4031 3366 4078 ut
3403 4021 3559 4076 decet

1974 4127 2244 4181 hominem
2269 4125 2482 4179 adstare
2528 4123 2670 4178 Deo:
2714 4135 2908 4190 nempe
2939 4135 3059 4175 cum
3109 4117 3331 4170 horrore
3368 4121 3422 4167 et
3449 4123 3558 4164 tre-

1975 4233 2144 4284 more,
2175 4232 2294 4271 cum
2316 4217 2494 4269 animo
2523 4214 2662 4283 vigili
2691 4222 2743 4268 et
2769 4212 3026 4280 diligenti.
3058 4209 3186 4263 Nam
3219 4208 3318 4259 hoc
3346 4217 3556 4273 quoque

1973 4309 2172 4363 dictum
2204 4307 2267 4360 ad
2293 4308 2523 4359 animam
2569 4305 2834 4374 pertinere
2872 4301 3068 4356 Paulus
3099 4312 3306 4352 rursum
3346 4293 3552 4363 signifi-

1973 4399 2110 4453 cavit
2135 4397 2216 4450 his
2241 4396 2435 4457 verbis,
2461 4395 2548 4449 Sic
2564 4404 2691 4446 state
2717 4393 2765 4444 iu
2787 4385 3557 4457 Domino,cttrissimi(Philipp.

1975 4491 2146 4558 4.1).
2189 4486 2640 4556 Quemadmodum
2673 4485 2812 4538 enim
2851 4482 3153 4553 sagittarius
3197 4482 3240 4533 si
3269 4488 3414 4534 recte
3457 4478 3557 4530 tela

1975 4581 2197 4636 fundere
2228 4579 2373 4643 wlit,
2409 4578 2578 4647 primo
2605 4575 2824 4647 gradum
2852 4574 3240 4642 stationemque
3276 4578 3563 4639 componat

1977 4682 2220 4744 Oportet:
2248 4671 2439 4725 deinde
2468 4686 2498 4724 e
2526 4669 2741 4740 regione
2765 4667 2909 4736 scopi
2930 4666 3210 4734 difigenter
3230 4666 3430 4733 positus
3453 4651 3560 4715 tela

1973 4743 2155 4834 jacere
2199 4763 2418 4827 nititur;
2448 4761 2524 4817 sic
2553 4770 2606 4816 et
2647 4771 2700 4814 tu
2727 4760 2974 4814 infestum
3006 4743 3200 4831 diaboli
3245 4763 3402 4824 caput
3448 4751 3568 4806 telis

1979 4857 2317 4927 impetitnrtts
2343 4895 2359 4921 ,
2404 4853 2784 4923 cogitationum
2833 4859 3028 4906 statum
3074 4847 3245 4917 primo
3285 4860 3438 4899 cures
3462 4884 3477 4908 ,
3512 4850 3570 4895 ut

1980 4961 2184 5005 rectum
2214 4949 2330 5003 sine
2354 4947 2505 5002 obice
2530 4944 2755 5016 gradum
2794 4952 3034 4997 statuens
3057 4979 3073 5006 ,
3104 4937 3268 5008 probe
3295 4943 3477 4990 contra
3508 4932 3567 4987 il-

1980 5043 2088 5098 lum
2119 5043 2217 5098 tela
2247 5042 2476 5098 emittas.

2055 5159 2107 5213 6.
2139 5156 2518 5225 Marsttpiorum
2546 5161 2759 5206 sectores
2795 5149 2846 5202 in
2876 5142 3278 5201 conciane.—Et
3302 5141 3416 5195 hmc
3451 5139 3563 5207 qui-

1984 5253 2106 5308 dem
2143 5253 2213 5306 de
2237 5250 2500 5304 oratione.
2549 5243 2680 5310 Quia
2726 5257 2854 5296 vero
2907 5248 3098 5309 przeter
3145 5235 3422 5302 segnitiem
3465 5233 3480 5264 ι
3513 5232 3566 5286 in

1987 5345 2190 5401 orando
2218 5341 2361 5397 aliud
2385 5338 2654 5408 quidpiam
2682 5332 2970 5389 admodum
2999 5328 3350 5399 perniciOsum
3382 5323 3567 5377 diabo-

1986 5440 2067 5494 lus
2097 5434 2440 5504 excogitavit,
2470 5430 2556 5484 hic
2584 5441 2795 5497 quoque
2832 5424 3006 5477 aditus
3033 5419 3130 5490 ipsi
3165 5412 3568 5485 prmeludendus

1988 5539 2088 5587 est.
2121 5528 2256 5597 Quid
2283 5541 2409 5594 ergo
2436 5522 2559 5577 mali
2588 5519 2922 5576 machinatus
2946 5524 3027 5568 est
3045 5511 3316 5581 improbus
3347 5508 3436 5562 ille
3459 5505 3568 5560 d:e-

1989 5639 2112 5679 mon
2133 5624 2156 5676 ?
2190 5621 2292 5674 \‘os
2319 5630 2544 5673 cernens
2567 5625 2832 5682 tamquam
2855 5623 2961 5663 uno
2987 5619 3212 5676 corpore
3239 5608 3564 5672 compactos,

2059 5801 2074 5832 ι
2110 5806 2208 5848 Duo
2251 5794 2451 5854 habent,
2494 5796 2670 5855 prtrtcr
2711 5797 2907 5838 sacrum
2944 5778 3193 5853 gaudium.
