3980 6184
493 277 598 334 735

492 392 762 465 multoque
787 394 961 450 studio
981 396 1134 453 dictis
1159 400 1512 471 attendentes,
1545 421 1649 460 non
1676 423 1834 465 ausus
1854 413 2065 482 quidem

490 493 574 537 est
603 500 669 538 ex
696 485 952 539 ministris
977 489 1087 542 suis
1114 489 1318 559 aliquos
1344 494 1573 560 mittere,
1610 498 1702 567 qui
1723 515 1816 555 vos
1844 504 2068 560 consilio

491 572 804 644 hortatuque
833 589 930 630 suo
954 592 982 629 a
1014 580 1355 637 eoncionibus
1382 584 1722 656 abducerent,
1749 606 1945 661 gnarus
1972 611 2065 650 ve-

489 675 655 717 strmn
685 666 949 722 neminem
979 669 1379 728 tale‘consilium
1400 676 1756 735 admissurum
1786 699 1905 739 esse
1930 702 1942 738 :
1972 686 2066 741 sed

487 754 741 822 quosdam
759 756 1081 814 latrunculos
1093 769 1144 816 et
1161 767 1546 835 marsupiorum
1566 781 1800 828 sectores
1825 776 2064 830 multitu-

486 843 595 898 dini
632 846 948 913 immiscuit,
979 854 1285 924 curavitque
1304 866 1359 911 ut
1389 861 1566 915 multis
1597 863 1683 918 hic
1703 870 2060 938 congregatis,

484 948 694 1002 aurum,
723 940 863 1005 quod
897 941 1114 1010 ligatum
1146 947 1468 1016 servabant,
1502 950 1894 1023 subriperetur,
1923 961 2060 1028 quod

482 1041 626 1096 sarpe
651 1030 931 1100 multisque
960 1034 1201 1103 contigit.
1226 1036 1302 1092 Ne
1330 1039 1485 1108 igitur
1508 1043 1577 1097 ita
1607 1059 1819 1115 semper
1849 1050 2062 1106 coutin-

483 1127 592 1187 gat,
629 1134 761 1174 neve
798 1124 1140 1189 pecuniarum
1175 1128 1381 1196 jactura
1419 1134 1666 1190 audiendi
1707 1140 1937 1195 studium
1964 1158 2061 1197 ex-

485 1208 736 1279 stinguat,
767 1214 946 1268 multis
975 1216 1024 1270 in
1068 1217 1171 1273 tale
1200 1219 1449 1277 damnum
1478 1224 1850 1297 incidentibus,
1878 1232 2063 1290 hortor

483 1313 578 1353 vos
599 1312 887 1374 auctorque
914 1320 1031 1361 sum
1062 1310 1210 1364 vobis
1240 1313 1507 1387 omnibus,
1535 1333 1603 1372 ne
1630 1334 1818 1374 aurum
1849 1322 1951 1379 huc
1975 1324 2059 1378 af-

483 1386 665 1446 feratis
686 1433 700 1456 ,
745 1409 812 1467 ne
842 1404 1073 1451 vestrum
1115 1386 1441 1458 auscultandi
1469 1407 1710 1483 studium.
1743 1427 1926 1467 ansam
1955 1416 2061 1471 illis

483 1480 719 1548 pra-beat
747 1485 885 1540 male
908 1488 1132 1557 agendi,
1163 1507 1294 1547 neve
1321 1495 1592 1566 voluptas,
1623 1480 1777 1570 quam
1815 1503 1901 1560 hic
1939 1522 2062 1561 ver-

479 1576 659 1624 santes
687 1575 954 1643 percipitis
979 1617 991 1639 ,
1023 1580 1134 1633 auri
1182 1578 1324 1636 furto
1367 1584 1699 1644 obturbetur.
1752 1592 1959 1648 Etenim
2005 1597 2056 1652 id

481 1657 722 1716 diabolus
746 1665 959 1719 molitur
998 1683 1103 1722 non
1133 1680 1188 1724 ut
1211 1687 1305 1728 vos
1329 1678 1672 1746 pauperiores
1713 1683 1922 1751 reddat,
1962 1689 2057 1743 sed

485 1759 543 1803 ut
569 1755 805 1819 pecunia:
821 1756 1047 1827 jactura,
1073 1777 1358 1820 mmrorem
1387 1770 1627 1839 pariens,
1659 1776 1726 1829 ab
1749 1779 2055 1836 auscultan-

480 1840 531 1894 di
564 1845 847 1912 cupiditate
868 1863 960 1913 vos
985 1850 1227 1908 abducat.
1254 1855 1386 1912 Nam
1418 1868 1471 1914 et
1493 1861 1593 1918 Job
1623 1880 1727 1920 non
1754 1868 1875 1924 ideo
1905 1871 2056 1928 bonis

482 1934 729 1988 omnibus
756 1938 1026 2010 spoliavit,
1056 1951 1113 1997 ut
1140 1950 1504 2016 pauperiorem
1532 1955 1786 2026 efﬁceret,
1818 1962 1911 2016 sed
1938 1974 1996 2018 ut
2023 1981 2051 2020 a

464 2023 675 2092 pietate
698 2026 1005 2086 deturbaret
1032 2048 1047 2084 :
1078 2051 1180 2091 non
1209 2038 1285 2093 illi
1314 2057 1507 2112 scapus
1537 2057 1684 2114 erat,
1715 2023 1781 2105 ut
1805 2056 2053 2121 pecunias

476 2112 729 2183 auferret,
757 2120 951 2191 quippe
975 2125 1063 2196 qui
1092 2128 1223 2184 nihil
1244 2130 1293 2185 id
1315 2148 1434 2189 esse
1463 2138 1644 2206 sciret,
1672 2112 1767 2199 sed
1798 2112 1852 2199 ut
1882 2112 2053 2204 facule

478 2213 642 2262 tatum
665 2209 942 2282 dispendio
967 2218 1022 2273 in
1047 2232 1318 2290 peceatum
1344 2228 1633 2288 induceret.
1662 2235 1813 2303 Quod
1838 2242 2052 2310 quidem

475 2298 521 2352 si
552 2299 724 2358 facere
752 2319 999 2378 nequeat,
1028 2329 1312 2386 numquam
1336 2334 1393 2376 se
1415 2337 1529 2378 rem
1552 2324 1687 2382 bene
1705 2333 1935 2399 gessisse
1952 2351 2051 2404 pn-

474 2392 623 2448 tabit.
654 2395 787 2453 Cum
816 2415 943 2472 ergo
969 2404 1085 2475 ejus
1114 2424 1331 2480 scopam
1361 2422 1560 2481 teneas,
1600 2422 1894 2492 carissime,
1927 2442 2047 2482 cum

474 2492 529 2538 te
558 2487 637 2540 vel
666 2487 839 2546 furum
862 2509 1042 2565 Opera,
1074 2501 1156 2555 vel
1183 2503 1284 2558 alia
1310 2508 1494 2574 quavis
1519 2512 1720 2568 ratione
1748 2531 1879 2571 auro
1906 2521 2048 2574 mul-

473 2582 694 2632 ctaverit
714 2622 727 2641 ,
749 2583 969 2651 gloriam
999 2588 1223 2647 Domino
1243 2595 1463 2664 referas,
1492 2612 1545 2654 et
1564 2605 1790 2673 amplius
1815 2608 2047 2667 lucratus

475 2664 656 2734 fueris,
708 2671 1079 2749 duplicemque
1126 2682 1221 2752 ipsi
1254 2685 1457 2755 plagam
1489 2664 1728 2761 infligas,
1769 2699 1908 2767 quod

474 2756 698 2814 moleste
717 2762 917 2829 tuleris,
936 2769 1180 2840 quodque
1209 2776 1404 2843 gratias
1415 2780 1606 2848 egeris.
1624 2782 1755 2838 Nam
1770 2787 1812 2840 si
1831 2795 1881 2842 te
1898 2790 2047 2845 vide-

472 2846 755 2905 ritdamno
780 2859 1122 2923 pecuniarum
1154 2861 1342 2934 frangi,
1371 2846 1540 2938 eoque
1563 2873 1751 2930 adduci
1783 2889 1837 2933 ut
1870 2880 2045 2936 Domi-

475 2951 545 2991 no
572 2937 837 3012 irascaris,
863 2963 1145 3021 numquam
1170 2954 1328 3010 finem
1351 2937 1507 3015 faciet
1525 2962 1576 3017 id
1597 2967 1817 3036 agendi;
1848 2973 1929 3026 sin
1956 2974 2046 3028 ad-

474 3070 3509 3130 “RM

1199 285 1256 342 ὃ.
1295 286 1570 347 JOANNIS
1605 292 2075 356 CIIRYSOSTOMI
2118 303 2432 377 AliClllEP.
2475 311 3004 376 CONSTANTINOP.
3573 341 3656 402 73,6

2175 431 2342 475 vertat
2372 431 2422 479 te
2448 441 2551 479 non
2582 428 2740 483 modo
2789 447 2892 488 non
2935 423 3295 507 blasphemare
3326 444 3470 505 Deum
3489 494 3502 518 ,
3534 458 3606 525 qui
3633 468 3674 516 te

2171 512 2388 575 creavit,
2414 514 2506 567 sed
2527 517 2685 570 etiam
2715 518 2812 588 ipsi
2841 521 2908 577 de
2931 524 3133 592 jactura
3158 532 3344 598 gratias
3365 512 3563 607 ageret;
3582 512 3665 604 ten:

2171 601 2461 658 tatiouibus
2485 604 2774 664 inferendis
2793 612 3033 681 absistet,
3058 632 3251 687 gnarus
3270 601 3675 692 molestiarum

2168 694 2519 759 perimentum
2546 700 2637 754 tibi
2657 702 2944 770 gratiarum
2969 709 3191 765 actionis
3209 716 3542 782 argumentum
3561 740 3673 795 esse,

2167 797 2231 837 ac
2258 786 2672 853 splendidiorem
2711 792 2802 847 tibi
2831 809 3081 851 coronam
3109 801 3356 874 pluraque
3392 814 3582 878 pmmia
3607 786 3705 899 ρειξι

2168 888 2283 899 Mn
2332 877 2480 899 “HL.
2702 882 2714 899 ρ
2786 883 2797 896 .
2837 884 2855 899 .
2894 886 2907 899 .
3194 893 3225 899 -

2168 888 2304 929 rere.
2331 877 2480 941 Quod
2512 881 2669 935 etiam
2701 882 2799 951 ipsi
2827 884 2926 941 Job
2951 889 3160 944 accidit.
3186 893 3313 947 Cum
3338 898 3468 953 enim
3494 877 3699 962 sublatisi

2165 964 2375 1032 apibus,
2408 970 2786 1043 vulneratoque
2806 990 3051 1046 corpore,
3074 981 3204 1036 vidit
3225 984 3365 1039 illum
3388 992 3562 1057 gratias
3582 1008 3679 1063 age-

2165 1070 2245 1120 re,
2276 1073 2381 1112 non
2409 1060 2544 1116 ultra
2596 1063 2764 1132 ipsum
2807 1070 3020 1137 aggredi
3050 1086 3209 1128 ausus
3235 1084 3342 1143 est;
3390 1080 3475 1134 sed
3502 1060 3698 1152 turpi'etl

2165 1144 2513 1215 ignominiosa
2530 1152 2679 1209 clade
2699 1155 3004 1227 profligatus
3024 1162 3297 1231 abscessit,
3311 1182 3423 1222 cum
3446 1171 3526 1226 Dei
3540 1144 3698 1233 at'hle-i

2165 1234 2271 1289 tam
2320 1238 2659 1296 illustriorem
2707 1247 3043 1305 reddidisset.
3099 1253 3223 1308 [lare
3247 1256 3399 1327 igitur
3439 1266 3680 1318 cumscia-

2162 1338 2302 1392 mus,
2335 1344 2497 1383 unum
2526 1331 2798 1390 dumtaxat
2834 1347 3161 1409 metuamus,
3196 1356 3457 1414 peccatum
3480 1366 3680 1423 nempe:

2163 1423 2356 1472 caztera
2382 1434 2510 1475 vero
2533 1432 2751 1479 strenue
2777 1428 3083 1499 toleremus,
3131 1434 3247 1489 sive
3274 1440 3587 1505 pecuniarum
3620 1444 3684 1514 ja-

2164 1517 2389 1576 cturam,
2419 1512 2530 1568 sive
2552 1519 2790 1585 corporis
2809 1523 3199 1592 :egritudinem,
3230 1528 3341 1583 sive
3366 1512 3682 1601 calamitates,

2160 1598 2274 1654 sive
2301 1600 2493 1657 damna
2517 1613 2571 1660 et
2594 1608 2988 1677 sycophantias,
3011 1613 3124 1669 sive
3151 1616 3293 1671 aliud
3322 1619 3567 1689 quidpiam
3591 1598 3683 1678 ηιοέ

2163 1688 2353 1744 festum
2396 1691 2674 1750 inferatur.
2719 1697 2845 1753 Haec
2868 1702 3063 1772 quippe
3088 1713 3274 1759 natura
3304 1721 3392 1761 sua
3423 1688 3518 1765 non
3545 1713 3684 1766 solum

2160 1796 2257 1836 nos
2275 1782 2594 1841 detrimento
2612 1789 2820 1847 afﬁcere
2833 1798 3150 1863 nequeunt‘,
3166 1798 3257 1853 sed
3283 1802 3432 1855 etiam
3446 1802 3688 1859 admodum

2152 1870 2430 1941 juvabunt,
2461 1876 2584 1931 dum
2614 1882 2810 1949 gratias
2844 1885 3048 1954 agendo
3075 1886 3306 1945 feramus
3326 1931 3340 1954 ,
3373 1893 3688 1963 majoremque

2158 1964 2312 2020 nobis
2354 1966 2578 2023 afferent
2605 1973 2924 2029 mercedem.
2968 1976 3125 2033 Vides
3159 1982 3358 2051 quippe
3397 1984 3552 2053 ipsum
3579 1984 3688 2048 Job,

2158 2066 2433 2128 postquam
2464 2063 2728 2129 patientia:
2768 2075 2823 2121 et
2859 2067 3067 2123 virtutis
3093 2085 3294 2127 corona
3324 2075 3580 2130 redimitus
3602 2086 3686 2141 est,

2156 2164 2217 2203 ea
2246 2165 2364 2219 quae
2390 2154 2639 2209 amiserat
2666 2156 2824 2228 dupla
2855 2162 3141 2231 recepisse.
3168 2164 3247 2218 Tu
3277 2181 3400 2221 vero
3419 2182 3515 2222 non
3538 2168 3688 2236 dupla.

2154 2251 2241 2294 aut
2262 2242 2509 2314 triplicia,
2539 2245 2633 2301 sed
2659 2250 2906 2320 centupla
2930 2254 3105 2308 omnia
3132 2256 3378 2325 recipies,
3405 2258 3445 2312 si
3465 2272 3690 2327 generose

2158 2329 2325 2396 feras,
2366 2341 2419 2387 et
2469 2334 2627 2390 vitam
2660 2349 2911 2394 :eternam
2964 2342 3017 2396 in
3070 2343 3431 2401 hereditatem
3478 2349 3690 2417 accipies,

2154 2436 2310 2490 quam
2363 2425 2563 2481 utinam
2610 2442 2797 2485 omnes
2834 2446 3257 2504 consequamur,
3292 2440 3453 2508 gratia
3478 2449 3529 2495 et
3570 2441 3692 2493 beni-

2153 2515 2353 2583 gnitate
2384 2517 2593 2573 Domini
2622 2522 2790 2577 nostri
2818 2522 2942 2579 Jesu
2971 2523 3168 2580 Christi
3188 2568 3204 2593 ,
3235 2529 3324 2582 cui
3348 2528 3505 2600 gloria
3540 2540 3588 2583 et
3611 2531 3692 2583 im-

2152 2610 2358 2677 perium
2403 2626 2545 2667 nunc
2588 2623 2641 2669 et
2667 2629 2898 2686 semper,
2940 2623 2996 2672 et
3034 2617 3086 2672 in
3129 2620 3325 2674 szecula
3367 2621 3691 2686 saeculorum,

2153 2699 2345 2757 Amen.

2213 2868 2229 2895 ¹
2258 2864 2549 2941 Prqverbts,
2581 2867 2679 2915 sive
2699 2865 2853 2941 aliud
2887 2867 3133 2941 quidpiam
3176 2870 3436 2941 ntalfstmn.
3464 2870 3694 2941 inti-ratur,

2146 2924 2248 3001 duo
2260 2927 2448 2976 codices
2470 2924 2648 2998 ferunt,
2668 2927 2764 2977 sive
2786 2924 2921 2978 aliud
2939 2924 3180 3001 quoddam
3203 2924 3697 3001 infortunium'jngruut

2148 2986 2289 3037 wbis.
2316 2997 2494 3037 Horum
2516 2988 2641 3039 enim
2669 2996 2842 3039 natura
2862 2986 2962 3040 noti
2976 2990 3127 3040 solum
3144 2986 3276 3044 vobis
3299 3006 3389 3043 non
3410 2986 3598 3050 nocebit,"
3616 2998 3695 3040 etc.

3523 3112 3697 3128 -α--σα

1122 3162 1339 3269 DE
1390 3168 1579 3301 ΙΝ
1579 3175 3052 3295 COMPREHENSIBILI
3062 3268 3094 3308 ,

1787 3398 2031 3446 CONTRA
2070 3403 2395 3451 ANOHOEOS
2405 3432 2420 3448 .

1740 3519 2456 3566 σπππΠη-σπδ-σππ-σπιιδ

995 3642 1209 3683 uomuit
1245 3646 1460 3695 penu.

539 3774 592 3828 1.
632 3776 729 3844 Qui
758 3780 1013 3849 prolixius
1039 3798 1404 3855 argumentum
1426 3830 1440 3853 ,
1470 3791 1754 3864 multisque
1779 3800 2045 3854 sermoni-

460 3848 566 3920 bus
593 3848 1124 3939 egensiaggressurus
1143 3885 1243 3941 est,
1276 3878 1417 3947 quod
1452 3895 1556 3935 non
1579 3898 1684 3937 uno
1710 3884 1914 3943 duobus
1945 3891 2042 3943 tri-

466 3955 632 4012 busve
671 3958 764 4013 sed
813 3960 965 4031 longe
996 3963 1233 4033 pluribus
1283 3968 1472 4026 diebus
1515 3965 1791 4032 absolvere
1838 3982 2039 4050 possit,

465 4044 588 4102 huic
614 4050 864 4119 expedire
899 4062 1027 4122 puto
1048 4095 1063 4119 ,
1097 4066 1154 4110 ut
1182 4073 1286 4114 non
1316 4068 1479 4116 totam
1528 4064 1807 4122 confertim
1836 4044 2042 4126 doctri;

465 4151 587 4192 nam
615 4139 667 4194 in
689 4141 984 4197 auditorum
1010 4145 1219 4201 animos
1246 4150 1499 4217 effundat,
1529 4153 1625 4209 sed
1648 4165 1703 4210 ut
1734 4166 1897 4214 totum
1920 4161 2040 4230 plu-

462 4243 550 4282 res
575 4229 627 4282 in
652 4240 827 4300 partes
867 4233 1170 4304 dividendo,
1203 4238 1298 4295 hac
1337 4240 1707 4303 distributione
1734 4248 1900 4305 levius
1921 4229 2042 4306 red-

461 4316 552 4371 dat
571 4321 826 4376 orationis
852 4338 1005 4378 onus.
1054 4324 1185 4381 Nam
1219 4327 1414 4400 lingua,
1446 4316 1676 4399 auditus,
1708 4346 1762 4391 et
1786 4353 2035 4395 sensuum

463 4417 768 4465 nostrorum
794 4414 1005 4482 singuli,
1039 4418 1276 4486 modum,
1321 4424 1529 4493 regulas
1558 4429 1913 4500 terminosque
1938 4431 2035 4485 lia-

462 4495 617 4563 bent,
662 4496 866 4568 quos'si
895 4506 1012 4573 quis
1052 4510 1343 4579 transgredi
1367 4513 1533 4579 velit,
1563 4531 1593 4568 a
1626 4495 1889 4585 praesente
1936 4522 2037 4577 sibi

464 4590 707 4648 facultate
741 4594 1003 4667 dejicitur.
1048 4599 1181 4667 Quid
1208 4604 1384 4671 enim,
1430 4621 1626 4675 quzeso,
1654 4609 1770 4666 luce
1794 4611 2039 4667 dulcius?

463 4682 600 4749 Quid
641 4684 790 4739 radio
825 4686 1156 4756 jucundius?
1202 4694 1447 4750 Attamen
1501 4697 1614 4754 haec
1642 4702 1892 4771 suavitas,
1919 4703 2038 4761 hzec

462 4775 739 4844 voluptas,
768 4778 811 4831 si
857 4779 990 4833 ultra
1035 4782 1248 4836 modum
1279 4784 1330 4838 in
1367 4786 1535 4842 oculis
1562 4800 1821 4856 versetur,
1863 4796 2037 4863 gravis

460 4866 788 4938 ntolestaque
839 4870 1084 4925 efficitur.
1130 4873 1484 4941 Quamobrem
1534 4879 1670 4933 Deus
1695 4881 1798 4936 diei
1828 4895 2033 4940 noctem

458 4961 745 5017 succedere
788 4964 971 5033 voluit,
1001 4976 1055 5020 ut
1087 4967 1327 5038 fatigatos
1355 4970 1536 5026 oculos
1561 4972 1805 5029 demissis
1847 4977 2032 5047 palpe-

460 5050 569 5105 bris
597 5053 849 5122 operiret,
908 5058 1132 5126 pupillas
1182 5060 1414 5129 sopirrt,
1461 5062 1897 5136 laborantemque
1926 5070 2032 5125 vim

455 5143 732 5199 oculorum
758 5147 919 5216 quieti
957 5148 1128 5212 daret,
1167 5149 1219 5205 et
1262 5152 1327 5206 ad
1358 5157 1629 5224 sequentis
1665 5158 1768 5212 diei
1802 5158 2032 5216 officium

454 5234 711 5302 aptiorem
759 5238 1024 5294 redderet.
1078 5239 1199 5296 ideo
1243 5243 1416 5313 vigilia
1464 5253 1517 5299 et
1545 5260 1764 5301 somnus
1815 5249 2034 5306 iuterse

372 5356 389 5371 κ
455 5327 717 5380 contraria
760 5344 824 5383 ex
856 5332 1129 5385 moderato
1156 5347 1251 5387 usn
1282 5336 1864 5406 paremjucunditatem
1903 5339 2033 5396 afre-

456 5423 599 5481 runt,
629 5431 852 5487 eumque
876 5421 1044 5475 lucem
1064 5436 1277 5478 suavem
1301 5440 1569 5490 vocemus,
1592 5443 1807 5483 suavem
1832 5432 2034 5499 pariter

455 5519 705 5564 vocamus
733 5525 977 5569 somnum
1022 5515 1109 5584 qui
1142 5531 1239 5573 nos
1267 5516 1478 5573 abducit
1505 5534 1533 5573 a
1562 5520 1697 5577 luce.
1730 5522 1804 5577 ita
1834 5523 2027 5579 inuno-

456 5596 670 5653 deratus
693 5616 818 5656 usus
848 5603 1039 5674 ubique
1063 5608 1238 5676 gravis
1268 5608 1624 5681 molestusque
1644 5623 1745 5678 est,
1777 5615 2023 5671 modera-

456 5696 539 5743 tus
560 5698 743 5746 contra
764 5690 954 5761 dulcis,
982 5695 1123 5753 utilis
1143 5711 1196 5755 et
1223 5700 1418 5754 suavis.
1445 5699 1644 5760 Idcirco
1668 5718 1761 5761 nos
1785 5716 2025 5777 quartam

2150 3649 2452 3718 quintamve
2478 3649 2617 3705 diem
2640 3650 2907 3716 emensi‘,
2936 3665 3001 3707 ex
3027 3666 3133 3722 quo
3163 3651 3231 3708 de
3274 3650 3701 3722 incomprehensi-

2151 3739 2243 3793 bili
2271 3755 2427 3809 agere
2454 3740 2711 3810 coepimus
2730 3783 2746 3806 ,
2790 3755 2857 3795 ne
2896 3741 3108 3811 quidem
3131 3741 3295 3799 hodie
3319 3742 3703 3812 disputationem

2149 3829 2428 3885 absolvere
2470 3830 2879 3899 destinavimus,
2918 3831 3011 3887 sed
3038 3841 3321 3903 postquam
3361 3849 3424 3889 ea
3453 3849 3565 3902 qua:
3593 3830 3704 3886 satis

2148 3920 2254 3975 sint
2269 3930 2456 3976 vestra:
2478 3920 2683 3976 caritati
2700 3921 3128 3991 disseruerimus,
3144 3938 3335 3980 rursus
3354 3923 3517 3980 menti
3536 3930 3707 3975 vesti-te
3792 4006 3796 4011 ι

2149 4011 2385 4066 inducias
2403 4010 2533 4067 dare
2559 4010 2917 4067 decrevimus.
2949 4011 3174 4068 Ubinam
3200 4027 3336 4084 ergo
3356 4027 3526 4084 nuper
3546 4011 3708 4079 dispu-

2148 4102 2291 4158 tandi
2321 4101 2479 4157 finem
2508 4102 2760 4158 fecimus?
2804 4101 2934 4157 Nam
2961 4101 3085 4158 inde
3106 4118 3417 4160 sermonem
3457 4113 3709 4158 resumere

2146 4192 2431 4262 convenit,
2454 4207 2558 4248 una
2587 4192 2844 4262 siquidem
2893 4201 2975 4247 est
3003 4192 3257 4249 doctrinae
3287 4195 3479 4250 series.
3504 4190 3708 4246 Diceba-

2144 4254 2262 4339 mus
2292 4294 2418 4340 tunc
2443 4284 2558 4341 hare
2583 4300 2700 4341 esse
2725 4285 2814 4341 filii
2839 4286 3051 4340 tonitrui
3076 4286 3258 4352 verba,
3292 4279 3461 4341 Deum
3489 4299 3626 4339 nenia
3650 4281 3709 4334 rio

2144 4375 2217 4429 dit
2252 4391 2487 4445 umquam
2514 4392 2533 4430 :
2565 4374 2865 4446 Unfgenitus
2894 4374 2939 4428 F
2939 4375 3075 4442 ilius,
3099 4377 3183 4445 qui
3208 4387 3285 4431 est
3308 4377 3363 4430 in
3388 4377 3504 4470 sint:
3530 4372 3707 4470 Ραινίξο

2143 4468 2250 4536 ipse
2279 4468 2506 4536 exposuit
2534 4467 2709 4537 (Joan.
2746 4457 2790 4520 ιζ
2841 4466 2951 4534 i8).
2979 4465 3148 4521 Hodie
3174 4483 3282 4535 quo
3313 4467 3436 4520 loco
3460 4465 3579 4560 ipse
3603 4460 3712 4560 uni-

2141 4557 2349 4627 genitus
2375 4556 2542 4611 Filius
2583 4556 2886 4626 exposuerit
2918 4555 3099 4611 dicere
3121 4570 3302 4624 Opera:
3332 4556 3563 4624 pretium
3601 4555 3693 4604 erit

2143 4646 2442 4717 Respondit,
2472 4646 2671 4717 inquit,
2702 4646 2901 4700 Iudaeis
2929 4656 2974 4700 et
2999 4645 3134 4699 dixit
3163 4662 3181 4699 :
3223 4644 3350 4699 Non
3376 4645 3498 4715 quia
3524 4641 3711 4721 Patrem

2141 4738 2259 4790 vidit
2285 4739 2565 4807 quicquam,
2590 4737 2689 4790 nisi
2709 4737 2771 4803 is,
2802 4735 2978 4805 quiest
3006 4752 3067 4789 ea:
3093 4734 3231 4799 Deo;
3259 4736 3346 4789 hic
3371 4735 3497 4789 vidit
3518 4731 3711 4786 Patrem

2141 4829 2251 4901 (Id.
2275 4829 2328 4884 6.
2355 4829 2424 4885 46
2447 4830 2500 4898 ).
2551 4829 2815 4883 Visionem
2846 4828 2933 4883 hic
2959 4844 3140 4884 rursus
3159 4827 3530 4898 cognitionem
3550 4820 3714 4895 appel-

2142 4920 2214 4975 lat
2244 4936 2258 4973 :
2291 4936 2391 4976 nec
2414 4920 2721 4988 simpliciter
2747 4919 2900 4984 dixit,
2953 4917 3118 4972 Nemo
3146 4919 3269 4972 vidit
3318 4918 3552 4981 Patrem,
3586 4920 3714 4983 post-

2139 5027 2306 5081 eaque
2329 5011 2510 5076 tacuit,
2541 5026 2604 5064 ne
2631 5010 2747 5078 quis
2782 5009 2849 5064 de
2878 5008 3179 5063 hominibus
3218 5019 3433 5062 tantum
3464 5007 3577 5060 haec
3601 5014 3710 5057 eum

2137 5103 2333 5157 dixisse
2363 5110 2595 5171 putaret;
2639 5099 2733 5154 sed
2770 5114 2889 5154 cum
2918 5098 3199 5154 ostendere
3224 5098 3392 5153 vellet
3427 5110 3599 5166 neque
3622 5107 3709 5145 an-

2136 5198 2304 5269 gelos,
2336 5213 2510 5270 neque
2557 5196 2921 5269 archangelos,
2974 5210 3145 5264 neque
3200 5207 3471 5263 supernas
3508 5191 3710 5245 virtutes

2200 5351 2217 5381 ¹
2254 5335 2366 5399 Cum
2409 5349 2523 5400 dicit
2559 5349 2917 5413 chrysostomus
2955 5361 3012 5399 se
3043 5348 3142 5413 jam
3175 5354 3399 5413 quartam
3445 5346 3710 5413 quintantve

2202 5363 2217 5381 ⁸
2254 5363 2366 5399 ωσι
2409 5363 2523 5400 (11011.
2559 5363 2917 5413 cnrysoswmus
2955 5363 3012 5399 se
3043 5363 3142 5457 {itm
3175 5363 3399 5419 quartam
3445 5363 3710 5407 qutntatuw

2132 5410 2266 5460 diem
2286 5423 2458 5473 agere.
2483 5424 2545 5461 ex
2586 5425 2684 5474 quo
2703 5412 2768 5461 de
2806 5417 3050 5509 incompre
3087 5407 3277 5481 enstbth
3302 5418 3591 5509 s'i‘rmoaettt
3622 5411 3711 5509 0:9-

2135 5484 2254 5509 νμιορ
2277 5480 2489 5509 multme
2510 5506 2521 5509 _
2547 5485 2665 5509 Μινρ
2700 5478 2843 5509 ηιιιρς
2885 5485 2934 5509 ιη
2984 5484 3056 5509 nm
3088 5482 3303 5509 nnmmm
3329 5483 3344 5509 ι
3367 5481 3527 5509 ternm
3569 5480 3606 5509 st
3622 5476 3648 5509 a
3671 5473 3711 5508 l0

2135 5484 2254 5521 vere
2277 5468 2524 5533 crispent,
2547 5468 2666 5523 cave
2700 5478 2843 5536 putes
2885 5473 2935 5520 in
2965 5468 3056 5521 hoc
3088 5472 3303 5542 quinque
3329 5468 3527 5517 dierum
3569 5468 3681 5534 sgati

2135 5536 2279 5569 ntinm
2317 5535 2513 5569 nrimam
2556 5537 2836 5569 nnnninnnm
2873 5531 3237 5569 mmnrnlmndr
3284 5528 3486 5569 mmmln
3528 5523 3680 5569 ηιιιάει

2135 5536 2280 5583 etiam
2317 5528 2518 5594 primam
2556 5528 2837 5604 concionem
2873 5528 3242 5604 comprehendi}
3284 5528 3486 5604 ii“???
3524 5528 3709 5604 9153352

2133 5597 2260 5644 ίηιθι*
2283 5592 2478 5654 primam
2516 5602 2569 5644 et
2610 5595 2870 5647 secundam
2910 5592 3104 5656 longum
3140 5592 3481 5651 interpositum
3519 5592 3710 5673 spatium

2133 5656 2282 5696 fnigm
2314 5655 2488 5696 indicat
2523 5656 2606 5696 ille
2630 5658 2765 5696 initio
2798 5655 3041 5696 mmmdm-
3064 5653 3156 5696 Sed
3178 5666 3207 5696 ει
3242 5650 3466 5696 secunda
3490 5647 3613 5696 haud
3632 5645 3703 5696 δυ’

2131 5647 2295 5724 fuisse
2314 5655 2489 5706 indicat
2523 5656 2607 5705 ille
2630 5658 2765 5724 initio
2798 5647 3041 5724 secundae.
3064 5653 3156 5703 sed
3178 5647 3466 5724 aJs'ecuuda
3488 5647 3613 5724 haud
3632 5647 3703 5696 δυο

2131 5719 2231 5778 bie,
2249 5717 2340 5768 hoc
2359 5728 2562 5782 quatuor
2587 5716 2664 5769 vel
2681 5715 2895 5782 quiaque
2917 5717 3104 5768 dierum
3126 5715 3330 5779 spatium
3354 5712 3541 5775 Incipit.
