3980 6184
178 196 263 249 737
1068 204 1156 260 DE
1196 201 1871 259 INCOMPREHENSIBILI
1920 201 2028 256 DEI
2060 200 2363 258 NATURA.
2401 199 2465 258 V.

170 332 276 373 sum
305 314 489 371 videre
518 330 710 386 posse,
744 315 795 372 id
824 315 1186 371 additamenta
1227 315 1317 369 illo
1358 316 1530 385 palam
1570 314 1736 370 fecit:

162 423 273 462 cum
300 407 446 461 enim
477 408 701 463 dixisset
724 450 740 468 .
773 406 977 461 Patrem
1008 423 1152 460 nemo
1175 406 1297 460 uidit
1321 423 1579 477 umquam,
1611 407 1744 462 sub-

165 501 342 563 iunxit,
401 499 522 553 Nisi
567 501 611 554 is
662 499 749 569 qui
781 508 861 551 est
894 515 957 554 ea:
995 498 1141 562 Deo;
1170 499 1252 551 hic
1275 499 1400 553 vidit
1427 498 1657 553 Patrem.
1687 497 1743 554 Si

164 591 292 645 enim
322 589 638 660 simpliciter
663 588 905 655 dixisset,
933 605 1077 643 nemo
1101 629 1115 654 ,
1145 588 1296 643 multi
1323 603 1389 643 ex
1413 588 1745 643 auditoribus

164 680 209 735 id
251 680 318 735 de
366 691 558 734 natura
602 689 803 734 tantum
834 690 1015 735 nostra
1044 680 1244 735 dictum
1275 690 1588 750 putassent:
1631 682 1741 749 jam

162 785 298 835 vero,
326 784 451 824 cum
476 780 755 840 postquam
783 770 1012 836 dixerat,
1036 787 1200 835 nemo,
1223 770 1405 836 addat,
1434 771 1530 824 nisi
1552 769 1739 837 Filius,

162 857 255 913 hoc
268 859 527 928 unigeniti
554 859 915 914 additamenta
932 875 1148 914 omnem
1173 870 1471 916 creaturam
1494 861 1740 915 exclusit.

160 949 282 1017 Quid
312 949 653 1018 ergo,diees,
684 949 938 1020 numquid
968 959 1021 1004 et
1045 949 1301 1021 Spiritum
1329 954 1610 1005 sanctum?
1640 951 1744 1009 Ne-

160 1054 439 1109 quaquam,
462 1056 637 1110 neque
665 1041 805 1097 enim
833 1041 922 1095 ille
953 1057 1074 1111 pars
1093 1051 1455 1097 creaturarum
1479 1051 1581 1097 est.
1613 1042 1742 1097 Illud

162 1145 300 1196 vero,
333 1146 487 1184 nemo
507 1171 522 1195 ,
550 1130 616 1184 ad
642 1140 1004 1186 creaturarum
1034 1140 1236 1187 tantum
1277 1133 1560 1188 discrimen
1602 1149 1745 1188 sem-

161 1235 244 1289 per
272 1221 519 1290 ponitur.

216 1309 393 1365 Filius
436 1320 486 1365 et
531 1309 756 1382 Spiritus
804 1310 869 1366 S.
906 1311 1114 1366 Patrem
1158 1315 1376 1385 perfecte
1413 1320 1642 1366 noscunt.
1670 1341 1744 1352 —

157 1399 254 1455 Nec
293 1402 343 1455 si
391 1400 461 1456 de
503 1402 661 1457 Patre
687 1401 915 1467 dicatur,
951 1401 1140 1457 Filium
1167 1402 1401 1457 excludit
1424 1444 1440 1468 ,
1474 1417 1571 1457 nec
1601 1402 1644 1457 si
1674 1402 1743 1457 de

153 1490 279 1546 Filia
297 1531 317 1558 ,
364 1489 624 1561 Spiritum
663 1501 925 1547 sanctum.
949 1490 1021 1548 Ut
1048 1501 1226 1548 autem
1253 1493 1339 1547 vel
1362 1492 1484 1546 inde
1513 1489 1744 1547 deman-‘

154 1592 313 1638 strem
364 1582 527 1647 illud,
558 1599 739 1648 nemo,
781 1599 886 1638 non
932 1582 1001 1637 ad
1028 1583 1258 1654 Spiritus
1300 1583 1507 1649 sancti,
1538 1582 1632 1637 sed
1672 1582 1741 1637 ad

152 1682 414 1728 creaturae
452 1673 814 1729 exelusionem
843 1673 1041 1728 dictum
1084 1688 1239 1741 esse,
1288 1674 1357 1729 de
1393 1673 1579 1729 eadem
1628 1673 1740 1744 ipsa

154 1766 479 1834 cognitione,
530 1779 689 1834 quam
735 1765 902 1819 solius
945 1764 1063 1819 Filii
1102 1779 1222 1819 esse
1270 1764 1432 1831 dicit,
1466 1764 1741 1819 audiamus

155 1856 268 1924 quid
314 1870 454 1910 voce
477 1896 493 1921 ,
534 1855 701 1920 novit,
737 1854 972 1911 adhibita
1008 1856 1203 1911 Paulus
1230 1855 1522 1912 Corinthiis
1558 1855 1735 1911 dicat:

155 1944 268 2009 Quis
288 1944 431 1998 enim
457 1946 620 1999 novit‘
638 1960 750 2014 qua:
767 1954 883 1999 sunt
904 1945 1142 2013 hominis,
1156 1946 1253 2000 nisi
1274 1946 1481 2017 spiritus
1500 1945 1737 2010 hominis,

153 2035 230 2101 qui
249 2044 325 2089 est
357 2035 415 2088 in
439 2034 548 2105 ipso
566 2034 593 2087 .9
613 2032 698 2088 Ita
721 2045 770 2089 et
797 2050 911 2105 quae
933 2034 1023 2089 Dei
1043 2046 1158 2089 sunt
1178 2036 1348 2090 nullus
1371 2037 1619 2107 cognovit,
1642 2036 1740 2091 nisi

154 2124 379 2194 Spiritus
408 2124 502 2179 Dei
527 2126 603 2197 (1.
634 2124 753 2180 Con.
780 2125 834 2179 2.
869 2127 976 2198 11).
999 2126 1146 2183 Sicut
1183 2127 1340 2196 igitur
1363 2126 1451 2183 hic
1488 2143 1588 2182 vox
1619 2128 1736 2193 illa,

154 2233 315 2281 nemo,
353 2233 464 2271 non
493 2218 728 2272 excludit
756 2217 985 2284 Filium;
1013 2219 1091 2274 sic
1114 2228 1167 2274 et
1195 2234 1316 2274 eum
1342 2219 1407 2274 de
1427 2218 1639 2274 Christo
1661 2221 1740 2274 di-

155 2307 302 2374 citur,
340 2323 452 2362 vox
482 2308 667 2364 eadem
687 2350 702 2375 ,
732 2325 912 2377 nemo,
940 2325 1045 2365 non
1071 2311 1304 2365 excludit
1329 2311 1581 2381 Spiritum
1612 2328 1738 2366 san-

156 2407 306 2452 ctmn.
339 2400 499 2455 Patet
522 2415 652 2470 ergo
678 2417 863 2456 verum
902 2416 1021 2457 esse
1047 2402 1186 2472 quod
1217 2402 1467 2457 diximus.
1504 2402 1560 2457 Si
1595 2403 1735 2457 enim

155 2503 266 2544 cum
307 2490 537 2555 dicitur,
566 2489 731 2545 Nemo
761 2492 894 2546 novit
924 2490 1136 2547 Patrem
1158 2534 1173 2558 ,
1205 2492 1304 2547 nisi
1347 2493 1391 2546 is
1430 2492 1516 2562 qui
1541 2509 1604 2546 ea:
1634 2491 1737 2547 Deo

156 2590 239 2643 est,
266 2579 508 2649 Spiritus
535 2589 751 2637 sanctus
781 2582 1177 2649 excluderetur,
1202 2582 1394 2637 frustra
1423 2581 1618 2637 Paulus
1652 2582 1737 2637 di-

153 2679 291 2725 ceret
308 2713 326 2737 ,
360 2671 511 2726 Sicut
548 2671 709 2728 homo
737 2688 855 2744 quae
879 2682 999 2729 sunt
1025 2689 1118 2729 sua
1141 2675 1304 2742 novit,
1332 2675 1409 2730 sic
1434 2684 1488 2730 et
1509 2674 1737 2745 Spiritus

152 2772 368 2818 sanctus
406 2779 527 2833 quas
561 2773 686 2819 sunt
713 2765 804 2833 Dei
834 2777 1081 2821 accurate
1109 2766 1273 2824 novit.
1296 2765 1498 2821 Eadem
1526 2781 1738 2838 quoque

151 2854 305 2909 modo
334 2870 440 2909 vox
470 2855 580 2922 illa,
610 2872 758 2923 unus,
788 2855 1000 2921 dicitur,
1033 2857 1277 2913 eamdem
1317 2859 1512 2928 quippe
1536 2860 1643 2913 .vim
1681 2868 1736 2915 et

151 2954 469 3013 potestatem
502 2945 676 3001 habet.
710 2946 843 3002 lllud
874 2962 1000 3003 vero
1036 2947 1344 3004 consideres
1375 2950 1530 3003 velim
1549 2991 1563 3013 ,
1594 2948 1737 3006 Unus

153 3034 284 3091 Deus
307 3035 493 3101 Pater,
526 3037 730 3107 inquit,
762 3053 826 3092 ea:
860 3055 959 3109 quo
997 3039 1167 3092 omnia
1194 3054 1213 3093 :
1233 3047 1279 3092 et
1320 3055 1452 3092 unus
1491 3038 1737 3095 Dominus

150 3126 294 3183 Iesus
322 3128 579 3195 Christus,
610 3146 700 3199 per
747 3146 891 3200 quem
920 3131 1088 3185 omnia
1138 3127 1248 3204 (Id.
1294 3131 1346 3186 8.
1379 3129 1457 3201 6).
1506 3130 1637 3185 Nam
1689 3132 1735 3187 si

152 3234 214 3274 eo
238 3219 387 3291 quod
409 3235 547 3276 unus
564 3222 772 3277 dicatur
794 3238 913 3278 esse
935 3223 1073 3279 Deus
1093 3223 1269 3291 Pater,
1293 3223 1460 3279 Filius
1481 3239 1512 3279 a
1538 3223 1736 3281 deitate

152 3313 553 3380 excluderetur;
584 3314 744 3368 etiam
784 3313 926 3384 quod
966 3330 1101 3369 unus
1129 3314 1336 3370 dicatur
1364 3315 1620 3370 Dominus
1649 3315 1736 3370 Fi-

152 3403 284 3468 lius,
316 3405 481 3461 Pater
524 3420 555 3459 a
598 3405 961 3462 dominatione
985 3405 1393 3461 excluderetur:
1422 3408 1563 3476 atqui
1594 3407 1734 3476 quod

151 3496 380 3564 dicatur,
398 3497 549 3555 Unus
571 3498 826 3554 Dominus
851 3498 1008 3555 Jesus
1027 3497 1288 3564 Christus,
1314 3499 1365 3554 id
1395 3499 1603 3556 Patrem
1627 3517 1733 3556 non

149 3587 385 3642 excludit
407 3602 439 3642 a
480 3587 869 3654 dominatione;
892 3604 1019 3659 ergo
1046 3603 1217 3660 neque
1247 3588 1414 3644 Filius
1437 3589 1734 3645 excluditur

150 3692 179 3730 a
208 3678 410 3735 deitate
436 3693 555 3734 cum
575 3679 789 3747 dicitur,
815 3679 979 3735 Deum
1006 3694 1124 3735 esse
1144 3680 1374 3735 Patrem.

213 3766 269 3821 ἱ.
300 3768 455 3835 Quod
478 3769 522 3823 si
550 3769 739 3824 iterum
760 3768 961 3835 dicant,
992 3768 1112 3825 ideo
1138 3769 1346 3824 Patrem
1372 3785 1531 3825 unum
1560 3771 1726 3827 Deum

148 3857 272 3924 diei,
295 3860 440 3931 quod
467 3859 631 3915 Filius
660 3862 781 3916 licet
804 3860 966 3928 Deus,
999 3876 1103 3916 nan
1132 3860 1251 3915 talis
1273 3871 1446 3916 tamen
1473 3861 1614 3916 Deus
1634 3862 1722 3926 sit,

145 3951 321 4019 qualis
342 3950 519 4016 Pater,
539 3966 608 4006 ex
632 3966 817 4007 eorum
842 3950 1273 4007 distinctionibus
1293 3951 1423 4008 illud
1444 3952 1726 4008 dicendum

145 4041 469 4111 relinquitur
494 4043 705 4112 (neque
733 4043 873 4097 enim
900 4058 995 4099 nos
1017 4043 1067 4097 id
1100 4058 1346 4113 umquam
1374 4043 1723 4118 dixerimus),

146 4145 339 4199 nempe
362 4131 489 4186 ideo
514 4129 707 4185 Filium
729 4132 909 4188 vacari
939 4132 1243 4199 Dominum,
1276 4133 1397 4202 quia
1425 4134 1544 4188 licet
1571 4134 1728 4189 Pater

145 4220 215 4273 sit
241 4222 522 4287 Dominus,
547 4237 653 4276 non
684 4230 862 4277 tamen
890 4222 1008 4277 talis
1042 4222 1297 4277 Dominus
1318 4264 1333 4288 ,
1365 4223 1535 4292 qualis
1559 4223 1726 4280 Filius

143 4321 250 4366 est.
293 4313 445 4382 Quod
491 4315 534 4369 si
577 4315 678 4369 hac
718 4315 935 4385 impium
963 4324 1076 4380 est,
1108 4330 1280 4385 neque
1304 4316 1447 4385 prius
1470 4315 1596 4370 illud
1627 4316 1730 4370 diei

146 4408 336 4474 possit.
361 4407 470 4462 Sed
493 4407 938 4478 quemadmodum
966 4408 1116 4475 illud,
1144 4406 1285 4463 Unus
1310 4407 1558 4463 Dominus
1576 4449 1591 4475 ,
1623 4424 1731 4463 non

146 4496 387 4550 excludit
428 4495 641 4552 Patrem
682 4512 713 4551 a
751 4496 979 4566 perfecta
1010 4496 1371 4553 dominatione
1395 4537 1410 4561 ,
1442 4512 1613 4567 neque
1639 4497 1729 4552 uni

148 4593 356 4638 tantum
384 4586 522 4641 Filio
562 4587 708 4640 illam
748 4586 1038 4653 adscribit;
1083 4587 1153 4641 ita
1190 4601 1363 4656 neque
1397 4586 1548 4651 illud,
1586 4584 1732 4641 Unus

139 4672 325 4739 Deus,
351 4676 544 4732 Filium
573 4677 807 4733 excludit
835 4693 862 4731 a
893 4692 1021 4733 vera
1040 4719 1056 4745 ,
1093 4693 1342 4749 germana
1382 4688 1437 4733 et
1477 4678 1683 4734 sincera
1708 4680 1729 4711 '

136 4765 377 4833 deitate,
406 4784 582 4839 neque
608 4769 675 4823 ad
702 4769 914 4824 Patrem
955 4769 1125 4823 solum
1166 4770 1433 4839 pertinere
1474 4770 1727 4826 ostendit.

138 4858 301 4925 Quod
324 4860 469 4915 enim
492 4862 635 4917 Deus
658 4862 726 4917 sit
747 4862 931 4930 Filius,
953 4872 1008 4918 et
1029 4862 1149 4917 talis
1170 4862 1333 4928 Deus,
1356 4865 1528 4934 qualis
1549 4865 1725 4921 Pater.

137 4949 278 5002 dum
304 4958 483 5005 tamen
505 4949 673 5006 Filius
698 4962 875 5007 manet
899 4994 915 5019 ,
945 4968 1009 5008 ex
1041 4951 1157 5023 ipsa
1185 4952 1546 5009 additamenta
1571 4956 1731 5026 liqui~

135 5041 275 5096 dum
308 5052 412 5097 est.
454 5042 588 5097 Nam
618 5044 663 5098 si
695 5043 824 5099 illud
852 5059 1046 5099 nomen
1067 5086 1082 5111 ,
1114 5044 1286 5111 Deus,
1325 5044 1498 5101 Patris
1526 5056 1726 5103 tantum

136 5142 306 5199 esset,
335 5147 514 5203 neque
537 5132 695 5188 aliam
726 5134 880 5190 nobis
916 5133 1229 5207 hypastasin
1265 5134 1566 5206 signiﬁcare
1605 5152 1729 5207 pos-

196 5345 216 5410 3
252 5345 393 5396 savil.
420 5354 473 5397 et
506 5348 713 5410 maxima
737 5360 846 5410 pars
866 5353 993 5410 uss”
1009 5346 1277 5410 _.4udiamus
1299 5346 1426 5410 quod
1456 5344 1723 5410 coruttlnos

135 5403 380 5465 alloquens
405 5408 586 5458 Paulus
613 5403 775 5469 dicit:
797 5408 919 5469 Quid
950 5403 1099 5469 igitur
1116 5403 1392 5466 dicit:o'uis
1415 5408 1543 5458 enim
1570 5408 1730 5460 novit?

137 5468 872 5541 ςκοξοςςῂλαεᾳηριιαίαῃωδ
888 5468 1016 5539 quod
1038 5470 1171 5541 circa
1185 5470 1409 5541 uerbum,
1433 5469 1581 5534 nouit,
1608 5480 1736 5522 Pau-

141 5526 484 5593 lus‘cwintlsiis
653 5544 671 5583 :
695 5530 806 5593 ouis
827 5526 955 5580 enim
974 5530 1133 5593 novit?
1148 5540 1243 5582 etc.

205 5588 231 5620 ί
264 5595 424 5656 voces,
446 5598 493 5644 et
515 5588 732 5659 sincera,
755 5592 934 5642 desunt
955 5593 1005 5642 in
1026 5592 1244 5658 plurimis
1265 5595 1390 5648 aliis.

3330 205 3432 261 7'58

1848 320 1955 381 set,
1982 313 2084 368 nisi
2109 313 2253 369 illam
2280 315 2454 370 solum
2481 314 2768 385 ingenitam
2792 325 2846 372 et
2871 316 3132 386 primam;
3158 324 3339 387 utpote
3360 318 3435 373 illi

1847 407 1947 461 sali
1990 408 2265 477 proprium
2312 415 2366 461 et
2407 407 2522 477 ejus
2561 408 2991 478 signiﬁcativum,
3024 406 3197 464 Patris
3226 411 3435 463 addita-

1849 508 2089 553 mentum
2120 497 2385 568 superﬂue
2406 498 2630 567 jaceret.
2660 500 2803 554 Satis
2833 501 2976 555 enim
3019 511 3165 555 esset
3200 500 3399 555 dixisse
3419 544 3433 565 ,

1852 585 1996 643 Unus
2020 587 2154 642 Deus
2173 630 2187 653 ,
2216 597 2273 643 ut
2298 588 2365 644 de
2394 605 2501 660 quo
2526 588 2802 646 diceretur
2844 591 3263 661 intelligeremus
3296 609 3308 644 :
3342 592 3435 645 sed

1848 677 1969 746 quia
2000 678 2127 732 illud
2155 694 2371 745 nomen,
2405 680 2564 744 Deus,
2602 695 2886 735 commune
2916 690 3001 735 est
3025 681 3163 735 Patri
3192 691 3245 735 et
3268 681 3431 745 Filio,

1847 780 1902 824 et
1944 786 2066 825 cum
2112 771 2307 825 Paulus
2351 772 2571 837 dicens,
2618 771 2760 828 Unus
2795 772 2954 840 Deus,
2983 788 3090 828 non
3112 774 3437 843 signiﬁcaret

1846 862 1914 917 de
1943 878 2047 932 quo
2078 863 2357 933 loquatur;
2388 864 2509 918 ideo
2542 865 2712 919 Patris
2746 865 3109 920 additamenta
3147 881 3276 921 usus
3321 876 3431 931 est,

1848 962 1905 1007 ut
1934 953 2193 1007 iudicaret
2218 969 2277 1008 se
2301 955 2367 1008 de
2394 955 2562 1023 prima
2591 964 2644 1009 et
2685 955 2917 1025 ingenita
2950 955 3222 1027 hypostasi
3253 956 3430 1024 loqui,

1847 1044 1991 1114 quod
2020 1045 2192 1098 solum
2224 1045 2317 1100 Dei
2347 1062 2543 1101 nomen
2572 1048 2739 1116 ipsam
2774 1047 3046 1102 declarare
3077 1064 3180 1101 non
3215 1057 3428 1116 posset:

1846 1137 1967 1206 quia
2009 1137 2140 1191 illud
2166 1152 2452 1193 commune
2481 1138 2549 1193 sit
2578 1139 2737 1193 etiam
2780 1139 2918 1193 Filio
2942 1155 2954 1191 :
2981 1139 3193 1192 nomina
3232 1139 3430 1206 quippe

1845 1229 1947 1281 alia
1975 1237 2099 1282 sunt
2123 1229 2446 1295 communia,
2474 1229 2577 1284 alia
2609 1230 2841 1298 propria.
2866 1228 3179 1284 Communia
3225 1239 3281 1282 ut
3323 1244 3428 1282 non

1845 1316 2062 1373 ditierre
2090 1318 2440 1374 substantiam
2473 1321 2820 1386 ostendatur;
2849 1322 3064 1392 propria
3098 1330 3158 1375 ut
3187 1321 3429 1390 praprie-

1847 1415 1930 1462 tas
1958 1407 2325 1479 hypastasium
2356 1408 2681 1465 declaretur.

1918 1494 2082 1563 Illud,
2110 1497 2247 1552 Deus
2264 1507 2308 1551 et
2334 1498 2481 1564 illud,
2505 1500 2776 1563 Dominus,
2801 1497 2946 1552 Patri
2972 1508 3017 1553 et
3046 1498 3186 1554 Filio
3206 1517 3429 1553 commu-

1845 1588 1952 1641 nia.
1978 1616 2050 1626 —
2075 1588 2203 1642 Illud
2233 1589 2427 1658 itaque,
2455 1589 2614 1643 Pater
2638 1600 2692 1645 et
2724 1591 2908 1655 Filius,
2932 1591 3240 1646 alterutrius
3265 1593 3431 1663 hypo-

1844 1688 2052 1734 staseas
2081 1681 2350 1750 proprium
2383 1690 2497 1746 est;
2522 1681 2646 1751 illud
2673 1698 2798 1736 vero
2825 1724 2840 1747 ,
2868 1683 3007 1738 Deus
3045 1692 3098 1737 et
3140 1683 3426 1748 Dominus,

1843 1783 2127 1824 commune
2152 1782 2253 1826 est.
2291 1771 2423 1838 Quia
2472 1772 2631 1842 igitur
2657 1788 2940 1829 commune
2979 1787 3171 1827 nomen
3216 1773 3427 1842 posuit,

1848 1859 1991 1914 Unus
2020 1859 2179 1928 Deus,
2210 1862 2424 1932 propria
2451 1862 2668 1918 nomine
2707 1878 2843 1933 apns
2880 1863 3079 1928 habuit,
3131 1874 3188 1918 ut
3226 1879 3427 1933 cogno-

1842 1966 2021 2007 sceres
2049 1953 2115 2007 de
2140 1969 2246 2022 quo
2277 1955 2601 2023 loqueretur,
2636 1970 2703 2010 ne
2734 1956 2786 2008 in
2813 1954 3026 2010 Sabellii
3059 1955 3316 2010 insaniam
3345 1956 3427 2009 iu-

1840 2041 2158 2097 cideremus.
2183 2042 2333 2110 Quod
2363 2044 2504 2098 enim
2538 2044 2665 2097 illud
2695 2059 2911 2109 nomen,
2944 2043 3096 2109 Deus,
3130 2043 3300 2112 majus
3322 2059 3425 2098 non

1842 2130 1912 2185 sit
1940 2131 2029 2186 illo
2047 2171 2061 2197 ,
2091 2130 2339 2187 Dominus
2357 2175 2372 2199 ,
2404 2148 2575 2203 neque
2606 2133 2732 2187 illud
2756 2176 2771 2199 ,
2800 2133 3069 2197 Dominus,
3099 2133 3267 2202 majus
3296 2133 3390 2187 illo
3408 2173 3424 2198 ,

1840 2217 1999 2287 Deus,
2030 2220 2152 2276 hinc
2179 2221 2514 2276 manifestum
2545 2231 2645 2278 est.
2672 2222 2727 2275 In
2753 2223 2928 2276 Veteri
2962 2223 3301 2277 Testamenta
3327 2223 3426 2276 Pa-

1842 2319 1926 2366 ter
1957 2298 2260 2382 frequenter
2286 2313 2540 2368 Dominus
2566 2322 2788 2368 vocatur
2818 2331 2831 2367 :
2867 2312 3114 2367 Dominus
3154 2314 3312 2380 Deus,
3340 2314 3425 2368 in-

1841 2403 1975 2471 quit,
2015 2401 2261 2458 Dominus
2289 2421 2417 2458 unus
2456 2412 2527 2458 est
2566 2403 2779 2474 (Exod.
2809 2403 2901 2458 ΞΟ.
2940 2403 3009 2475 2)
3036 2422 3049 2456 :
3081 2419 3144 2459 ac
3186 2418 3423 2469 rursum,

1841 2490 2114 2546 Dominum
2133 2492 2297 2547 Deum
2314 2503 2451 2546 tuum
2473 2494 2728 2559 adorabis,
2753 2504 2796 2547 et
2822 2494 2899 2548 illi
2921 2495 3016 2547 soli
3042 2496 3223 2548 servies
3243 2493 3422 2562 (Deut.

1840 2580 1894 2635 6.
1929 2581 2031 2655 15)
2061 2601 2074 2636 :
2107 2584 2373 2654 itemque,
2402 2583 2625 2656 Magnus
2660 2584 2906 2638 Dominus
2947 2596 3114 2639 noster
3155 2597 3200 2638 et
3243 2603 3427 2655 magna

1840 2673 1998 2727 uirtus
2017 2674 2146 2742 ejus,
2168 2684 2214 2729 et
2233 2676 2493 2745 sapientia:
2513 2676 2621 2747 ejus
2642 2692 2742 2729 non
2763 2686 2832 2731 est
2853 2693 3087 2730 numerus
3105 2676 3272 2745 (Psal.
3298 2677 3420 2732 146.

1841 2765 1897 2836 5)
1926 2782 1939 2819 :
1968 2766 2284 2836 iterumque,
2315 2766 2632 2839 Cognoscant
2656 2769 2776 2839 quia
2819 2784 2998 2822 nomen
3029 2769 3116 2821 tibi
3141 2767 3424 2833 deinus;

1839 2867 1895 2912 tu
1918 2858 2059 2912 solus
2081 2859 2355 2912 altissimus
2385 2860 2435 2913 in
2466 2860 2603 2913 omni
2626 2870 2759 2913 terra
2785 2858 2805 2931 (
2827 2859 2967 2913 Psal.
2996 2860 3085 2915 8'2.
3111 2860 3233 2929 i9).
3267 2861 3424 2929 Atqui

1839 2950 1884 3004 si
1928 2949 2018 3003 illa
2059 2963 2161 3004 vox
2211 2950 2385 3003 minor
2426 2960 2570 3005 esset
2607 2965 2771 3016 vace,
2808 2949 2981 3016 Deus,
3012 2959 3067 3004 et
3092 2950 3303 3020 indigna
3336 2951 3424 3003 illa

1839 3041 2127 3095 substantia
2157 3080 2174 3106 ,
2206 3055 2309 3094 non
2340 3041 2621 3096 dicendum
2652 3051 2767 3096 erat
2788 3082 2803 3107 ,
2843 3040 3157 3112 Cognoscant
3186 3043 3304 3111 quia
3332 3058 3422 3094 no-

1838 3146 1954 3184 men
1995 3130 2083 3184 tibi
2122 3130 2393 3186 Dominus.
2424 3132 2653 3186 Rnrsum
2683 3133 2728 3187 si
2755 3147 2857 3186 vox
2885 3132 3005 3198 illa,
3045 3130 3215 3197 Deus,
3254 3131 3424 3201 major

1838 3230 1981 3276 esset
2025 3221 2115 3276 illa
2138 3264 2153 3289 ,
2180 3220 2460 3286 Dominus,
2491 3232 2545 3277 et
2575 3222 2955 3287 honorabilior,
2997 3236 3102 3277 non
3146 3230 3420 3291 oporteret

1839 3312 2053 3379 Filium,
2085 3314 2374 3369 secundum
2406 3314 2525 3369 illos
2553 3315 2840 3379 minorem,
2872 3314 3089 3368 nomine
3113 3313 3252 3383 quod
3277 3312 3420 3366 Patri

1838 3406 2119 3460 conveniat
2160 3406 2369 3471 vacari,
2399 3406 2659 3476 siquidem
2699 3405 2774 3461 illi
2817 3407 2914 3461 soli
2948 3406 3217 3476 proprium
3254 3415 3421 3460 esset.

1839 3494 1908 3548 At
1933 3510 2037 3549 non
2068 3496 2137 3549 ita
2156 3488 2408 3564 sanares
2430 3511 2488 3552 se
2515 3495 2695 3551 habet.
2718 3496 2901 3567 Neque
2928 3498 3067 3552 enim
3093 3496 3257 3551 Filius
3276 3496 3421 3551 Patri

1838 3584 2081 3651 inferior,
2125 3600 2298 3655 neque
2340 3586 2547 3639 Domini
2594 3601 2790 3640 nomen
2836 3586 3050 3641 nomine
3102 3587 3195 3642 Dei
3240 3586 3417 3641 vilius.

1836 3675 2190 3744 Quamobrem
2218 3676 2364 3730 etde
2406 3676 2560 3731 Patre
2588 3684 2642 3731 et
2676 3676 2743 3730 de
2781 3675 2918 3730 Filio
2958 3675 3420 3730 iudiscriminatim

1838 3765 1922 3820 bis
1949 3766 2396 3835 appellationibus
2436 3766 2599 3821 utitur
2627 3766 2919 3836 Scriptura.
2957 3765 3416 3832 Quemadmodqu

1836 3857 1997 3926 igitur
2019 3856 2245 3912 audistis
2271 3857 2482 3913 Patrem
2507 3858 2787 3912 Dominum
2816 3858 3093 3927 appellari,
3120 3873 3216 3928 age
3239 3867 3420 3913 osten-

1836 3946 2021 4003 damus
2052 3947 2240 4002 Filium
2264 3951 2423 4003 etiam
2448 3949 2612 4003 Deum
2640 3949 2815 4004 vocari
2845 3967 2859 4003 :
2887 3947 3022 4002 Ecce
3044 3949 3184 4018 virgo
3207 3948 3258 4001 in
3279 3957 3421 4002 utero

1838 4038 2053 4104 habebit,
2078 4050 2125 4094 et
2151 4041 2311 4109 pariet
2336 4040 2519 4109 ﬁlium,
2544 4049 2593 4093 et
2617 4039 2861 4094 recubant
2882 4054 3061 4093 nomen
3081 4040 3190 4107 ejus
3207 4036 3418 4090 Emma-

1836 4130 1974 4195 nuel,
2007 4132 2143 4200 quod
2163 4139 2237 4184 est
2264 4132 2662 4200 interpretatum,
2692 4132 2948 4184 nobiscum
2971 4128 3112 4182 Deus
3133 4127 3336 4199 (Hesai.
3357 4128 3410 4181 7.

1838 4219 1925 4273 M.
1957 4218 2141 4272 Matth.
2174 4220 2226 4273 1.
2252 4219 2381 4289 25).
2412 4218 2602 4274 Vidisti
2632 4228 2687 4272 et
2718 4219 2859 4273 Patri
2890 4232 3081 4272 nomen
3113 4216 3238 4270 illud
3260 4257 3274 4280 ,
3309 4215 3420 4270 Do-

1836 4313 2034 4381 minus,
2063 4324 2117 4369 et
2152 4313 2293 4368 Filio
2327 4326 2520 4367 nomen
2548 4311 2676 4366 illud
2714 4309 2854 4365 Dens
2877 4310 3127 4365 adscribi.
3156 4310 3421 4377 Quemad-

1838 4405 2053 4460 modum
2084 4405 2224 4460 enim
2249 4403 2356 4461 illic
2374 4404 2448 4457 ait
2471 4420 2484 4456 :
2512 4401 2824 4472 Cognoscant
2849 4402 2968 4472 quia
2994 4418 3174 4455 nomen
3198 4400 3285 4454 tibi
3303 4399 3417 4456 Do-

1837 4497 2002 4552 minus
2024 4495 2196 4567 (Psal.
2225 4494 2315 4550 82.
2348 4493 2470 4563 l9);
2503 4493 2580 4548 sic
2606 4502 2659 4548 et
2687 4492 2790 4547 hoc
2833 4493 2951 4547 loco
2975 4492 3124 4554 dicit,
3162 4491 3417 4547 Vocabunt

1838 4604 2019 4641 nomen
2048 4588 2156 4658 ejus
2185 4585 2523 4650 Emmanuel;
2548 4599 2609 4638 ac
2634 4600 2867 4650 rursum,
2896 4581 3030 4636 Puer
3052 4594 3199 4657 natus
3220 4596 3292 4637 est
3321 4600 3419 4637 no-

1836 4678 1930 4744 bis,
1960 4686 2008 4731 et
2034 4678 2173 4746 ﬁlius
2203 4676 2350 4729 datus
2388 4684 2459 4730 est
2502 4675 2644 4728 nobis
2662 4714 2677 4739 ,
2717 4683 2762 4728 et
2805 4674 3059 4727 vocabitur
3083 4689 3262 4726 nomen
3287 4674 3416 4743 ejus,

1836 4768 2008 4838 magni
2035 4768 2233 4821 consilii
2257 4767 2488 4836 angelus,
2518 4764 2659 4819 Deus
2694 4766 2869 4836 fortis,
2902 4774 3077 4835 potens
3105 4768 3121 4834 (
3148 4762 3327 4816 Hesai.
3359 4764 3413 4817 9.

1838 4856 1916 4928 6).
1947 4854 2324 4912 Animadverte
2353 4856 2481 4911 mihi
2514 4855 2892 4924 prophetarum
2920 4853 3275 4923 prudentiam,
3301 4853 3414 4922 spi-

1837 4950 2190 5020 ritualemque
2218 4950 2553 5019 sapientiam.
2575 4947 2706 5002 Nam
2738 4961 2804 5000 ne
2839 4945 3149 5015 simpliciter
3174 4944 3412 5000 dicentes

1836 5038 2033 5107 Deum,
2056 5039 2123 5095 de
2149 5038 2307 5094 Patre
2338 5038 2483 5107 loqui
2512 5045 2851 5107 putarentur,
2880 5036 3267 5100 meanamiam,
3298 5036 3335 5088 i.
3363 5051 3411 5090 e.

1840 5130 2257 5185 incarnationem
2277 5170 2293 5195 ,
2327 5129 2472 5198 prius
2510 5136 3038 5183 commemorarunt:
3071 5139 3242 5195 neque
3271 5126 3414 5179 enim

1834 5222 1993 5277 Pater
2016 5221 2084 5277 de
2113 5221 2328 5291 Virgine
2360 5229 2516 5274 natus
2545 5228 2628 5275 est
2646 5259 2663 5285 ,
2708 5234 2879 5289 neque
2906 5217 3183 5294 puerfuit.
3213 5217 3419 5273 Rursus

1837 5312 1972 5368 alter
1998 5311 2254 5381 propheta
2280 5311 2358 5367 sic
2383 5310 2450 5366 de
2479 5312 2593 5380 ipso
2623 5310 2855 5380 loquitur
2880 5327 2894 5364 :
2929 5308 3029 5363 Hic
3049 5307 3190 5363 Deus
3218 5315 3416 5371 noster,

1836 5420 1937 5458 non
1960 5402 2287 5457 wstimabitur
2320 5401 2451 5455 alius
2479 5400 2718 5455 adversus
2746 5416 2861 5454 eum
2898 5398 3063 5472 (Bar.
3092 5400 3146 5455 3.
3176 5399 3244 5456 56
3265 5397 3307 5470 ).
3339 5399 3413 5453 De

1836 5508 2066 5565 quanam
2109 5491 2225 5547 btec
2265 5491 2376 5547 ait?
2407 5489 2542 5547 Num
2572 5491 2640 5549 de
2666 5490 2863 5546 Patre?
2888 5478 3250 5561 Nequaquam.
3280 5489 3416 5545 Audi

1835 5585 1977 5641 enim
2005 5599 2109 5656 quo
2138 5591 2292 5655 pacto
2326 5591 2381 5641 et
2422 5582 2535 5654 ipse
2574 5579 2925 5640 oeconomiam
2960 5591 3263 5640 memoret:
3293 5594 3416 5636 cum
