3980 6184
590 252 698 308 739

598 368 739 423 enim
766 362 1007 423 dixisset.
1042 361 1139 416 Ilic
1168 361 1302 416 Deus
1327 370 1513 423 noster.
1546 377 1646 415 non
1686 358 2016 414 testimabitur
2039 357 2173 411 alius

598 457 836 510 adversus
860 471 991 518 eum,
1022 454 1091 507 ita
1120 454 1309 523 pergit,
1340 452 1539 505 invenit
1559 466 1755 504 omnem
1781 448 1910 502 viam
1935 446 2174 513 scientite,

598 556 644 600 et
671 545 807 599 dedit
848 560 957 597 eam
1002 542 1163 597 Iacob
1206 560 1359 615 puero
1400 559 1526 607 suo,
1563 552 1608 596 et
1649 539 1813 595 Israel
1855 539 2036 593 dilecto
2064 554 2176 592 suo.

601 635 729 689 Post
755 635 862 688 hare
887 634 941 687 in
969 633 1115 688 terris
1142 634 1277 688 visus
1303 642 1378 686 est
1401 674 1415 698 ,
1445 642 1492 686 et
1517 628 1631 686 cum
1657 628 1941 685 hominibus
1977 642 2183 683 conver-

599 735 737 781 satus
766 732 837 778 est
867 722 1092 796 (Boruch
1119 721 1270 779 3.57.
1295 720 1626 790 38).Pau|us
1640 734 1769 775 vero
1819 736 1835 775 :
1883 716 1970 772 Ex
2004 718 2184 788 quibus

600 814 828 870 Christus
852 813 1125 867 secundum
1153 828 1392 879 carnem,
1431 812 1517 882 qui
1550 819 1623 864 est
1661 825 1812 879 super
1849 809 2018 862 omnia
2043 806 2185 861 Deus

604 904 889 958 benedictus
912 905 966 958 in
993 900 1214 969 secula,
1244 919 1392 957 amen
1422 903 1440 971 (
1468 903 1620 957 Rom.
1647 900 1700 956 9.
1728 899 1801 973 5)
1826 916 1839 953 :
1866 909 1923 954 et
1950 912 2179 962 rursum,

607 994 783 1047 Omnis
811 994 1107 1063 fornicator,
1152 1001 1243 1046 aut
1283 1007 1466 1046 avarus
1495 1007 1597 1045 non
1637 990 1833 1044 habebit
1860 987 2186 1042 hereditatem

603 1087 655 1139 in
682 1102 835 1157 regno
860 1084 1048 1141 Christi
1071 1094 1119 1138 et
1152 1084 1245 1139 Dei
1270 1086 1288 1155 (
1311 1084 1500 1153 Ephes.
1531 1085 1583 1139 5.
1609 1082 1680 1153 5)
1701 1084 2055 1153 :jterumque,
2084 1076 2188 1132 Per

603 1178 874 1232 adventum
911 1178 1084 1248 magni
1126 1175 1223 1231 Dei
1268 1186 1314 1231 et
1357 1176 1639 1255 salvatoris
1668 1175 1826 1229 nostri
1849 1171 1975 1226 Jesu
2002 1168 2189 1225 Christi

607 1270 626 1337 (
673 1266 781 1322 Tit.
834 1267 889 1322 2.
950 1266 1021 1323 15
1062 1268 1102 1339 ).
1134 1268 1368 1323 Joannes
1394 1282 1605 1337 quoque
1640 1267 1718 1322 sic
1757 1266 1999 1320 nominat
2021 1277 2143 1319 eum
2168 1302 2184 1329 ,

606 1375 725 1413 cum
755 1359 907 1421 dicit,
939 1357 1007 1412 In
1048 1359 1304 1428 principio
1332 1369 1442 1413 erat
1480 1358 1695 1412 Verbum
1715 1399 1728 1422 ,
1757 1366 1804 1412 et
1840 1355 2057 1410 Verbum
2081 1362 2189 1408 erat

606 1449 745 1518 apud
764 1447 949 1515 Deum,
973 1458 1019 1502 et
1044 1447 1184 1503 Deus
1210 1459 1315 1503 erat
1351 1448 1565 1503 Verbum
1593 1447 1768 1519 (Joan.
1802 1447 1855 1501 1.
1881 1445 1957 1518 1).

680 1540 732 1593 5.
761 1538 874 1593 Hoc
904 1538 1093 1605 fateor,
1124 1539 1332 1610 inquies
1355 1581 1370 1607 ,
1398 1539 1493 1594 sed
1520 1518 1645 1594 illud
1682 1537 1903 1593 ostende
1925 1577 1940 1602 ,
1973 1518 2189 1592 ubinam

590 1636 731 1676 cum
761 1622 919 1678 Patre
950 1622 1143 1676 Filium
1174 1623 1522 1693 coniungens,
1551 1622 1832 1677 Dominum
1860 1620 2071 1676 Patrem
2091 1633 2187 1689 ap-

614 1716 793 1784 pellet.
826 1716 935 1785 Ego
955 1732 1083 1770 vero
1114 1731 1219 1769 non
1248 1716 1299 1770 id
1329 1726 1532 1770 tantum
1554 1714 1857 1778 ostendam,
1884 1711 1977 1768 sed
2004 1711 2188 1777 etiam,

611 1810 753 1879 quod
776 1810 1051 1864 Dominum
1074 1810 1305 1876 Patrem,
1333 1818 1387 1864 et
1414 1809 1693 1864 Dominum
1717 1806 1912 1862 Filium
1933 1804 2187 1877 appellet,

612 1901 883 1969 etiamque
912 1900 1120 1954 Patrem
1153 1900 1316 1954 Deum
1345 1908 1398 1955 et
1424 1898 1615 1953 Filium
1645 1898 1833 1963 Deum,
1861 1905 2084 1966 utraque
2113 1893 2191 1949 si-

614 1993 724 2047 mul
755 1992 965 2045 nomina
1001 2005 1225 2061 ponens.
1262 1990 1484 2047 Ubinam
1516 1990 1630 2045 haec
1668 1983 2192 2059 reperiunrturtCum

612 2084 812 2139 Judmis
846 2083 1131 2153 aliquando
1167 2083 1443 2152 disputans
1480 2082 1724 2137 Christus
1751 2080 1862 2134 ait:
1894 2078 2032 2146 Quid
2055 2076 2193 2132 vobis

613 2173 808 2227 videtur
826 2175 889 2227 de
912 2172 1153 2228 Christo?
1179 2171 1335 2239 Cuius
1362 2172 1500 2241 ﬁlius
1527 2171 1637 2226 est?
1668 2169 1859 2224 Dicunt
1885 2169 1930 2223 ei
1956 2184 1977 2223 :
2003 2166 2189 2221 David.

619 2262 751 2317 Dicit
776 2264 846 2317 eis
868 2280 887 2317 :
919 2264 1183 2331 Quomodo
1221 2280 1339 2334 ergo
1368 2263 1535 2317 David
1576 2263 1629 2316 in
1669 2261 1850 2332 spiritu
1897 2267 2041 2313 vocat
2081 2274 2194 2312 eum

619 2354 910 2421 Dontinum,
939 2356 1107 2408 dicens
1126 2369 1145 2408 :
1174 2355 1314 2408 Dixit
1340 2352 1589 2408 Dominus
1618 2351 1836 2405 Domino
1861 2366 1991 2417 meo,
2020 2349 2138 2404 sede
2162 2365 2195 2402 a

615 2445 804 2499 clatris
833 2447 955 2500 meis
986 2445 1207 2517 (Matth.
1251 2444 1343 2498 22.
1383 2444 1453 2499 42
1473 2444 1580 2498 -46
1600 2443 1658 2514 )‘l
1677 2442 1817 2497 Ecce
1856 2440 2114 2496 Dominus
2141 2448 2196 2495 et

620 2538 896 2591 Dominus.
931 2536 1092 2591 Visne
1130 2536 1339 2590 discere
1377 2534 1465 2589 ubi
1490 2534 1704 2590 Patrem
1730 2542 1786 2590 et
1811 2533 2003 2589 Filium
2033 2531 2194 2587 simul

619 2629 815 2697 positos
844 2628 1008 2682 Deum
1034 2635 1088 2681 et
1114 2627 1277 2680 Deum
1307 2626 1499 2681 vocet?
1526 2624 1663 2680 Audi
1689 2624 2002 2695 prophetam
2025 2621 2191 2678 David

616 2729 672 2775 et
698 2719 995 2789 apostolum
1025 2717 1246 2773 Paulum
1276 2717 1377 2771 hoc
1426 2717 1598 2787 ipsum
1631 2715 1785 2771 nobis
1822 2715 2190 2771 declarantes:

620 2809 851 2865 Thronus
876 2820 991 2864 tuus
1012 2808 1149 2863 Deus
1170 2809 1224 2863 in
1248 2808 1491 2889 steculum
1513 2809 1705 2876 seculi,
1726 2809 1867 2879 virga
1886 2807 2191 2873 directionis,

632 2895 780 2965 virga
815 2894 963 2964 regni
994 2895 1090 2947 tui.
1118 2892 1369 2947 Dilexisti
1386 2894 1651 2964 iustitiam
1675 2903 1726 2950 et
1757 2895 1922 2951 odisti
1950 2896 2201 2967 iniquita-

616 2994 717 3038 tem
736 2999 755 3037 :
779 2994 1056 3053 propterea
1080 2985 1229 3039 unxit
1254 2993 1305 3039 te
1324 2984 1489 3050 Deus,
1524 2985 1664 3040 Deus
1687 2994 1829 3051 tuus,
1853 2986 1966 3041 oleo
1991 2986 2197 3041 laetitia

611 3092 724 3147 pra:
741 3077 1070 3132 consortibus
1092 3078 1198 3133 tuis
1220 3078 1397 3145 (Psal.
1414 3077 1576 3147 44.7;
1592 3077 1723 3133 Heb.
1745 3079 1796 3133 1.
1818 3079 1873 3134 8.
1897 3078 1973 3150 9).
1995 3077 2200 3134 Paulus

616 3184 836 3224 rursum
873 3170 976 3225 hoc
992 3170 1365 3225 testimonium
1391 3169 1615 3226 adducit
1634 3171 1721 3228 his
1750 3170 1968 3227 verbis:
1995 3170 2078 3226 Ad
2100 3187 2199 3224 an-

613 3262 755 3331 gelos
778 3261 1177 3332 quidenrdicit:
1200 3262 1305 3328 Qui
1323 3262 1453 3331 facit
1476 3263 1690 3333 angelos
1721 3278 1845 3317 suos
1871 3262 2115 3331 spiritus;
2132 3262 2200 3316 ad

611 3351 819 3407 Filium
836 3362 1039 3407 autem:
1056 3353 1299 3408 Thronus
1319 3363 1463 3421 tuus,
1486 3354 1650 3421 Deus,
1664 3356 1721 3409 in
1739 3354 1993 3410 sarculum
2010 3355 2199 3411 saeculi

613 3442 801 3513 (Hebr.
836 3445 888 3497 1.
936 3445 969 3497 7
999 3445 1119 3514 -9).
1157 3445 1275 3512 Qua
1310 3445 1379 3501 de
1412 3461 1581 3502 causa
1619 3446 1733 3512 hic,
1785 3445 1987 3518 inquit,
2029 3447 2198 3503 Deum

622 3530 839 3587 Patrem
862 3534 1098 3588 vocavit.
1123 3532 1319 3589 Filium
1344 3549 1478 3590 vero
1505 3535 1839 3592 Dominum?

691 3616 849 3671 Pauli
873 3617 1140 3687 prudentia
1174 3619 1227 3672 in
1269 3618 1511 3674 docendo.
1536 3647 1607 3659 -—
1630 3619 1745 3674 Non
1771 3628 1989 3685 temere,
2022 3635 2194 3691 neque

617 3706 813 3761 frustra
841 3707 895 3761 id
926 3707 1027 3762 hoc
1052 3707 1172 3764 loco
1199 3707 1353 3774 fecit;
1383 3708 1479 3763 sed
1519 3709 1643 3779 quia
1689 3708 1944 3765 adversus
1968 3710 2193 3780 gentiles

618 3798 809 3867 agebat
834 3798 1055 3853 deorum
1087 3798 1489 3868 multiplicitatis
1528 3799 1715 3854 morbo
1757 3800 2079 3855 laborantes.
2116 3800 2193 3855 Ne

620 3889 799 3958 itaque
841 3889 937 3958 ipsi
982 3890 1219 3945 dicerent
1249 3907 1265 3945 :
1299 3891 1432 3945 Dum
1464 3905 1561 3945 nos
1589 3890 1801 3946 incusas
1826 3891 1967 3961 quod
1996 3892 2192 3946 multos

615 3980 749 4036 deos
774 3981 1032 4048 dicamus,
1059 3990 1113 4036 et
1140 3982 1333 4036 multos
1356 3981 1620 4047 dominos,
1650 3991 1705 4036 tu
1736 3983 1848 4052 ipse
1873 3981 2058 4036 iisdem
2084 3982 2192 4037 cri-

618 4073 847 4128 minibus
888 4074 1153 4129 obnoxius
1199 4074 1651 4142 deprehenderis,
1701 4073 1827 4129 dum
1871 4074 2037 4141 deos,
2084 4090 2190 4130 non

617 4167 778 4221 deum
818 4165 951 4220 dicis
980 4183 993 4219 :
1028 4165 1149 4221 ideo
1179 4166 1389 4220 illorum
1434 4165 1727 4219 inﬁrmitati
1771 4179 1892 4220 sese
1928 4173 2191 4235 attempe-

615 4273 742 4313 rans
782 4256 1006 4325 Filium,
1037 4258 1143 4312 vim
1188 4257 1427 4312 eamdem
1472 4258 1787 4323 habentem,
1831 4258 1936 4313 alio
1975 4259 2193 4315 nomine

617 4352 843 4405 vocavit.
877 4349 1029 4419 Quod
1055 4360 1230 4406 autem
1255 4349 1381 4405 illud
1411 4352 1481 4405 sit
1510 4367 1714 4417 verum,
1743 4352 1786 4406 si
1818 4351 1991 4407 locum
2032 4352 2192 4406 altius

616 4451 917 4510 mpelamus
963 4444 1106 4498 clare
1148 4444 1482 4513 intelligetis,
1529 4459 1632 4499 non
1678 4459 1747 4499 ex
1790 4453 1966 4498 nostra
1997 4444 2192 4514 quippe

618 4532 921 4600 conjectura
951 4533 1250 4603 loquimur:
1281 4535 1360 4589 De
1378 4536 1439 4588 iis
1460 4545 1656 4603 autem,
1685 4552 1798 4608 qua
1820 4536 1969 4590 idolis
1996 4535 2193 4605 sacri/i-

616 4633 833 4691 cantur,
878 4626 1062 4678 scimus
1097 4626 1332 4694 quoniam
1358 4643 1530 4681 omnes
1582 4628 1841 4682 scientiam
1890 4627 2186 4681 habemus‘.

619 4714 842 4769 Scientia
869 4714 1043 4783 inﬂat,
1074 4716 1259 4769 caritas
1291 4731 1406 4769 vero
1439 4717 1677 4785 aediﬁcat.
1714 4717 1788 4771 De
1828 4718 1953 4772 escis
1980 4727 2146 4771 autem
2168 4756 2187 4784 ,

616 4820 729 4875 qua:
770 4804 922 4859 idolis
954 4806 1326 4873 sacriﬁcantur,
1366 4807 1551 4860 scimus
1580 4809 1814 4875 qttoniam
1841 4808 1968 4879 nihil
1980 4816 2052 4862 est
2077 4809 2193 4862 ido-

617 4898 722 4949 lum
748 4897 799 4948 in
816 4896 1024 4957 mundo,
1047 4906 1092 4949 et
1107 4896 1341 4966 quoniam
1363 4895 1533 4951 nullus
1553 4896 1687 4949 Deus
1708 4897 1806 4951 nisi
1828 4913 1955 4951 unus
1974 4899 2048 4969 (1.
2067 4897 2184 4952 Cor.

617 4987 669 5040 8.
707 4986 757 5040 1.
789 4987 867 5056 4).
905 4985 1063 5042 Vides
1096 5001 1217 5041 eum
1266 4986 1517 5041 adversus
1556 5001 1649 5041 eos
1691 4988 1853 5057 loqui,
1881 4988 1970 5057 qui
2013 4987 2188 5057 plures

613 5078 745 5133 deos
769 5093 891 5133 csse
915 5080 1197 5147 putarent?
1218 5078 1356 5132 Nam
1386 5080 1477 5133 etsi
1502 5089 1618 5134 sunt
1646 5080 1812 5146 multi,
1843 5080 1927 5147 qui
1953 5080 2191 5135 dicuntur

613 5168 705 5234 dii,
754 5179 799 5222 et
844 5169 1035 5223 domini
1060 5170 1223 5232 multi,
1248 5171 1349 5225 sive
1373 5170 1425 5223 in
1454 5172 1602 5235 caelo,
1633 5171 1736 5224 sive
1756 5171 1809 5223 in
1838 5181 1969 5224 terra
2011 5169 2185 5243 (Ibid.

612 5272 661 5312 υ.
701 5256 757 5330 5)
776 5274 792 5325 ;
815 5274 997 5313 rursus
1016 5273 1109 5314 eos
1124 5259 1196 5314 ita
1221 5261 1491 5332 impugnat
1516 5279 1528 5314 :
1556 5260 1623 5315 Ut
1647 5275 1779 5315 certe
1796 5270 1913 5316 sunt
1931 5262 2002 5316 dii
2021 5262 2184 5329 multi,

617 5357 662 5401 et
689 5349 881 5404 domini
908 5352 1092 5417 multi;
1122 5351 1174 5406 id
1204 5361 1306 5418 est,
1332 5352 1421 5424 qui
1455 5353 1534 5408 sic
1555 5352 1826 5420 dicuntur,
1854 5354 1995 5408 nobis
2021 5363 2186 5408 tamen

617 5455 747 5495 unus
768 5441 905 5497 Deus
930 5441 1108 5513 Pater,
1131 5460 1195 5500 ea:
1217 5460 1314 5516 quo
1334 5446 1502 5500 omnia
1524 5461 1544 5500 :
1563 5454 1609 5499 et
1625 5462 1754 5500 unus
1774 5445 2020 5499 Dominus
2037 5443 2070 5498 .1
2075 5460 2187 5500 esus

620 5573 1000 5694 ὴὶαῖτεὲωῗιεε.
1033 5579 1217 5632 habent
1261 5595 1277 5633 :
1311 5580 1361 5633 si
1400 5580 1648 5633 scientiam
1691 5580 1950 5645 habemus,
1981 5583 2179 5634 scicntia

754 5678 768 5702 ἲ

1312 248 1369 304 S.
1408 246 1683 304 JOANNIS
1719 242 2187 302 CllRYSOSTOMl
2228 234 2547 300 A‘llClllEP.
2587 237 3123 297 CONSTANTINOP.

3681 256 3763 312 τω

2288 353 2539 419 Christus,
2568 370 2657 423 per
2683 370 2827 425 quem
2848 353 3041 427 omnia.
3073 351 3195 408 ideo
3225 351 3340 408 illud
3364 355 3517 423 etiam,
3546 377 3669 428 unus,
3692 371 3763 421 ad.

2283 447 2409 515 jecit
2455 461 2521 499 ne
2560 458 2770 500 rursum
2815 444 2890 498 illi
2935 442 3365 512 multiplicitatem
3404 446 3593 504 deorum
3629 454 3762 513 induci

2287 542 2570 605 putarent:
2600 549 2868 604 unumque
2916 534 3082 588 Deum
3122 533 3328 588 Patrem
3373 540 3578 605 vocavit,
3611 559 3692 598 non
3725 560 3766 601 ιιι

2288 626 2504 696 ejiceret
2529 624 2717 681 Filium
2744 640 2774 679 a
2803 623 3001 680 deitate
3032 641 3046 690 ;
3076 624 3212 680 sicut
3231 633 3283 679 et
3311 624 3515 692 Filium,
3540 646 3670 685 unum
3690 633 3765 689 Du-

2288 718 2511 784 minum,
2534 722 2642 771 non
2670 725 2728 772 ut
2753 717 2972 786 ejiceret
2998 716 3206 771 Patrem
3233 730 3262 769 a
3281 716 3617 786 dominatione,
3634 725 3705 777 sed
3728 736 3766 779 ut

2290 810 2500 866 illorum
2531 810 2893 866 inﬁrmitatem
2920 809 3248 873 emendaret,
3272 810 3549 880 nullamque
3573 814 3657 869 illis
3671 831 3762 883 τιτλε

2288 899 2442 955 beret
2478 913 2682 954 ansam.
2724 898 2878 968 Quod
2923 900 3094 970 ipsum
3126 900 3177 953 in
3214 914 3363 954 causa
3391 900 3481 955 fuit
3503 916 3584 956 cur
3605 903 3766 972 laticis,

2290 1006 2399 1046 non
2442 990 2585 1046 clare
2625 998 2679 1045 et
2719 990 3027 1057 manifeste,
3057 990 3152 1046 sed
3187 989 3402 1045 obscure
3436 1006 3629 1062 raroque
3648 994 3769 1049 Filius

2290 1080 2385 1137 Dei
2430 1096 2461 1136 a
2504 1081 2778 1152 prophetis
2806 1080 3214 1151 signiﬁcaretur.
3241 1080 3366 1135 Cum
3401 1082 3527 1135 enim
3566 1098 3698 1151 nuper
3724 1084 3771 1137 ab

2291 1187 2475 1228 errore
2501 1172 2729 1243 plurium
2757 1172 2978 1228 deorum
3001 1171 3216 1227 abducti
3244 1180 3432 1236 essent,
3454 1172 3494 1225 si
3520 1186 3689 1225 rursum
3706 1189 3772 1226 au-

2290 1264 2517 1329 dissent,
2534 1262 2694 1319 deum
2717 1273 2770 1320 et
2790 1264 2970 1329 deum,
2992 1277 3178 1318 rursus
3200 1262 3251 1316 in
3272 1261 3499 1317 eumdem
3512 1263 3771 1328 recidissent,

2292 1355 2556 1410 morbum.
2584 1354 2713 1411 Ideo
2742 1353 3053 1425 frequenter
3081 1353 3352 1425 propheta:
3384 1352 3566 1416 dicunt,
3598 1352 3707 1407 Unus
3727 1363 3775 1405 est

2293 1445 2451 1514 Deus,
2482 1456 2530 1501 et
2557 1456 2737 1517 preter
2756 1463 2870 1501 eum
2897 1446 3068 1500 nullus
3096 1455 3167 1500 est
3190 1444 3361 1513 (Deut.
3383 1445 3434 1499 4.
3456 1445 3535 1499 35.
3559 1442 3695 1497 llesai.
3711 1444 3774 1497 l5.

2293 1539 2348 1596 5.
2371 1538 2487 1610 21).
2505 1537 2622 1594 Νοη
2646 1538 2789 1609 quod
2810 1536 3003 1592 Filium
3032 1543 3257 1607 negent;
3282 1534 3433 1601 absit,
3456 1534 3538 1590 sed
3557 1544 3605 1589 ut
3621 1535 3777 1588 illorum

2294 1629 2656 1686 inﬁrmitatem
2683 1638 2955 1696 curarent,
2987 1628 3223 1699 ipsisque
3253 1627 3455 1682 interim
3476 1626 3779 1688 suaderent,ut

2293 1737 2326 1778 a
2352 1721 2637 1777 multorum
2668 1736 2767 1778 nec
2791 1736 2918 1777 vere
2951 1720 3321 1775 exsistentiutn
3361 1720 3563 1773 deorum
3596 1716 3779 1785 opinione

2294 1814 2639 1871 absisterent.
2670 1813 2804 1871 Cum
2832 1813 2990 1884 igitur
3012 1811 3223 1876 audies,
3253 1826 3381 1864 unus
3403 1817 3455 1864 et
3475 1807 3650 1871 nullus,
3671 1816 3710 1859 et
3730 1808 3781 1858 si-

2295 1906 2460 1973 milia,
2492 1921 2562 1962 ne
2589 1906 2863 1961 Trinitatis
2881 1905 3101 1976 gloriam
3131 1904 3371 1964 minuas.
3415 1900 3499 1955 sed
3534 1907 3696 1969 quanto
3728 1895 3782 1948 io-

2297 1998 2518 2055 tervallo
2539 2013 2569 2054 a
2596 2007 2837 2054 creatura
2879 1997 3040 2052 distet
3081 1995 3206 2051 hinc
3255 1992 3471 2050 ediscas.
3498 1989 3674 2044 Etenim
3695 1986 3783 2039 alilii

2293 2104 2504 2162 quoque
2527 2088 2698 2153 dicit:
2732 2088 2857 2153 Quis
2884 2087 3016 2141 enim
3040 2087 3174 2140 novit
3199 2100 3396 2140 sensum
3424 2080 3607 2135 Domini
3626 2078 3640 2147 (
3656 2076 3780 2131 Hemi.

2280 2183 2387 2241 ’40.
2413 2184 2503 2239 l3.
2549 2181 2700 2236 Rom.
2728 2181 2820 2236 11.
2854 2178 3004 2253 ειηῖ
3037 2177 3190 2247 Quod
3229 2185 3402 2231 autem
3441 2189 3504 2228 ne
3521 2172 3596 2225 hic
3632 2182 3785 2238 quoque

2294 2278 2486 2335 Filium
2513 2277 2595 2333 vel
2617 2276 2869 2348 Spiritum
2900 2283 3139 2331 sanctum
3163 2273 3233 2329 ab
3262 2273 3349 2329 illa
3374 2269 3641 2342 cognitione
3656 2266 3786 2323 exelu-

2296 2369 2408 2435 dat,
2433 2370 2543 2439 jam
2572 2383 2732 2439 supra
2758 2367 3177 2423 demonstratum
3210 2373 3295 2421 est
3316 2406 3331 2431 ,
3362 2359 3556 2434 quando
3580 2358 3663 2413 hoc
3685 2355 3790 2411 testi-

2295 2461 2533 2517 monium
2559 2459 2875 2515 adduximus
2905 2476 2919 2513 :
2956 2458 3079 2526 Quis
3106 2456 3241 2511 enim
3266 2455 3395 2509 novit
3421 2468 3526 2523 qua:
3547 2459 3644 2504 sunt
3670 2447 3789 2501 homi-

2297 2554 2404 2621 nis,
2436 2553 2534 2607 nisi
2559 2553 2766 2625 spiritus
2804 2551 3055 2617 hominis,
3085 2551 3170 2621 qui
3198 2559 3273 2603 est
3310 2549 3359 2602 in
3395 2545 3538 2615 ipso?
3573 2541 3641 2596 Ita
3663 2550 3696 2594 et
3715 2553 3792 2610 qua

2298 2644 2392 2701 Dei
2419 2653 2533 2702 sunt
2562 2645 2733 2700 nullus
2756 2643 3003 2715 cognovit,
3031 2643 3127 2696 nisi
3154 2641 3380 2711 Spiritus
3418 2636 3510 2691 Dei
3546 2636 3621 2705 (i.
3643 2633 3733 2687 Cor.
3752 2629 3791 2682 2.

2297 2734 2388 2808 li)
2414 2753 2428 2792 :
2455 2752 2519 2791 ac
2547 2749 2757 2791 rursum
2789 2734 2954 2789 Filius
2978 2733 3053 2787 ait
3080 2749 3093 2787 :
3127 2728 3299 2785 Nemo
3341 2728 3469 2782 norit
3500 2723 3694 2788 Filium,
3727 2718 3796 2771 nisi

2298 2828 2455 2884 Pater
2479 2845 2501 2884 :
2525 2844 2681 2901 neque
2708 2826 2910 2882 Patrem
2936 2827 3047 2897 quis
3074 2824 3210 2879 norit
3228 2866 3246 2892 ,
3276 2824 3371 2877 nisi
3399 2820 3553 2875 Filius
3576 2815 3711 2888 (Luc.
3733 2811 3793 2866 lO.

2296 2919 2421 2991 22).
2462 2919 2549 2975 Sic
2570 2917 2744 2975 ethoc
2768 2917 2923 2973 loco:
2949 2915 3068 2970 Non
3092 2918 3211 2987 quia
3244 2913 3446 2969 Patrem
3470 2904 3709 2982 quis‘vidit,
3727 2902 3798 2956 nisi

2295 3013 2382 3084 qui
2405 3020 2477 3065 est
2501 3026 2566 3066 ea:
2592 3008 2699 3064 Deo
2727 3024 2746 3063 :
2771 3009 2852 3063 hic
2882 3009 3003 3061 vidit
3032 3005 3243 3061 Patrem
3272 3005 3449 3077 (Joan.
3474 3001 3523 3057 6.
3548 3000 3644 3070 46).
3672 2991 3795 3052 Simul

2296 3103 2437 3158 enim
2466 3110 2521 3157 et
2543 3101 2777 3172 perfecte
2805 3099 2953 3155 illum
2979 3113 3137 3153 nosse
3155 3138 3171 3164 ,
3214 3106 3271 3153 et
3313 3108 3519 3152 causam
3546 3106 3629 3146 cur
3648 3098 3798 3156 cogno-

2295 3202 2431 3261 scat,
2459 3193 2696 3264 apponit.
2722 3191 2976 3260 Quzenam
3021 3189 3137 3246 haec
3198 3187 3399 3244 causa?
3425 3182 3657 3254 Quoniam
3678 3192 3733 3231 ει
3753 3188 3798 3228 eo

2297 3295 2379 3341 est
2408 3302 2422 3339 :
2453 3299 2521 3339 ex
2561 3298 2627 3338 eo
2654 3293 2832 3338 autem
2860 3296 2980 3338 esse
3008 3296 3227 3336 rursum
3257 3280 3629 3335 demonstratur
3650 3284 3705 3325 ex
3727 3280 3797 3327 eo.

2295 3374 2437 3446 quod
2465 3375 2637 3444 ipsum
2667 3382 2976 3445 cognoscat.
3006 3371 3213 3427 idcirco
3237 3380 3413 3425 autem
3445 3368 3578 3423 illum
3599 3362 3715 3418 clare
3733 3374 3799 3410 uo-

2295 3467 2389 3531 vit,
2411 3465 2535 3536 quia
2561 3480 2627 3521 ex
2658 3465 2774 3536 ipso
2799 3472 2918 3529 est;
2964 3463 3174 3534 signum
3206 3476 3337 3517 vero
3363 3456 3500 3530 quod
3533 3471 3593 3511 ex
3627 3453 3720 3521 ipso
3753 3446 3800 3499 sit

2294 3556 2423 3612 illud
2464 3569 2582 3624 est,
2624 3555 2769 3627 quod
2813 3555 2956 3611 clare
2996 3561 3286 3624 cognoscat
3329 3552 3516 3622 ipsum.
3560 3536 3800 3601 Substamia

2294 3649 2488 3720 quippe
2513 3648 2863 3704 substantiam
2888 3648 3222 3719 superiorem
3254 3660 3363 3701 non
3398 3641 3555 3713 probe
3582 3648 3713 3691 nosse
3735 3642 3799 3720 P°f

2297 3717 2402 3794 test
2463 3738 2671 3795 etiamsi
2701 3754 2865 3810 parvo
2890 3717 3170 3794 intervallo
3197 3738 3381 3792 distet.
3406 3732 3536 3788 Audi
3568 3717 3799 3792 enimquid

2295 3831 2363 3888 de
2392 3832 2595 3903 angelis
2622 3832 2878 3902 propheta
2910 3831 3072 3895 dicat,
3105 3830 3372 3899 simulque
3405 3825 3471 3880 de
3505 3823 3700 3876 humana
3731 3825 3799 3865 ua-

2296 3932 2448 3989 tura,
2495 3921 2636 3992 quod
2680 3921 2948 3977 modicum
2995 3920 3064 3974 sit
3107 3919 3249 3973 inter
3296 3926 3567 3983 utramque
3615 3912 3800 3992 naturam

2294 3989 2604 4068 discrimen.
2646 4011 2776 4067 Cum
2821 4012 2963 4065 enim
3009 4010 3252 4078 dixisset,
3282 4007 3509 4073 Quidest
3536 3989 3801 4063 homo,un

2294 4122 2484 4159 memor
2519 4122 2571 4158 es
2618 4104 2765 4177 ejus?
2812 4113 2900 4157 aut
2943 4104 3079 4172 ﬁlius
3126 4102 3385 4165 hominis,
3411 4096 3630 4168 quoniam
3652 4094 3802 4180 repsit."

2293 4212 2405 4249 eum
2431 4194 2600 4264 (Psal.
2628 4194 2680 4249 8.
2710 4195 2763 4249 5.
2791 4194 2880 4265 6)?
2908 4193 3101 4263 adjecit
3128 4209 3142 4246 :
3175 4190 3407 4246 Minuisti
3442 4201 3548 4239 eum
3584 4177 3712 4273 paulo
3731 4177 3800 4273 uti-

2294 4304 2390 4341 nus
2413 4287 2474 4340 ab
2503 4285 2712 4357 angelis.
2740 4286 2986 4339 Attamen
3019 4284 3145 4339 licet
3175 4282 3392 4353 paulum
3418 4279 3483 4333 sit
3508 4266 3798 4329 discriminis,

2293 4382 2414 4452 quia
2459 4389 2637 4434 tamen
2677 4376 2889 4446 aliquod
2938 4377 3155 4431 interest
3201 4363 3519 4433 discrimen.
3558 4358 3821 4455 θυεεῖίξξξξωέ

2293 4472 2642 4528 substantiam
2672 4486 2776 4524 non
2805 4477 3050 4525 accurate
3095 4469 3367 4527 novimus.
3408 4463 3620 4529 licetque
3657 4447 3799 4507 millies

2294 4563 2753 4638 philosophcmur,
2787 4563 3024 4632 reperire
3053 4576 3159 4617 non
3193 4569 3494 4631 possumus.
3712 4630 3746 4643 Η
3788 4542 3815 4643 ξ’

2362 4657 2416 4712 «1.
2446 4630 2568 4710 Non
2620 4630 2924 4727 Angelorum
2971 4652 3148 4720 modo,
3198 4630 3298 4705 sed
3347 4663 3408 4701 ne
3444 4642 3614 4699 animt!
3652 4630 3798 4727 quid?

2293 4757 2477 4802 nostra:
2504 4719 2836 4802 substantiam
2882 4719 3225 4798 novimus.—
3249 4740 3359 4796 Sed
3406 4751 3499 4791 cur
3544 4731 3604 4786 de
3651 4719 3796 4821 303:?“s

2291 4840 2481 4911 loquor
2506 4879 2522 4905 ,
2570 4853 2689 4893 cum
2722 4852 2790 4893 ne
2819 4836 3009 4891 animae
3038 4833 3252 4905 quidem
3282 4840 3478 4885 nostra:
3518 4822 3793 4915 substantiam

2294 4907 2430 4987 bene
2455 4942 2738 4986 noscamus
2760 4970 2776 4996 ,
2808 4928 2915 4982 imo
2944 4941 3072 4982 vero
3097 4921 3432 4981 nullatenus?
3457 4915 3597 4986 Quod
3620 4912 3656 4965 si
3680 4907 3733 4961 illi
3755 4913 3794 4953 se

2242 5038 2249 5047 δ
2294 5034 2452 5076 nosse
2480 5017 2838 5084 contendant,
2869 5019 3130 5086 interroga
3157 5030 3274 5087 qua:
3302 5012 3374 5067 sit
3400 5009 3582 5064 anima:
3604 4999 3794 5087 substiti:

2292 5111 2362 5165 tia
2383 5151 2397 5176 ,
2428 5125 2552 5164 num
2581 5124 2673 5164 aer
2699 5148 2717 5174 ,
2747 5122 2873 5162 num
2903 5106 3139 5177 spiritus,
3161 5120 3225 5158 an
3255 5112 3446 5157 ventus
3467 5139 3482 5163 ,
3532 5109 3592 5149 an
3634 5076 3796 5177 ἰδίηςξῖ

2290 5175 2428 5258 Nihil
2444 5216 2627 5257 eorum
2654 5200 2866 5254 dicent:
2898 5175 3011 5252 haec
3046 5195 3237 5266 quippe
3262 5190 3439 5246 omnia
3467 5193 3666 5254 corpora
3682 5175 3795 5273 sunt.

2292 5294 2378 5350 illa
2408 5309 2535 5348 vero
2562 5293 2891 5361 incorporea.
2924 5289 3153 5358 Angelos
3178 5301 3283 5341 non
3332 5285 3610 5367 noverunt,
3736 5275 3796 5367 'P:

2290 5398 2377 5439 sas
2426 5386 2630 5438 animas
2660 5395 2783 5437 suas
2833 5389 3091 5445 noscunt,
3128 5377 3315 5432 herum
3355 5381 3527 5428 autem
3578 5362 3797 5445 dominum

2290 5486 2343 5533 et
2370 5484 2663 5532 creatorem
2708 5488 2767 5530 se
2794 5470 3024 5543 perfecte
3076 5484 3234 5527 nosse
3262 5462 3581 5524 contendunt
3613 5437 3799 5517 τεταμιίά

2354 5640 2374 5675 ⁸
2407 5641 2569 5697 Deest,
2593 5648 2659 5687 an
2687 5631 2828 5698 ignis,
2851 5633 2899 5683 in
2923 5631 3140 5696 pitu-imis
3162 5622 3509 5688 musciptis.
