3980 6184
419 299 516 358 7η

412 416 572 486 ἡμῶν
600 417 745 470 ἐστιν
771 417 829 470 ἐν
855 416 933 488 τῷ
968 415 1201 489 σώματι,
1242 418 1363 474 οὐδὲ
1392 420 1550 474 τοῦτο
1591 419 1738 475 ἐστιν
1769 421 1965 473 εἰπεῖν.
2011 419 2082 472 Τί

416 505 523 575 γάρ
552 503 666 574 ἔχοι
700 521 783 568 τις
814 503 882 557 ἂν
924 506 1130 581 study;
1159 506 1241 559 δτι
1278 508 1696 577 παρεκτείνεται
1739 505 1817 577 τῷ
1855 504 1949 558 τοῦ
1985 503 2089 557 σώ-

1197 303 1259 360 S.
1296 302 1579 360 JOANNIS
1611 302 2103 378 CHRXSOSTOMI
2138 301 2463 360 ARCHIEP.
2503 300 3051 359 CONSTANTINOP.

3683 327 3692 335 ’
3741 302 3837 361 752

2193 419 2275 473 ὅτι
2318 420 2584 473 Ἤκουσα
2622 416 2848 486 ἄρρητα
2874 416 3133 484 ῥήματα,
3159 411 3197 467 d
3236 413 3348 466 οὐκ
3396 412 3538 476 ἐξὸν
3572 412 3839 480 ἀνθρώπῳ

2190 504 2481 575 λαλῆσαι.
2520 506 2660 559 Ἀλλ’
2685 505 2835 574 ὅμως
2879 504 2974 557 καὶ.
3005 502 3165 565 αὐτὸς
3211 497 3367 563 οὗτος
3400 502 3492 554 καὶ
3536 501 3659 554 τότε
3691 499 3841 554 ἀκούο

417 607 587 660 ματος
614 591 797 661 δγκῳς
848 590 1009 645 Ἀλλά
1052 591 1209 645 τοῦτο
1249 592 1464 662 ἄλογον,
1508 594 1776 665 σωμάτων
1822 592 1931 663 γὰρ
1958 593 2088 645 ῐδιον
2193 609 2292 657 σας
2337 594 2553 664 ἀρῤητα
2606 593 2847 663 ῥήματα,
2878 590 2914 644 δ.
2947 590 3049 643 οὐκ
3100 588 3220 654 ἐξὸν
3269 586 3543 657 ἀνθρώπῳ
3590 585 3837 655 λαλῆσαι,

412 678 601 732 τοῦτο’
632 679 713 732 ὅτι
741 677 798 731 δέ
828 679 922 732 ἐπὶ
946 679 1124 751 ψυχῆς
1152 682 1253 735 οὐκ
1287 680 1403 735 ἐστι
1439 682 1599 735 τοῦτο
1620 680 1870 735 ἐντεῦθεν
1902 680 2084 750 δῆλον,

416 765 675 829 πολλάκις
703 766 797 821 καὶ
822 766 931 820 τῶν
953 767 1152 839 χειρῶν
1173 769 1269 823 καὶ
1293 770 1413 823 τῶν
1434 769 1609 823 ποδῶν
1634 767 2082 838 ἐκκεκομμένων,

415 849 706 921 ὁλόκληρος
735 851 917 922 ἐκείνη
946 853 1117 923 μένει,
1142 855 1294 908 οὐδὲν
1318 854 1836 926 ἀκρωτηριασθεῖσα
1857 854 1966 907 ἀπὸ
1985 856 2084 924 τῆς

416 936 509 993 τοῦ
559 937 810 1010 σώματος
849 940 1170 1012 πηρώσεως.
1231 942 1371 996 Ἀλλ’
1411 944 1513 995 οὐκ
1557 943 1705 995 ἐστιν
1754 943 1812 995 ἐν
1858 942 1964 1013 ὅλῳ
2006 940 2084 1011 τῷ

418 1021 652 1094 σώματι,
680 1025 792 1078 ἀλλ’
824 1027 883 1078 ἐν
910 1027 1064 1098 μέρει
1090 1030 1197 1082 τινὶ
1221 1029 1571 1100 συνείληπται
1590 1036 1616 1066 ⁸
1641 1027 1883 1096 ;Οὐκοῦν
1916 1026 2084 1098 νεκρά

416 1110 628 1182 ἀνάγκη
660 1111 728 1165 τὰ
749 1111 910 1167 λοιπά
938 1111 1077 1169 εἶναι
1101 1116 1238 1187 μέλη
1257 1130 1271 1145 ·
1302 1117 1364 1170 τὸ
1392 1117 1500 1188 γάρ
1524 1116 1727 1185 ἄψυχον
1758 1115 1974 1178 πάντως
1998 1131 2083 1167 νε-

415 1198 565 1268 κρόν.
614 1198 751 1252 Ἀλλ’
780 1201 901 1254 οὐδὲ
928 1202 1087 1256 τοῦτο
1124 1204 1272 1257 ἐστιν
1304 1206 1500 1266 εἰπεῖν,
1533 1202 1650 1257 ἀλλ’
1689 1203 1772 1255 ὅτι
1809 1203 1908 1273 μὲν
1937 1200 2082 1254 ἐστιν

414 1285 473 1338 ἐν
501 1284 579 1356 τῷ
608 1285 825 1357 σώματι
854 1288 933 1360 τῷ
963 1291 1216 1362 ἡμετέρῳ
1248 1291 1429 1363 ἴσμεν,
1459 1291 1522 1344 τὸ
1555 1291 1611 1343 δὲ
1645 1290 1762 1354 πῶς
1801 1292 1947 1342 ἐστιν
1981 1289 2082 1341 οὐκ

417 1371 594 1441 ῐσμεν.
626 1374 727 1427 Διά
759 1376 866 1448 γάρ
907 1376 1066 1430 τοῦτο
1093 1379 1186 1431 καὶ
1221 1378 1320 1449 τὴν
1360 1377 1566 1448 ταύτης
1592 1376 1795 1446 γνῶσιν
1822 1375 2080 1430 ἀπέκλειε

418 1472 510 1509 σεν
533 1457 562 1509 6
588 1458 720 1523 Θεὸς
745 1461 811 1513 ἐκ
842 1462 1040 1532 πολλῆς
1068 1462 1384 1533 περιουσίας
1411 1461 1779 1533 ἐπιστομίζων
1807 1463 1958 1532 ἡμᾶς
1990 1459 2081 1513 καὶ

417 1541 681 1611 κατέχων,
704 1545 797 1598 καὶ
840 1547 1021 1617 μένειν
1059 1548 1210 1601 κάτω
1250 1547 1474 1614 πείθων,
1507 1548 1604 1602 καὶ
1644 1548 1713 1600 τά
1752 1546 1890 1618 ὑπὲρ
1935 1547 2083 1616 ἡμᾶς

421 1629 496 1700 μὴ
538 1632 1032 1702 περιεργάζεσθαι,
1084 1635 1220 1706 μηδὲ
1262 1635 1756 1706 πολυπραγμονεῖν.
1809 1633 1947 1687 Ἀλλ’
1996 1634 2082 1686 ἵνα

422 1717 496 1785 μὴ
538 1718 645 1770 ἀπὸ
692 1718 965 1791 λογισμῶν
1005 1720 1074 1774 τά
1122 1721 1347 1775 τοιαῦτα
1389 1722 1907 1791 κατασκευάσωμεν,
1950 1720 2082 1791 φέρε

420 1804 581 1857 πάλιν
610 1806 700 1859 ἐπὶ
724 1810 819 1879 τὴν
846 1808 1067 1880 Γραφὴν
1088 1809 1176 1863 τὸν
1192 1809 1349 1878 λόγον
1369 1810 1687 1879 ἀγάγωμεν.
1710 1810 1833 1877 Οὐχ
1864 1808 1953 1861 ὅτι
1975 1807 2084 1860 τὸν

417 1890 649 1959 Πατέρα
683 1892 903 1962 ἑώρακέ
927 1912 1036 1961 τις,
1064 1896 1252 1967 φησὶν,
1278 1898 1331 1949 εὶ
1351 1895 1438 1965 μὴ
1468 1900 1499 1949 ό
1536 1893 1621 1949 ὢν
1643 1895 1714 1949 ἐκ
1753 1894 1855 1949 τοῦ
1899 1891 2080 1956 Θεοῦ,

419 1970 598 2044 οὗτος
620 1978 841 2047 ἑώρακε
878 1980 986 2034 τὸν
1025 1981 1277 2051 Πατέρα.
1318 1983 1430 2035 Καὶ
1455 1982 1508 2035 τί
1545 1980 1731 2046 τοῦτο;
1765 1980 1957 2052 φησίνο
1987 1979 2082 2033 οὐ-

417 2062 565 2116 δέπω
601 2065 709 2137 γὰρ
748 2067 899 2139 αὐτῷ
933 2068 1133 2137 γνῶσιν
1166 2069 1375 2141 ἀκριϐῆ
1418 2069 1578 2123 τοῦτο
1624 2067 1975 2140 ἐμαρτύρησε
2021 2065 2084 2119 τὸ

424 2150 594 2220 ῥῆμα.
638 2153 775 2206 Ἀλλ’
810 2156 893 2209 ὅτι
924 2156 1020 2226 μὲν
1046 2156 1208 2209 αὐτὸν
1237 2159 1270 2227 ή
1302 2156 1477 2219 κτίσις
1502 2157 1603 2210 οὐκ
1642 2153 1782 2209 οἶδεν
1816 2154 2084 2225 ἐδήλωσεν

418 2237 621 2293 είπών·
659 2243 782 2309 Οὐχ
817 2241 906 2296 ὅτι
950 2244 1057 2296 τὸν
1093 2243 1323 2314 Πατέρα
1362 2261 1449 2309 τις
1498 2242 1719 2311 ἑώρακε
1743 2258 1756 2272 ’
1806 2242 1901 2295 καὶ
1933 2241 2015 2294 ὅτι
2054 2240 2084 2292 6

420 2324 547 2388 Υίὸς
593 2327 753 2381 αὐτὸν
791 2323 929 2396 οἶδε,
980 2330 1266 2384 καὶτοῦτο
1310 2331 1470 2384 πάλιν
1510 2331 1746 2402 ἐδήλωσε
1787 2328 2045 2402 προσθείς
2068 2342 2079 2357 ⁸

413 2412 481 2465 El
494 2412 581 2481 μὴ
610 2417 643 2467 d
670 2412 755 2468 ὢν
785 2415 854 2468 ἐκ
888 2416 994 2470 τοῦ
1026 2418 1193 2481 Θεοῦ,
1221 2413 1397 2482 οὗτος
1420 2417 1641 2486 ἑώρακε
1680 2417 1785 2471 τὸν
1821 2414 2080 2484 Πατέρα·

414 2499 498 2553 ὅτι
535 2501 720 2571 μέντοι
743 2501 988 2574 ἀκριϐῶς
1008 2504 1170 2558 αὐτὸν
1193 2501 1322 2568 οἶδε,
1353 2506 1448 2559 καλ⁸
1479 2504 1651 2567 οὕτως
1673 2503 1749 2567 ὡς
1774 2503 1935 2566 αὐτὸς
1965 2505 2087 2556 ἐαυ-

338 2618 341 2621 -
413 2586 528 2652 τὸν,
560 2588 769 2643 οὐδέπω
801 2590 959 2644 τοῦτο
986 2592 1378 2647 ἀποδέδεικται.
1418 2590 1885 2662 -Ἐνδέχεταιγάρ,
1924 2589 2083 2659 φησὶ,

421 2674 558 2746 μηδὲ
601 2676 700 2747 τὴν
744 2678 922 2731 κτίσιν
956 2679 1115 2733 αὐτὸν
1153 2678 1352 2734 ειδέναι
1382 2679 1603 2750 σαφῶς,
1638 2680 1775 2750 μήτε
1814 2678 1907 2730 τὸν
1933 2676 2084 2741 Υἱὸν,

418 2761 534 2817 ἀλλ’
559 2763 775 2833 ἐκείνης
817 2763 969 2837 [486]
1001 2766 1101 2836 μέν
1143 2766 1498 2838 σαφέστερον,
1526 2767 1627 2836 τὴν
1673 2765 1854 2836 μέντοι
1878 2764 2085 2836 ἀκριϐῆ

418 2850 722 2920 κατάληψιν
756 2851 891 2922 μηδέ
929 2852 1118 2907 τοῦτον
1159 2852 1324 2924 ἔχειν.
1358 2855 1480 2907 Ὅτι
1515 2854 1613 2925 μὲν
1643 2853 1753 2924 γάρ
1790 2851 1951 2905 αὐτὸν
1985 2851 2088 2923 ὁρᾷ

418 2936 557 3007 ὅπερ
587 2938 706 2991 ἐστὶ
729 2939 824 2992 καὶ
855 2939 1111 3007 γινώσκει
1137 2937 1309 3005 εἶπεν,
1336 2942 1419 2995 ὅτι
1444 2940 1501 2993 δὲ
1530 2940 1776 3011 ἀκριϐῶς
1803 2938 1966 2992 αὐτὸν
1996 2954 2085 3006 γι-

419 3023 640 3091 νώσκει,
661 3028 756 3080 καὶ
777 3026 949 3093 οὕτως
964 3028 1042 3092 ὼς
1067 3029 1228 3093 αὐτὸς
1249 3029 1461 3095 ἐαυτὸν,
1483 3025 1635 3081 οὔπω
1653 3027 1809 3081 τοῦτο
1830 3025 2084 3097 ἐδήλωσε.

417 3110 680 3167 Βούλεσθε
732 3109 826 3168 οὗν
862 3114 1150 3170 καὶτοῦτο
1199 3117 1307 3171 ἀπὸ
1351 3115 1460 3169 τῶν
1512 3114 1746 3187 Γραφῶν
1799 3113 2089 3167 πιστωσώ-

421 3200 580 3270 μεθα,
622 3203 717 3257 καὶ
751 3203 848 3257 ἀπ’
875 3205 1048 3276 αὐτῆς
1078 3206 1178 3275 τῆς
1214 3204 1309 3259 τοῦ
1347 3204 1587 3276 Χριστοῦ
1627 3204 1845 3274 φωνῆς;
1878 3200 2088 3258 Οὐκοῦν

418 3289 741 3361 ἀκούσωμεν
776 3291 830 3345 τί
865 3310 998 3362 φησι
1031 3294 1168 3364 πρὸς
1212 3295 1341 3357 τοὺς
1382 3293 1699 3357 Ἰουδαίους·
1743 3291 1949 3358 Καθὼς
2002 3308 2089 3361 γι-

419 3375 641 3429 νώσκει
685 3391 764 3445 με
797 3380 831 3431 ὀ
870 3377 1105 3446 Πατὴρ.
1141 3378 1303 3446 κάγὼ
1353 3378 1626 3448 γινώσκω
1675 3376 1783 3433 τὸν
1831 3377 2085 3445 Πατέρα.

419 3462 464 3514 Τ
470 3462 489 3514 ί
537 3462 739 3533 ταύτης
776 3464 1162 3536 ἀκριϐέστερον
1210 3465 1388 3535 βούλει
1427 3468 1527 3536 τῆς
1580 3463 1831 3535 γνώσεως
1863 3464 2086 3529 λοιπόν;

431 3551 738 3623 Ἐρώτησον
776 3553 868 3607 τὸν
906 3554 1254 3623 ἀντιλέγοντα
1275 3571 1290 3583 ⁶
1320 3550 1459 3608 οἶδεν
1488 3554 1730 3626 ἀκριϐῶς
1783 3554 1875 3608 τὸν
1909 3553 2037 3607 Υἰὸν
2060 3554 2090 3607 6

418 3640 632 3713 Πατὴρ,
661 3642 757 3697 καὶ
794 3644 974 3697 πᾶσαν
1004 3643 1173 3697 αὐτοῦ
1207 3644 1451 3715 ἀκριϐῶς
1475 3643 1572 3714 τὴν
1603 3642 1803 3711 γνῶσιν
1829 3642 1962 3713 ἔχει,
1996 3641 2090 3697 καὶ

417 3727 573 3783 οὐδὲν
613 3729 776 3784 αὐτὸν
819 3730 1069 3786 λανθάνει
1107 3732 1215 3786 τῶν
1261 3731 1401 3786 κατά
1448 3731 1541 3785 τὸν
1580 3731 1730 3794 Υίὸν,
1765 3729 1881 3783 ἀλλ’
1910 3731 2090 3801 ἀπηρ-

417 3815 649 3887 τισμένη
702 3818 851 3872 ἐστὶν
900 3821 934 3890 ὴ
990 3818 1230 3891 εῖδησις;
1273 3820 1414 3886 Ναὶ,
1464 3819 1644 3891 φησίν.
1688 3817 1917 3882 Οὐκοῦν,
1961 3818 2090 3871 ὅταν

416 3901 659 3975 ἀκούσῃς
682 3905 765 3958 δτι
790 3905 885 3959 καὶ
907 3907 937 3958 6
967 3906 1093 3970 Υίὸς
1129 3906 1305 3969 οὕτως
1330 3906 1494 3960 αὐτὸν
1525 3903 1666 3960 οἶδεν
1700 3905 1776 3969 ώς
1804 3905 1968 3969 αὐτὸς
1992 3905 2087 3959 τὸν

419 3987 569 4054 Υίὸν,
601 3990 767 4062 μηδὲν
804 3991 885 4045 ιτι
912 3990 1065 4062 ζήτει
1104 3993 1288 4057 πλέον,
1326 3992 1471 4047 οὕτω
1505 3993 1646 4064 μετά
1676 3992 1963 4063 ἀκριϐείας
1987 3992 2089 4062 τῆς

416 4076 675 4146 γνώσεως
705 4078 1081 4150 ἐξισαζούσης.
1116 4079 1223 4134 Καὶ
1254 4081 1362 4152 γάρ
1390 4082 1484 4135 καὶ
1511 4080 1744 4151 ἀλλαχοῦ
1775 4080 1931 4133 τοῦτο
1959 4079 2091 4134 αὐτὸ

417 4165 700 4237 ἐμφαίνων
739 4166 960 4237 ἐλετενο
1010 4166 1221 4233 Οὐδεὶς
1248 4166 1528 4237 γινώσκει
1570 4167 1677 4221 τὸν
1716 4168 1873 4233 Υιὸν,
1912 4171 1968 4222 εί
2001 4168 2088 4237 μὴ

416 4255 454 4308 ό
495 4254 719 4324 Πατὴρ,
748 4254 893 4310 οὐδὲ
930 4255 1037 4310 τύθ⁴
1068 4256 1301 4325 Πατέρα
1345 4273 1436 4323 τις
1476 4254 1876 4326 ἐπιγινώσκει,
1907 4259 1961 4309 εί
2001 4256 2089 4325 μὴ

414 4342 454 4395 ὀ
498 4340 648 4409 Υἱὸς,
699 4342 800 4397 καί
834 4334 883 4409 ᾧ
918 4343 1028 4398 ἐὰν
1067 4344 1366 4412 ,βούληται
1408 4346 1441 4398 ὀ
1492 4345 1625 4411 Υἱὸς
1672 4345 2086 4414 ἀποκαλύψαι.

430 4422 828 4483 Ἀποκαλύπτει
856 4429 935 4495 δέ,
958 4432 1057 4501 οὐχ
1087 4432 1210 4485 ὅσον
1236 4432 1398 4495 αὐτὸς
1425 4425 1585 4496 οἶδεν,
1620 4432 1734 4486 ἀλλ’
1769 4433 1891 4487 ὅσον
1930 4434 2091 4504 ἡμεῖς

418 4515 724 4586 χωροῦμεν.
748 4517 815 4571 El
848 4517 957 4589 γάρ
983 4520 1011 4570 ὁ
1041 4518 1254 4582 Παῦλος
1285 4520 1448 4573 τοῦτο
1475 4523 1641 4586 ποιεῖ,
1677 4520 1856 4592 πολλῷ
1885 4521 2091 4591 μᾶλλον

417 4605 449 4656 6
471 4603 730 4672 Χριστός*
758 4604 855 4658 καὶ.
880 4606 989 4675 γάρ
1020 4606 1224 4669 ἐκεῖνός
1248 4624 1381 4677 φησι
1412 4610 1525 4671 τοῖς
1556 4607 1751 4661 ἐαυτοῦ
1779 4607 2055 4679 ,μαθηταῖς
2072 4624 2086 4639 ο

380 4698 381 4703 ‘
423 4690 546 4745 οὐκ
572 4690 888 4761 ἠδυνήθην
916 4692 1059 4762 ὑμῖν
1082 4693 1348 4761 λαλῆσαι
1376 4696 1456 4761 ὡς
1484 4695 1926 4765 πνευματικοῖς,
1954 4696 2090 4750 ἀλλ’

417 4777 498 4843 ὡς
539 4779 885 4848 σαρκικοῖςο
920 4780 1002 4846 ὡς
1035 4781 1292 4849 νηπίους
1338 4781 1408 4835 ἐν
1462 4781 1692 4850 Χριστῷ
1739 4782 1895 4853 γάλα
1935 4782 2092 4852 ὑμᾶς

417 4865 704 4930 ἐπότισα,
755 4869 828 4922 οὐ
881 4866 1125 4937 ,ϐρῶμαθ
1176 4867 1341 4921 οὔπω
1395 4866 1508 4938 γὰρ
1569 4868 1895 4937 ἠδύνασθε.
1932 4870 2093 4930 Ἀλλά

418 4957 732 5029 Κορινθίοις
772 4957 951 5023 τοῦτο,
985 4958 1173 5029 φησὶν,
1201 4957 1355 5027 ἔλεγε
1385 4958 1566 5028 μόνον.
1606 4958 1671 5011 Τί
1714 4955 1831 5026 οὖν,
1861 4959 1927 5013 ἀν
1991 4960 2094 5014 δεί·

419 5043 604 5115 ξωμεν
663 5046 745 5099 ὅτι
806 5046 902 5100 καὶ
950 5044 1116 5117 ἐτερά
1166 5045 1194 5086 δ
1256 5062 1410 5109 τινα,
1456 5044 1493 5099 ἀ
1546 5045 1734 5116 μηδεὶς
1788 5046 2092 5118 ἀνθρώπων

416 5132 623 5203 ἔμαθεν
653 5120 801 5206 ᾔδέι,
842 5135 940 5191 καὶ
984 5134 1194 5206 ἀπῆλθε
1239 5134 1400 5205 μόνος
1434 5133 1576 5188 αὐτά
1606 5134 1714 5187 τῶν
1748 5135 1965 5189 πάντων
1998 5137 2094 5190 ἀν-

422 5219 656 5291 θρώπων
697 5223 887 5289 είδώς;
935 5224 1046 5277 Καὶ
1089 5222 1192 5277 ποῦ
1240 5222 1400 5277 τοῦτο
1447 5222 1594 5277 ἐστιν
1640 5223 1856 5295 εὐρεῖν;
1900 5225 1988 5277 Ἐν
2024 5228 2090 5297 τῇ

424 5308 561 5379 πρὸς
606 5311 928 5383 Κορινθίους
973 5311 1262 5384 ἐπιστολῇ·
1306 5304 1462 5376 οὗτος
1498 5311 1609 5383 γάρ
1645 5312 1793 5367 ἐστιν
1827 5314 1856 5366 6
1895 5312 2090 5381 λέγων,

416 5642 441 5672 .7
464 5654 478 5672 I
500 5593 525 5621 ⁸
656 5593 978 5672 ὀξινιίλεκταμ
1005 5595 1163 5646 Paulo
1191 5600 1303 5659 post
1326 5596 1544 5660 quinque
1569 5610 1682 5649 mss.
1706 5604 1759 5648 et
1778 5598 1930 5650 Savil.
1951 5602 2095 5651 λοιπὰ

430 5657 637 5717 γίνεσθαι
652 5657 787 5717 μέρη·
813 5657 869 5703 τὸ
930 5657 942 5669 '
982 5693 994 5704 .
1193 5657 1206 5659 “
1346 5657 1359 5659 “
1462 5657 1477 5660 ’
1828 5678 1835 5691 ι

501 5718 531 5759 b
549 5715 775 5775 Quinque
805 5673 1170 5773 mﬂdiwuﬁ
1194 5718 1351 5769 εἰδότα
1389 5720 1470 5770 καὶ
1492 5720 1687 5785 ἕτερα...
1707 5721 1874 5785 ἐμαθεν
1888 5722 2000 5781 ἤδη.

2193 682 2422 755 μερικὴν
2455 682 2568 752 ἔχει
2604 682 2802 750 γνῶσιν
2837 681 2932 733 καὶ
2962 680 3096 733 πολὺ
3123 681 3222 752 τῆς
3252 677 3549 749 μελλούσης
3593 676 3839 731 ἀποδέους

2190 786 2310 824 σαν.
2332 770 2502 833 Αὐτὸς
2533 769 2642 840 γὰρ
2661 771 2689 822 6
2722 767 2892 821 ταῦτα
2922 765 3091 820 εἰπὼν
3117 767 3344 820 κάκεῖνα
3377 766 3618 836 εἴρηκεν,
3645 763 3727 816 ὅτι
3755 763 3840 817 Ἐκ

2182 857 2406 926 μέρους
2446 855 2839 925 γινώσκομεν,
2869 854 2967 907 καὶ
3000 854 3070 908 ἐκ
3100 854 3325 923 μέρους
3368 852 3837 920 προφητεύομεν

2189 945 2301 1007 καὶ,
2327 945 2455 997 Ὅτε
2488 942 2650 1012 ήμην
2677 941 2915 1008 νήπιος,
2945 942 3025 1007 ὡς
3052 941 3271 1007 νήπιος
3304 941 3591 1006 ἐλάλουν,
3629 941 3710 1006 ὠς
3746 939 3839 1006 νή-

2187 1048 2322 1098 πιος
2366 1032 2684 1100 ἐφρόνουν,
2731 1032 2812 1097 ὡς
2863 1030 3081 1097 νήπιος
3124 1028 3508 1099 ἐλογιζόμην-ο
3543 1030 3658 1092 καὶ,
3699 1030 3842 1095 Ἄρτι

2181 1116 2394 1180 ,βλέπω
2438 1115 2511 1168 δι’
2539 1115 2838 1182 ἐσόπτρου
2871 1113 2941 1167 ἐν
2987 1114 3283 1182 αίνίγματι
3302 1152 3317 1177 ,
3367 1113 3500 1166 τότε
3536 1111 3605 1164 δὲ
3662 1114 3842 1179 πρόσ-

2186 1215 2350 1256 ωπον
2376 1202 2527 1269 πρὸς
2570 1201 2916 1270 πρόσωπον.
2943 1201 3106 1253 Ὥστε
3148 1200 3213 1254 ἐκ
3249 1200 3453 1253 τούτων
3490 1201 3621 1270 ἡμῖν
3667 1200 3844 1252 amca

2187 1289 2365 1342 αὐτῶν
2412 1291 2445 1357 ἡ
2520 1288 2790 1360 σκευωρία
2824 1300 2845 1325 ο
2912 1287 3321 1358 διελήλεγκται-
3371 1289 3499 1341 ὅταν
3548 1285 3657 1355 γὰρ
3714 1284 3843 1355 αὐτὴ

2185 1379 2219 1446 ἡ
2246 1377 2400 1430 οὐσία
2430 1378 2708 1447 ἀγνοῆται,
2750 1376 2848 1445 οὐχ
2887 1377 2969 1428 ὅτι
3014 1374 3182 1437 ἐστιν,
3211 1374 3346 1429 ἀλλά
3394 1374 3446 1426 τί
3489 1375 3657 1435 ἐστιν,
3686 1373 3842 1442 ἐσχά-

2184 1480 2284 1535 της
2317 1462 2383 1517 ἂν
2411 1462 2495 1532 εἴη
2539 1462 2737 1530 μανίας
2764 1463 2857 1515 καλ⁵
2889 1462 3059 1533 ὄνομα
3094 1463 3229 1533 αὐτῇ
3282 1460 3510 1514 τιθέναι.
3541 1460 3732 1513 Καίτοι
3782 1474 3843 1526 γε

2186 1549 2281 1603 κᾶὶ
2328 1551 2378 1602 εί
2421 1548 2555 1619 δήλη
2605 1548 2700 1601 καὶ
2751 1547 3023 1619 γνώριμος
3071 1543 3160 1619 ἦν,
3204 1548 3327 1601 οὐδὲ
3373 1546 3547 1610 οὕτως
3603 1542 3672 1617 ἦν
3719 1548 3845 1616 ἡμῖν

2136 1685 2147 1697 ,
2187 1635 2422 1705 ἀσφαλὲς
2460 1634 2653 1698 αὐτοὺς
2682 1633 2889 1687 οἴκοθεν
2923 1636 3017 1688 καὶ
3060 1636 3192 1706 παρ’
3234 1634 3442 1690 ἑαυτῶν
3477 1633 3843 1703 προσηγορίαν

2187 1721 2482 1777 ἐπιτιθέναι
2524 1724 2592 1793 τῇ
2638 1720 2731 1774 τοῦ
2779 1722 3050 1774 Δεσπότου
3102 1721 3281 1794 οὐσίᾳ.
3318 1723 3382 1775 ΕΞ
3429 1721 3538 1791 γὰρ
3568 1722 3598 1774 6
3645 1719 3845 1782 Παῦλος

2184 1811 2305 1871 ταῖς
2339 1806 2452 1860 ἀνω
2497 1806 2790 1877 δυνάμεσιν
2833 1807 2933 1860 οὐκ
2979 1806 3277 1878 ἐτόλμησεν
3328 1808 3573 1878 ὀνόματα
3609 1805 3843 1859 ἐπιτιθέ-

2186 1909 2306 1958 ναι,
2353 1893 2468 1947 ἀλλ’
2513 1894 2702 1958 εἰπὼν,
2742 1895 2824 1948 ὅτι
2878 1893 3147 1950 Ἐκάθισε
3196 1894 3304 1948 τὸν
3353 1893 3613 1962 Χριστὸν
3650 1890 3841 1947 ἐπάνω

2188 1977 2390 2044 πάσης
2408 1975 2599 2046 ἀρχῆς
2634 1978 2729 2032 καί
2765 1977 3052 2044 ἐξουσίας
3083 1975 3529 2047 καὶδυνάμεως,
3561 1976 3658 2029 καί
3700 1989 3844 2028 παν-

2188 2062 2294 2130 τὸς(
2326 2063 2616 2133 ὀνόματος
2653 2063 3103 2133 ὀνομαζομένου,
3133 2064 3205 2118 οὐ
3238 2065 3429 2133 μόνον
3462 2064 3532 2116 ἐν
3562 2061 3642 2127 τῷ
3679 2060 3838 2116 αίῶνι

2186 2152 2391 2219 τούτῳ,
2418 2149 2579 2206 ἀλλὰ
2611 2150 2711 2205 καί
2741 2152 2811 2205 έν
2856 2149 2936 2217 τῷ
2975 2150 3296 2220 μέλλοντι,
3315 2152 3411 2204 καὶ
3438 2149 3655 2214 διδάξας
3704 2151 3842 2221 ἡμᾶς

2187 2238 2269 2291 ὅτι
2301 2236 2413 2291 ἔστι
2441 2238 2564 2294 τινὰ
2591 2238 2829 2308 ὀνόματα
2854 2237 2962 2290 τῶν
2997 2237 3299 2308 δυνάμεων,
3326 2236 3361 2290 ἀ
3402 2237 3522 2311 τρτε
3557 2236 3840 2306 εἰσόμεθα,

2188 2325 2291 2379 οὐκ
2328 2323 2630 2397 ἐθάρρησεν
2683 2325 2845 2396 ἕτερα
2892 2326 3052 2389 αὐτὸς
3091 2325 3205 2378 ἀντ’
3241 2324 3464 2378 ἐκείνων
3502 2325 3698 2386 θεῖναι,
3733 2324 3844 2378 οὐδὲ

2189 2413 2329 2467 αὐτά
2380 2412 2579 2468 ἐκεῖνα
2618 2412 3137 2485 περιεργάζεσθαιάο
3170 2414 3315 2487 τίνος
3356 2415 3421 2467 ἀν
3465 2409 3576 2467 εἷεν
3610 2412 3842 2480 συγγνώ-

2194 2517 2301 2571 μης
2354 2500 2525 2565 ἄξιοι,
2571 2500 2604 2572 ἢ
2654 2501 2813 2565 ποίας
2867 2500 3163 2569 ἀπολογίας
3225 2502 3277 2553 οί
3331 2500 3426 2552 ἐπὶ
3473 2500 3573 2571 τῆς
3629 2499 3722 2554 τοῦ
3755 2502 3846 2551 Δε-

2192 2585 2390 2639 σπότου
2436 2586 2625 2651 οὐσίας
2676 2586 2849 2641 ταῦτα
2893 2586 3230 2658 τολμῶντεςς
3260 2588 3429 2640 Ὅταν
3471 2586 3529 2640 δὲ
3574 2585 3668 2639 καὶ
3713 2583 3844 2655 αὐτὴ

2188 2672 2222 2742 ἡ
2254 2672 2411 2726 οὐσία
2439 2673 2698 2745 ἀγνοῆται
2736 2672 2986 2745 καθάπερ
3024 2676 3150 2737 τοὺς
3192 2673 3608 2746 παραπαίοντας
3657 2672 3847 2735 αὐτοὺς

2191 2756 2626 2830 ἀποστρέφεσθαι
2667 2762 2795 2832 χρή.
2843 2762 2964 2814 Ὅτι
3013 2761 3110 2832 μὲν
3151 2761 3262 2832 γὰρ
3302 2760 3595 2830 ἀγέννητὸς
3635 2760 3780 2812 ἐστιν
3819 2758 3845 2810 6

2190 2846 2322 2911 Θεὸς
2368 2847 2553 2919 δῆλον·
2593 2849 2675 2902 ὄτι
2712 2849 2771 2902 δέ
2811 2849 2970 2902 τοῦτό
3012 2850 3159 2903 ἐστιν
3200 2848 3362 2903 αὐτοῦ
3416 2849 3513 2918 τῆς
3560 2847 3743 2910 οὐσίας
3785 2845 3843 2899 τὸ

2190 2932 2359 3005 ὄνομα
2407 2935 2580 2999 οὐδεὶς
2616 2938 2898 3008 προφήτης
2938 2931 3113 3006 εἶπεν,
3152 2936 3327 3001 οὐδεὶς
3363 2936 3660 2998 ἀπόστολος
3705 2929 3845 3007 [687]

2191 3025 2432 3097 ᾐνίξατο,
2473 3026 2646 3090 οὐδεὶς
2696 3026 3123 3098 εὐαγγελιστήςο
3165 3025 3259 3079 καὶ
3314 3025 3461 3096 μάλα
3517 3024 3759 3086 είκύτως.
3788 3022 3845 3074 Οἱ

2192 3111 2301 3184 γὰρ
2332 3112 2500 3184 αὐτὴν
2541 3112 2639 3184 τὴν
2684 3113 2870 3168 οὐσίαν
2914 3104 3262 3185 ἀγνοοῦντες,
3306 3113 3424 3177 πῶς
3469 3112 3641 3184 ὄνομα
3686 3109 3847 3180 αὐτῆς

2194 3197 2373 3268 λέγειν
2413 3200 2645 3272 ἤμελλον
2662 3218 2676 3268 ;

2266 3349 2329 3398 ε’.
2369 3343 2480 3396 Καὶ
2528 3342 2582 3396 τί
2614 3342 2758 3412 λέγω
2794 3341 2926 3415 περὶ
2974 3341 3084 3396 τῶν
3115 3341 3275 3397 θείων
3320 3340 3576 3414 Γραφῶν,
3610 3339 3747 3394 ὅπου
3787 3355 3845 3408 γε

2192 3429 2428 3502 τοσαύτη
2465 3431 2565 3502 τῆς
2599 3431 2829 3495 ἀτοπίας
2872 3433 2906 3502 ἡ
2939 3430 3269 3502 περιφάνεια
3300 3441 3348 3494 ε,
3392 3429 3489 3483 καὶ
3530 3429 3633 3500 τῆς
3681 3444 3845 3498 παρα-

2194 3522 2385 3593 νομίας
2419 3523 2452 3593 ή
2482 3521 2775 3593 ὑπερϐολὴ,
2817 3521 2892 3584 ὡς
2932 3521 3066 3592 μηδὲ
3105 3521 3234 3582 τοὺς
3276 3520 3376 3590 τῆς
3411 3518 3840 3590 ἀληθείαςάπο-

2194 3609 2565 3681 πλανηθέντας
2598 3608 2871 3680 ’Έλληνας
2916 3608 3263 3680 ἐπιχειρῆσαί
3321 3607 3455 3661 ποτέ
3506 3622 3563 3660 τι
3618 3603 3842 3660 τοιοῦτον

2193 3700 2393 3765 είπεῖνς
2426 3697 2612 3762 Οὐδεὶς
2643 3697 2753 3770 γὰρ
2779 3697 2902 3750 οὐδὲ
2938 3695 3165 3751 ἐκείνων
3192 3696 3459 3766 ἐτόλμησε
3490 3693 3644 3757 θείας
3670 3692 3842 3753 οὐσίας

2193 3787 2317 3859 ὅρον
2347 3786 2623 3849 ἐκθέσθαι,
2651 3787 2745 3839 καλ⁵
2770 3785 2850 3839 ἐνὶ
2875 3785 3097 3856 ὀνόματι
3124 3783 3459 3856 περιλαϐεῖν.
3483 3783 3596 3837 Καὶ
3625 3782 3680 3834 τί
3715 3780 3839 3848 λέγω

2195 3873 2341 3937 θείας
2372 3873 2577 3937 οὐσίας,
2602 3874 2738 3928 ὅπου
2766 3889 2831 3942 γε
2863 3875 2992 3944 περὶ
3029 3873 3125 3942 τῆς
3148 3872 3257 3927 τῶν
3292 3869 3604 3941 ἀσωμάτων
3645 3866 3838 3937 φύσεως

2195 3960 2606 4031 φιλοσοφοῦντες
2627 3961 2748 4014 οὐδέ
2774 3959 2978 4031 ταύτης
2999 3958 3406 4031 ἀπηρτισμένον
3435 3958 3563 4029 ὅρον
3588 3954 3834 4022 ἐξέθεντο.

2194 4048 2311 4102 ἀλλ’
2350 4048 2598 4119 ἀμυδρὰν
2645 4064 2765 4100 τινα
2798 4046 3059 4118 ἐξήγησιν
3097 4046 3193 4100 καὶ
3224 4046 3550 4116 ὑπογραφὴν
3596 4038 3837 4115 μᾶλλωῆ

2195 4136 2352 4207 ὃρον;
2388 4135 2549 4189 ’Δλλά
2574 4134 2659 4199 τίς
2688 4135 2717 4187 6
2758 4134 2925 4203 σοφὸς
2955 4132 3140 4187 αὐτῶν
3177 4132 3372 4201 λόγος;

2268 4260 2384 4329 Οὐκ
2427 4272 2572 4339 οἶδας
2620 4268 2711 4328 οὖν
2746 4273 2775 4327 δ
2824 4272 3033 4339 σέϐεις;
3083 4271 3236 4342 φησί.
3289 4269 3544 4325 Μάλιστα
3596 4270 3694 4340 μὲν
3734 4265 3835 4320 οὐδέ

2196 4362 2589 4434 ἀποκρίνασθαι
2635 4361 2771 4432 πρὸς
2822 4359 2979 4413 τοῦτο
3024 4359 3160 4423 ἔδει,
3212 4356 3481 4428 τοσαύτης
3535 4354 3833 4417 ἀποδείξεως

2195 4451 2261 4502 ἐκ
2284 4449 2392 4501 τῶν
2425 4447 2654 4520 Γραφῶν
2682 4448 2997 4519 γενομένης,
3033 4447 3116 4499 ὅτι
3147 4445 3404 4500 ἀδύνατον
3437 4444 3637 4498 εἰδέναι
3670 4443 3720 4495 τί
3753 4440 3833 4508 τὴν

2195 4537 2380 4591 οὐσίαν
2418 4537 2564 4589 ἐστὶν
2592 4535 2621 4587 6
2655 4535 2822 4599 Θεός·
2858 4534 3045 4604 ἐπειδὴ
3070 4534 3127 4587 δὲ
3160 4535 3220 4587 οὐ
3267 4533 3402 4604 πρὸς
3443 4531 3644 4603 ἔχθραν
3688 4529 3831 4601 φθεῖ-

2194 4623 2435 4695 γόμεθα,
2477 4623 2589 4677 ἀλλ’
2619 4622 2760 4675 ὥστε
2806 4623 3001 4684 αὐτοὺς
3033 4620 3357 4693 διορθῶσαι,
3389 4621 3525 4692 φέρε
3575 4619 3827 4687 δείξωμεν,

2195 4711 2276 4765 ὅτι
2307 4713 2368 4765 οὐ
2404 4711 2465 4764 τὸ
2494 4711 2704 4780 ἀγνοεῖν
2743 4709 2794 4762 τί
2826 4710 2926 4779 τὴν
2963 4710 3154 4762 οὐσίαν
3196 4709 3344 4761 ἐστὶν
3374 4710 3402 4761 6
3435 4707 3589 4770 Θεὸς,
3634 4704 3758 4759 ἀλλά
3783 4700 3828 4753 τί

2197 4801 2517 4871 φιλονεικεῖν
2544 4799 2763 4864 είδέναι,
2789 4797 2949 4851 τοῦτο
2976 4797 3090 4851 ἐστι
3115 4798 3208 4851 τὸν
3239 4796 3371 4851 Θεὸν
3398 4797 3637 4866 ἀγνοεῖν.

2267 4951 2402 5005 Είπέ
2431 4951 2539 5021 γάρ
2574 4966 2684 5021 μοι,
2710 4951 2759 5003 εί
2788 4949 2881 5004 δύο
2908 4948 3211 5022 ἀνθρώπων
3240 4950 3690 5021 φιλονεικούντων
3716 4943 3826 5015 πρὶς

2195 5037 2458 5109 ἀλλήλους
2502 5036 2697 5090 ειδέναι
2747 5036 2839 5089 τοῦ
2888 5037 3122 5109 οὐρανοῦ
3169 5038 3230 5091 τὸ
3284 5037 3537 5109 μέγεθος,
3577 5040 3605 5092 6
3638 5037 3727 5108 μὲν
3762 5025 3828 5092 εἷς

2197 5126 2345 5195 λέγει
2400 5124 2474 5197 μὴ
2527 5124 2785 5179 δύνασθαι
2835 5125 2967 5178 αὐτὸ
3028 5124 3367 5196 ἀνθρώπινον
3420 5121 3831 5194 καταλαμβάνειν

2196 5213 2495 5284 ὀφθαλμὸν,
2537 5216 2566 5267 6
2608 5212 2666 5266 δὲ
2715 5213 2901 5283 ἕτερος
2951 5211 3279 5284 φιλονεικοίη
3323 5211 3552 5267 δυνατὸν
3579 5207 3732 5275 εἶναι,
3771 5204 3833 5275 τῇ

2265 5544 2289 5606 ξ
2326 5540 2421 5606 Αἰξί
2444 5542 2697 5606 σκαιωρία.

2263 5602 2293 5643 d
2324 5607 2360 5667 ᾼ
2373 5602 2423 5652 lii
2448 5602 2844 5667 περιεργάσασθαι
2851 5639 2862 5652 .

2268 5668 2292 5696 °
2320 5666 2427 5715 Duo
2448 5663 2897 5739 ῐηιξεέύπερηφανία,
2932 5671 2989 5716 el
3030 5663 3101 5739 sic
3133 5664 3285 5719 Savil.
3323 5665 3456 5720 Infra
3491 5668 3704 5731 quinque
3730 5673 3821 5718 mss

2204 5725 2324 5776 ὅπου
2343 5742 2398 5789 γε
2416 5727 2521 5790 περὶ
2541 5732 2625 5785 τῆς
2644 5725 2739 5774 τῶν
2752 5725 2993 5789 σωμάτων
3012 5727 3214 5791 φύσεως.
