3980 6184
242 291 336 345 7η
959 272 965 278 ’
1167 283 1254 340 DE
1294 283 1973 341 INCOMPREHENSIBILI
2017 285 2126 341 DEI
2166 286 2468 344 NATURA.
2511 287 2576 344 ν.

241 402 337 457 bac
376 399 584 455 Insania
627 397 886 452 deterius?
915 397 1018 451 Cur
1062 406 1237 450 autem
1273 397 1393 451 dico
1419 439 1432 461 ,
1476 413 1593 466 qure
1619 398 1685 452 sit
1715 397 1828 451 aui-

240 507 341 545 ma:
379 489 714 544 substantia?
742 488 817 540 Ne
845 487 1057 556 quidem
1089 487 1354 554 quomodo
1396 488 1465 540 sit
1512 488 1562 540 in
1604 501 1828 556 corpore

238 582 506 652 quispiam
536 580 716 636 dicere
759 588 951 648 potest.
990 578 1123 646 Quid
1151 579 1292 633 enim
1328 579 1566 643 dicatur,
1593 595 1660 632 an
1710 594 1825 632 eam

239 675 289 727 in
335 681 448 726 tota
472 670 714 740 corporis
751 669 891 723 mole
935 669 1193 722 extendi?
1219 668 1323 724 Sed
1370 668 1469 722 hoc
1498 668 1782 723 absurdum
1810 710 1824 735 ,

239 765 290 819 id
320 764 523 833 quippe
548 760 862 831 corporibus
892 762 1162 829 prOprium
1208 769 1307 813 est.
1336 758 1487 826 Quod
1513 769 1688 813 autem
1716 761 1829 812 ani-

238 872 322 909 ma
355 855 436 909 sic
464 867 588 907 esse
627 866 732 906 non
776 851 982 920 possit,
1011 850 1136 904 hinc
1176 850 1339 919 liquet
1367 868 1379 901 :
1412 865 1554 918 smpe
1583 851 1827 903 manibus

239 946 573 1016 pedibusque
624 942 857 1013 praecisis
897 981 912 1006 ,
964 942 1169 1011 integra
1232 941 1319 995 illa
1375 950 1594 1006 manet,
1650 956 1821 1009 neque

243 1043 495 1090 truncato
518 1047 746 1103 corpore
774 1032 957 1086 mutila
989 1031 1236 1085 efficitur.
1272 1031 1462 1089 Verum,
1493 1030 1544 1083 in
1577 1039 1686 1084 toto
1712 1046 1824 1085 cor-

236 1140 373 1192 pore
421 1139 530 1178 non
575 1131 685 1188 est,
739 1121 832 1176 sed
881 1121 932 1175 in
986 1131 1136 1190 parte
1177 1120 1400 1190 quadam
1441 1120 1824 1174 continetur":

240 1229 376 1284 ergo
424 1214 626 1282 reliqua
658 1211 895 1265 membra
925 1219 1132 1265 mortua
1158 1225 1277 1265 esse
1316 1224 1534 1264 necesse
1563 1218 1644 1264 est
1664 1250 1679 1274 ,
1708 1225 1828 1263 nam

237 1306 384 1378 quod
428 1306 806 1368 inanimatum,
838 1312 1104 1357 mortuum
1161 1311 1264 1357 est.
1306 1302 1374 1355 At
1419 1316 1517 1355 nec
1567 1301 1694 1355 illud
1747 1301 1830 1355 di-

237 1397 471 1452 cendum
498 1438 516 1463 ,
562 1396 652 1450 sed
681 1395 826 1449 illam
857 1393 1070 1462 quidem
1119 1393 1176 1447 in
1220 1406 1446 1461 corpore
1480 1406 1600 1446 esse
1644 1401 1828 1446 nostro

238 1489 443 1543 scimus
465 1529 482 1554 ,
529 1486 798 1557 quomodo
827 1493 1006 1540 autem
1043 1485 1151 1547 sit,
1190 1483 1514 1554 ignoramus.
1545 1484 1828 1552 Propterea

241 1580 388 1635 enim
424 1579 569 1634 Deus
599 1578 735 1633 hanc
777 1577 930 1632 nobis
967 1576 1318 1646 cognitionem
1358 1575 1565 1644 penitus
1594 1574 1828 1630 occulta-

239 1673 312 1726 vit
341 1713 356 1738 ,
386 1680 445 1726 ut
475 1669 632 1724 nobis
659 1684 754 1724 ora
799 1668 1045 1723 frtenaret
1065 1710 1081 1735 ,
1109 1668 1431 1731 contineret,
1463 1676 1626 1736 atque
1663 1667 1713 1720 in
1746 1667 1827 1720 in-

240 1761 381 1816 limis
410 1775 634 1815 manere
675 1757 962 1824 suaderet,
1006 1773 1072 1812 ne
1107 1773 1225 1828 quae
1249 1771 1406 1825 supra
1439 1771 1536 1810 nos
1585 1765 1709 1810 sunt
1737 1771 1832 1810 cu-

239 1853 383 1908 riose
412 1860 794 1915 scrutaremur,
828 1859 920 1903 aut
948 1845 1594 1918 perquirerentus.Verum
1623 1861 1689 1900 ne
1718 1847 1831 1900 hinc

239 1943 543 1999 ratiociniis
587 1941 785 1998 nostris
831 1940 1300 2005 demonstremus,
1347 1954 1445 2009 age
1499 1953 1707 1993 rursum
1763 1939 1829 1992 ad

242 2032 578 2103 Scripturam
624 2046 926 2086 sermonem
957 2042 1364 2086 convertemus:
1399 2029 1521 2082 Non
1563 2031 1681 2099 quia
1720 2028 1828 2082 Pa-

240 2135 364 2178 trem
394 2123 522 2176 vidit
563 2123 865 2194 quisquam,
911 2120 1009 2174 nisi
1059 2121 1144 2192 qui
1186 2137 1250 2174 ea:
1277 2118 1382 2173 Deo
1426 2129 1499 2172 est
1522 2161 1538 2186 ,
1585 2119 1666 2172 hic
1706 2120 1829 2173 vidit

241 2213 455 2269 Patrem
485 2213 660 2283 (Joan.
707 2212 762 2267 6.
791 2210 909 2282 46).
933 2210 1131 2266 Verum
1158 2211 1282 2281 quid
1311 2213 1408 2265 hoc
1429 2211 1452 2263 ?
1477 2211 1711 2280 inquiet:
1731 2211 1832 2266 hoc

240 2308 443 2363 dictum
503 2323 608 2362 non
657 2307 754 2377 ipsi
785 2307 1144 2376 cognitionem
1177 2305 1462 2376 perfectam
1509 2306 1829 2375 adscripsit,

242 2400 337 2453 sed
362 2408 664 2453 creaturam
695 2398 905 2467 quidem
936 2413 1056 2452 eum
1084 2413 1190 2452 non
1213 2412 1372 2453 nosse
1418 2396 1706 2457 declaravit
1748 2396 1832 2450 his

243 2491 421 2545 verbis
453 2508 466 2544 :
500 2488 623 2543 Non
676 2492 794 2560 quia
844 2488 1053 2544 Patrem
1094 2490 1216 2543 vidit
1267 2491 1566 2560 quisquam;
1602 2490 1833 2558 itemque

243 2581 385 2635 dixit
437 2580 634 2636 Filium
679 2582 850 2651 ipsum
901 2594 1093 2644 nosse,
1126 2581 1239 2635 lucc
1290 2577 1658 2650 Subjungens,
1714 2577 1833 2632 Nisi

241 2674 331 2738 qui
367 2683 440 2726 est
468 2689 532 2726 ex
549 2670 660 2726 Deo
681 2688 699 2726 :
724 2673 804 2726 hic
824 2673 946 2727 vidit
973 2671 1198 2726 Patrem.
1227 2671 1379 2740 Quod
1399 2682 1572 2727 autem
1601 2669 1834 2742 perfecte

243 2763 391 2816 illum
423 2771 753 2831 cognoscat,
784 2773 940 2832 atque
967 2763 1037 2816 ita
1076 2774 1132 2816 ut
1158 2762 1272 2832 ipse
1312 2763 1545 2832 seipsum
1573 2758 1758 2826 novit,
1779 2759 1832 2814 id

247 2854 482 2909 nondum
535 2855 953 2910 demonstratum
1005 2865 1110 2911 est.
1152 2855 1292 2909 Fieri
1345 2870 1574 2924 namque
1613 2862 1830 2924 potest,

249 2947 322 3001 ait
341 2989 357 3011 ,
389 2957 450 3001 ut
491 2963 665 3018 neque
705 2957 948 3002 creatura
977 2962 1097 3002 eum
1126 2948 1269 3002 clare
1311 2954 1634 3017 cognoscat,
1662 2960 1834 3015 neque

248 3029 434 3102 Filius,
465 3037 561 3092 sed
588 3037 783 3093 clarius
813 3039 898 3092 hic
923 3053 1080 3108 quam
1127 3038 1236 3101 illa,
1260 3046 1314 3092 et
1338 3046 1516 3092 tamen
1543 3036 1833 3106 perfectam

247 3128 782 3199 comprehensionem
832 3144 936 3184 non
985 3130 1224 3198 attingat.
1256 3128 1387 3182 Nam
1426 3129 1572 3181 illum
1621 3127 1834 3196 quidem

249 3219 466 3286 videre,
500 3228 558 3273 ut
595 3230 712 3287 est,
743 3230 798 3276 et
822 3235 1144 3290 cognoscere
1170 3236 1227 3275 se
1268 3221 1378 3285 ait,
1404 3218 1634 3290 perfecte
1657 3228 1834 3274 autem

249 3325 583 3382 cognoscere
610 3320 770 3379 atque
799 3321 855 3365 ut
881 3313 995 3380 ipse
1035 3312 1268 3381 seipsum
1304 3311 1488 3376 novit,
1516 3309 1567 3364 id
1598 3309 1834 3364 nondum

244 3401 564 3457 declaravit.
594 3399 831 3456 Vultisne
858 3401 1016 3470 igitur
1041 3442 1057 3467 ,
1086 3410 1144 3455 ut
1170 3414 1201 3455 a
1240 3401 1404 3455 sacris
1425 3400 1712 3469 Seripturis
1735 3441 1752 3467 ,
1783 3408 1838 3454 et

239 3494 310 3548 ab
353 3493 489 3563 ipsis
514 3491 714 3547 Christi
750 3492 924 3547 verbis
960 3493 1012 3547 id
1035 3491 1364 3562 probemus?
1394 3491 1683 3546 Audiamus
1708 3490 1837 3562 quid

239 3583 448 3642 Iudaeis
487 3584 605 3652 ipse
627 3583 768 3638 dicat
795 3599 810 3636 ε
844 3583 987 3638 Sicut
1011 3583 1264 3654 cognoscit
1293 3598 1371 3636 me
1405 3581 1557 3635 Pater
1577 3622 1594 3648 ,
1641 3592 1686 3636 et
1741 3598 1833 3653 ego

237 3689 496 3742 cognosco
525 3671 735 3726 Patrem
787 3671 900 3742 (Id.
932 3673 1160 3742 10.15).
1210 3671 1346 3740 Quid
1400 3671 1498 3725 hac
1537 3672 1838 3742 cognitione

244 3765 545 3836 perfectius
575 3763 769 3819 deinde
816 3778 1025 3835 quaeras
1047 3763 1072 3817 ’ἔ
1097 3765 1366 3833 Interroga
1427 3762 1788 3819 adversarium
1819 3804 1835 3831 ,

241 3875 311 3912 an
337 3856 504 3911 Pater
533 3855 726 3912 Filium
757 3856 994 3925 perfecte
1023 3855 1205 3920 novit,
1236 3855 1701 3924 omnimodamque
1723 3854 1840 3923 ejus

242 3949 612 4021 cognitionem
651 3949 852 4013 habet,
888 3949 1123 4018 nihilque
1177 3949 1276 4017 ipsi
1319 3948 1446 4002 latet
1491 3961 1674 4002 eorum
1722 3962 1841 4016 quae

244 4044 444 4100 Filium
477 4051 720 4113 spectant
743 4085 758 4110 ,
789 4041 886 4098 sed
937 4041 1168 4111 perfecta
1195 4048 1277 4094 est
1320 4039 1537 4094 scientia
1557 4041 1582 4093 ?
1619 4039 1694 4094 Ita
1722 4047 1837 4104 est,

244 4136 618 4206 respondebit.
666 4135 830 4206 Igitur
890 4148 1010 4190 cum
1055 4133 1325 4199 audieris,
1389 4135 1457 4186 ita
1509 4147 1632 4188 eum
1682 4146 1840 4186 nosse

246 4227 449 4283 Filium
485 4236 543 4280 ut
568 4227 682 4296 ipse
712 4225 901 4280 Filium
929 4224 1107 4292 novit,
1138 4223 1268 4277 nihil
1289 4223 1424 4277 ultra
1447 4237 1654 4293 quaeras
1675 4263 1689 4287 ,
1720 4237 1840 4277 eum

245 4317 533 4387 utrobique
573 4317 805 4386 cognitio
832 4317 899 4371 ita
943 4315 1014 4370 sit
1065 4314 1302 4385 aequalis.
1346 4314 1476 4368 Nam
1507 4324 1561 4368 et
1589 4314 1713 4368 alibi
1762 4314 1844 4368 id-

245 4408 427 4479 ipsum
484 4410 773 4464 declaravit
823 4409 906 4464 his
951 4409 1171 4464 verbis:
1207 4407 1371 4463 Nemo
1415 4407 1550 4461 novit
1612 4405 1840 4473 Filium,

250 4501 352 4555 nisi
402 4499 562 4554 Pater
585 4541 600 4565 ,
661 4517 820 4570 neque
863 4500 1070 4554 Patrem
1122 4499 1232 4570 quis
1282 4499 1449 4564 novit,
1489 4497 1586 4551 nisi
1631 4495 1838 4562 Filius,

252 4599 304 4645 ct
353 4593 438 4645 cui
487 4593 698 4647 voluerit
727 4591 898 4646 Filius
938 4593 1156 4646 revelare
1189 4588 1401 4662 (Matth.
1454 4590 1541 4644 11.
1595 4588 1712 4660 27).
1738 4587 1844 4643 Re-

252 4682 396 4737 velat
437 4692 616 4739 autem
671 4697 777 4738 non
804 4692 1059 4756 quantum
1089 4683 1203 4752 ipse
1230 4682 1379 4736 novit
1400 4722 1416 4747 ,
1458 4680 1553 4736 sed
1588 4689 1842 4750 quantum

248 4788 354 4828 nos
375 4773 638 4843 capimus.
675 4757 827 4828 Nam.
855 4774 898 4828 si
924 4773 1118 4828 Paulus
1145 4773 1215 4826 ita
1239 4771 1437 4838 faciat,
1464 4771 1631 4825 multo
1675 4770 1842 4841 magis

241 4867 498 4922 Christus
521 4885 535 4920 :
557 4867 831 4938 discipulis
858 4869 1052 4937 quippe
1072 4867 1184 4922 suis
1207 4866 1285 4922 sic
1314 4866 1403 4920 ille
1427 4866 1532 4919 ait:
1558 4863 1678 4919 Non
1703 4864 1845 4934 potui

240 4960 393 5013 vobis
423 4959 560 5028 loqui
615 4959 760 5027 quasi
792 4957 1175 5027 spiritualibus,
1203 4957 1292 5012 sed
1339 4959 1484 5028 quasi
1530 4957 1840 5011 carnalibus.

244 5052 544 5121 Tamquam
585 5050 810 5122 parvulis
853 5051 906 5103 in
934 5049 1134 5104 Christo
1170 5049 1248 5102 lac
1293 5048 1428 5103 vobis
1473 5059 1646 5120 potum
1683 5047 1840 5113 dedi,

240 5161 356 5198 non
375 5159 582 5197 escam:
608 5146 834 5197 nondum
872 5141 1005 5196 enim
1034 5141 1271 5212 poteratis
1301 5141 1379 5210 (l.
1411 5141 1527 5194 Cor.
1547 5141 1601 5194 ὅ.
1635 5140 1659 5194 1
1673 5151 1710 5209 ).
1738 5138 1843 5195 Sed

242 5236 305 5292 td
338 5233 636 5290 Corinthiis
684 5243 921 5300 tantum,
951 5231 1187 5302 inquiet,
1235 5231 1380 5286 dicit.
1421 5230 1558 5299 Quid
1617 5231 1773 5300 igitur
1798 5229 1843 5284 si

241 5326 643 5394 ostendamus,
680 5327 854 5397 ipsum
896 5325 999 5381 alia
1057 5325 1310 5392 novisse,
1359 5339 1478 5394 qua:
1525 5321 1700 5378 nullus
1745 5323 1844 5377 ho-

244 5423 468 5479 minum
498 5429 740 5488 noverat,
767 5429 824 5475 et
848 5434 971 5475 eum
996 5419 1140 5474 solus
1178 5418 1360 5481 sciret,
1391 5417 1468 5471 sic
1495 5431 1526 5470 e
1575 5415 1707 5470 vivis
1731 5415 1844 5470 dis-

243 5517 531 5576 cessisse?
573 5515 799 5572 Ubinam
850 5522 1026 5569 autem
1065 5521 1242 5567 autem
1276 5509 1329 5564 id
1373 5509 1593 5580 reperiri
1635 5507 1845 5578 possit?

321 5674 341 5706 ι
370 5671 752 5738 Αιϋιτοιιίρὶων.
779 5669 922 5738 Paulo
958 5674 1066 5731 post
1082 5680 1186 5738 pro,
1198 5663 1384 5738 reliqua
1405 5662 1618 5738 memora
1656 5671 1844 5717 mortua

247 5746 390 5800 me,
409 5725 629 5808 quinque
651 5743 777 5796 Mss,
797 5725 1005 5797 reliquas
1028 5725 1186 5795 ptirtes
1209 5725 1416 5778 mortuas
1436 5725 1561 5790 ﬁeri.

3408 295 3506 354 ’ΜΞ

1938 396 1993 450 In
2026 398 2244 473 epistola
2290 401 2355 453 ad
2405 399 2740 466 Corinthios,
2775 401 2862 456 ubi
2912 402 2982 456 ita
3033 404 3298 474 loquitur:
3332 405 3512 466 Audivi

1935 503 2120 542 arcana
2141 491 2287 543 verba
2311 532 2326 556 ,
2359 507 2476 559 qua:
2510 508 2609 544 non
2637 493 2748 545 licet
2793 494 2982 546 homini
3007 495 3142 564 loqui
3175 496 3247 566 (2.
3273 496 3392 550 Cor.
3426 497 3510 550 12.

1935 579 2013 648 4).
2060 580 2127 633 Et
2157 587 2330 634 tamen
2371 581 2458 634 hic
2485 582 2594 650 ipse
2616 583 2704 651 qui
2731 583 2929 637 audivit
2957 599 3149 638 arcana
3175 586 3333 640 verba
3354 629 3368 651 ,
3396 603 3514 656 qum

1935 683 2040 722 non
2070 669 2195 724 licet
2223 670 2423 724 homini
2455 671 2596 741 loqui
2627 713 2642 738 ,
2681 673 3052 742 particularem
3097 676 3379 745 quamdam
3423 693 3514 732 co-

1933 761 2226 828 gnitionem
2277 762 2474 828 habet,
2519 773 2572 817 et
2622 765 2792 818 futura
2841 766 2927 819 illa
2980 766 3134 836 longe
3183 767 3507 825 inferiorem.

1935 850 2034 916 Qui
2084 852 2224 906 enim
2262 853 2346 906 illa
2395 854 2565 920 dixit,
2612 855 2690 909 sic
2743 857 2900 910 etiam
2939 857 3214 926 loquitur:
3248 857 3332 914 Ea:
3374 873 3515 930 parte

1936 945 2296 1014 cognoscimus,
2327 956 2370 999 et
2399 964 2460 1000 ea:
2483 957 2627 1015 parte
2664 947 3040 1018 praphetamus.
3069 949 3193 1003 Cum
3218 967 3373 1005 essem
3405 969 3514 1020 par-

1934 1038 2110 1100 vulus,
2157 1039 2392 1108 loquebar
2437 1049 2490 1091 ut
2529 1039 2806 1105 parvulus,
2855 1040 3110 1109 sapiebam
3148 1051 3204 1095 ut
3249 1046 3510 1114 parvulus,

1934 1121 2233 1190 cogitabam
2251 1134 2307 1176 ut
2333 1127 2606 1192 parvulus.
2633 1125 2700 1179 Et
2723 1143 2861 1180 nunc
2884 1129 3026 1180 video
3046 1145 3137 1196 per
3170 1133 3438 1198 speculum
3462 1137 3514 1188 in

1935 1217 2236 1285 attigmatc;
2257 1227 2380 1273 tunc
2401 1230 2580 1274 autem
2604 1218 2741 1284 facie
2769 1221 2838 1273 ad
2867 1221 3058 1288 faciem
3086 1222 3159 1292 (1,
3189 1223 3314 1284 Cor.
3341 1225 3429 1280 l3.
3457 1226 3512 1280 9.

1936 1309 2023 1362 11.
2045 1308 2153 1373 12).
2180 1307 2366 1378 Itaque
2387 1325 2451 1364 ex
2480 1310 2562 1365 bis
2589 1311 2746 1366 nobis
2766 1321 2879 1366 tota
2905 1313 3122 1368 illorum
3149 1313 3363 1370 fallacia
3383 1318 3399 1346 ¹
3429 1332 3514 1372 re-

1933 1395 2208 1467 darguitur
2241 1415 2253 1449 :
2282 1411 2402 1451 cum
2437 1397 2580 1451 enim
2611 1398 2723 1468 ipsa
2749 1398 3041 1454 substantia
3071 1400 3342 1471 ignoratur
3364 1440 3379 1465 ,
3409 1414 3515 1458 nou

1936 1501 2002 1540 an
2039 1473 2142 1550 ~sit,
2188 1486 2281 1541 sed
2311 1486 2436 1555 quid
2478 1487 2547 1540 sit
2575 1526 2610 1560 ,1
2637 1497 2890 1542 extremae
2917 1502 3048 1544 sane
3086 1489 3306 1544 insaniae
3361 1488 3517 1544 fuerit

1942 1591 2137 1632 nomen
2177 1577 2275 1646 ipsi
2305 1579 2557 1636 tribuere.
2607 1579 2934 1649 Quamquam
2964 1581 3062 1635 etsi
3111 1589 3233 1637 nota
3268 1590 3518 1652 certaque

1935 1676 2116 1734 esset,
2149 1683 2253 1721 non
2300 1679 2465 1722 tutum
2524 1680 2698 1724 tamen
2757 1680 2938 1738 esset,
2987 1686 3087 1726 nos
3140 1672 3284 1742 ipsos
3319 1687 3514 1728 nomen

1934 1767 2118 1813 nostro
2169 1759 2327 1813 modo
2374 1769 2616 1816 statuere
2668 1762 2980 1817 substantiae
3039 1764 3265 1818 Domini.
3299 1765 3431 1820 Nam
3470 1767 3516 1820 si

1937 1849 2132 1904 Paulus
2180 1850 2425 1919 supernis
2467 1852 2752 1907 virtutibus
2807 1853 3021 1907 nomina
3078 1855 3353 1923 imponere
3413 1870 3518 1910 non

1935 1955 2097 1993 ausus
2143 1951 2259 2006 est,
2309 1943 2400 1994 sed
2447 1957 2566 1996 eum
2619 1944 2875 2010 dixisset,
2946 1946 3212 2000 Constituit
3269 1946 3521 2002 Christum

1934 2047 2088 2101 super
2135 2049 2330 2086 onmem
2367 2035 2706 2103 principatum
2742 2047 2789 2088 et
2841 2047 3164 2107 potestatem,
3207 2049 3253 2093 et
3293 2041 3520 2093 virtutem

1944 2133 1990 2175 et
2039 2141 2184 2178 omne
2245 2142 2459 2190 nomen,
2508 2128 2645 2198 quod
2711 2131 3036 2194 nominatur,
3091 2147 3192 2184 non
3259 2133 3422 2185 solum
3469 2149 3521 2185 tu

1937 2217 2031 2270 hoc
2054 2217 2237 2271 stcculo
2261 2259 2277 2283 ,
2308 2219 2396 2272 sed
2421 2220 2570 2273 etiam
2594 2222 2646 2273 in
2669 2221 2840 2288 futuro
2869 2221 3082 2293 (Ep/tes.
3109 2225 3159 2278 1.
3177 2225 3293 2294 2|),
3319 2241 3525 2298 nosque

1878 2377 1880 2382 _
1936 2307 2244 2375 docuisset,
2295 2324 2414 2364 esse
2493 2312 2733 2380 quaedam
2794 2313 3046 2368 virtutum
3101 2317 3346 2379 nomina,
3402 2333 3522 2386 qum.

1936 2409 2064 2456 tunc
2113 2415 2537 2471 cognoscemus,
2586 2419 2686 2459 nec
2749 2420 2912 2460 ausus
2965 2406 3079 2476 ipse
3147 2416 3228 2461 est
3268 2408 3369 2462 alia
3420 2423 3518 2478 pro

1937 2493 2047 2548 illis
2087 2504 2354 2560 statuere,
2388 2510 2560 2565 neque
2603 2495 2690 2550 illa
2734 2497 3035 2566 exquirere,
3080 2513 3181 2567 qua
3229 2500 3404 2565 venia,
3438 2502 3522 2554 vel

1937 2600 2040 2656 qua
2082 2588 2426 2643 excusatione
2455 2587 2598 2658 digni
2641 2588 2839 2644 fuerint
2883 2590 2953 2656 ii,
2995 2591 3084 2660 qui
3137 2592 3276 2648 circa
3315 2593 3522 2656 Domini

1937 2677 2287 2734 substantiam
2327 2679 2556 2749 idipsum
2583 2681 2760 2737 facere
2780 2681 3019 2738 audent?
3040 2685 3169 2738 Cum
3197 2695 3373 2740 autem
3404 2687 3516 2758 ipsa

1938 2784 2147 2840 quoque
2206 2770 2500 2827 substantia
2547 2773 2821 2844 ignoretur
2848 2815 2864 2840 ,
2932 2775 3075 2845 ipsos
3126 2790 3223 2830 ceu
3293 2777 3522 2836 furiosus

1944 2863 2178 2917 aversari
2209 2873 2438 2932 oportet.
2475 2863 2608 2920 Nam
2653 2865 2790 2934 quod
2841 2865 2984 2922 Deus
3023 2867 3092 2922 sit
3135 2868 3399 2939 ingenitus
3430 2885 3524 2940 pa-

1938 2951 2041 3006 lam
2073 2961 2197 3018 est;
2245 2955 2387 3025 quod
2415 2964 2591 3009 autem
2638 2956 2766 3010 illud
2811 2957 2880 3011 sit
2922 2956 3036 3026 ejus
3063 2957 3375 3014 substantia:
3423 2976 3518 3014 no-

1939 3060 2092 3112 men,
2122 3045 2174 3100 id
2201 3048 2374 3103 nutlus
2401 3049 2781 3118 prophetarum
2827 3049 3000 3116 dixit,
3046 3051 3224 3107 nullus
3249 3053 3522 3122 apostolo-

1939 3151 2058 3190 rum
2101 3135 2495 3205 subindicavit,
2552 3139 2838 3208 nullusque
2876 3141 3200 3211 evangeliSta
3225 3158 3240 3207 ;
3269 3151 3323 3203 et
3368 3154 3514 3199 recte
3543 3195 3556 3209 ,

1939 3228 2174 3300 quidem.
2197 3229 2297 3298 Qui
2313 3231 2453 3287 enim
2471 3233 2639 3303 ipsam
2660 3233 3010 3288 substantiam
3040 3237 3368 3306 ignorarent,
3389 3253 3521 3310 quoe

1940 3318 2102 3376 modo
2128 3335 2323 3377 nomen
2353 3323 2468 3393 ejus
2495 3323 2738 3394 proferre
2766 3326 3028 3395 possent?

2012 3411 2066 3467 5.
2098 3411 2300 3484 Ecquid
2336 3413 2525 3485 loquor
2581 3415 2649 3470 de
2703 3415 2917 3473 divinis-
2951 3416 3242 3488 Scripturis
3264 3460 3281 3487 ,
3312 3422 3523 3490 quando

1941 3511 2086 3559 tanta
2150 3514 2233 3562 est
2283 3505 2625 3562 absurditatis
2684 3507 2828 3564 illius
2872 3493 3169 3574 evidentia,
3229 3519 3369 3566 tanta
3422 3510 3526 3565 ini-

1943 3595 2155 3665 quitatis
2199 3597 2545 3667 magnitudo,
2590 3607 2650 3656 ut
2701 3614 2769 3654 ne
2810 3600 3038 3669 gentiles
3079 3600 3293 3670 quidem
3323 3642 3338 3666 ,
3366 3601 3455 3670 qni
3497 3617 3527 3662 a

1944 3690 2164 3744 veritate
2204 3689 2614 3756 aberraverant,
2657 3691 2783 3760 quid
2834 3691 3007 3746 simile
3055 3707 3304 3766 umquam
3348 3692 3530 3748 dicere

1943 3779 2056 3833 ausi
2104 3779 2254 3833 sint:
2286 3793 2444 3835 nemo
2489 3780 2632 3834 enim
2686 3795 2753 3836 ex
2806 3781 2909 3840 illis
2952 3781 3147 3836 divinat
3213 3784 3525 3837 substantia:

1943 3867 2303 3925 definitionem
2330 3869 2520 3926 efferre
2567 3872 2791 3926 tentavit
2813 3913 2827 3937 ,
2854 3887 3078 3943 eamque
3109 3888 3214 3937 uno
3242 3875 3526 3943 complecti

1945 3961 2163 4018 nomine
2194 3978 2354 4018 ausus
2379 3973 2481 4019 est.
2513 3964 2579 4018 Et
2610 3964 2738 4041 quid
2766 3965 2955 4036 loquor
2981 3965 3048 4021 de
3077 3963 3253 4023 divina
3283 3965 3531 4027 substan-

1947 4053 2016 4106 tia
2041 4092 2056 4116 ,
2099 4053 2310 4122 quando
2337 4069 2403 4108 ne
2442 4053 2509 4108 de
2557 4054 2868 4126 incorporea
2897 4055 3111 4127 quidem
3152 4067 3338 4110 natura
3361 4057 3381 4088 '
3411 4057 3528 4126 phi-

1949 4141 2312 4214 losophantes,
2336 4145 2450 4214 ejus
2483 4145 2772 4215 perfectam
2803 4146 3167 4202 definitionem
3189 4155 3529 4210 statuerunt;

1945 4235 2040 4290 sed
2070 4237 2349 4292 obscuram
2373 4245 2574 4291 tantum
2603 4237 3011 4307 descriptionem
3042 4246 3096 4292 et
3120 4236 3531 4296 deliueatlonem

1946 4329 2122 4397 potius
2145 4370 2160 4395 ,
2190 4345 2346 4397 quam
2371 4328 2754 4384 definitionem.
2783 4329 2979 4384 Verum
3006 4327 3132 4403 quid
3163 4331 3429 4399 sapientes
3455 4328 3532 4382 illi

1947 4418 2202 4488 objiciunt
2220 4419 2245 4474 ?

2022 4508 2248 4580 Objectio
2287 4511 2664 4564 Anomazorum.
2692 4540 2763 4549 —
2784 4509 2921 4579 Ergo
2963 4509 3206 4579 ignoras,
3263 4508 3446 4575 aiunt,
3480 4508 3534 4569 id

1948 4601 2088 4672 quod
2117 4603 2248 4658 colis
2266 4604 2291 4656 ?
2335 4603 2468 4658 lluie
2493 4604 2647 4673 plane
2677 4603 2962 4672 objectioni
3005 4618 3072 4658 ne
3099 4601 3530 4674 respondendum

1951 4692 2166 4763 quidem
2230 4704 2414 4760 esset,
2463 4703 2744 4767 postquam
2785 4710 2852 4750 ex
2904 4695 3195 4775 Scripturis
3253 4695 3536 4774 perspicue

1948 4785 2370 4843 demonstratum
2395 4799 2498 4855 est,
2520 4789 2768 4861 cognosci
2791 4803 2896 4844 non
2918 4804 3074 4860 posse
3099 4789 3223 4866 quid
3245 4791 3538 4848 secundum

1949 4882 2299 4940 substantiam
2330 4882 2401 4937 sit
2440 4882 2606 4937 Deus.
2637 4881 2770 4950 Quia
2799 4896 2926 4936 vero
2955 4895 3060 4934 non
3105 4880 3320 4944 inimico
3362 4879 3533 4948 loqui-

1952 4993 2072 5032 mur
2106 4977 2320 5041 animo,
2350 4974 2443 5030 sed
2474 4985 2535 5029 ut
2561 4960 3025 5028 eosdemendemus
3056 4989 3069 5026 :
3102 4986 3198 5042 age
3218 5013 3232 5036 ,
3278 4970 3534 5025 ostenda-

1949 5085 2070 5127 mus
2109 5085 2215 5136 non
2264 5069 2508 5144 ignorare
2544 5065 2668 5143 quid
2729 5063 3020 5120 secundum
3069 5063 3415 5120 substantiam
3468 5061 3538 5116 sit

1951 5163 2091 5219 Deus
2119 5203 2136 5228 ,
2164 5161 2258 5217 sed
2287 5161 2339 5216 id
2366 5175 2426 5216 se
2450 5173 2608 5215 nosse
2656 5156 2982 5216 contendere
3001 5196 3018 5222 ,
3061 5154 3189 5209 illud
3218 5169 3337 5210 esse
3369 5153 3534 5208 Deum

1951 5254 2218 5324 ignorare.

2025 5347 2325 5417 Responsio.
2349 5375 2418 5385 —
2445 5345 2537 5399 Die
2565 5344 2704 5399 enim
2737 5343 2864 5397 mihi
2885 5383 2900 5407 ,
2951 5343 2994 5397 si
3034 5339 3142 5395 duo
3179 5339 3422 5394 homines
3467 5337 3536 5396 de

1954 5436 2330 5509 magnitudinis
2373 5436 2487 5490 οξυιὶ
2555 5435 2738 5495 notitia
2783 5433 2923 5488 inter
2979 5446 3038 5486 se
3103 5429 3533 5498 contenderent,

1953 5545 2177 5601 quorum
2204 5527 2338 5582 alter
2359 5527 2578 5593 diceret,
2599 5541 2701 5579 non
2726 5540 2881 5596 posse
2904 5524 3134 5578 humano
3157 5524 3311 5580 oeulo
3338 5521 3528 5589 caaltnn

2019 5667 2035 5696 ί
2073 5665 2178 5721 Alii,
2202 5662 2434 5725 nequitia.

2019 5732 2039 5763 ³
2075 5723 2294 5797 Quinque
2316 5732 2442 5786 Mss,
2469 5723 2530 5776 de
2546 5734 2797 5787 corporum
2844 5727 3030 5784 natura.
