3980 6184
499 235 637 291 715--

501 334 923 406 contprehendi;
962 337 1097 395 alter
1125 355 1250 394 vero
1275 341 1567 398 affirmaret
1607 359 1765 414 posse
1808 333 2077 406 Hominem

502 429 682 496 palmo
735 438 899 487 totum
926 429 1181 497 dimetiri;
1209 448 1365 503 quem
1392 450 1460 489 ex
1495 436 1575 491 his
1611 437 1912 498 diceremus
1962 444 2077 499 cadi

503 519 916 590 magnitudinem
945 537 1133 578 nosse:
1153 538 1345 580 eumue
1365 528 1454 596 qui
1480 533 1822 586 contenderet
1838 547 1897 588 se
1919 548 2079 591 nosse

509 621 641 680 quot
672 612 875 681 palmes
904 612 1096 669 habeat
1139 630 1205 669 an
1233 632 1353 671 eum
1381 618 1471 688 qui
1501 636 1559 675 se
1584 622 1827 691 ignorare
1863 625 2079 693 proﬁte-

507 702 680 757 retur?
699 704 850 771 Quod
876 706 919 759 si
952 706 996 759 is
1024 707 1113 776 qui
1144 710 1257 763 eteli
1289 713 1633 781 magnitudini
1655 715 1815 777 cedit.
1846 717 1959 785 ipse
1984 733 2080 786 po-

500 793 602 847 tius
621 794 900 863 nuvitejus
926 797 1356 866 magnitudinem,
1389 817 1554 870 quare
1576 820 1679 858 non
1720 806 1786 860 de
1811 806 1917 860 Deo
1965 809 2077 876 pari

508 898 631 939 cum
664 889 956 939 reverentia
980 886 1291 957 loquemur?
1310 892 1586 957 Quomodo
1608 912 1711 949 non
1745 896 1794 950 id
1825 908 2079 954 extrema:

499 972 784 1039 dementire
822 976 978 1033 fuerit
1001 980 1025 1033 i
1053 980 1203 1048 Quod
1228 991 1405 1039 autem
1437 986 1488 1040 id
1518 989 1689 1042 solum
1716 991 2017 1060 requiratur
2044 1007 2075 1047 a

498 1066 672 1133 nubis,
698 1077 753 1122 ut
773 1068 1003 1125 sciamus
1031 1072 1192 1126 Deum
1220 1089 1360 1141 esse,
1386 1092 1487 1133 non
1514 1087 1567 1131 ut
1590 1078 1707 1148 ejus
1723 1083 2079 1139 substantiam.

502 1159 711 1214 curiose
739 1169 1077 1231 scrutemur,
1125 1165 1247 1220 audi
1306 1168 1523 1225 Paulum
1573 1172 1916 1242 loquentem:
1959 1174 2081 1231 Cre-

497 1248 615 1301 dere
638 1248 991 1322 enimeportet
1038 1270 1152 1308 cum
1174 1258 1259 1327 qui
1278 1258 1346 1311 ad
1370 1258 1534 1314 Deum
1581 1265 1808 1329 accedit,
1840 1267 1958 1334 quia
2006 1278 2095 1321 est.

504 1339 688 1408 (llebr.
742 1343 828 1397 11.
869 1343 944 1414 6).
1000 1345 1226 1405 Rursum
1277 1352 1531 1420 propheta
1561 1394 1578 1421 ,
1627 1370 1747 1410 cum
1798 1357 2078 1426 impietatis

500 1433 800 1505 quempiam
827 1445 1135 1506 accusaret,
1162 1455 1269 1494 non
1299 1443 1346 1496 ei
1379 1444 1508 1505 vitio
1533 1447 1689 1500 vertit
1712 1487 1728 1510 ,
1758 1449 1899 1517 quod
1931 1449 2077 1518 igno-

500 1532 644 1577 raret
668 1524 791 1594 quid
843 1527 913 1581 sit
944 1528 1120 1594 Deus,
1152 1531 1245 1586 sed
1296 1533 1437 1603 quod
1489 1550 1608 1589 eum
1658 1553 1777 1593 esse
1824 1540 2074 1596 nesciret.

499 1612 630 1667 Nam
676 1613 770 1679 ait,
802 1614 943 1673 Dixit
970 1619 1211 1690 insipiens
1257 1622 1310 1676 in
1338 1624 1491 1679 corde
1528 1642 1620 1680 sua
1643 1668 1659 1691 ,
1705 1645 1808 1683 non
1837 1640 1909 1692 cu
1939 1629 2077 1685 Deus

497 1701 667 1771 (I’sal.
701 1706 889 1777 15.1).
924 1706 1085 1779 Igitur
1131 1720 1189 1766 ut
1236 1713 1323 1768 ille
1365 1715 1558 1785 impius
1601 1726 1715 1783 est,
1775 1735 1879 1774 non
1933 1722 2077 1791 quod

499 1794 707 1864 ignoret
758 1798 884 1868 quid
926 1802 1221 1858 secundum
1263 1805 1610 1863 substantiam
1653 1810 1723 1864 sit
1773 1810 1952 1879 Deus,
1982 1813 2077 1868 sed

498 1887 640 1956 quod
684 1888 890 1960 ignoret
941 1892 1102 1948 Deum
1149 1910 1312 1963 esse;
1357 1898 1436 1954 sic
1463 1899 1529 1953 ad
1577 1900 1713 1970 piam
1765 1902 2076 1974 religionem

497 1978 736 2046 sufficit,
773 1991 829 2036 ut
856 1983 1057 2039 sciatur
1088 1986 1252 2043 Deum
1282 2003 1420 2045 esse.
1459 1989 1566 2047 Sed
1593 1993 1788 2050 habent
1811 1996 1886 2051 illi
1915 1998 2087 2053 aliam.

496 2067 802 2129 meditatam
866 2078 1268 2145 argumentandi
1317 2081 1622 2138 rationem:
1660 2100 1816 2154 quam
1882 2087 2075 2143 illam?

497 2159 701 2216 Dictum
749 2172 867 2231 est,
914 2165 1191 2237 inquiunt,
1247 2169 1473 2240 Spiritus
1506 2184 1578 2228 est
1611 2173 1751 2230 Deus
1777 2175 1954 2250 (Joan.
2016 2180 2073 2235 4.

493 2247 610 2323 24).
651 2252 885 2309 lloccine
908 2296 925 2324 ,
957 2256 1040 2313 die
1065 2259 1193 2313 mihi
1219 2301 1236 2327 ,
1262 2261 1612 2319 substantiam
1639 2266 1755 2336 ejus
1787 2247 2074 2325 declarat?

497 2343 690 2417 Ecquis
717 2347 835 2406 hare
874 2350 1047 2420 ferat,
1078 2355 1122 2409 si
1156 2357 1238 2411 vel
1268 2358 1525 2413 tantillum
1560 2359 1630 2415 ad
1673 2361 1960 2433 Scriptura:
1983 2380 2073 2420 sa-

493 2451 598 2493 cra:
638 2440 779 2497 fores
822 2446 1150 2500 accesserit?
1188 2446 1322 2503 Nam
1367 2449 1468 2506 bac
1515 2454 1725 2508 ratione
1768 2455 1907 2509 Deus
1938 2457 2074 2525 ignis

491 2543 703 2599 quoque
753 2533 893 2597 erit;
945 2536 1391 2604 quemadmodum
1436 2542 1577 2596 enim
1623 2544 1879 2613 scriptum
1924 2552 2015 2600 est-
2053 2563 2069 2601 :

495 2617 720 2687 Spiritus
765 2632 838 2676 est
877 2622 1014 2679 Deus
1041 2642 1063 2689 ;
1093 2626 1164 2682 ita
1212 2644 1424 2698 quoque
1464 2632 1719 2702 scriptum
1763 2643 1883 2699 est,
1936 2634 2074 2691 Deus

494 2720 664 2765 noster
686 2712 817 2783 ignis
842 2730 1139 2772 consumens
1166 2730 1238 2774 est
1260 2718 1444 2793 (Hebr.
1474 2722 1561 2777 12.
1583 2722 1675 2795 29)
1702 2740 1717 2790 ;
1746 2741 1809 2779 ac
1834 2742 2073 2796 rursum,

491 2797 634 2857 Fons
662 2819 809 2874 aqum
828 2806 951 2861 vivat
992 2807 1210 2880 (Jerem.
1238 2811 1297 2867 2.
1334 2814 1443 2884 15).
1473 2814 1654 2886 Neque
1681 2816 1910 2886 Spiritus
1953 2818 2083 2876 fons.

490 2902 547 2948 et
593 2894 729 2965 ignis
785 2906 985 2954 tantum
1024 2900 1167 2970 erit,
1211 2904 1309 2960 sed
1351 2907 1512 2962 etiam
1582 2910 1795 2977 anima,
1841 2921 2070 2982 ventus,

492 3000 645 3042 mens
695 2990 922 3047 lmmana
949 3032 965 3057 ,
1000 3004 1053 3049 et
1082 2995 1185 3051 alia
1238 2996 1323 3053 his
1371 2998 1528 3071 longe
1554 3001 1910 3071 absurdiora;
1964 3021 2070 3063 non

489 3075 632 3131 enim
679 3080 856 3135 omnia
883 3097 1162 3143 recensere
1191 3102 1326 3159 opus
1367 3100 1453 3146 est
1478 3132 1494 3155 ,
1550 3107 1723 3164 neque
1754 3095 1962 3155 illorum
1992 3098 2074 3152 in-

480 3169 695 3222 saniam
751 3169 966 3227 imitari.
1035 3174 1147 3231 Hoc
1182 3178 1324 3233 enim
1394 3195 1587 3236 nomen
1638 3185 1847 3252 spiritus
1905 3188 2070 3244 multa

390 3252 407 3259 “
486 3257 791 3327 significat;
839 3266 1068 3323 animam
1102 3283 1290 3337 nempe
1332 3283 1570 3328 nostram
1594 3314 1608 3339 ,
1643 3282 1699 3331 ut
1727 3277 1803 3331 ait
1829 3277 2066 3347 Paulus,

494 3344 705 3403 Tradite
751 3350 1044 3418 hujusmodi
1092 3356 1341 3412 hominem
1382 3372 1574 3418 saturae
1596 3405 1609 3428 ,
1641 3375 1695 3419 ut
1736 3368 1942 3437 spiritus
1966 3344 2071 3424 sal;-

489 3453 580 3492 tms
632 3441 699 3496 sit
755 3442 830 3514 (1.
862 3443 980 3498 Cor.
1011 3447 1064 3501 5.
1094 3446 1190 3518 5);
1239 3450 1471 3522 itemque
1516 3465 1741 3512 ventum.
1775 3460 2079 3515 secundum.

487 3529 797 3596 prepbetam
817 3572 834 3598 ,
891 3533 1092 3606 Spiritu
1142 3540 1415 3596 vehementi
1479 3556 1704 3602 conteres
1763 3565 1848 3603 eos
1894 3550 2064 3622 (PsaL

484 3618 574 3673 b7.
609 3619 711 3691 8);
752 3621 949 3679 donum
999 3628 1159 3683 etiam
1204 3631 1477 3700 spiritttale
1514 3637 1591 3691 sic
1634 3648 1853 3694 vocatur
1879 3618 1911 3696 τ’
1943 3641 2068 3713 Ipse

485 3714 619 3766 cnim
644 3714 854 3785 spiritus
881 3722 1218 3777 testimonium
1244 3724 1408 3780 reddit
1432 3728 1634 3797 spiritui
1661 3742 1833 3787 nostra
1886 3733 2064 3807 (Rom.

483 3806 537 3861 8.
570 3807 658 3878 16)
681 3824 695 3872 ;
723 3824 786 3865 ac
831 3826 1074 3882 rursum,
1106 3813 1276 3871 Oraba
1302 3820 1483 3890 spiritu
1503 3862 1520 3887 ,
1549 3824 1703 3877 orabo
1724 3834 1770 3878 et
1797 3806 1958 3883 mente
1984 3828 2063 3898 (1.

486 3894 607 3949 Cor.
656 3898 742 3952 M.
775 3900 864 3973 15)
894 3918 909 3958 :
951 3913 1170 3960 vocatur
1213 3905 1340 3962 item
1391 3909 1503 3976 ira;
1532 3911 1750 3969 ffesaias
1772 3917 1913 3973 enim
1943 3894 2019 3974 ait
2044 3962 2061 3989 ,

483 3985 672 4044 Nonne
684 4001 738 4043 tu
755 4007 866 4047 eras
885 3994 971 4062 qui
986 3996 1306 4052 meditabaris
1325 4001 1507 4069 spiritu
1528 4012 1615 4056 tuo
1634 4004 1762 4059 dare
1781 3985 2065 4064 interimere

481 4095 586 4135 eos.
632 4079 837 4151 (Ilcsai.
880 4085 968 4140 27.
999 4085 1099 4156 8)?
1126 4088 1396 4145 Auxilium
1442 4107 1656 4164 quoque
1706 4095 1801 4151 Dei
1846 4107 2064 4155 vocatur

481 4173 699 4243 spiritus
729 4191 745 4233 :
776 4173 1002 4248 Spiritus
1028 4180 1160 4232 enim
1192 4189 1310 4235 ante
1354 4183 1535 4253 faciem
1563 4196 1786 4240 nostram
1831 4186 2062 4246 Christus

480 4259 729 4320 Dominus
756 4264 965 4337 (Tlmm.
990 4268 1045 4325 4.
1073 4269 1188 4344 20).
1232 4270 1359 4327 Hinc
1391 4288 1518 4344 ergo
1558 4277 1738 4333 omnia
1783 4278 1922 4335 Deus
1959 4282 2065 4337 erit

481 4369 549 4409 ex
594 4355 803 4412 illorum
831 4362 1123 4429 sententia,
1157 4372 1317 4434 atque
1343 4380 1408 4421 ex
1447 4367 1552 4421 illis
1588 4367 1747 4424 rebus
1772 4373 2058 4429 constabit.

481 4446 587 4503 Sed
612 4462 680 4504 ne
707 4465 936 4521 nugaces
986 4455 1153 4514 simus
1199 4458 1285 4514 illa
1311 4460 1578 4517 afferenda
1605 4504 1621 4529 ,
1648 4479 1768 4535 qua:
1811 4483 1879 4522 ne
1928 4483 2059 4526 cun-

477 4537 790 4595 futatiouem
852 4545 1067 4613 quidem
1116 4563 1432 4607 merentur:
1480 4570 1578 4626 age
1619 4558 1879 4616 adversus
1937 4561 2059 4618 illos

481 4629 809 4701 disceptandi
859 4635 1019 4693 finem
1066 4639 1361 4712 faciamus,
1393 4655 1449 4701 et
1497 4648 1563 4704 ad
1619 4652 1878 4708 orandmn
1922 4670 2056 4710 con-

476 4731 787 4791 vertamur,
838 4735 986 4784 tanto
1013 4734 1182 4802 magis
1227 4751 1323 4805 pro
1360 4737 1465 4794 illis
1490 4752 1735 4812 rogantes
1777 4755 1830 4800 et
1854 4748 2056 4818 suppli-

476 4822 700 4885 cantes,
748 4825 806 4873 ut
854 4819 923 4876 ab
949 4821 1150 4879 insania
1193 4827 1494 4897 absistunt,
1523 4845 1723 4902 quanto
1766 4839 1933 4909 magis
1976 4840 2063 4896 illi.

475 4905 638 4978 impie
661 4918 843 4982 agunt.
875 4911 987 4968 Hoc
1010 4915 1154 4970 enim
1178 4927 1384 4986 gratum
1410 4934 1793 4996 acceptumque
1819 4905 1920 4984 erit
1943 4930 2055 4987 Deo

473 5000 735 5055 servatori
764 5012 978 5072 nostro,
1013 5006 1114 5073 Qui
1138 5010 1239 5064 vult
1269 5027 1439 5068 omnes
1463 5014 1688 5093 homines
1713 5019 1881 5074 salvos
1898 5022 2011 5089 ﬁeri
2033 5064 2048 5090 ,

477 5102 524 5145 et
560 5093 630 5147 ad
685 5095 993 5167 agnitionem
1066 5102 1289 5158 veritatis
1363 5106 1529 5161 venire
1581 5109 1659 5179 (1.
1706 5109 1840 5166 Tim.
1870 5113 1924 5167 9.
1966 5116 2047 5187 4).

545 5181 597 5237 6.
629 5182 879 5257 Magnum
906 5189 1059 5244 telum
1086 5195 1324 5263 precatio.
1344 5226 1419 5237 —
1442 5195 1518 5253 Ne
1543 5199 1847 5258 desinamus
1873 5181 2055 5276 itaque

468 5285 657 5341 preces
678 5292 774 5347 pro
799 5279 905 5336 illis
929 5283 1170 5341 emittere
1194 5304 1208 5340 :
1235 5302 1481 5360 magnum
1502 5294 1643 5348 enim
1668 5295 1830 5350 telum
1856 5300 2046 5365 oratio,

470 5362 749 5424 thesaurus
774 5370 1101 5444 indeﬁciens,
1129 5377 1327 5436 divitia:
1359 5380 1706 5454 inexhaustm,
1737 5398 1921 5459 portus
1951 5392 2049 5446 flu-

466 5456 639 5514 ctibus
660 5476 876 5528 vacuus,
900 5469 1109 5524 occasio
1131 5472 1521 5543 tranquillitatis
1544 5493 1559 5530 :
1585 5456 2047 5539 innumerabilium

462 5547 725 5605 bonorum
758 5554 924 5621 radix,
957 5557 1073 5613 fons
1102 5570 1152 5614 et
1182 5574 1353 5619 mater
1376 5573 1459 5619 est
1483 5569 1651 5623 oratio
1670 5611 1684 5631 ,
1713 5572 1931 5642 ipsoque
1958 5590 2046 5627 rc-

468 5655 578 5712 gno
605 5644 883 5710 potemior.
920 5646 1074 5720 Saepe
1113 5654 1288 5725 itaque
1328 5657 1421 5711 illo
1466 5659 1581 5728 ipso
1616 5662 1704 5730 qui
1745 5661 2045 5720 diademate

1222 227 1278 284 S.
1318 226 1593 313 JOANNIS
1628 230 2099 293 CHRXSOSTOMI
2139 235 2456 295 ARCIHEP.
2496 235 3027 295 CONSTANJ’L‘N’OP.
3532 242 3535 249 '
3605 252 3689 329 σιμ

2186 361 2405 407 ornatur
2434 352 2766 409 febricitante
2793 363 2847 408 et
2887 355 2937 408 in
2979 354 3115 408 lecto
3138 352 3370 423 iacente,
3397 358 3578 416 adstant
3600 381 3694 422 tne-

2184 441 2311 507 dici,
2341 444 2619 510 satellites,
2649 445 2850 503 famuli.
2878 445 3042 500 duces
3067 463 3080 500 :
3110 461 3277 521 neque
3301 448 3585 508 medicorum
3607 472 3695 525 ars,

2186 548 2358 604 neque
2383 534 2675 589 amicorum
2703 536 3006 606 prmsentia,
3034 552 3138 590 non
3165 551 3421 593 servorum
3446 542 3697 619 famulatus,

2185 637 2292 676 non
2316 623 2819 679 medicamentorum
2849 627 3094 707 varietas,
3124 643 3226 681 non
3256 640 3514 698 apparatus
3535 640 3702 707 magni-

2186 710 2399 765 ﬁcentia
2419 752 2435 779 ,
2476 728 2580 767 non
2622 715 2961 783 pecuniarum
2992 700 3141 785 cepia
3162 758 3177 778 ,
3207 732 3299 770 nec
3323 719 3452 774 aliud
3479 725 3700 794 quidpiam

2185 799 2502 872 humanum,
2517 814 2688 872 potest
2719 805 2995 875 :cgrotanti
3039 808 3282 862 solatium
3324 808 3513 866 afferre.
3539 813 3705 886 Siquis

2183 906 2314 948 vero
2339 908 2524 948 eorum
2544 936 2560 960 ,
2596 895 2685 965 qui
2726 895 2775 949 in
2807 895 3028 951 Domino
3058 897 3299 951 fiduciam
3328 897 3538 968 habent,
3562 905 3705 974 ingrc-

2184 982 2385 1049 diatur,
2416 999 2715 1055 corpusque
2748 987 3318 1058 SulmntnodtHaugat,
3347 1005 3607 1063 puramque
3631 1014 3707 1065 pro

2184 1073 2276 1127 illo
2318 1076 2611 1130 orationem
2650 1077 2890 1142 emittat,
2929 1078 3299 1135 infirmitatem,
3329 1098 3525 1138 omnem
3558 1088 3704 1158 abigit.

2183 1164 2440 1234 Quodque
2483 1182 2589 1220 non
2644 1168 2841 1222 divitiae
2886 1178 3205 1238 potuerunt,
3250 1188 3351 1228 non
3398 1177 3708 1234 ministrorum

2185 1256 2478 1327 frequentia
2502 1299 2518 1323 ,
2552 1276 2654 1314 non
2695 1261 3024 1317 medicinalis
3059 1265 3378 1334 experientia
3398 1307 3414 1333 ,
3445 1284 3537 1323 nou
3566 1273 3708 1340 regius

2185 1349 2349 1403 fastus
2368 1392 2393 1416 ,.
2416 1351 2514 1406 huc
2542 1367 2685 1422 serpe
2723 1355 2897 1423 potuit
2916 1356 3073 1410 unius
3102 1359 3346 1427 pauperis
3368 1370 3418 1414 et
3443 1360 3711 1430 inopisnra-

2185 1440 2276 1494 tio.
2307 1442 2611 1496 Orationem
2639 1444 2789 1510 dico,
2822 1461 2925 1499 non
2956 1447 3090 1502 hanc
3122 1448 3292 1502 levem
3316 1458 3368 1504 et
3393 1452 3595 1520 segnitie
3620 1455 3711 1523 [llr-

2184 1547 2304 1585 nam
2325 1572 2341 1597 ,
2373 1533 2464 1586 sed
2508 1534 2796 1591 ferventem
2822 1578 2838 1602 ,
2868 1553 2987 1607 qua:
3016 1538 3195 1594 animo
3225 1538 3432 1594 dolente
3465 1552 3514 1595 et
3548 1542 3711 1597 intenta

2183 1632 2359 1677 mente
2398 1622 2654 1680 fundatur.
2696 1625 2821 1681 llmc
2857 1627 3052 1697 quippe
3085 1630 3134 1682 in
3165 1630 3353 1685 caelum
3389 1634 3605 1687 ascendit
3630 1652 3641 1686 :
3664 1649 3714 1690 ac

2182 1714 2625 1780 quemadmodum
2651 1732 2801 1787 aqua:
2824 1718 2996 1774 donec
3022 1720 3072 1772 in
3102 1720 3259 1789 plane
3288 1722 3399 1777 loco
3427 1723 3656 1790 feruntur,
3672 1733 3716 1779 et

2182 1804 2346 1861 latum
2376 1807 2604 1875 spatium
2633 1821 2899 1879 occupant
2917 1852 2932 1876 ,
2962 1828 3067 1868 non
3097 1814 3149 1869 in
3178 1814 3403 1870 sublime
3429 1817 3716 1881 ascendunt;

2180 1910 2300 1950 cum
2331 1907 2506 1953 autem
2533 1914 2724 1954 manus
2752 1902 3009 1956 artificum
3050 1905 3188 1972 ipsas
3217 1906 3557 1976 comprimens
3582 1908 3625 1963 in
3649 1924 3718 1961 an-

2179 1999 2391 2059 gustum
2413 1989 2657 2058 deduxit,
2684 1992 2790 2047 telo
2815 1994 3108 2049 velociores
3132 2010 3254 2050 sese
3278 1996 3330 2050 in
3352 1997 3508 2051 altum
3528 1998 3721 2065 jaculau-

2183 2090 2299 2149 tur;
2324 2082 2401 2136 sic
2421 2090 2474 2137 et
2491 2082 2721 2138 humana
2743 2099 2913 2150 mens,
2936 2085 3108 2141 donec
3129 2087 3296 2144 multa
3319 2087 3498 2143 fruitur
3518 2088 3718 2153 licentia,

2180 2173 2489 2229 diffunditur
2517 2185 2572 2230 et
2613 2176 2819 2242 effluit;
2849 2192 2970 2232 cum
3006 2188 3183 2234 autem
3227 2182 3474 2235 mrmnnis
3502 2181 3724 2250 deprimi-

2181 2274 2295 2335 tur,
2323 2268 2376 2322 iu
2406 2276 2792 2339 angustumque
2818 2269 3133 2339 deducitur,
3164 2272 3247 2326 sic
3287 2273 3450 2342 probe
3476 2274 3722 2328 exercitata

2180 2374 2339 2429 puras
2363 2370 2421 2436 et
2442 2359 2709 2416 ferventes
2737 2361 2789 2415 in
2814 2362 2977 2416 altum
3015 2363 3211 2417 emittit
3251 2364 3533 2433 orationes.
3559 2363 3622 2419 Ut
3642 2379 3722 2416 au-

2181 2462 2287 2507 tem
2315 2452 2521 2507 ediscas
2556 2452 2674 2508 illas
2701 2455 2931 2511 maxime
2953 2456 3194 2511 exaudiri
3230 2472 3425 2527 posse,
3444 2473 3552 2528 qua:
3576 2458 3619 2510 in
3642 2472 3721 2509 an-

2177 2542 2344 2612 gustia
2367 2543 2699 2609 emittuntur,
2724 2545 2851 2599 audi
2875 2549 3184 2616 pmpbetam
3212 2566 3229 2601 :
3253 2549 3341 2603 Ad.
3360 2548 3614 2605 Dominam
3631 2565 3726 2602 cum

2177 2633 2445 2688 tribuiarer
2462 2634 2697 2702 clamavi,
2719 2645 2767 2690 et
2787 2638 3047 2690 exaudivit»
3059 2655 3137 2692 me
3156 2637 3333 2709 (Psai.
3361 2640 3478 2697 H9.
3504 2638 3571 2712 1).
3595 2640 3726 2708 Igitur

2178 2733 2419 2781 nostram
2454 2725 2746 2783 ferventem
2789 2727 3044 2783 faciamus
3084 2732 3499 2799 conscientiam,
3531 2732 3728 2787 annnam

2177 2826 2522 2887 peccatorum.
2540 2819 2797 2874 memoria
2825 2818 3153 2891 afﬂigamus;
3182 2823 3498 2894 affligamus,
3523 2823 3733 2890 inquam,

2177 2922 2282 2962 non
2305 2910 2430 2963 utin
2450 2921 2729 2981 angustam
2753 2912 3078 2969 deducamus
3098 2915 3268 2982 viam,
3287 2916 3385 2972 sed
3400 2932 3514 2970 eam
3533 2917 3596 2969 ita
3613 2930 3730 2971 com-

2176 3014 2423 3069 paremus
2441 3041 2456 3066 ,
2483 3010 2542 3056 ut
2564 3001 2913 3064 exaudiatur;
2942 3014 2998 3058 ut
3025 3005 3297 3073 sobriam,
3328 3007 3533 3078 vigilem
3558 3007 3730 3076 ipsum-

2173 3104 2278 3159 que
2305 3092 2495 3146 crelum
2538 3102 2837 3163 tangentem
2865 3094 3169 3155 reddamus.
3213 3097 3356 3152 Nihil
3384 3098 3453 3152 ita
3485 3096 3730 3168 segnitiem

2174 3192 2229 3237 et
2255 3183 2553 3240 socordiam
2578 3185 2760 3256 abigit,
2792 3196 2850 3241 ut
2876 3203 3077 3244 mmror
3108 3197 3162 3244 et
3186 3189 3434 3258 afflictio,
3463 3206 3574 3259 quze
3600 3189 3731 3243 undi-

2173 3290 2278 3343 que
2303 3286 2533 3331 mentem
2563 3277 2793 3347 colligit,
2822 3288 2876 3335 et
2901 3279 2970 3335 ad
2997 3281 3231 3351 seipsam
3263 3281 3457 3338 reverti
3490 3280 3621 3336 facit.
3646 3277 3733 3346 Qui

2173 3366 2250 3420 sic
2276 3366 2328 3420 in
2353 3364 2640 3422 afllicdune
2659 3378 2714 3423 et
2741 3369 2792 3424 in
2823 3370 3065 3427 oratione
3091 3382 3362 3440 versatur,
3401 3382 3516 3442 post
3540 3371 3733 3427 emissas

2174 3467 2362 3523 preces
2386 3470 2630 3526 magnam
2667 3459 2847 3514 animo
2873 3460 3212 3529 voluptatem.
3230 3478 3424 3532 capere
3445 3461 3643 3517 valebit.
3669 3461 3733 3513 Ae

2171 3546 2613 3616 quemadmodum
2642 3548 2856 3605 nubium
2879 3551 3157 3608 conflictus
3184 3552 3452 3624 principio
3476 3567 3643 3608 acrem
3662 3566 3736 3604 ca-

2171 3638 2333 3709 ligine
2359 3638 2616 3707 offuscat;
2643 3641 2731 3697 ubi
2757 3658 2885 3699 vero
2910 3644 3131 3701 crebras
3153 3647 3401 3707 emiserit
3424 3645 3610 3709 stillas,
3629 3656 3735 3697 cva-

2170 3739 2326 3786 cuata
2365 3731 2575 3801 pluvia,
2613 3748 2861 3789 serenum
2902 3733 3191 3805 tantumque
3219 3736 3445 3791 aerem‘
3479 3731 3734 3803 relinquit;

2170 3821 2248 3878 sic
2272 3832 2333 3878 et
2355 3838 2557 3879 maeror
2591 3823 2767 3881 donec
2792 3825 2933 3883 intus
2965 3836 3233 3894 versatur,
3262 3827 3626 3897 cogitationem
3649 3823 3734 3876 ob.

2168 3914 2316 3970 ducit
2360 3923 2595 3970 nostram
2637 3932 2651 3971 :
2693 3924 2968 3985 postquam
3014 3926 3192 3972 autem
3243 3918 3505 3974 orationis
3545 3913 3737 3977 verbis.

2168 4005 2547 4061 comitantibus
2588 4006 2836 4077 lacrymis
2858 4047 2876 4075 ,
2923 4017 3211 4067 evacuatus
3256 4009 3422 4065 fuerit
3463 4015 3521 4062 et
3559 4005 3739 4074 eiectus

2167 4097 2536 4168 difflatusque,
2566 4114 2809 4169 magnam
2850 4099 3004 4156 affert
3044 4100 3219 4167 animi
3247 4101 3512 4166 lwtiiattt,
3543 4098 3628 4152 Dei
3656 4109 3737 4165 pa-

2168 4189 2393 4244 trocinio
2419 4188 2551 4245 radii
2576 4189 2745 4252 instar
2763 4191 2818 4245 in
2841 4190 3042 4246 orantis
3062 4203 3302 4248 mentem
3333 4192 3540 4263 illapsu.
3566 4189 3741 4244 Verum

2167 4280 2413 4351 quisnam
2445 4280 2534 4337 ille
2569 4280 2791 4351 frigidus
2828 4281 3110 4336 multorum
3148 4282 3375 4338 sermo?
3413 4282 3641 4341 Vereor.
3667 4277 3739 4332 in—

2166 4372 2374 4443 quiunt,
2402 4371 2606 4441 pudore
2631 4371 2928 4440 suffundor,
2958 4387 3130 4443 neque
3156 4388 3387 4442 possum
3414 4372 3493 4428 vel
3523 4387 3582 4426 es
3605 4367 3742 4423 didu~

2164 4476 2311 4518 cere.
2332 4462 2577 4518 Sataniea
2603 4471 2687 4518 est
2709 4465 2824 4518 baze
2846 4464 3186 4530 verecundia,
3210 4466 3465 4535 scgnitiei
3491 4462 3743 4518 obtentus.

2165 4551 2283 4608 Tibi
2334 4568 2561 4624 namque
2601 4552 2844 4609 diabolus
2890 4555 3089 4609 aditum
3135 4553 3217 4611 ad.
3264 4555 3438 4610 Deum
3484 4549 3739 4608 oeclndcre

2166 4650 2357 4698 tentet.
2383 4642 2671 4698 Fiduciane
2699 4644 2885 4700 cares?
2909 4644 3103 4719 Magna.
3122 4644 3333 4701 ﬁdendi
3358 4658 3540 4710 causa,
3571 4653 3739 4710 magna

2165 4734 2399 4802 utilitas,
2433 4734 2479 4789 si
2518 4746 2568 4789 te
2611 4744 2767 4805 putas
2803 4735 3001 4791 fidettdi
3028 4751 3246 4793 causam
3292 4751 3402 4791 non
3444 4734 3666 4828 habere;

2162 4838 2347 4883 contra
2371 4827 2540 4897 pudor
2558 4836 2903 4899 extremaque
2921 4828 3216 4896 damnatio,
3241 4828 3291 4884 si
3317 4838 3371 4884 te
3391 4836 3546 4898 putas
3566 4819 3739 4879 f'tdcutli

2160 4934 2376 4975 causam
2418 4919 2618 4976 habere
2650 4937 2666 4977 :
2695 4936 3012 4991 quamquam
3041 4921 3182 4977 enim
3227 4922 3405 4979 multa
3431 4921 3570 4975 bona

2162 5008 2385 5077 feceris,
2424 5026 2745 5082 quamquam
2783 5012 2980 5067 nullius
3007 5012 3080 5067 sis
3115 5012 3211 5067 tibi
3245 5012 3503 5068 conscius
3527 5008 3675 5072 mali.
3695 5008 3735 5057 Si

2158 5115 2311 5173 putes
2338 5114 2390 5159 te
2419 5103 2616 5159 fidendi
2643 5119 2854 5161 causam
2893 5106 3121 5175 habere,
3146 5106 3221 5162 ab
3259 5108 3509 5163 oratione
3547 5102 3735 5174 pellit"!

2157 5195 2419 5251 excidisti.

2228 5287 2510 5342 Humilitas
2543 5288 2785 5357 ﬁduciam
2821 5290 2974 5360 parit.
3003 5319 3076 5330 —
3100 5289 3305 5346 Contra
3341 5291 3387 5346 si
3427 5302 3587 5381 onera

2154 5389 2393 5437 catorum
2439 5381 2714 5436 innumera
2754 5381 2807 5436 in
2852 5381 3175 5437 conscientia
3227 5381 3435 5448 habes,
3466 5376 3620 5434 modo
3647 5374 3733 5429 tibi

2155 5472 2478 5542 persuadeas
2503 5481 2554 5527 te
2573 5473 2807 5528 omnium
2830 5473 3071 5528 ultimum
3093 5486 3236 5538 esse,
3261 5487 3517 5544 magnam
3536 5464 3735 5523 habebis

2152 5563 2290 5633 apud
2319 5564 2484 5617 Deum
2508 5562 2750 5618 fiduciam
2778 5580 2791 5616 :
2817 5563 2941 5618 licet
2966 5563 3017 5618 id
3041 5563 3181 5619 nulla
3211 5563 3491 5618 humilitas
3516 5559 3600 5626 sit,
3619 5562 3731 5608 cum

2222 5674 2240 5706 ι
2275 5672 2380 5735 Alii,
2403 5671 2656 5737 fictumque
2679 5672 2802 5725 hunc
2826 5672 2998 5725 locum.
