3980 6184
142 298 221 358 ’145
1141 303 1227 359 DE
1270 304 1969 369 lNCOMPREIIENSlBILI
2011 311 2121 367 DEI
2161 310 2470 368 NATURA.
2513 312 2579 369 ν.

130 417 337 489 σπιθαμῇ
382 414 483 486 τῆς
513 415 700 490 χειρὸς
736 416 917 472 πάντα
953 419 1114 474 αὐτὸν
1151 423 1456 493 μετροῦντα
1502 426 1770 491 ἐπελθεῖν,

131 510 224 561 τίνα
248 506 305 560 ἂν
339 507 586 575 φήσομεν
623 506 826 560 εἰδέναι
863 505 1095 578 μέγεθος
1121 509 1377 579 οὐρανοῦ,
1407 511 1499 565 τόν
1544 513 1777 585 φιλονει-

129 597 289 653 κοῦντα
317 596 517 648 εἰδέναι
546 596 723 660 πόσας
756 594 870 667 ἔχει
903 595 1206 667 σπιθαμὰς,
1234 599 1267 669 ἦ
1292 598 1384 651 τὸν
1409 600 1775 670 ὁμολογοῦντα

130 688 332 755 ἀγνοείν;
376 680 510 738 Εἶτα
550 685 645 738 ἐπὶ
686 686 786 756 μὲν
819 684 1052 757 οὐρανοῦ
1102 688 1131 740 6
1181 689 1530 761 παραχωρῶν
1562 690 1642 762 τῷ
1676 707 1773 762 με·

129 768 442 845 γέθει,οῦτος
487 772 643 826 ἔσται
687 775 717 826 6
754 770 955 844 μᾶλλον
990 773 1144 839 εἰδὼς
1186 776 1248 829 τὸ
1297 776 1547 848 μέγεθος,
1590 780 1681 833 ἐπὶ
1717 780 1774 833 δὲ

125 863 199 920 τοῦ
223 861 345 916 Θεοῦ
375 861 497 914 οὐδέ
530 860 705 933 ταύτῃ
751 862 1071 934 χρησόμεθα
1101 866 1165 936 τῇ
1204 865 1493 937 εὐλαϐείᾳ;
1532 867 1627 921 καὶ
1657 870 1775 933 πῶς

122 955 205 1008 οὒκ
242 951 470 1020 ἐσχάτης
525 948 686 1002 τοῦτο
735 950 1153 1022 παραπληξίας;
1182 953 1307 1006 Ὅτι
1361 955 1472 1025 γὰρ
1516 956 1773 1010 τοσοῦτον

54 1076 58 1081 -
126 1037 467 1109 ἀπαιτούμεθα
504 1038 663 1108 μόνον
700 1037 922 1101 εἰδέναι,
948 1039 1032 1091 ὃτι
1064 1038 1179 1092 ἔστι
1214 1040 1368 1105 θεὸς,
1400 1042 1522 1114 οὐχ).
1554 1061 1773 1117 περιερ-

126 1127 348 1198 γάζεσθαι
373 1125 538 1180 αὐτοῦ
570 1125 669 1197 τὴν
692 1127 907 1191 οὐσίαν,
931 1127 1165 1182 ἄκουσον
1201 1131 1254 1182 τί
1286 1147 1452 1202 φησιν
1478 1133 1506 1184 6
1528 1132 1739 1197 Παῦλος
1756 1153 1769 1165 ·

118 1216 417 1270 πιστεῦσαι
463 1215 575 1284 γὰρ
609 1214 705 1268 δεῖ
733 1215 845 1268 τὸν
881 1217 1370 1287 προσερχόμενον
1406 1217 1486 1284 τῷ
1519 1220 1641 1287 Θεῷ
1683 1221 1771 1274 ὅτι

126 1305 237 1357 ἔστι.
264 1304 386 1357 Καὶ
419 1303 581 1356 πάλιν
610 1305 638 1356 6
666 1305 953 1376 προφήτης
982 1305 1233 1374 ἐγκαλῶν
1263 1308 1520 1363 ἀσέϐειαν
1551 1310 1676 1375 τινὶ,
1707 1312 1768 1363 οὐ

120 1390 245 1443 τοῦτο
269 1391 516 1459 ἐγκαλεῖ,
561 1392 643 1443 δτι
676 1391 778 1444 οὐκ
833 1387 944 1445 οἶδε
993 1393 1051 1446 τί
1098 1396 1247 1448 ἐστιν
1274 1398 1304 1448 ὀ
1335 1396 1492 1460 Θεὸς,
1534 1397 1650 1450 ἀλλ’
1689 1398 1769 1450 ὃτι

120 1479 194 1533 οῦκ
226 1474 389 1534 οἶδεν.
418 1479 502 1531 δτι
535 1478 651 1531 ἐστι
682 1478 835 1542 Θεός.
869 1476 1018 1534 Εἷπε
1063 1482 1192 1553 γὰρ,
1238 1482 1424 1553 φησὶν,
1466 1483 1672 1553 ἄφρων
1702 1484 1772 1536 ἐν

118 1565 294 1635 καρδίᾳ
352 1566 562 1633 αὐτοῦ,
607 1568 721 1620 οὐκ
771 1568 906 1621 ἐστι
960 1570 1125 1636 Θεός.
1161 1571 1375 1643 Ὥσπερ
1422 1568 1516 1626 οὖν
1563 1575 1770 1626 ἐκεῖνον

117 1653 255 1724 ἀπεῆ
291 1657 442 1706 ποιεῖ
471 1654 534 1707 06
562 1654 623 1707 τὸ
661 1655 878 1723 ἀγνοεῖν
911 1656 965 1709 τί
998 1659 1099 1729 τὴν
1141 1658 1329 1715 οὐσίαν
1362 1661 1512 1714 ἐστὶν
1549 1662 1577 1714 6
1615 1660 1767 1725 Θεὸς,

116 1739 225 1794 ἀλλά
262 1740 319 1793 τὸ
382 1742 620 1808 ἀγνοεῖν,
683 1743 766 1795 ὅτι
816 1741 933 1796 ἔστι
985 1743 1151 1811 Θεός·
1209 1744 1385 1811 οὕτως
1434 1749 1596 1820 ἀρκεῖ
1632 1750 1771 1821 πρὸς

115 1827 370 1883 εὐσέϐειαν
402 1829 465 1882 τὸ
494 1829 695 1884 εἰδέναι
731 1830 814 1883 δτι
852 1830 998 1886 ἔστιν
1027 1834 1056 1885 6
1078 1833 1230 1897 Θεός.
1277 1835 1419 1889 Ἀλλ’
1442 1836 1624 1907 ἔχουσί
1648 1854 1770 1890 τινα

116 1914 190 1968 καὶ
220 1916 409 1987 ἕτερον
446 1916 893 1987 μεμελετημένον
924 1917 1105 1987 λόγον.
1146 1920 1280 1973 Τίνα
1307 1921 1371 1992 δὴ
1407 1922 1631 1990 τοῦτον;
1678 1924 1767 1977 Εἰ-

112 2018 267 2071 ρηται,
293 2003 460 2072 φησὶ,
506 2003 754 2074 Πνεῦμα
796 2007 831 2059 ὁ
886 2006 1053 2071 Θεός.
1089 2006 1261 2061 Τοῦτο
1301 2003 1395 2061 οὖν
1444 2011 1545 2081 τῆς
1581 2009 1770 2074 οὐσίας

111 2089 250 2142 αὐτοῦ
285 2090 731 2161 παραστατικὸν,
764 2092 885 2144 είπέ
931 2109 1057 2163 μοι;
1101 2094 1195 2147 καὶ
1237 2093 1323 2160 τίς
1365 2095 1541 2150 ταῦτα
1578 2096 1768 2162 ἀνέξε-

112 2191 198 2238 ται,
227 2176 328 2230 κᾶν
374 2177 627 2230 ὁπωσοῦν
660 2178 754 2231 ἐπὶ
788 2178 961 2251 θύρας
982 2179 1091 2234 τῶν
1119 2180 1281 2238 θείων
1307 2183 1545 2256 Γραφῶν
1567 2184 1765 2251 ἐλθὼν;

110 2264 276 2318 Ἔσται
330 2264 451 2338 γὰρ
507 2266 653 2320 κατὰ
706 2264 897 2321 τοῦτον
940 2266 1032 2321 τὸν
1062 2268 1221 2337 λόγον
1261 2271 1359 2325 καὶ
1409 2270 1520 2344 πῦρ
1552 2275 1581 2326 6
1612 2273 1768 2338 Θεός·

107 2350 267 2425 ὥσπερ
313 2353 437 2425 γάρ
472 2354 787 2426 γέγραπται
821 2356 905 2409 ὅτι
942 2355 1186 2427 Πνεῦμα
1223 2360 1257 2413 ὁ
1302 2358 1469 2427 Θεὸς,
1500 2360 1642 2415 οὕτω
1678 2361 1770 2432 γέ-

109 2455 317 2508 γραπται
350 2442 446 2494 δτι
486 2441 552 2495 '0
601 2438 761 2509 Θεὸς
786 2441 960 2509 ἡμῶν
989 2442 1111 2512 πῦρ
1159 2448 1630 2514 καταναλίσκον,
1676 2450 1771 2503 καὶ

107 2527 262 2591 πάλιν,
283 2529 464 2600 [Im
504 2529 728 2597 ὕδατος
753 2524 991 2599 ζῶντος.
1024 2531 1099 2585 Οὐ
1130 2533 1349 2605 πνεῦμα
1381 2535 1440 2589 δὲ
1476 2537 1568 2590 καὶ
1616 2537 1768 2609 πηγὴ

105 2616 183 2669 καί
205 2617 304 2689 πῦρ
355 2616 515 2671 ἔσται
570 2619 753 2689 μόνον,
784 2619 922 2674 ἀλλά
966 2620 1061 2674 καὶ
1087 2620 1258 2693 ψυχὴ,
1297 2623 1392 2677 καὶ
1424 2625 1645 2696 ἄνεμος,
1676 2624 1774 2679 καὶ

106 2702 209 2766 νοῦς
241 2704 611 2777 ἀνθρώπινος,
664 2705 760 2761 καὶ
787 2706 953 2779 ἓτερα
986 2707 1167 2780 πολλῷ
1190 2707 1395 2765 τούτων
1422 2711 1768 2784 ἀτοπώτερα·

102 2793 154 2843 o6
177 2793 275 2864 γάρ
293 2794 358 2865 δή
380 2792 570 2848 πάντα
598 2792 873 2862 ἐπεξιέναι
903 2795 1010 2867 χρὴ
1035 2796 1114 2866 τῷ
1137 2796 1305 2868 λόγῳ,
1342 2799 1463 2853 οὐδὲ
1490 2801 1590 2872 τὴν
1622 2801 1771 2854 ἐκεί-

104 2895 191 2932 νων
213 2882 502 2951 μιμεῖσθαι
533 2883 755 2953 μανίαν.
796 2883 870 2936 Τὸ
902 2882 1011 2955 γάρ
1041 2884 1280 2956 πνεῦμα
1298 2886 1457 2941 τοῦτο
1494 2888 1664 2943 πολλά
1679 2889 1771 2960 δη-

101 2964 186 3032 λοῖ,
214 2964 320 3023 οἷον
340 2970 452 3041 τὴν
469 2968 651 3041 ψυχήν
679 2968 780 3042 τὴν
807 2970 1111 3044 ἡμετέραν,
1143 2973 1396 3047 καθάπερ
1423 2975 1519 3030 καὶ
1558 2976 1770 3042 Παῦλός

99 3072 233 3125 φησι·
272 3056 434 3131 [488]
475 3056 788 3126 Παράδοτε
836 3058 945 3113 τὸν
976 3060 1256 3114 τοιοῦτον
1278 3061 1359 3127 τῷ
1378 3063 1633 3131 σατανᾷ,
1668 3066 1770 3119 ἵνα

98 3141 153 3195 τὸ
178 3143 413 3214 πνεῦμα
447 3141 638 3212 σωθῇ·
660 3144 757 3197 καὶ
788 3145 1008 3217 ἄνεμον,
1038 3146 1289 3219 καθάπερ
1307 3148 1337 3200 6
1369 3150 1654 3222 προφήτης
1680 3148 1761 3204 λέ-

97 3247 191 3297 γει·
222 3233 530 3302 Πνεύματι
570 3232 755 3298 βιαίῳ
802 3234 1160 3302 συντρίψεις
1213 3236 1458 3301 αὐτούς.
1506 3236 1771 3292 Καλείται

96 3315 143 3370 δὲ
169 3320 257 3372 καὶ
290 3319 354 3373 τὸ
385 3319 648 3392 χάρισμα
669 3319 734 3373 τὸ
775 3322 1149 3391 πνευματικὸν
1172 3322 1366 3388 οὕτως·
1390 3326 1543 3382 Αὐτὸ
1568 3327 1677 3396 γὰρ
1704 3329 1767 3382 τὸ

95 3406 308 3476 πνεῦμα
335 3406 768 3477 συμμαρτυρεῖ
789 3407 869 3473 τῷ
897 3411 1195 3480 πνεύματι
1247 3412 1437 3481 ἡμῶν,
1485 3414 1639 3486 φησί·
1674 3416 1771 3469 καὶ

94 3494 257 3556 πάλιν,
278 3495 705 3566 Προσεύξομαι
727 3494 796 3549 δὲ
814 3495 895 3563 τῷ
908 3499 1222 3568 πνεύματι,
1256 3502 1666 3574 προσεύξομαι
1701 3502 1770 3558 δὲ

90 3583 176 3636 καὶ
220 3582 299 3650 τῷ
328 3586 455 3640 νοΐ.
482 3581 751 3638 Καλεῖται
794 3583 851 3638 δὲ
880 3585 975 3639 καὶ
999 3587 1028 3639 6
1066 3585 1237 3658 θυμὸς
1283 3588 1477 3654 οὓτως·
1523 3592 1618 3645 καὶ
1661 3593 1771 3664 γὰρ

100 3669 313 3736 Ἠσαίας
336 3673 535 3743 φησίν·
571 3674 657 3728 Οὐ
685 3673 769 3726 σὺ
807 3669 971 3743 ἦσθα
1003 3677 1037 3729 ὁ
1072 3675 1346 3744 μελετῶν
1374 3676 1454 3744 τῷ
1476 3681 1772 3749 πνεύματί

85 3773 190 3810 σου
214 3757 296 3824 τῷ
340 3758 602 3828 σκληρῷ
647 3759 893 3815 ἀνελεῖν
933 3763 1193 3829 αὐτούς;
1231 3762 1489 3820 Καλεῖται
1528 3766 1585 3820 δέ
1618 3767 1767 3839 καὶὴ

87 3843 295 3914 βοήθεια
324 3850 360 3919 ή
393 3848 554 3919 παρά
584 3845 681 3901 τοῦ
738 3847 874 3903 Θεοῦ
918 3848 1159 3921 πνεῦμα·
1212 3848 1456 3920 Πνεῦμα
1500 3855 1612 3924 τὰρ
1654 3855 1767 3923 πρὸ

80 3935 405 3999 προσώπου
461 3933 636 4004 ἡμῶν
682 3937 941 4005 Χριστὸς
968 3939 1205 4007 Κύριος.
1235 3938 1421 3994 Ταῦτα
1453 3937 1549 3995 οὖν
1590 3943 1770 3996 πάντα

78 4020 205 4087 ἡμῖν
230 4022 419 4084 όΘεὸς
448 4021 606 4075 ἐσται
645 4023 766 4075 κατ’
794 4023 1062 4090 ἐκείνους,
1099 4026 1194 4078 καί
1224 4026 1288 4078 ἐκ
1312 4025 1582 4080 τοσούτων
1633 4044 1768 4097 συγ-

81 4104 338 4162 κείσεται.
357 4106 533 4161 una;
548 4108 656 4180 γάρ
685 4109 775 4163 ἵνα
798 4108 873 4181 μὴ
898 4109 1178 4182 ληρῶμεν,
1200 4111 1270 4164 τά
1293 4110 1427 4183 μηδὲ
1459 4112 1769 4183 ἀντιλογίας

76 4192 305 4263 δεόμενα
335 4195 693 4266 παράγοντες
729 4199 810 4261 είς
845 4197 1031 4268 μέσον,
1070 4199 1204 4269 φέρε
1243 4199 1480 4254 ἐνταῦθα
1506 4200 1598 4255 τὸν
1631 4201 1770 4274 πρὸς

77 4281 270 4346 αὐτοὺς
291 4282 709 4349 καταλύσαντες
741 4285 920 4353 λόγον,
964 4288 1061 4341 ἐπὶ
1086 4286 1184 4361 τὴν
1215 4288 1380 4360 εὐχὴν
1423 4289 1484 4342 τὸ
1510 4293 1618 4344 πᾶν
1638 4292 1768 4364 τρέ-

71 4368 288 4438 ψωμεν,
347 4372 465 4441 ὅσῳ
517 4371 781 4441 μειζόνως
834 4373 1113 4441 ἀσεϐοῦσι,
1166 4375 1402 4446 τοσούτῳ
1437 4377 1596 4431 πλέον
1629 4379 1768 4451 ὑπὲρ

72 4453 253 4508 06:6»
282 4457 742 4528 παρακαλοῦντες
771 4460 866 4512 καὶ
898 4460 1141 4530 δεόμενοι
1180 4462 1480 4534 ἀποστῆναί
1509 4481 1636 4517 ποτε
1670 4465 1768 4536 τῆς

68 4540 280 4609 μανίας
312 4545 538 4608 αὐτούς.
571 4542 744 4598 Τοῦτο
771 4544 884 4617 γὰρ
925 4547 1229 4603 ἀποδεκτὸν
1270 4549 1501 4604 ἐνώπιον
1532 4551 1628 4606 τοῦ
1658 4553 1770 4605 Σω-

63 4626 246 4697 τῆρος
273 4630 441 4701 ἡμῶν
464 4630 628 4694 Θεοῦ,
661 4632 768 4699 Ὃς
795 4633 1031 4700 πάντας
1066 4634 1418 4704 ἀνθρώπους
1448 4636 1609 4692 θέλει
1652 4651 1769 4692 σω-

59 4710 278 4787 θῆναι,
314 4719 420 4772 καί
446 4722 535 4787 εις
556 4720 888 4791 ἐπίγνωσιν
902 4721 1193 4790 ἀληθείας
1219 4723 1441 4781 ἐλθεῖν.

126 5002 206 5059 ς’.
236 4995 345 5067 Μὴ
373 4994 753 5069 διαλείπωμεν
773 4996 956 5053 τοίνυν
981 4995 1079 5062 τάς
1100 4997 1243 5070 ὑπὲρ
1277 4995 1456 5055 αὐτῶν
1488 5002 1770 5077 ἱκετηρίας

64 5081 424 5155 ποιούμενοι.
453 5081 616 5152 Μέγα
636 5082 747 5156 γὰρ
770 5083 935 5138 ὅπλον
960 5083 1118 5156 εὐχὴ,
1150 5083 1425 5158 θησαυρὸς
1453 5088 1767 5165 ἀνελλιπὴς,

65 5170 301 5236 πλοῦτος
339 5168 624 5241 μηδέποτε
653 5166 1069 5244 δαπανώμενος,
1106 5172 1270 5244 λιμὴν
1298 5174 1636 5246 ἀκύμαντος,
1670 5197 1771 5250 γα-

64 5254 228 5328 λήνης
260 5256 563 5325 ὑπόθεσις,
595 5258 687 5313 καὶ
712 5259 922 5333 μυρίων
950 5260 1176 5330 ἀγαθῶν
1209 5261 1333 5333 ῥίζα
1354 5263 1632 5340 καὶ.πηγὴ
1677 5270 1772 5323 καὶ

65 5346 247 5417 μήτηρ
284 5342 460 5397 ἐστὶν
486 5346 521 5415 ή
566 5345 723 5417 εὐχὴ,
747 5345 842 5401 καὶ
866 5346 1037 5419 αὐτῆς
1083 5348 1183 5418 τῆς
1225 5347 1502 5419 βασιλείας
1534 5351 1771 5408 δυνατω-

60 5430 209 5501 τέρα.
233 5430 534 5497 Πολλάκις
564 5429 660 5489 οῦν
687 5432 854 5489 αὐτοῦ
895 5434 992 5490 τοῦ
1015 5435 1078 5489 τὸ
1114 5435 1353 5508 διάδημα
1386 5441 1769 5512 περικειμένου

59 5520 472 5589 πυρέττοντας,
495 5521 591 5578 καὶ
610 5519 703 5577 ἐπὶ
732 5523 832 5596 τῆς
856 5523 1047 5597 κλίνης
1084 5524 1340 5597 κειμένου
1371 5529 1465 5582 καί
1498 5528 1769 5601 φλεγομέ-

58 5620 167 5671 νου,
188 5609 635 5680 παρεστήκασιν
664 5613 861 5685 ἰατροὶ,
884 5612 1193 5686 δορυφόροι,
1233 5612 1584 5686 θεράποντες,
1618 5634 1774 5689 019a-

57 5695 241 5765 τηγοὶ,
279 5695 396 5749 καὶ
432 5695 556 5751 οὔτε
606 5698 810 5772 ἰατρῶν
878 5699 1066 5772 τέχνη,
1109 5700 1236 5755 οὔτε
1269 5710 1545 5776 παρουσία
1579 5704 1768 5775 φίλων,

54 5780 157 5839 dx
178 5783 445 5840 οἰκετῶν
466 5784 730 5856 διακονία,
781 5789 841 5843 οὐ
879 5789 1186 5861 φαρμάκων
1212 5789 1475 5879 δαψίλεια,
1509 5798 1573 5855 οὐ
1611 5794 1772 5849 πολυ-

3462 315 3581 373 ’74ιέ

1887 430 2070 483 τέλεια
2113 429 2493 501 παρασκευῆς,
2525 428 2587 482 οὐ
2614 427 2910 500 χρημάτων
2954 430 3277 502 περιουσίαν
3298 430 3409 484 οὐκ·
3438 430 3581 485 ἄλλο·

1885 516 2037 571 οὐδὲν
2056 517 2168 571 τῶν
2199 517 2553 588 ἀνθρωπίνων
2585 515 2759 586 ἰσχύει
2782 517 3284 589 παραμυθήσασθαι
3317 518 3415 590 τήν
3443 520 3565 572 ἐπι-

1887 604 2146 675 κειμένην
2177 604 2508 675 ἀρῥωστίαν·
2543 603 2610 657 ἀν
2649 603 2707 657 δέ
2763 621 2849 668 τις
2896 606 3209 678 παρῥησίαν
3248 605 3387 676 ἔχων
3425 604 3565 677 πρὸς

1884 692 1973 744 τὸν
2003 692 2135 746 Θεὸν
2165 692 2401 763 εἰσέλθῃ,
2425 692 2522 745 καὶ
2558 687 2652 744 τοῦ
2702 690 2955 762 σώματος
2993 693 3196 763 ἅψηται
3243 694 3423 764 μόνον,
3470 696 3566 749 καὶ

1884 779 2135 850 καθαρὰν
2173 778 2311 850 ὑπὲρ
2337 779 2500 832 αὐτοῦ
2527 779 2729 853 ποιήσῃ
2760 778 2858 852 τὴν
2887 781 3073 851 εὐχὴν,
3100 781 3316 835 ἃπασαν
3347 780 3444 853 τὴν
3460 782 3571 855 ἀρ--

1884 864 2124 938 ῥωστίαν
2169 868 2519 936 ἐφυγάδευσε·
2562 867 2659 920 καὶ
2682 870 2820 940 ὅπερ
2863 869 2963 922 οὐκ
2998 870 3220 940 ἴσχυσεν
3257 868 3561 936 ὁῖπλοῦτος,

1883 955 1975 1007 καὶ
2003 954 2113 1008 τῶν
2149 955 2579 1026 διακονουμένων
2617 956 2678 1010 τὸ
2700 955 2927 1026 πλῆθος,
2961 957 3107 1027 καὶὴ
3135 956 3235 1027 τῆς
3270 956 3567 1028 ἐμπειρίας

1882 1044 2188 1116 ἐπιστήμη,
2224 1044 2390 1097 καί.ὁ
2430 1045 2529 1114 τῆς
2592 1043 2867 1113 βασιλείας
2918 1043 3102 1112 δγκος,
3154 1043 3564 1115 τοῦτσνίσχυσεν

1881 1131 2001 1195 ἐνὸς
2032 1131 2265 1203 πένητος
2299 1131 2561 1196 πολλάκις
2599 1132 2693 1184 καὶ
2746 1132 3121 1201 πτωχεύοντος
3180 1132 3351 1205 εὐχήμ
3380 1133 3564 1205 Εὐχὴν

1879 1218 1937 1272 δὲ
1963 1218 2125 1288 λέγω,
2169 1220 2230 1273 οὐ
2268 1222 2367 1291 τὴν
2393 1219 2553 1291 ψιλὴν
2606 1220 2811 1292 ταύτην
2839 1220 2933 1273 καὶ
2966 1219 3239 1291 ῥᾳθυμίας
3261 1219 3561 1290 γέμουσαν,

1880 1307 2017 1361 άλλά
2042 1309 2141 1380 τὴν
2171 1309 2289 1380 μετ’
2341 1310 2617 1374 ἐκτενείας
2664 1309 2977 1380 γινομένην,
3033 1308 3171 1379 μετά
3221 1307 3564 1379 όδυνωμένης

1878 1395 2076 1469 ψυχῆς,
2108 1399 2247 1468 μετὰ
2299 1398 2705 1468 συντεταμένης
2734 1396 2975 1461 διανοίας
3004 1397 3044 1450 ⁸.
3085 1394 3234 1466 Αὕτη
3278 1394 3389 1465 γάρ
3414 1397 3563 1450 ἐστιν

1881 1485 1913 1554 ή
1938 1484 2075 1555 πρὸς
2095 1484 2186 1538 τὸν
2215 1486 2441 1556 οὐρανὸν
2462 1485 2853 1550 ἀναϐαίνουσα,
2886 1484 2983 1537 καὶ
3000 1483 3254 1555 καθάπερ
3281 1483 3351 1537 τὰ
3371 1481 3561 1551 ὕδατα,

1878 1571 1983 1635 ἕως
2012 1571 2111 1642 μέν
2134 1571 2201 1626 ἂν
2229 1572 2322 1625 ἐπὶ
2347 1573 2597 1626 ἰσοπέδου
2637 1572 2871 1644 φέρηται
2912 1570 3188 1644 [χωρίου],
3227 1572 3325 1625 καὶ
3359 1571 3559 1643 πολλῆς

1879 1659 2126 1731 ἀπολαύῃ
2172 1660 2275 1731 τῆς
2323 1661 2685 1733 εὐρυχωρίας,
2724 1660 2823 1713 οὐκ
2870 1660 3154 1714 ἀνίσταται
3200 1661 3339 1731 πρὸς
3392 1658 3551 1729 ὕψος·

1877 1748 2096 1801 ἐπειδὰν
2135 1748 2191 1802 δέ
2226 1748 2367 1801 αὐτά
2400 1751 2584 1819 χεῖρες
2617 1747 2896 1818 ὀχετηγῶν
2930 1747 3174 1801 κάτωθεν
3206 1745 3564 1818 περισφίγξα-

1879 1852 1970 1889 σαι
2013 1835 2244 1905 θλίψωσι
2279 1834 2782 1906 στενοχωρούμενα,
2837 1834 3026 1905 βέλους
3064 1832 3273 1904 παντὸς
3306 1832 3564 1907 ὀξύτερον

1878 1923 2021 1994 πρὸς
2041 1924 2105 1976 τὸ
2157 1920 2291 1991 ὓψος
2316 1922 2743 1987 ἐξακοντίζεται·
2783 1922 2926 1975 οὕτω
2952 1921 3016 1993 δὴ
3049 1923 3146 1976 καὶ
3184 1923 3217 1993 ἡ
3245 1920 3564 1993 ἀνθρωπίνη

1875 2009 2105 2072 διάνοια,
2137 2008 2242 2072 ἕως
2289 2011 2390 2080 μὲν
2415 2009 2481 2064 ἂν
2512 2009 2702 2074 ἁδείας
2741 2008 2995 2080 ἀπολαύῃ
3034 2007 3258 2079 πολλῆς,
3294 2008 3563 2078 διαχεῖται

1876 2094 1974 2148 καὶ
1993 2093 2225 2165 διαρῥεί·
2248 2092 2471 2147 ἐπειδὰν
2495 2094 2554 2146 δὲ
2597 2093 2938 2164 πραγμάτων
2964 2093 3288 2165 περίστασις
3316 2091 3563 2146 κάτωθεν

1876 2180 2047 2252 αὐτὴν
2071 2181 2477 2251 στενοχωρήσῃ,
2510 2180 2914 2252 ἀποθλιϐομένη
2944 2181 3148 2246 καλῶς,
3177 2180 3424 2252 καθαρὰς
3466 2178 3562 2234 καὶ

1877 2270 2126 2332 εὐτόνους
2177 2268 2314 2340 πρὸς
2351 2266 2413 2321 τὸ
2468 2267 2600 2337 ὕψος
2626 2268 2943 2339 ἀναπέμπει
2982 2268 3078 2332 τὰς
3110 2268 3296 2339 εὐχάς.
3329 2268 3438 2321 Καὶ
3472 2268 3563 2322 ἴνα

1879 2357 2058 2430 μάθῃς
2081 2357 2163 2409 ὅτι
2188 2355 2423 2425 μάλιστα
2449 2356 2655 2408 ἐκεῖναι
2680 2355 3051 2410 ἐπακούεσθαι
3084 2357 3112 2396 b
3136 2355 3372 2409 δύναιντ’
3400 2355 3469 2408 ἂν
3501 2356 3563 2409 αι

1881 2445 2020 2516 μετά
2049 2442 2281 2513 θλίψεως
2302 2444 2604 2514 γινόμεναι,
2640 2443 2872 2499 ἄκουσον
2905 2443 2958 2496 τί
2989 2460 3155 2514 φησιν
3189 2444 3218 2497 ό
3250 2444 3559 2516 προφήτης·

1865 2532 2034 2606 ,Πρὸς
2057 2533 2275 2600 Κύριον
2291 2531 2363 2585 ἐν
2397 2528 2478 2596 τῷ
2508 2531 2822 2587 θλίϐεσθαι
2862 2548 2941 2600 με
2973 2530 3291 2600 ἐκέκραξα,
3314 2529 3413 2585 καὶ
3439 2532 3563 2585 εισ-

1876 2619 2112 2686 ήκουσέ
2145 2636 2288 2688 μου.
2319 2618 2788 2689 Διαθερμάνωμεν
2817 2618 2997 2673 τοίνυν
3025 2617 3087 2671 τὸ
3111 2617 3372 2684 συνειδὸς,
3409 2615 3560 2689 [4891

1878 2708 2158 2780 θλίψωμεν
2185 2708 2284 2778 τὴν
2315 2706 2493 2778 ψυχὴν
2515 2710 2582 2777 τῇ
2618 2708 2807 2779 μνήμῃ
2835 2706 2947 2761 τῶν
2985 2706 3422 2778 ἁμαρτημάτων,
3445 2704 3560 2757 θλί-

1876 2796 2091 2867 ψωμεν,
2139 2797 2237 2866 οὐχ
2259 2795 2347 2849 ἵνα
2384 2796 2914 2867 στενοχωρήσωμεν,
2949 2793 3068 2848 ἀλλ’
3100 2794 3189 2849 ἴνα
3223 2792 3565 2864 ἀκουσθῆναι

1878 2885 2413 2956 παρασκευάσωμεν,
2445 2882 2533 2936 ἵνα
2584 2883 2779 2952 νήφειν
2831 2883 3157 2953 ποιήσωμεν
3198 2882 3293 2935 καὶ
3331 2883 3567 2953 ἐγρηγο-

1880 2972 2054 3044 ρέναι,
2107 2975 2202 3025 καὶ
2234 2969 2415 3024 αὐτῶν
2449 2968 2718 3023 ἀπτεσθαι
2747 2969 2859 3022 τῶν
2901 2968 3167 3041 οὐρανῶν.
3220 2968 3388 3023 οὐδὲν
3421 2968 3570 3022 οὕτω

1878 3057 2174 3129 φυγαδεύει
2200 3057 2476 3142 ῥαθυμίαν
2519 3056 2615 3108 καὶ
2653 3055 2968 3126 ὀλιγωρίαν,
3003 3055 3080 3119 ὠς
3116 3056 3281 3127 ὀδύνη
3318 3055 3412 3109 καὶ
3446 3054 3561 3107 θλῖ-

1876 3148 1970 3218 ψις
2003 3145 2340 3217 πανταχόθεν
2369 3144 2682 3212 συνάγουσα
2717 3144 2817 3215 τὴν
2847 3143 3111 3209 διάνοιαν,
3140 3142 3234 3196 καὶ
3264 3142 3401 3214 πρὸς
3429 3143 3563 3196 ἐαυ-

1876 3236 1976 3307 τὴν
2006 3234 2435 3306 ἐπιστρέφουσα.
2483 3231 2542 3286 '0
2574 3230 2892 3303 θλιϐόμενος
2941 3230 3085 3285 οὕτω
3129 3230 3226 3285 καὶ
3264 3230 3563 3301 εὐχόμενος

1878 3322 2079 3394 πολλὴν
2114 3321 2251 3393 μετά
2301 3320 2400 3391 τὴν
2433 3320 2600 3390 εὐχὴν
2626 3320 2707 3382 εἰς
2744 3319 2844 3390 τὴν
2876 3317 3059 3388 ψυχὴν
3093 3316 3193 3387 τὴν
3221 3315 3417 3369 ἐαυτοῦ
3461 3315 3570 3386 τὴν

1878 3411 2070 3483 ἡδονὴν
2104 3408 2395 3463 είσοικίσαι
2427 3409 2743 3479 δυνήσεται.
2786 3406 2898 3461 Καὶ
2922 3406 3174 3477 καθάπερ
3212 3404 3392 3473 νεφῶν
3436 3420 3563 3468 συν-

1872 3500 2051 3571 δρομὴ
2082 3497 2235 3570 παρά
2289 3499 2387 3569 μὲν
2417 3497 2518 3568 τὴν
2567 3497 2743 3569 ἀρχὴν
2790 3496 3019 3567 ζοφερὸν
3080 3498 3226 3547 ποιεῖ
3273 3493 3364 3547 τὸν
3402 3494 3563 3564 ἀέρα·

1879 3588 2098 3641 ἐπειδὰν
2129 3587 2187 3641 δέ
2216 3586 2557 3657 ἐπαλλήλους
2609 3587 2795 3657 ἐπαφῇ
2827 3585 2924 3647 τάς
2970 3583 3216 3652 νιφάδας,
3247 3582 3562 3652 ἀποθεμένη

1878 3675 1968 3728 τὸν
1996 3673 2152 3727 ὑετὸν
2192 3674 2426 3738 ἃπαντα,
2453 3671 2691 3741 γαληνὸν
2729 3671 2821 3724 καὶ
2864 3670 3089 3741 φαιδρὸν
3133 3669 3430 3742 ἐργάζεται
3472 3669 3564 3721 τὸν

1878 3763 2016 3833 ἀέρα
2053 3773 2104 3829 ο,
2132 3760 2275 3815 οὓτω
2303 3760 2368 3830 δὴ
2408 3761 2504 3814 καὶ
2547 3758 2756 3828 ἀθυμία
2784 3759 2889 3823 ἓως
2930 3759 3028 3830 μὲν
3063 3757 3130 3812 ἂν
3162 3757 3310 3810 ἔνδον
3339 3756 3564 3826 συστρέ-

1879 3842 2069 3920 φηται,
2112 3851 2295 3902 σκοτοί
2323 3849 2416 3902 τὸν
2464 3847 2731 3919 ἡμέτερον
2785 3846 3071 3917 λογισμόν·
3109 3845 3330 3900 ἐπειδάν
3386 3845 3443 3898 δέ
3478 3845 3564 3897 διά

1876 3938 1986 3992 τῶν
2008 3938 2108 4007 τῆς
2136 3936 2300 4007 εὐχῆς
2337 3936 2601 4008 ῥημάτων
2632 3936 2728 3990 καὶ
2759 3935 2866 3988 τῶν
2900 3934 3270 4016 μτζέκείνων
3308 3930 3561 4016 δακρύων

1878 4025 2110 4097 κενωθῇ,
2144 4025 2239 4079 καὶ
2263 4026 2343 4088 εἰς
2372 4024 2432 4078 τὸ
2464 4023 2570 4090 ἔξω
2618 4022 2942 4094 διαπνεύσῃ,
2974 4015 3177 4094 πολλὴν
3222 4015 3464 4092 ἐντίθησι
3491 4022 3561 4090 τῇ

1876 4114 2022 4186 ψυχῇ
2051 4113 2152 4184 τὴν
2207 4111 2564 4183 φαιδρότητα,
2603 4110 2706 4180 τῆς
2755 4110 3095 4183 ἀντιλήψεως
3136 4109 3231 4163 τοῦ
3262 4108 3398 4161 Θεοῦ
3429 4108 3563 4160 καθ-

1878 4202 2023 4274 άπερ
2046 4200 2192 4265 τινὸς
2212 4202 2429 4263 ἀκτῖνος
2455 4201 2535 4263 είς
2565 4199 2668 4269 τὴν
2681 4197 2919 4252 διάνοιαν
2939 4196 3240 4265 ἀφεθείσης
3271 4194 3366 4248 τοῦ
3405 4195 3565 4264 εὐχο-

1879 4291 2067 4363 μένου.
2122 4287 2283 4342 Ἀλλά
2322 4288 2408 4351 τίς
2439 4289 2468 4341 6
2503 4286 2709 4357 ψυχρὸς
2747 4285 2857 4339 τῶν
2886 4284 3097 4339 πολλῶν
3130 4284 3321 4352 λόγος;
3358 4283 3564 4355 Ἀπαρ-

1872 4376 2173 4451 ῥησίαστός
2200 4378 2338 4444 εἰμι,
2370 4375 2556 4446 φησὶν,
2589 4371 2854 4443 αἰσχύνης
2887 4371 3065 4443 γέμω,
3112 4370 3235 4424 οὐδέ
3264 4368 3472 4434 ἀνοῖξαι
3501 4369 3565 4422 τὸ

1878 4465 2058 4537 στόμα
2101 4463 2355 4533 δύναμαι.
2389 4461 2660 4533 Σατανικὴ
2699 4458 2837 4530 αὕτη
2882 4461 2918 4531 ή
2966 4458 3247 4525 εὐλάϐεια,
3290 4457 3565 4545 ῥᾳθυμίας

1875 4553 2052 4607 ταῦτα
2104 4548 2578 4620 προκαλύμματα·
2617 4548 2943 4602 ἀποκλεῖσαι
2968 4546 3079 4617 γάρ
3115 4563 3198 4601 σοι
3244 4547 3345 4609 τάς
3391 4545 3563 4618 θύρας

1875 4645 1974 4713 τῆς
2004 4640 2141 4713 πρὸς
2168 4638 2260 4692 τὸν
2291 4637 2424 4691 Θεὸν
2457 4637 2719 4708 προσόδου
2753 4635 2999 4708 βούλεται
3026 4636 3056 4688 6
3081 4634 3347 4698 διάϐολος.
3367 4635 3567 4706 Ἀπαρ⁴

1881 4730 2174 4803 ῥησίαστος
2210 4721 2300 4793 εἷς
2330 4725 2559 4797 Μεγάλη
2590 4724 2895 4798 παρῥησία,
2928 4724 3071 4796 μέγα
3094 4723 3256 4777 τοῦτο
3287 4722 3418 4776 αὐτὸ
3437 4722 3565 4790 ὀφε-

1877 4819 1967 4882 λος
1986 4818 2048 4872 τὸ
2074 4816 2317 4888 νομίζειν
2340 4814 2789 4887 ἀπαρρησίαστον
2818 4809 2979 4878 εἶναι,
3005 4811 3195 4882 ὥσπερ
3214 4807 3308 4864 οῦν
3333 4810 3563 4881 αἰσχύνη

1878 4908 1973 4963 καὶ
2001 4907 2326 4977 κατάκρισις
2351 4905 2551 4976 ἐσχάτη
2574 4903 2635 4956 τὸ
2662 4903 2905 4971 νομίζειν
2920 4898 3235 4971 παρῥησίαν
3257 4897 3425 4969 ἔχειν.
3444 4897 3563 4952 Κᾶν

1876 4997 1985 5069 γάρ
2014 4993 2187 5048 πολλά
2234 4993 2364 5066 ἔχῃς
2407 4989 2827 5063 κατορθώματα,
2859 4988 2951 5042 καὶ
2987 4985 3152 5058 μηδὲν
3188 4986 3363 5056 ἐαυτῷ
3389 4984 3565 5040 σύνοι-

1876 5086 1974 5148 δας
2003 5083 2260 5156 πονηρὸν,
2298 5079 2525 5152 νομίζῃς
2549 5078 2607 5133 δέ
2631 5075 2939 5149 παρῥησίαν
2970 5074 3132 5145 ἔχειν,
3160 5073 3341 5144 πάσης
3371 5072 3560 5139 ἐξέπε-

1880 5189 1973 5237 σες
1996 5176 2096 5242 τῆς
2121 5170 2320 5241 εὐχῆς·
2362 5169 2467 5222 κᾶν
2511 5165 2683 5238 μυρία
2719 5164 2891 5235 φέρῃς
2923 5161 3337 5234 ἁμαρτημάτων
3370 5160 3568 5233 φορτία

1878 5261 1973 5314 ἐπὶ
2008 5258 2103 5312 τοῦ
2133 5256 2450 5318 συνειδότος,
2489 5253 2583 5307 καὶ
2616 5253 2776 5323 μόνον
2813 5250 2971 5305 τοῦτο
3004 5249 3199 5320 πείσῃς
3234 5247 3451 5313 σαυτὸν,
3480 5248 3564 5302 ὄτιι

1880 5348 2098 5402 πάντων
2130 5345 2353 5416 ἔσχατος
2390 5338 2458 5408 εἰ,
2490 5339 2688 5411 πολλὴν
2722 5338 2865 5404 ἕξεις
2897 5334 3036 5409 πρὸς
3059 5335 3151 5389 τὸν
3185 5335 3319 5390 Θεὸν
3346 5338 3561 5409 παρῥησ

1945 5622 1971 5650 ⁸
1997 5618 2169 5687 more}.
2184 5622 2238 5668 el
2255 5614 2453 5680 quidam
2474 5631 2590 5669 mss.
2616 5618 2736 5687 μετὰ
2754 5614 3147 5687 συντετριμμένης
3164 5615 3390 5687 διανοίας.
3407 5616 3557 5671 Sail.

1882 5693 1992 5730 cum
2018 5678 2790 5744 ριριίςιιιιοίηεε.,συν-τεταμένη,
2811 5678 2993 5728 melius
3018 5684 3071 5726 ul
3097 5679 3308 5728 videtur.

1945 5743 1976 5784 δ
2003 5742 2094 5794 Alii
2120 5742 2443 5791 ὐπακούεσθαι

1950 5810 1972 5838 ⁸
1998 5808 2093 5857 Alii
2116 5807 2208 5867 ᾰςῂ
2254 5803 2360 5854 Mox
2383 5802 2462 5854 alii
2486 5804 2815 5864 γα)ηνιοῖον...
2839 5802 3083 5865 ἐργάζεται
3108 5801 3187 5850 τὸν
3207 5802 3370 5851 τόποι
