3980 6184
261 204 364 260 Ἱῦ5

261 321 332 375 sis
380 325 666 389 peccator,
711 324 762 370 te
813 324 1142 385 peecatorem
1186 314 1508 369 existimare.
1556 311 1835 367 llumilitas

261 413 453 481 quippe
478 418 577 473 est,
609 424 728 463 cum
755 409 894 478 quis,
923 407 1206 461 multorum
1236 420 1652 475 magnorumque
1677 403 1840 458 meri-

264 516 432 559 torum
453 502 553 556 sibi
579 500 841 563 conscius,
871 498 1000 552 nihil
1032 497 1205 567 magni
1229 496 1296 551 de
1321 496 1500 564 seipse
1527 494 1795 550 existimat
1824 509 1839 547 :

262 609 380 647 cum
408 593 527 661 quis
557 590 718 644 Paulo
748 588 936 642 similis
962 588 1138 643 dicere
1168 595 1359 656 potest,
1396 583 1546 638 Niltii
1570 584 1693 637 mihi
1719 598 1842 636 con-

262 686 394 740 scius
422 700 533 737 sum
553 700 572 746 ,'
596 690 651 737 et
678 690 855 735 tamen
883 679 1050 745 addit,
1083 678 1189 734 Sed
1216 695 1316 731 non
1342 678 1394 730 in
1423 676 1847 746 Itoc'justi/icatus

262 792 373 828 sum
393 776 470 836 (1.
493 772 612 827 Cor.
631 773 686 827 4.
710 773 768 842 ti)
791 788 805 824 :
827 785 890 825 ac
910 784 1142 835 rursum,
1164 767 1397 822 Christus
1408 766 1439 819 Ι
1446 782 1557 820 esus
1576 764 1709 819 venit
1729 779 1845 833 pec-

265 877 459 919 catores
495 848 721 927 micare,
761 877 974 931 quorum
1017 860 1207 930 primus
1241 875 1354 912 sum
1386 873 1483 927 ego
1509 858 1591 927 (1.
1621 855 1758 910 Tim.
1791 856 1843 909 1.

265 957 332 1012 15
348 957 391 1026 ).
435 955 548 1009 lluc
581 962 664 1008 est
704 953 1004 1016 humilitas,
1038 966 1159 1004 cum
1188 950 1306 1018 quis
1334 949 1575 1002 excelsus
1601 946 1850 1015 Operibus

264 1061 386 1101 sese
412 1055 592 1099 mente
619 1042 879 1097 hutniliat.
917 1040 1334 1095 Atmmanens
1373 1046 1586 1106 propter
1612 1032 1850 1090 ineffabi-

263 1142 371 1196 lem
407 1138 743 1193 clementiam
786 1148 933 1188 suam
954 1174 968 1197 ,
998 1148 1105 1186 non
1134 1147 1235 1186 eos
1270 1129 1427 1183 modo
1454 1128 1545 1198 qui
1584 1126 1853 1180 humiliter

264 1231 528 1297 sentiunt,
552 1227 645 1283 sed
673 1227 832 1282 etiam
862 1239 976 1287 eos,
1008 1225 1092 1293 qui
1121 1224 1260 1277 bono
1284 1222 1461 1274 animo
1481 1234 1575 1272 sua
1597 1216 1855 1272 conﬁten-

266 1336 360 1379 tur
390 1330 631 1393 peccata,
658 1318 907 1381 admittit,
937 1316 1141 1384 recipit,
1170 1315 1351 1383 sicque
1374 1311 1575 1365 affectis
1596 1307 1855 1379 propitius

266 1425 377 1470 est.
408 1413 477 1469 Ut
504 1422 678 1465 autem
710 1410 884 1464 discas
912 1416 1163 1477 quantum
1212 1405 1407 1458 bonum
1444 1402 1513 1456 sit
1550 1416 1653 1454 non
1692 1400 1854 1452 altum

268 1520 495 1574 sapere,
524 1503 660 1557 duos
684 1501 822 1570 ﬁnge
847 1514 1033 1553 currus
1052 1537 1067 1562 ,
1094 1497 1255 1566 junge
1276 1492 1531 1564 justitiam
1562 1504 1679 1545 cum
1709 1502 1858 1542 arro—

269 1599 474 1670 gantia,
514 1605 569 1651 et
598 1603 871 1665 peccatum
901 1606 1020 1645 cum
1051 1589 1367 1652 humilitate,
1398 1583 1705 1652 videbisqne
1733 1594 1857 1649 pec-

268 1689 381 1744 cati
405 1700 623 1742 currum
658 1682 874 1754 iustitia:
910 1694 1122 1734 currum
1156 1675 1488 1747 praecedere,
1516 1688 1619 1727 non
1648 1669 1860 1741 propria

270 1780 364 1843 vi,
410 1777 505 1832 sed
552 1773 850 1844 conjunctae
892 1768 1201 1824 humilitatis
1244 1766 1439 1819 virtute
1476 1781 1492 1818 :
1531 1762 1693 1815 alium
1734 1759 1861 1813 item

269 1882 494 1924 currum
523 1864 761 1934 superari
790 1860 993 1915 videbis
1023 1873 1128 1911 non
1154 1854 1371 1925 justitiae
1399 1851 1703 1906 infirmitate
1724 1889 1739 1913 ,
1768 1845 1864 1901 sed

271 1973 448 2015 onere
472 1955 718 2024 moleque
746 1949 1082 2021 arrogantiae.
1108 1942 1564 2014 Quemadmodum
1594 1940 1734 1995 enim
1768 1938 1867 1990 hu-

272 2051 481 2105 militas
502 2043 856 2117 praecellentia
874 2057 966 2096 sua
985 2047 1323 2111 peccatorum
1345 2034 1662 2105 gravitatem
1685 2029 1865 2094 vincit,

273 2150 335 2197 et
357 2140 424 2194 ad
445 2139 634 2193 caelum
663 2151 827 2205 usque
851 2133 1131 2204 pertingit;
1160 2129 1238 2185 sic
1258 2137 1310 2182 et
1333 2124 1629 2195 arrogantia
1656 2120 1796 2175 mole
1814 2127 1870 2173 et

272 2230 544 2301 gravitate
571 2240 666 2281 sua
696 2233 866 2294 potest
889 2222 1107 2292 justitia:
1137 2219 1406 2274 levitatem
1431 2215 1664 2278 vincere,
1694 2211 1868 2265 illam-

276 2336 393 2391 que
421 2320 573 2373 facile
592 2316 842 2371 deorsum
872 2313 1103 2367 trahere.

359 2412 415 2463 7.
438 2408 510 2465 Ut
524 2416 701 2462 autem
722 2405 902 2459 videas
921 2402 1059 2456 hanc
1079 2399 1254 2471 bigam
1277 2398 1364 2452 illa
1385 2394 1704 2450 velociorem
1726 2403 1867 2455 esse,

276 2502 575 2561 recordare
600 2496 853 2554 Pharisazi
874 2509 937 2549 ac
958 2492 1245 2563 publicani.
1272 2489 1455 2544 Iunxit
1477 2486 1776 2541 Phariszcus
1792 2481 1877 2550 ju-

279 2593 497 2649 stitiam
518 2599 573 2645 et
595 2588 945 2659 arrogantiam
966 2626 981 2651 ,
1010 2583 1088 2638 sic
1115 2582 1336 2653 loquens
1361 2596 1376 2633 :
1406 2576 1609 2632 Gratias
1638 2573 1725 2627 tibi
1746 2587 1873 2641 ago,

280 2685 414 2757 quia
441 2699 543 2737 non
570 2697 680 2734 sum
712 2679 839 2732 sicut
874 2675 1038 2731 caueri
1066 2674 1358 2736 hominum,
1388 2677 1641 2738 raptores,
1670 2662 1876 2733 injusti,

284 2752 457 2842 neque
476 2774 602 2827 sicut
622 2772 702 2824 hic
727 2769 1021 2840 publicanus
1043 2764 1191 2836 (Luc.
1221 2764 1307 2818 18.
1336 2758 1445 2831 11).
1474 2760 1519 2814 0
1546 2756 1800 2811 insaniam
1822 2753 1837 2783 ³
1860 2752 1874 2806 ε

287 2868 560 2924 Universa
599 2862 871 2916 hominum
916 2866 1105 2912 natura
1143 2855 1257 2926 ejus
1284 2849 1637 2921 arrogantiam
1666 2844 1882 2914 explere

285 2974 408 3014 non
434 2955 633 3027 potuit,
660 2951 752 3007 sed
791 2949 1072 3021 publicano
1102 2945 1342 3017 proxime
1371 2941 1541 3012 posito
1573 2938 1884 3006 insipienter

286 3048 591 3106 admodum
619 3042 905 3099 insultavit.
933 3040 1069 3108 Quid
1097 3038 1254 3109 igitur
1276 3034 1401 3089 ille?
1425 3032 1625 3088 Probra
1659 3044 1762 3083 non
1797 3042 1886 3081 re—

289 3142 470 3214 pulit,
499 3153 605 3194 non
644 3150 784 3207 aegre
809 3134 927 3189 tulit
953 3128 1376 3187 criminationem
1400 3166 1417 3192 ,
1447 3122 1539 3178 sed
1568 3120 1710 3190 quod
1737 3118 1884 3173 diee-

290 3211 463 3292 hatur
487 3233 627 3287 bono
646 3228 855 3298 excepit
877 3225 1055 3280 animo
1081 3240 1095 3277 :
1123 3218 1427 3288 inimicique
1455 3214 1616 3270 telum
1643 3211 1742 3282 ipsi
1771 3224 1889 3265 ver-

291 3342 424 3384 sum
450 3334 534 3380 est
555 3323 607 3378 in
635 3321 1079 3377 medicamentum
1106 3322 1159 3369 et
1184 3312 1533 3372 curationem,
1558 3304 1813 3376 probrum
1835 3302 1888 3355 in

294 3418 541 3481 laudem,
562 3412 860 3469 criminatio
888 3411 939 3463 in
965 3421 1240 3463 coronam.
1263 3402 1490 3458 Tantum
1516 3408 1599 3454 est
1622 3395 1891 3451 humilitas

294 3514 508 3567 bonum
528 3549 543 3574 ,
575 3516 775 3562 tantum
807 3505 1011 3557 lucrum
1043 3514 1149 3554 non
1186 3495 1416 3551 morderi
1459 3488 1890 3564 probris-illatis,

250 3647 269 3662 .
297 3616 413 3657 nec
435 3598 647 3654 efferari
686 3592 1042 3649 contumeliis.
1071 3589 1153 3643 Ex
1189 3588 1256 3643 iis
1283 3587 1476 3657 quippe
1502 3596 1750 3653 magnum
1781 3579 1893 3633 fru-

300 3702 457 3747 ctum
483 3688 772 3758 ingensque
798 3684 992 3737 bonum
1015 3691 1327 3748 comparare
1353 3688 1652 3746 possumus,
1679 3668 1818 3741 quod
1843 3679 1898 3724 et

302 3782 599 3855 publicano
634 3777 872 3846 contigit.
913 3773 1115 3828 Prohra
1158 3770 1298 3825 enim
1332 3766 1642 3854 excipiens,
1680 3771 1898 3834 peccata

305 3845 563 3943 deposuit
580 3911 596 3934 ,
624 3845 852 3936 cunzque
880 3864 1133 3927 dixisset,
1162 3845 1422 3930 Pr0piiius
1447 3866 1550 3911 esto
1576 3855 1698 3908 mihi
1724 3869 1900 3923 pecca-

310 3965 411 4017 tori
442 3959 621 4032 (Ibid.
651 3975 699 4011 υ.
732 3958 844 4025 15),
885 3951 1161 4009 descendit
1185 3948 1500 4022 justifieatus
1537 3960 1647 4017 pra:
1690 3945 1815 4010 illo,
1847 3951 1901 3998 ct

310 4055 478 4111 dictis
503 4052 639 4107 facta
669 4057 915 4119 superata
955 4055 1107 4110 sunt,
1133 4043 1311 4098 verbis
1337 4050 1507 4113 gesta.
1536 4041 1687 4096 Alter
1710 4039 1903 4108 quippe

314 4145 579 4218 justitiam
624 4138 1014 4211 praetendebat,
1054 4134 1253 4209 jejunia
1275 4176 1290 4199 ,
1320 4134 1586 4197 decimas;
1624 4132 1710 4186 hic
1742 4130 1904 4185 verba

318 4234 589 4305 simplicia
613 4230 947 4302 proferebat,
972 4237 1027 4283 et
1048 4227 1224 4282 omnia
1256 4232 1471 4296 peccata
1496 4222 1760 4292 deposuit.
1788 4219 1904 4275 Non

321 4327 472 4380 enim
513 4322 674 4378 verba
714 4321 887 4376 solum
933 4319 1073 4374 Deus
1108 4317 1340 4384 audivit,
1375 4314 1469 4370 sed
1504 4321 1772 4379 mentem,
1802 4326 1906 4381 qua

329 4418 445 4473 hac
473 4414 839 4487 proferrentur
871 4412 1031 4481 vidit,
1063 4410 1310 4480 illamque
1344 4406 1668 4463 humiliatam
1696 4414 1750 4460 et
1773 4418 1907 4460 con-

403 4767 519 4817 Post
563 4765 733 4821 verba,
777 4754 1054 4821 criminatio
1096 4751 1446 4821 inncoronama
1475 4746 1915 4821 haseﬂinseruntur

337 4833 390 4881 in
406 4806 585 4877 's'i’iu.’
602 4806 816 4884 "diana
838 4806 1048 4884 inclusa
1062 4830 1085 4884 ,ς
1113 4814 1284 4879 [Deus,
1308 4808 1513 4884 gratias
1533 4806 1916 4884 haququia

624 4869 749 4935 seu
765 4869 905 4943 tuum
944 4869 1207 4943 ιιοίηειςιῖιηι
1245 4869 1573 4943 υέειέίαιεςίιίσ
1613 4869 1913 4943 “mm”

330 4937 533 5016 ᾅθὲἱλὶιοίοΔ
560 4946 633 5016 bis
676 4944 727 5016 in
758 4942 971 5016 sabbato:
991 4937 1919 5016 Εεεὶτψέέξὶ,σ’ἱέξὲἒίᾝὲιαίέηηίίξῇἐῖ

331 4987 633 5071 anima
668 4987 834 5071 ista:
847 4987 1004 5071 sine;
1019 4987 1051 5050 i‘
1068 4987 1150 5067 ττι
1166 4994 1356 5071 ἰείτιηέο
1370 4987 1918 5071 grassaturis?

331 5053 641 5136 Eam
664 5053 821 5136 mars
861 5062 945 5136 mn-
979 5053 1285 5136 εοηεςξςά
1300 5056 1337 5136 .2.
1362 5053 1920 5136 i’vtzitétiiwijtfﬂl“

333 5069 641 5136 arrogantia
664 5069 821 5118 morbi
861 5069 945 5132 tibi
979 5072 1197 5112 conscius
1234 5069 1325 5126 es!
1363 5069 1698 5166 uygcromtca:
1727 5069 1917 5122 Jacwn-

333 5137 424 5187 ac
464 5140 562 5183 ww
604 5126 1024 5194 ίπυιιοάετιςπιςαηι
1058 5133 1162 5194 εφη
1204 5121 1339 5194 vim
1461 5114 1917 5194 2995499925993:

334 5175 582 5247 Za'inétTm
606 5175 803 5241 autem
818 5175 1005 5251 glutis!
1052 5184 1109 5231 Et
1145 5177 1475 5251 legjsperitum
1494 5175 1698 5251 teipsum
1736 5175 1918 5251 dicens,

334 5237 750 5320 ῑιῐὸῖῐὲίπίῡῡιίη
791 5237 862 5299 ἀι
905 5245 1162 5320 imre;
1189 5237 1401 5320 me.
1424 5248 1470 5320 te
1510 5237 1800 5320 ctissime!
1827 5249 1920 5320 '19P

337 5298 949 5374 Ziiiaiti'ﬁamms,’
968 5313 1013 5374 et
1039 5317 1150 5374 _non
1184 5302 1315 5353 labia
1352 5309 1450 5374 tua.
1492 5298 1809 5374 rﬂublicmus.
1832 5310 1924 5347 au-

338 5357 1112 5437 IEtyi'Z"t6néE'itéﬁ§."noleW
1151 5378 1239 5416 nec
1282 5361 1442 5437 οειεφε
1479 5360 1541 5437 αα
1580 5361 1754 5437 τεξιιυη
1792 5357 1924 5408 ἐυα-

342 5423 436 5498 ’r'é'E
619 5423 911 5498 percutiebat
961 5433 1125 5496 pectus
1157 5438 1297 5498 suum
1335 5423 1504 5498 dicens
1540 5437 1559 5475 :
1595 5423 1727 5494 .Detts
1752 5456 1766 5481 ,
1808 5432 1924 5498 pro:

344 5482 821 5564 pitius'fwcstbwmihi
843 5482 1120 5564 peccaturi.
1163 5483 1389 5564 Audiuit
1412 5482 1494 5546 qui
1522 5482 1818 5564 .inis'c‘ricors
1838 5485 1924 5564 ,εει

350 5545 764 5621 λὶἱὶιῖιὶἆῖὲνὺα,
806 5545 1051 5621 et'statim
1089 5560 1315 5621 coronam
1356 5545 1567 5598 donavit.
1614 5545 1735 5621 Dico
1768 5551 1924 5595 autem

352 5605 778 5685 ςδξίέςᾶιέξέτξαξί
798 5605 877 5666 hic
894 5611 1181 5679 justiﬁcatus
1202 5609 1250 5662 in
1273 5611 1466 5663 domum
1496 5605 1681 5670 δαείη.)

1155 200 1244 257 DE
1282 196 1963 257 INCOMPREHENSIBILI
2006 198 2118 254 DEI
2156 199 2456 258 NATURA.
2497 202 2559 260 V.

3410 203 3515 262 746

1952 311 2127 367 tritam
2157 304 2578 383 iniseratus‘est,
2604 330 2664 371 ac
2700 316 2924 389 benigne
2957 320 3183 388 excepit.
3210 315 3336 372 Hec
3364 332 3526 385 porro

1947 402 2068 457 dico
2090 446 2105 469 ,
2135 420 2239 459 non
2268 414 2325 461 ut
2352 421 2631 476 peccemus
2655 450 2669 472 ,
2706 409 2800 463 sed
2831 418 2888 463 ut
2919 408 3525 465 humilitersentiamus.

1945 495 2077 550 Nam
2098 496 2143 550 si
2164 497 2475 568 publicanus
2497 500 2674 563 homo,
2696 500 2939 569 quodest
2961 498 3529 568 extremumnequitize

1947 601 2142 656 genus,
2177 603 2281 641 non
2313 588 2494 642 humili
2525 598 2758 654 tantum,
2787 590 2881 645 sed
2910 590 3077 661 probo
3105 590 3284 644 animo
3311 598 3535 658 peccata

1947 693 2042 734 sua
2063 680 2356 746 confessus,
2385 691 2438 736 et
2463 682 2512 736 id
2538 682 2675 753 quod
2698 691 2813 737 erat
2839 683 3169 747 testiﬁcatus,
3202 690 3399 736 tantam
3427 681 3539 736 sibi-

1949 770 2044 825 Dei
2082 771 2506 827 benevolentiam
2539 774 2871 842 conciliavit,
2907 783 3158 844 quantam
3195 771 3262 833 ii.
3289 772 3378 841 qui
3407 785 3539 826 cum,

1949 862 2203 930 praeclara
2238 856 2545 933 gesserint,
2578 879 2687 918 non
2729 865 2893 918 altum
2938 874 3112 918 tamen
3156 863 3397 932 sapiunt,
3428 860 3530 915 sibi

1950 969 2104 1024 opem
2133 954 2421 1009 attrahunt.
2451 947 2804 1024 Quamobrem
2837 957 3006 1012 etiam.
3026 964 3184 1025 atque
3218 956 3387 1009 etiam:
3409 953 3536 1006 hor-

1955 1054 2055 1111 tor,
2086 1060 2212 1115 rogo
2235 1055 2288 1100 et
2316 1061 2435 1112 oro,
2461 1056 2517 1101 ut
2542 1048 2842 1117 frequenter
2873 1048 2979 1101 Deo
3005 1045 3383 1102 confiteamini.
3409 1044 3531 1099 Non

1953 1144 2006 1191 te
2030 1137 2083 1190 in
2113 1136 2369 1191 theatrum
2398 1151 2775 1193 conservorum
2805 1148 3012 1193 tuorum
3043 1139 3200 1200 duco,
3233 1152 3405 1207 neque
3432 1137 3533 1189 ho-

1955 1228 2185 1283 minibus
2233 1239 2447 1298 peccata
2489 1230 2729 1284 revelare
2770 1245 2936 1300 cogo;
2975 1230 3354 1284 conscientiam
3391 1238 3534 1281 tuam

1956 1319 2197 1388 expandc
2225 1334 2403 1374 coram
2436 1321 2544 1375 Deo
2567 1361 2581 1385 ,
2611 1321 2832 1376 ostende
2871 1322 2970 1391 ipsi
3007 1321 3222 1375 vulnera
3242 1362 3257 1384 ,
3288 1329 3342 1375 et
3375 1318 3442 1373 ab
3470 1333 3537 1373 eo

1958 1409 2341 1464 medicamenta
2369 1410 2571 1480 postulo
2602 1426 2615 1463 :
2648 1412 2868 1466 ostende
2892 1427 2995 1465 non
3035 1410 3409 1481 exprobranti,
3444 1408 3539 1463 sed

1957 1499 2162 1553 curanti
2191 1517 2205 1552 :
2236 1499 2359 1554 licet
2385 1501 2525 1555 enim
2556 1508 2751 1566 taceas,
2781 1502 2894 1570 ipse
2919 1501 3070 1555 novit
3094 1499 3293 1556 omnia.
3327 1498 3421 1553 Die
3447 1498 3543 1565 igi-

1962 1599 2067 1655 tur,
2093 1600 2150 1644 ut
2179 1590 2231 1644 id
2261 1591 2409 1644 lucro
2439 1591 2530 1645 tibi
2558 1591 2627 1645 sit
2651 1608 2664 1642 :
2692 1590 2800 1657 dic,
2825 1601 2878 1644 ut
2909 1590 3013 1645 illis
3042 1589 3128 1643 hic
3152 1587 3427 1656 depositis,
3450 1585 3545 1640 illo

1961 1680 2125 1735 abeas
2164 1694 2329 1750 purus
2352 1690 2405 1735 et
2443 1695 2474 1735 a
2502 1681 2712 1735 delictis
2748 1694 2945 1735 vacuus
2968 1720 2982 1744 ,
3012 1689 3067 1734 et
3104 1679 3171 1733 ab
3214 1673 3545 1732 intoleranda

1964 1774 2383 1844 promulgatione
2409 1774 2494 1828 illa
2523 1775 2787 1829 libereris.
2818 1773 2950 1828 Tres
2978 1772 3125 1844 pueri
3156 1772 3229 1825 illi
3256 1770 3310 1825 in
3336 1768 3549 1824 camino

1964 1864 2265 1935 degebant,
2310 1864 2649 1934 animamque
2679 1879 2827 1919 suam
2868 1878 2963 1933 pro
2991 1864 3215 1917 Domino
3239 1860 3503 1916 dederunt
3532 1885 3551 1914 -.

1965 1965 2201 2011 attamen
2233 1965 2349 2027 post
2376 1964 2455 2011 tot
2480 1966 2729 2027 tantaque
2754 1956 2963 2010 virtutis
2987 1955 3161 2010 ofﬁcia
3184 1953 3403 2008 dicunt:
3430 1949 3553 2004 Non

1969 2063 2231 2116 possumus
2258 2047 2456 2116 aperire
2481 2064 2537 2101 os
2567 2062 2586 2100 :
2615 2047 2846 2118 confusio
2872 2054 2919 2100 et
2946 2044 3273 2115 opprobrium
3309 2041 3434 2111 facti
3467 2055 3555 2095 stt-

1969 2154 2079 2191 mus
2099 2137 2251 2191 servis
2271 2138 2389 2201 tuis,
2416 2146 2464 2190 et
2483 2137 2758 2192 colentibus
2783 2146 2829 2190 te
2853 2134 3013 2207 (Dan.
3037 2136 3091 2189 3.
3114 2132 3228 2204 33).
3252 2133 3358 2187 Cur
3379 2132 3556 2200 itaque

1970 2242 2033 2282 os
2058 2227 2311 2296 aperitis?
2341 2236 2401 2281 ut
2437 2228 2538 2282 hoc
2567 2229 2740 2297 ipsum
2765 2226 3026 2292 dicamus,
3055 2224 3320 2295 inquiunt,
3352 2238 3459 2277 non
3489 2222 3556 2275 Ii-

1972 2333 2097 2373 cere
2123 2316 2276 2372 nobis
2299 2333 2360 2373 os
2386 2318 2616 2387 aperire,
2647 2328 2702 2374 et
2727 2332 2793 2373 eo
2823 2318 2939 2387 ipso
2969 2316 3250 2372 Dominum
3274 2315 3556 2370 leniamus.

1972 2406 2239 2462 Orationis
2267 2408 2347 2461 vis
2373 2407 2477 2461 vim
2506 2408 2641 2477 ignis
2669 2408 2942 2473 exstinxit,
2975 2406 3186 2460 leonum
3219 2403 3449 2458 furorem
3475 2417 3560 2457 re-

1975 2497 2234 2562 frzenavit,
2265 2496 2404 2553 bella
2433 2501 2751 2567 composuit,
2782 2511 2985 2567 pugnas
3011 2495 3238 2561 sedavit,
3268 2501 3559 2563 tempesta-

1979 2599 2059 2645 tes
2091 2588 2342 2655 sustulit,
2375 2589 2647 2645 daemones
2690 2589 2927 2660 fugavit,
2956 2588 3077 2643 cmli
3111 2596 3291 2658 portas
3317 2586 3562 2655 aperuit,

1980 2680 2192 2734 vincula
2220 2681 2405 2736 mortis
2427 2680 2659 2752 abrupit,
2687 2681 2903 2735 morbos
2928 2681 3105 2750 ejecit,
3128 2678 3320 2734 damna
3348 2662 3561 2748 repulit,

1981 2770 2140 2824 urbes
2161 2785 2449 2825 concussas
2477 2770 2733 2838 ﬁrmavit,
2763 2769 2989 2825 inflictas
3013 2770 3217 2824 czelitus
3242 2769 3444 2838 plagas,
3472 2767 3567 2821 hov-

1982 2862 2193 2947 minum.
2210 2861 2463 2928 insidias,
2494 2862 2671 2918 omnia
2702 2861 2932 2931 denique
2971 2860 3108 2915 mala
3139 2859 3351 2915 sustulit
3376 2858 3566 2913 oratio.

1986 2952 2290 3007 Orationem
2318 2967 2478 3021 porro
2505 2952 2646 3019 dico,
2678 2966 2784 3007 non
2818 2965 2935 3007 eam
2966 2965 3085 3022 quas
3110 2964 3205 3005 ore
3231 2959 3384 3005 tenus
3410 2948 3570 3004 effer-

1989 3053 2097 3111 tur,
2125 3045 2220 3100 sed
2247 3060 2364 3100 eam
2391 3060 2508 3115 quas
2536 3060 2603 3099 ex
2633 3044 2820 3099 intimo
2858 3043 3051 3099 mentis
3083 3041 3341 3098 ascendit.
3371 3040 3570 3107 Quem-

1986 3137 2271 3193 admodum
2315 3137 2458 3193 enim
2505 3137 2725 3192 arbores
2771 3135 2914 3202 illae,
2962 3150 3084 3205 quae
3133 3132 3367 3189 radicem
3416 3130 3574 3185 altius

1988 3229 2270 3295 miserint,
2302 3229 2402 3286 etsi
2446 3229 2756 3284 innumeros
2794 3234 3076 3283 ventorum
3122 3224 3384 3295 impulsus
3425 3222 3574 3278 exei-

1990 3322 2167 3391 piant,
2200 3336 2306 3376 non
2350 3320 2701 3392 franguntur,
2734 3333 2834 3375 nec
2870 3318 3198 3384 evelluntur,
3227 3314 3493 3371 radicibus
3521 3313 3576 3368 in

1992 3412 2100 3468 imo
2124 3421 2278 3466 teme
2300 3412 2522 3467 firmiter
2546 3410 2895 3476 haerentibus;
2917 3410 2993 3464 sic
3017 3409 3285 3465 orationes
3302 3423 3365 3462 ex
3391 3406 3578 3461 intimo

1992 3503 2187 3558 mentis
2215 3502 2444 3566 cmissze,
2475 3501 2576 3557 hac
2601 3501 2794 3556 innixa:
2830 3500 3031 3567 radice,
3059 3513 3244 3556 secure
3273 3499 3326 3552 in
3354 3496 3580 3552 sublime

1996 3596 2283 3661 tolluntur,
2324 3595 2576 3665 nulloque
2611 3594 2989 3664 cogitationum
3031 3592 3228 3661 impetu
3258 3588 3582 3645 subvertan-

1999 3696 2084 3741 tur
2115 3704 2129 3740 :
2161 3685 2280 3740 ideo
2309 3684 2567 3755 propheta
2594 3683 2806 3739 dicebat
2831 3699 2846 3736 :
2877 3680 2956 3736 De
2983 3680 3251 3753 profundis
3276 3678 3492 3733 clamavi
3515 3677 3591 3730 ad

1998 3787 2071 3844 te,
2105 3777 2319 3832 Domine
2346 3775 2529 3851 (Prol.
2559 3775 2682 3831 129.
2716 3776 2737 3830 1
2762 3774 2803 3843 ).
2839 3774 2966 3829 lltcc
2991 3772 3112 3828 dico
3140 3786 3245 3826 non
3272 3780 3332 3825 ut
3358 3768 3593 3824 laudetis

2000 3877 2226 3934 tantum,
2257 3867 2351 3922 sed
2380 3874 2437 3922 ut
2463 3866 2615 3922 factis
2642 3864 2801 3921 etiam
2831 3863 3150 3920 exhibeatis.
3183 3861 3314 3917 Nam
3340 3860 3385 3914 si
3416 3859 3598 3914 homi-

2000 3958 2155 4014 nibus
2197 3958 2524 4014 calamitates
2563 3956 2805 4028 proprias
2844 3969 3094 4020 narrare,
3127 3953 3298 4023 iisque
3325 3951 3460 4007 mala
3490 3964 3599 4005 sua:

2002 4048 2329 4115 describere,
2364 4048 2415 4104 id
2443 4048 2725 4121 quamdam
2761 4046 2915 4103 aﬂ'ert
2954 4043 3302 4101 maerentibus
3340 4041 3584 4097 consola-

2004 4139 2203 4195 tionem
2229 4180 2243 4204 ,
2280 4155 2344 4195 ac
2384 4139 2431 4194 si
2468 4140 2557 4193 illa
2596 4154 2693 4208 per
2720 4138 2984 4208 loquelam
3014 4133 3393 4199 cxsufflentur,
3422 4130 3595 4185 multo

1992 4231 2173 4301 magis
2201 4230 2247 4285 si
2276 4230 2437 4284 animi
2463 4231 2535 4285 tui
2572 4230 2812 4284 miserias
2843 4226 3067 4281 Domino
3096 4231 3188 4278 tuo
3223 4220 3588 4277 communica-

2007 4322 2167 4386 veris,
2192 4319 2473 4390 quamdam
2499 4317 2885 4373 recreationem
2906 4312 3431 4380 eonsolationemque
3456 4308 3591 4363 ututs

2008 4424 2115 4468 tam
2153 4412 2402 4481 accipies.
2448 4410 2619 4464 Homo
2655 4408 2795 4463 enim
2834 4421 2977 4476 saepe
3012 4412 3294 4475 gravatur,
3322 4401 3593 4472 querentis
3644 4460 3657 4467 ,

2009 4505 2338 4575 lngentisqne
2358 4500 2589 4567 fastidio,
2610 4514 2839 4570 eumque
2860 4497 3036 4568 rejicit
3054 4496 3318 4566 abigitque
3339 4511 3353 4548 :
3375 4502 3432 4547 at
3455 4493 3607 4548 Deus-

2009 4610 2116 4651 non
2148 4595 2307 4660 item,
2347 4592 2444 4647 sed
2486 4591 2719 4647 admittit
2757 4604 2821 4645 ac
2860 4586 3162 4659 pertrahit:
3196 4585 3240 4640 si
3266 4583 3597 4640 calamitates

2010 4698 2127 4744 tuas
2156 4687 2256 4759 ipsi
2284 4684 2679 4743 communicare
2703 4682 2794 4738 diu
2826 4696 3016 4752 pergas
3035 4720 3050 4745 ,
3081 4686 3208 4733 tunc
3237 4686 3289 4732 te
3317 4674 3484 4745 magis
3511 4673 3597 4727 di-

2010 4782 2159 4853 ligit,
2202 4780 2413 4850 tuisque
2454 4778 2702 4850 precibus
2740 4775 2946 4830 annuit.
2992 4771 3105 4827 Hoc
3147 4770 3316 4839 ipsum
3359 4766 3600 4820 indicans

2012 4872 2258 4928 Christus
2286 4869 2499 4926 dicebat
2527 4886 2540 4922 :
2578 4867 2754 4923 Venite
2780 4866 2848 4919 ad
2875 4879 2956 4917 nte
2981 4877 3151 4916 omnes
3177 4858 3262 4924 qui
3287 4855 3600 4911 laboratis.“

2012 4964 2207 5021 onerati
2231 4965 2368 5031 estis,
2392 4971 2441 5017 et
2467 4978 2558 5033 ego
2584 4958 2809 5029 reﬁciam
2830 4972 2917 5010 vos
2940 4951 3151 5027 (Matth.
3180 4950 3268 5004 11.
3288 4947 3406 5016 28).
3430 4944 3602 4999 Vocat

2013 5055 2207 5127 igitur,
2236 5069 2305 5110 ue
2332 5052 2743 5121 inobsequentes
2777 5046 2981 5109 simus;
3012 5039 3259 5105 attrahit,
3290 5052 3358 5091 ne
3396 5034 3602 5090 resilia-

2014 5161 2174 5214 mus;
2221 5143 2324 5201 etsi
2366 5140 2596 5213 peccatis
2638 5135 2929 5193 innumeris
2972 5131 3189 5189 obnoxii
3233 5128 3437 5191 simus,
3476 5136 3603 5180 tunc

2014 5238 2185 5309 magis
2223 5244 2564 5290 accurramus
2594 5247 2608 5284 :
2640 5224 2943 5299 huiusmodi
2981 5224 3123 5279 enim
3165 5219 3425 5275 homines.
3449 5224 3604 5272 vocat

2018 5304 2149 5383 illev:
2183 5324 2303 5379 Non
2329 5323 2457 5390 ueni,
2484 5321 2672 5392 inquit,
2698 5333 2876 5372 vocare
2902 5316 3089 5386 justas,
3115 5311 3204 5367 sed
3230 5317 3510 5371 peccatores
3534 5304 3619 5359 ad.

2018 5418 2360 5490 ptcnitentiam
2404 5411 2529 5486 (Id.
2560 5411 2614 5467 9.
2661 5407 2784 5481 15).
2836 5406 3095 5462 Oneratos
3144 5401 3227 5456 hic
3268 5408 3422 5454 vocat
3471 5411 3611 5461 eos,

2018 5489 2106 5583 qui
2152 5492 2428 5573 laborant,
2455 5504 2543 5574 qui
2586 5510 2925 5573 peccatorum
2969 5491 3225 5565 gravitate
3261 5489 3611 5558 afﬂiguntur;

2025 5582 2242 5660 vocatur
2275 5600 2414 5657 enim
2447 5598 2583 5653 Deus
2610 5590 3021 5655 consolationis,
3052 5597 3102 5643 ct
3131 5586 3269 5641 Deus
3299 5582 3602 5639 miscticus-
