3980 6184
399 151 496 212 747

393 264 597 324 diarum
625 270 702 340 ('2.
735 267 851 325 Co‘r.
882 270 931 324 I.
963 269 1016 340 5)
1044 286 1056 320 :
1089 269 1336 339 quoniam
1365 265 1466 322 hoc
1490 270 1607 338 ejus
1633 266 1866 324 ofﬁcium
1893 280 1977 326 est

397 371 729 430 perpetuum,
759 369 816 414 ut
837 360 1078 415 dolentes
1103 368 1157 414 et
1183 358 1409 415 afﬂictos
1437 359 1741 415 consoletur
1765 369 1821 415 et
1847 359 1974 416 hor-

393 463 552 516 tetur,
579 454 784 508 etiamsi
814 453 1106 508 innumeris
1133 453 1240 507 sint
1267 453 1498 522 peccatis
1522 454 1717 508 onuSti.
1748 450 1974 510 Tantum

395 559 494 598 nos
529 545 627 613 ipsi
663 542 954 610 dedamns,
988 552 1188 597 tantum
1226 557 1567 598 accurramus
1593 542 1660 598 ad
1692 558 1844 611 eum,
1877 560 1977 601 nec

392 637 742 702 desistamus,
782 643 940 705 atque
985 636 1350 705 experimento
1391 635 1652 691 dictorum
1695 637 1973 693 veritatem

393 728 691 783 ediscemus
713 767 727 793 ,
759 726 1008 796 nullaque
1036 741 1123 782 res
1149 741 1247 782 nos
1279 726 1463 782 dolore
1495 726 1710 783 afﬁcere
1749 729 1969 797 poterit,

386 821 426 874 si
461 820 672 874 assidua
691 830 746 875 et
764 828 1007 875 accurata
1027 819 1267 876 oratione
1286 829 1516 875 utamur.
1543 819 1807 891 Quidquid
1829 821 1970 878 enim

391 913 614 980 accidat,
646 927 742 982 per
770 913 914 967 illam
945 912 1098 968 facile
1125 911 1398 984 depellere
1428 913 1738 983 poterimus.
1771 913 1973 984 Ecquid

391 1005 581 1058 mirum
619 1005 663 1059 si
701 1004 958 1060 humanas
995 1020 1260 1061 aerumnas
1301 1006 1472 1061 oratio
1513 1005 1721 1060 solvere
1765 1005 1968 1077 possit,

391 1097 601 1165 quando
631 1105 967 1166 peccatorum
1003 1106 1245 1152 naturam
1287 1099 1358 1151 ita
1402 1095 1558 1152 facile
1599 1095 1884 1162 exstinguit
1915 1106 1971 1152 et

1109 157 1167 212 S.
1208 153 1486 212 JOANNIS
1525 154 2008 214 CIIRYSOSTOMI
2034 154 2350 212 ARCHIEP.
2389 155 2926 214 CONSTAN'I‘INOP.

3538 157 3628 225 ‘IlS

2083 269 2261 324 delet?
2284 268 2352 326 Ut
2375 268 2534 340 igitur
2561 279 2878 340 praesentem
2907 270 3065 324 vitam
3086 286 3204 326 cum
3227 267 3463 330 facilitate
3481 286 3632 336 tranat

2081 360 2284 432 igamus
2305 400 2322 428 ,
2372 369 2427 415 et
2452 369 2666 431 peccata
2686 402 2701 427 ,
2726 377 2844 431 quae
2870 363 3236 417 contraximus
3252 405 3267 430 ,
3294 364 3630 436 deponamus,

2079 466 2305 522 cumque
2326 450 2512 507 ﬁducia
2535 461 2738 508 stemus
2756 461 2880 508 ante
2901 452 3131 508 tribunal
3150 452 3362 523 Christi,
3384 455 3480 511 hoc
3498 460 3633 515 nobis

2078 554 2336 617 perpetuo
2371 545 2815 601 medicamentum
2857 561 3104 615 paremus
3142 547 3416 618 lacrymis,
3446 550 3631 613 studio,

2077 637 2418 703 assiduitate,
2469 638 2720 708 patientia
2765 638 2892 692 illud
2929 639 3273 705 condientes;
3314 640 3384 694 ita
3423 640 3554 695 enim
3588 653 3637 697 et

2078 728 2298 798 perenni
2328 727 2566 784 fruemur
2594 729 2897 785 valetudine
2919 769 2934 795 ,
2970 739 3026 786 et
3065 729 3240 784 futura
3269 745 3640 802 consequemur

2077 821 2236 886 bona,
2259 836 2377 890 qua:
2405 835 2502 877 nos
2528 835 2715 878 omnes
2739 822 2958 892 adipisci
2983 824 3271 894 contingat,
3297 824 3460 894 gratia
3481 834 3531 879 et
3554 825 3638 879 hu-

2078 915 2331 971 manitate
2371 915 2581 970 Domini
2619 916 2785 970 nostri
2823 915 2950 971 Jesu
2973 915 3166 972 Christi
3188 958 3203 980 ,
3230 931 3351 971 cum
3382 932 3483 986 quo
3512 917 3637 971 Patri

2075 1006 2242 1076 gloria
2267 1005 2531 1075 simulque
2557 1015 2740 1061 sancto
2764 1005 3008 1076 Spiritui,
3040 1022 3179 1062 nunc
3207 1016 3261 1062 et
3289 1019 3497 1075 semper
3519 1015 3568 1062 et
3593 1007 3636 1060 in

2078 1097 2272 1154 smcula
2300 1097 2638 1154 saeculorum.
2670 1100 2861 1154 Amen.

1435 2113 1513 2175 IN
1556 2113 1755 2175 TRES
1789 2110 2243 2190 SEQUENTES
2271 2111 2662 2174 HOMILIAS

508 2659 608 2727 llic
638 2671 994 2727 vetustiorum
1019 2662 1264 2726 ordinem
1291 2669 1788 2740 manuscriptorum
1818 2667 2004 2737 sequi-

439 2802 584 2850 mur,
616 2800 777 2856 quem
818 2792 1039 2840 secutus
1070 2783 1198 2840 item
1230 2791 1314 2839 est
1342 2799 1396 2838 v.
1425 2784 1498 2838 cl.
1526 2775 1732 2838 Fronto
1751 2782 2000 2838 ῡυοωιιε.

438 2896 558 2951 Non
619 2895 777 2966 pauci
822 2894 1023 2964 quippe
1085 2893 1324 2959 codices,
1383 2901 1510 2963 post
1543 2891 1788 2963 quinque
1820 2899 2005 2946 contra

441 3011 717 3065 Anomatos
757 3006 1034 3073 bomilias,
1067 3014 1274 3062 sextam
1312 3004 1618 3075 adiungunt
1658 3003 1738 3059 De
1777 3002 1838 3059 S.
1875 3000 2007 3058 Phi-

441 3121 672 3192 logonio,
704 3119 990 3190 septimam
1033 3116 1108 3172 De
1139 3115 1609 3184 consubstantiati,
1652 3124 1900 3173 octavam
1930 3114 2009 3170 De

435 3232 686 3300 petitione
726 3231 960 3302 ﬁliorum
999 3211 1282 3284 Zebédwi:
1341 3243 1575 3299 quarum
1621 3227 1744 3283 dum
1789 3192 2047 3296 quidem!

440 3354 733 3414 postremae
777 3359 889 3400 non
931 3354 1176 3412 tempore
1217 3352 1453 3407 tantum,
1497 3343 1594 3399 sed
1641 3343 1804 3398 etiam
1848 3357 2011 3413 argu-

443 3469 628 3515 mento
657 3474 781 3514 cum
835 3459 1077 3529 quinque
1107 3459 1385 3530 prioribus
1429 3458 1800 3522 conveniunt;
1860 3467 2012 3512 sexta

441 3578 594 3636 vero,
654 3571 755 3626 etsi
805 3580 930 3641 post
963 3571 1253 3642 quintam,
1301 3568 1448 3625 nulla
1505 3569 1827 3639 interposita
1882 3569 2011 3634 alia,

446 3683 628 3738 habita
659 3683 842 3750 fuerit,
872 3692 1196 3754 argumento
1227 3683 1511 3755 peregrina
1548 3699 1774 3753 prorsus
1807 3685 2014 3739 videre-

447 3804 561 3861 tur,
598 3794 703 3849 nisi
736 3794 892 3849 initio
921 3794 1124 3850 diceret
1166 3793 1614 3864 Chrysostomus.
1671 3807 1730 3846 se
1773 3806 1804 3845 a
1855 3789 2014 3845 solita

447 3904 827 3974 destinataque
893 3911 1082 3958 contra
1139 3903 1436 3958 Anommos
1500 3899 1904 3955 concertatione
1954 3893 2012 3952 S.

453 4015 754 4086 Philogonii
787 4017 873 4070 die
899 4014 1036 4070 festo
1071 4015 1424 4087 interpellari.
1460 4012 1588 4068 ldeo
1621 4028 1742 4069 mos
1781 4012 2020 4068 obtinuit

448 4140 508 4183 ut
532 4129 582 4182 in
622 4129 848 4184 vetustis
882 4129 1160 4186 codicibus
1193 4127 1445 4184 eumdem
1497 4126 1744 4183 ordinem
1787 4135 2014 4190 teneret,

469 4363 626 4380 ..__..--«
661 4364 2134 4374 -ς---ενυῂῄκ-“η“*-η...φα-*ψ*
2151 4368 2199 4372 ...-
2215 4370 2365 4375 \___,_.__
2380 4371 2386 4375 ,
2406 4369 2458 4372 ,7,
2475 4370 2479 4371 ν
2499 4368 2508 4372 ,
2527 4366 2594 4372 -..η
2615 4364 2740 4370 ν--η-
2752 4362 2844 4367 ατ-ο-
2867 4359 2950 4365 --νο-

2108 2677 2268 2736 quem
2299 2664 2661 2721 interturbare
2690 2703 2705 2728 ,
2763 2653 3055 2718 Frontonis
3121 2651 3304 2715 Ducat
3375 2658 3660 2729 exemplum

2109 2778 2302 2844 secuti,
2328 2776 2629 2833 noluimus.

2177 2889 2304 2948 Haec
2323 2904 2488 2962 porro
2515 2891 2571 2944 in
2599 2887 2659 2944 S.
2692 2883 3067 2956 Philagonium
3101 2883 3336 2940 humilia
3393 2881 3568 2938 habita
3593 2881 3668 2937 est

2113 3018 2260 3060 anno
2309 3001 2436 3069 386,
2493 3001 2753 3058 vicesima
2806 2998 3150 3063 Decembris,
3201 2998 3456 3069 quinque
3486 2994 3667 3052 diebus

2115 3129 2240 3177 ante
2258 3118 2501 3176 Natalem
2526 3117 2752 3184 Christi,
2795 3089 2856 3172 ut
2883 3116 3085 3172 dicitur
3125 3129 3278 3170 num.
3333 3116 3389 3170 4.
3419 3111 3548 3169 Nam
3585 3109 3667 3166 illo

2115 3246 2358 3307 tempore
2381 3235 2497 3304 jam
2531 3230 2735 3286 Natalis
2788 3229 2989 3286 Christi
3043 3229 3179 3296 dies,
3218 3226 3664 3298 quemadmodum

2120 3349 2389 3418 hodieque
2443 3347 2498 3401 in
2553 3343 2868 3407 Occidente,
2910 3338 2983 3397 25
3004 3340 3327 3399 Decembris
3385 3337 3668 3394 Antiochia:

2118 3454 2514 3517 celebrabatur,
2545 3454 2707 3524 idque
2735 3468 2767 3508 a
2802 3453 2992 3523 paucis
3035 3452 3216 3517 annis.
3246 3459 3317 3506 ut.
3366 3451 3423 3506 in
3488 3447 3675 3504 Monito

2121 3565 2187 3620 ad
2211 3564 2489 3620 homiliam
2520 3564 2574 3618 in
2602 3563 2854 3618 eumdem
2890 3562 3135 3618 Natalem
3161 3561 3673 3629 enarrabiturzquaa

2120 3675 2338 3743 quidem
2380 3673 2606 3728 bomilia
2638 3672 2782 3728 inter
2815 3671 3168 3742 panegyricos
3223 3684 3511 3726 sermones
3547 3665 3671 3722 infra

2122 3789 2353 3843 locatur.
2410 3785 2597 3840 Sancti
2638 3798 2765 3840 vero
2793 3781 3100 3854 Philogonii
3133 3783 3525 3854 panegyricum
3575 3794 3673 3834 non

2122 3899 2357 3956 absolvit
2415 3898 2877 3968 Chrysostomus;
2951 3895 3046 3952 sed
3119 3894 3366 3950 maxima
3432 3887 3674 3962 praeconii

2120 4021 2273 4084 parte
2305 4010 2565 4067 Flaviano
2591 4010 2872 4080 episcopo,
2899 4008 3095 4064 eadem
3127 4007 3213 4062 die
3260 4005 3666 4063 concionaturo,

2116 4129 2300 4186 relicta
2323 4168 2340 4196 ,
2379 4127 2434 4182 in
2473 4123 2737 4182 orationis
2781 4121 2960 4178 medio
2997 4134 3220 4178 cursum
3267 4117 3575 4187 intercipit,
3620 4114 3672 4166 ut

3407 4341 3681 4356 .____—.—.-

440 4511 505 4555 ΙΝ
551 4514 806 4558 BEATUM
849 4513 1310 4572 PHILOGONIUM,
1356 4512 1463 4569 QUI
1507 4515 1658 4558 FUIT
1701 4517 1785 4559 EX
1831 4511 2120 4558 PATBONO
2163 4512 2499 4556 CAUSARUM
2545 4513 2781 4557 FACTUS
2825 4513 3182 4570 EPISCOPUS,
3213 4515 3292 4556 ET
3321 4515 3494 4567 QUOD
3535 4512 3691 4555 NIHIL

521 4612 706 4666 EQUE
748 4615 988 4658 BEDDIT
1030 4617 1144 4662 NOS
1190 4618 1315 4662 Ι)Εο
1360 4617 1699 4671 ιιιιοΒΑΤοε,
1745 4618 1955 4670 ATQUE
1998 4619 2055 4661 SI
2099 4617 2385 4662 STUDIOSI
2432 4618 2616 4662 SIMUS
2662 4619 2879 4661 EARUM
2925 4618 3146 4662 REIIUM
3180 4647 3196 4676 ,
3243 4621 3388 4672 QUE
3431 4613 3697 4662 PUBLICB

518 4716 899 4762 CONDUCUNT
941 4718 1264 4762 UTILITATI
1308 4720 1389 4761 ET
1431 4719 1600 4771 QUOD
1643 4718 1998 4764 NEGLIGENT

2143 4719 2472 4762 ADEUN'I‘ES
2525 4700 2745 4762 υἱνιΝΑ
2793 4712 3113 4763 ΜΥεἸἙΚΙΔ
3168 4719 3551 4765 ωιηιεεηης
3591 4715 3696 4758 PU‘

517 4819 830 4875 NIUNTUR,
878 4821 1076 4864 ETIAM
1120 4819 1174 4864 SI
1219 4819 1424 4863 SBMEL
1465 4813 1727 4863 TANTUM
1784 4818 1848 4862 IN
1912 4819 2079 4863 ANNO
2137 4818 2364 4862 SCELUS
2409 4818 2533 4861 HOC
2589 4817 3044 4863 COMMISERINT.
3093 4814 3277 4864 DICTA
3324 4820 3444 4864 EST
3495 4815 3694 4862 AUTEI

517 4921 798 4975 QUINQUE
829 4921 1056 4966 DIBBUS
1096 4923 1264 4966 ANTE
1305 4921 1602 4965 NATALEM
1631 4919 1881 4964 CHRISTI
1916 4917 1957 4962 ¹.

1055 5172 1271 5217 ιιοιιιιιλ
1311 5177 1384 5215 γι.

508 5291 559 5345 1.
587 5292 696 5362 Ego
724 5292 936 5363 quidem
965 5303 1020 5349 et
1040 5293 1200 5349 hodie
1225 5294 1543 5351 destinaram
1567 5293 1822 5349 adversus
1849 5287 2016 5347 lucre-

435 5381 570 5435 ticos
594 5381 884 5439 luctaturus
901 5394 1076 5440 vestes
1097 5400 1312 5450 exuere,
1332 5385 1578 5456 quodque
1604 5385 1836 5441 restabat
1854 5384 2016 5440 debiti

435 5473 586 5528 vobis
612 5475 914 5544 persolvere
944 5495 958 5531 :
992 5488 1173 5532 verum
1198 5477 1338 5532 beati
1375 5476 1672 5548 Pliilogonii
1703 5478 1836 5545 dies,
1866 5477 2018 5548 cujus

435 5568 629 5622 festum
654 5569 1004 5636 celebramus,
1027 5570 1092 5624 ad
1113 5571 1276 5641 ipsius
1302 5570 1698 5626 benefactorum
1722 5576 2016 5629 enarratio-

501 5683 518 5713 ί
553 5681 732 5748 collata
752 5697 861 5733 cum
898 5685 1146 5736 codicibus
1182 5687 1341 5748 Regiis
1366 5687 1503 5746 l958,
1534 5688 1669 5746 1959,
1697 5688 1820 5738 Μ
1845 5697 1894 5738 et
1910 5692 2018 5740 col-

435 5737 564 5808 bert.
589 5744 699 5792 974.
726 5752 852 5793 Unus
871 5747 1146 5808 prtemittit,
1171 5737 1278 5797 atth
1314 5737 1502 5808 festum,
1522 5737 1776 5803 nativitatis
1800 5737 2008 5806 Christi.

435 5805 603 5858 ωας.
621 5815 785 5858 autem
809 5814 885 5856 est
908 5807 1140 5869 vigesima
1162 5805 1458 5861 Decembris.

2126 5189 2247 5229 nem
2272 5173 2502 5243 linguam
2529 5181 2762 5226 nostram
2785 5171 3041 5226 evocavit.
3075 5171 3142 5226 Et
3173 5171 3393 5226 omnino
3417 5168 3690 5241 parendum

2120 5274 2234 5332 est;
2281 5265 2477 5320 etenim
2520 5264 2564 5320 si
2607 5265 2697 5333 qui
2744 5263 2877 5332 patri
2922 5263 3145 5317 matrive
3185 5261 3488 5327 maledicit,
3536 5267 3691 5316 morte

2123 5357 2366 5418 moritur,
2391 5357 2553 5426 liquet
2572 5369 2717 5416 eum,
2739 5355 2826 5424 qui
2850 5353 3178 5408 benedixerit
3200 5353 3319 5417 illis,
3342 5353 3469 5407 vitm
3491 5348 3689 5421 praemis

2120 5458 2454 5518 recepturum
2499 5447 2689 5518 (Exod.
2711 5445 2800 5500 21.
2826 5446 2914 5500 16.
2935 5441 3202 5500 Levit.20.
3230 5444 3284 5513 9)
3314 5461 3329 5497 :
3357 5453 3414 5499 et
3445 5444 3489 5498 si
3521 5441 3582 5496 iis
3611 5438 3688 5510 qui

2122 5550 2308 5594 natura
2337 5548 2586 5608 parentes
2617 5545 2738 5592 sunt
2768 5545 2964 5590 tantam
2987 5536 3240 5592 debemus
3261 5544 3518 5606 praestare
3541 5534 3686 5587 bene-

2124 5633 2426 5696 volentiam,
2460 5631 2623 5684 multo
2653 5628 2818 5695 magis
2839 5628 2888 5681 id
2913 5627 3265 5696 prmstundum
3291 5626 3376 5689 iis,
3397 5627 3487 5694 qui
3510 5621 3685 5692 spiritu

2120 5733 2245 5779 sunt
2276 5725 2541 5792 parentes,
2565 5721 2895 5792 potissimum
2915 5734 3042 5773 vero
3061 5734 3182 5772 cum
3211 5715 3488 5772 defunctos
3517 5719 3683 5766 nostra

2117 5819 2348 5875 laudatio
2379 5818 2544 5873 nihilo
2575 5817 2760 5874 reddat
2787 5818 3160 5890 gloriosiorcs,
3201 5829 3292 5873 nos
3321 5827 3450 5870 vero
3475 5821 3680 5879 congra-
