3980 6184
602 255 708 313 749

601 373 877 443 εὐφημίας
925 367 1061 443 πρὸς
1113 371 1334 442 μείζονα
1397 372 1490 424 καὶ
1545 369 1965 441 μακαριωτέραν
2019 368 2173 438 λῆξιν

600 454 877 510 ἀπελθών·
907 455 1067 524 ἡμεῖς
1099 453 1155 506 δὲ
1181 454 1228 506 οί
1256 453 1394 516 τέως
1418 453 1651 507 ἐνταῦθα
1679 451 2054 523 στρεφόμενοι,
2080 451 2174 504 καὶ

599 539 801 607 πολλῆς
853 535 1188 606 πανταχόθεν
1239 534 1638 606 παρακλήσεως
1691 533 2016 605 χρῄζοντες,
2064 532 2173 586 τῶν

599 619 891 690 ἐγκωμίων
935 617 1168 689 δεόμεθα
1203 617 1314 673 τῶν
1357 618 1586 684 ἐκείνου,
1625 619 1711 671 ἵνα
1754 619 1835 681 είς
1871 617 1961 670 τὸν
2010 616 2172 671 αὐτὸν

594 699 757 771 ζῆλον
781 700 1177 770 διαναστῶμεν.
1222 700 1322 753 Διά
1348 701 1506 754 τοῦτο
1534 701 1625 754 καί
1653 718 1736 765 τις
1774 699 1935 768 σοφὸς
1969 715 2173 769 παραι-

596 785 680 836 νεῖ
716 781 920 849 λέγων·
970 782 1188 851 Μνήμη
1228 782 1460 838 δικαίου
1492 784 1620 853 μετ’
1648 778 1953 854 ἐγκωμίων
1978 794 2036 822 ι’
2072 782 2171 852 οὐχ

502 870 507 877 ’
593 863 671 928 ὡς
719 864 827 918 τῶν
865 864 1230 929 ἀπελθόντων,
1274 863 1388 919 ἀλλ’
1435 865 1511 930 ὡς
1562 864 1669 919 τῶν
1720 864 2171 935 ἐγκωμιαζόντων

502 956 509 961 ’
592 947 770 1021 ταύτῃ
797 947 866 1002 τά
895 946 1128 1018 μέγιστα
1158 947 1573 1019 ὠφελουμένων.
1610 944 1765 1001 Ἐπεὶ
1798 944 1890 1001 οὖν
1918 947 2170 1001 τοσοῦτον

591 1028 655 1082 τὸ
684 1022 871 1100 κέρδος
904 1031 1037 1101 ἡμῖν
1076 1032 1141 1084 ἐκ
1170 1030 1266 1085 τοῦ
1315 1030 1657 1103 πράγματος,
1708 1029 2022 1101 πειθώμεθα
2066 1030 2160 1084 καὶ

506 1122 513 1127 ’
596 1110 670 1183 μὴ
693 1111 1062 1183 ἀντιλέγωμεν
1081 1131 1096 1146 ·
1132 1113 1229 1166 καὶ
1267 1113 1376 1186 γὰρ
1403 1115 1431 1167 6
1467 1114 1657 1185 καιρὸς
1685 1113 1822 1185 πρὸς
1852 1113 1949 1185 τὴν
1980 1114 2161 1167 τοιαύ-

506 1198 515 1205 '
590 1212 695 1265 την
727 1195 979 1267 διηγησιν
1018 1197 1344 1269 ἐπιτήδειος.
1388 1198 1635 1269 Σήμερον
1679 1198 1788 1269 γὰρ
1823 1199 1853 1251 6
1898 1199 2168 1269 μακάριος

593 1278 732 1348 πρὸς
756 1278 855 1349 τὴν
886 1279 1163 1351 ἀτάραχον
1195 1280 1523 1350 μετετάξατο
1552 1280 1716 1353 ζωὴν,
1759 1282 1853 1336 καὶ⁵
1873 1282 1935 1335 τὸ
1962 1282 2169 1351 σκάφος

587 1361 835 1432 ῶρμισεν
878 1363 1006 1417 ἔνθα
1043 1365 1301 1433 ναυάγιον
1342 1364 1680 1418 ὑποπτεῦσαι
1719 1365 1819 1419 οὐκ
1851 1364 1931 1418 ἔνι
1959 1365 2165 1429 λοιπὸν,

589 1443 712 1497 οὐδὲ
743 1444 983 1515 ἀθυμίαν
1015 1447 1138 1500 τινά
1170 1448 1266 1499 καὶ
1302 1445 1514 1518 ὀδύνην.
1563 1447 1674 1499 Καὶ
1699 1447 1752 1500 τί
1782 1447 2090 1518 θαυμαστὸν
2118 1449 2166 1501 εί

591 1526 829 1598 καθαρὸν
862 1531 1039 1583 ἐκεῖνο
1060 1530 1121 1582 τὸ
1146 1529 1343 1601 χωρίον
1374 1530 1612 1602 ἀθυμίας
1639 1532 1805 1586 ἐστὶν.
1831 1534 1964 1587 ὅπου
1996 1549 2059 1601 γε
2080 1533 2171 1586 ἀν-

492 1658 525 1671 ,,
587 1607 827 1677 θρώποις
857 1614 969 1676 τοῖς
999 1611 1080 1665 ἔτι
1114 1610 1251 1676 ζῶσι
1283 1612 1662 1683 διαλεγόμενος
1690 1615 1719 1666 6
1756 1614 1966 1678 Παῦλός
1996 1630 2164 1686 φησι·

587 1689 855 1745 Πάντοτε
889 1694 1144 1762 χαίρετε,
1188 1695 1584 1762 ἀδιαλείπτως
1621 1700 2066 1766 προσεύχεσθε;

658 1773 723 1826 El
762 1773 819 1827 δέ
868 1775 1103 1829 ἐνταῦθα
1157 1778 1292 1831 ὅπου
1354 1777 1535 1842 νόσοι,
1580 1780 1675 1833 καὶ
1730 1781 2009 1851 ἐπήρειαι,
2071 1783 2167 1837 καὶ

586 1852 758 1925 ἀωροι
809 1855 1052 1922 θάνατοι,
1104 1859 1201 1912 καὶ
1250 1859 1624 1928 συκοφαντίαι,
1674 1861 1769 1915 καὶ
1820 1862 2025 1931 φθόνοι,
2072 1865 2166 1918 καὶ

587 1935 839 2007 ἀθυμίαι,
867 1940 960 1993 καὶ
986 1941 1168 2013 ὀργαὶ,
1195 1944 1289 1996 καὶ
1321 1943 1609 2014 ἐπιθυμίαι
1631 1947 1887 2015 πονηραὶ,
1923 1947 2019 2002 καὶ
2055 1965 2164 2019 μυ-
2197 1961 2205 1969 ‘

589 2020 702 2087 ρίαι
761 2022 1066 2087 ἐπιϐουλαὶ,
1127 2026 1223 2080 καὶ
1294 2026 1658 2098 καθημεριναὶ
1725 2031 2024 2101 φροντίδες,
2070 2033 2167 2087 καὶ

587 2105 787 2176 συνεχῆ
822 2109 916 2161 καὶ
937 2108 1216 2180 ἐπάλληλα
1245 2110 1314 2164 τά
1339 2110 1486 2164 κακά
1527 2112 1728 2182 μυρίας
1759 2113 2022 2169 πάντοθεν
2074 2119 2168 2170 ἐπ-

584 2186 787 2254 άγοντα
819 2189 1018 2255 λύπας,
1038 2190 1240 2262 ἔφησεν
1270 2195 1298 2246 6
1328 2192 1541 2257 Παῦλος
1580 2193 1801 2249 δυνατὸν
1848 2192 1989 2251 εἶναι
2030 2198 2166 2253 πάν-

581 2284 706 2324 τοτε
759 2273 991 2345 χαίρειν,
1032 2277 1086 2328 εῐ
1122 2292 1210 2340 τις
1252 2278 1446 2349 μικρὸν
1477 2279 1542 2330 ἐκ
1579 2278 1674 2332 τοῦ
1723 2280 2015 2336 κλυδωνίου
2053 2283 2164 2337 τῶν

582 2353 858 2423 βιωτικῶν
900 2360 1241 2431 πραγμάτων
1285 2360 1586 2431 ἀνακύψας,
1621 2363 1713 2416 τὸν
1754 2364 1950 2418 ἐαυτοῦ
1983 2365 2164 2431 καλῶς

585 2437 868 2508 ῥυθμίσειε
921 2442 1056 2511 βίον,
1104 2444 1286 2514 πολλῷ
1335 2445 1534 2515 μᾶλλον
1581 2446 1721 2517 μετά
1772 2448 1871 2518 τὴν
1914 2450 2162 2504 ἐντεῦθεν

581 2520 890 2592 ἀποδημίαν
941 2524 1131 2578 τούτου
1184 2527 1365 2597 ῥᾴδιον
1396 2529 1671 2599 ἐπιτυχεῖν
1718 2529 1811 2583 τοῦ
1864 2531 2050 2596 καλοῦ,
2072 2532 2162 2586 ὅτε

583 2602 760 2686 ταῦτα
782 2605 958 2658 πάντα
992 2608 1281 2680 ἀνῄρηται,
1309 2611 1405 2663 καὶ
1427 2611 1730 2683 ἀρρωστίαι
1762 2613 1857 2667 καὶ
1883 2613 2028 2686 πάθη
2065 2617 2162 2670 καὶ

583 2685 999 2767 ἀμαρτημάτων
1032 2692 1306 2757 ὑπόθεσις,
1336 2694 1423 2747 ὅτε
1449 2694 1508 2748 τὸ
1552 2695 1683 2767 ἐμὸν
1723 2699 1817 2751 καὶ
1846 2697 1907 2752 τὸ
1943 2685 2033 2752 σὸν
2061 2701 2162 2754 οὐκ

585 2766 723 2855 ἐστι,
754 2770 815 2824 τὸ
842 2770 1046 2855 ψυχρὸν
1070 2774 1228 2829 τοῦτο
1262 2776 1435 2848 ῥῆμα,
1462 2778 1558 2832 καὶ
1581 2766 1758 2833 πάντα
1783 2782 1864 2845 εἰς
1891 2781 1992 2852 τὴν
2015 2782 2161 2855 ζωὴν

584 2850 740 2937 ἡμῶν
763 2854 984 2925 εἰσάγον
1010 2857 1078 2912 τά
1105 2858 1273 2925 δεινά,
1307 2861 1404 2914 καὶ
1443 2863 1572 2927 τοὺς
1611 2863 1839 2934 μυρίους
1881 2850 2152 2937 γεννῆσαν

582 2936 873 3008 πολέμους.
912 2940 1004 2994 Διὸ
1043 2943 1278 3013 μάλιστα
1311 2945 1602 3017 μακαρίζω
1638 2947 1733 3001 τὸν
1768 2948 1922 3017 ἀγιον
1947 2936 2155 3017 τοῦτον,

579 3017 664 3105 δτι
703 3023 752 3074 εί
784 3024 879 3076 καὶ
915 3025 1247 3095 μετετάξατο
1298 3026 1394 3082 καὶ
1447 3027 1601 3082 πόλιν
1652 3030 1832 3102 ἀφῆκε
1878 3031 1976 3102 τὴν
2027 3035 2158 3105 παρ’

580 3103 738 3183 ἡμῖν,
758 3105 873 3159 ἀλλ’
904 3108 984 3171 είς
1009 3108 1201 3180 ἑτέραν
1228 3109 1394 3183 ἀνέϐη
1425 3110 1581 3165 πόλιν
1617 3112 1717 3184 τὴν
1749 3111 1841 3167 τοῦ
1874 3113 2032 3179 Θεοῦ,
2064 3103 2161 3171 καὶ

581 3189 901 3244 καταλιπὼν
929 3192 1027 3263 τὴν
1063 3193 1393 3264 Ἐκκλησίαν
1419 3195 1647 3266 ταύτην,
1676 3198 1756 3261 είς
1781 3197 1995 3270 ἐκείνην
2015 3199 2162 3254 τελεῖ

577 3272 679 3343 τὴν
710 3273 820 3327 τῶν
847 3277 1209 3345 πρωτοτόκων
1240 3278 1350 3331 τῶν
1369 3280 1880 3351 ἀπογεγραμμένων
1909 3283 1966 3337 ἐν
1988 3285 2158 3355 οὐρα-

579 3359 710 3423 νοῖς,
742 3358 838 3411 καὶ
879 3358 976 3421 τὰς
1018 3359 1210 3430 ἐορτάς
1241 3361 1445 3426 ταύτας
1492 3365 1672 3432 ἀφεὶς,
1702 3365 1839 3436 πρὸς
1861 3366 1891 3406 δ
1918 3366 2018 3438 τὴν
2050 3367 2158 3423 τῶν

581 3440 830 3508 ἀγγέλων
880 3442 1111 3514 μετέστη
1170 3446 1493 3518 πανήγυριν.
1544 3447 1667 3501 Ὂτι
1705 3447 1814 3520 γὰρ
1867 3451 1962 3504 καὶ
2004 3451 2158 3516 πόλις

584 3538 695 3575 amo
737 3525 831 3578 καὶ
869 3525 1164 3598 Ἐκκλησία
1208 3530 1305 3582 καὶ
1349 3531 1657 3603 πανήγυρις
1706 3533 1876 3595 ἐστιν,
1925 3532 2157 3589 ἀκουσον

579 3606 675 3659 τοῦ
714 3607 927 3662 Παύλου
960 3609 1211 3679 λέγοντος
1227 3629 1243 3645 ’
1273 3616 1776 3683 Προσεληλὺθατε
1812 3617 1987 3672 πόλει
2008 3621 2157 3676 Θεοῦ

578 3685 797 3757 ζῶντος
857 3692 1245 3764 Ἰερουσαλὴμ
1295 3696 1630 3766 ἐπουρανίῳ
1672 3699 1773 3753 καί
1834 3700 2159 3772 Ἐκκλησία

580 3776 969 3859 πρωτοτόκων
997 3777 1538 3851 ἀπογεγραμμένων
1565 3782 1637 3836 ἐν
1669 3784 1969 3852 οὐρανοῖς,
2004 3786 2153 3859 [4941

579 3856 679 3940 καὶ
700 3857 991 3926 μυριάσιν
1019 3860 1291 3931 ἀγγέλων
1319 3866 1666 3936 πανηγύρει.
1710 3866 1784 3920 Οὐ
1818 3866 1906 3921 διὰ
1932 3869 1992 3922 τὸ
2006 3856 2156 3940 ήπλῆζ

580 3939 672 4026 θος
702 3941 759 3994 δὲ
784 3942 891 4026 τῶν
935 3944 1049 3997 ἀνω
1077 3945 1358 4016 δυνάμεων
1386 3952 1568 4018 μόνον,
1609 3948 1743 4002 ἀλλά
1793 3950 1891 4005 καὶ
1927 3951 2015 4007 διά
2055 3939 2156 4026 τῆν

577 4022 688 4078 τῶν
715 4025 936 4093 ἀγαθῶν
962 4029 1259 4103 ἀφθονίαν,
1293 4030 1388 4084 καὶ
1424 4031 1523 4102 τὴν
1570 4031 1792 4106 διηνεκῆ
1831 4034 2005 4107 χαρὰν
2057 4022 2156 4092 καὶ

579 4108 940 4181 εὐφροσύνην,
983 4113 1287 4185 πανήγυριν
1318 4115 1387 4166 τά
1429 4115 1547 4167 ἐκεῖ
1577 4116 1754 4170 πάντα
1781 4117 1971 4172 καλεῖ·
2007 4115 2148 4175 Παν-

579 4191 777 4264 ήγυριν
798 4192 908 4265 γὰρ
934 4193 1087 4247 οὐδὲν
1112 4195 1200 4247 ἒτε
1209 4211 1299 4265 ρον
1323 4198 1497 4250 ποιεῖν
1511 4195 1835 4266 είωθεν,ἀλλ’
1868 4199 1902 4272 ἢ
1926 4199 1987 4254 τὸ
2018 4202 2155 4274 πλῆ-

578 4276 673 4340 θος
724 4276 834 4331 τῶν
891 4278 1357 4349 συνειλεγμένων,
1421 4281 1515 4335 καλ⁵
1566 4282 1599 4352 ἡ
1656 4292 1679 4320 ο
1729 4282 1981 4352 δαψίλεια
2042 4286 2152 4340 τῶν

576 4361 776 4427 ὠνίων,
809 4363 938 4415 ὅταν
969 4365 1131 4434 πυροὶ
1150 4362 1244 4417 καὶ
1269 4363 1455 4433 κριθαὶ
1484 4365 1579 4418 καὶ
1614 4365 1930 4421 παντοδαπά
1954 4385 2144 4440 γεννη·

581 4446 767 4515 μάτων
796 4448 933 4518 είδη,
958 4449 1051 4502 καὶ
1073 4448 1358 4520 προϐάτων
1397 4449 1644 4520 ποίμνια,
1690 4450 1786 4504 καὶ
1839 4449 1978 4520 βοῶν
2020 4452 2152 4522 ἀγέ-

577 4529 690 4592 λαι,
745 4531 839 4583 καλ⁵
895 4532 1111 4601 ἱμάτια,
1179 4534 1276 4586 καὶ
1318 4532 1481 4604 ἔτερα
1534 4532 1766 4587 τοιαῦτα
1834 4534 2150 4607 είσάγηται,

575 4613 686 4667 τῶν
734 4613 834 4679 μὲν
895 4614 1234 4679 πωλούντων,
1304 4614 1413 4669 τῶν
1470 4615 1527 4668 δὲ
1596 4615 1995 4686 ἀγοραζόντων.
2043 4619 2153 4672 Καὶ

576 4697 629 4750 τί
677 4698 882 4751 τούτων
950 4697 1097 4750 ἐστὶν
1168 4699 1226 4750 ἐν
1284 4700 1398 4761 τοῖς
1457 4700 1723 4770 οὐρανοῖς,
1788 4700 1957 4772 (mal;
2010 4701 2151 4756 Τού-

573 4799 684 4836 των
742 4782 840 4853 μὲν
889 4780 1060 4846 οὐδὲν,
1134 4779 1203 4833 τά
1257 4780 1315 4834 δέ
1352 4780 1559 4836 τούτων
1614 4782 1794 4853 πολλῷ
1828 4785 2148 4858 σεμνότερα.

573 4864 651 4919 Οὐ
681 4863 789 4935 γάρ
833 4864 996 4933 πυροὶ
1024 4862 1120 4917 καὶ
1146 4862 1333 4935 κριθαὶ
1362 4864 1455 4918 καὶ
1480 4866 1835 4935 γεννημάτων
1860 4868 1998 4939 είδη,
2033 4868 2151 4924 ἀλλ’

570 4949 603 5000 6
645 4947 862 5019 καρπὸς
902 4949 1019 5001 ἐκεῖ
1062 4946 1339 5018 πανταχοῦ
1384 4946 1477 5001 τοῦ
1523 4946 1851 5019 πνεύματος,
1889 4952 2077 5023 ἀγάπη
2119 4954 2147 4993 ἀ

574 5031 670 5084 καὶ
698 5031 841 5102 χαρά
871 5032 964 5085 καὶ
992 5030 1300 5103 εὐφροσύνη
1330 5032 1423 5085 καὶ
1458 5032 1648 5103 εἰρήνη
1690 5035 1785 5087 καὶ
1820 5035 2151 5109 ἀγαθωσύνη

572 5116 669 5168 καὶ
719 5114 961 5185 πραότης
1015 5114 1151 5186 μετά
1186 5114 1388 5187 πολλῆς
1431 5115 1529 5185 τῆς
1577 5116 1892 5185 δαψιλείαςο
1930 5119 1991 5171 οὐ
2025 5137 2153 5191 προ-

570 5196 751 5251 ϐάτων
803 5196 1028 5268 ποίμνια
1080 5197 1176 5251 καὶ
1229 5198 1367 5269 βοῶν
1417 5198 1630 5272 ἀγέλαι,
1681 5200 1817 5254 άλλά
1861 5201 2151 5273 πνεύματα

635 5352 661 5418 f'
684 5353 829 5418 Sayil.
854 5359 908 5418 ει
925 5353 1122 5415 quidam
1142 5366 1256 5418 mss.
1281 5354 1535 5418 ἐγκωμίον.

633 5408 665 5480 ξι
696 5408 994 5480 Αίῇἰ-ταύτὸις
1014 5408 1352 5480 παραδραμὼν,
1384 5408 1515 5480 πρὸς.

636 5476 662 5537 εξ
683 5472 778 5537 Alii
802 5477 832 5533 ἢ
852 5478 907 5524 τὸ
923 5472 1097 5535 πλῆθος
1117 5472 1213 5525 τῶν
1234 5472 1508 5535 συνιόντων,
1531 5479 1611 5526 καὶ
1630 5481 1679 5537 ἡ.

637 5534 668 5574 (ι
696 5533 878 5596 Ἀγάπη
905 5533 1053 5588 (ἰοεει
1073 5533 1121 5588 in
1148 5540 1305 5588 tribus
1349 5553 1460 5589 mss.
1489 5533 1615 5589 Infra
1640 5533 1766 5591 (mus
1802 5545 1999 5595 δικαίων
2018 5558 2150 5591 τετε·-

573 5597 816 5670 λιιωμένα,
826 5601 905 5646 καὶ
924 5601 1071 5662 ἁγίων
1092 5602 1253 5665 ἀρεταὶ
1284 5603 1363 5651 καὶ
1390 5603 1624 5653 ἐκλεκτῶν
1643 5608 2001 5670 κατορθώματα.
2019 5607 2150 5655 Παν-

468 5664 477 5669 ’
567 5659 725 5718 ταχοῦ
747 5659 896 5706 τοίνυν
909 5698 916 5705 .

1291 255 1352 312 S.
1390 241 1671 312 JOANNIS
1708 248 2189 310 CIIRYSOSTOMI
2226 249 2544 307 ARCHIEP.
2586 245 3135 306 CONSTANTINOP.

2274 365 2495 419 δικαίων
2548 360 3015 431 τετελειωμένων,
3075 359 3170 412 καὶ
3227 356 3404 427 ψυχῶν
3460 360 3638 431 ἀρεταὶ,
3682 373 3758 426 καὶ

2272 448 2486 517 τρόπων
2513 444 2915 517 κατορθώματα
2944 440 3223 511 πανταχοῦ
3266 441 3368 493 τῶν
3407 443 3617 513 οὐρανῶν
3643 451 3766 507 ἐστιν

2274 529 2402 582 ίδεῖν
2424 539 2438 559 θ
2496 528 2594 598 οὐχ
2669 527 2859 597 ἱμάτια
2916 525 3011 578 καὶ
3083 523 3278 592 ἐπιϐλή
3288 541 3419 591 ματα
3440 564 3453 588 ,
3506 527 3620 581 ἀλλὰ
3664 547 3757 586 ατε.

2272 612 2475 680 φάνους
2534 610 2737 681 χρυσοῦ
2791 617 2996 672 παντὸς
3053 606 3400 676 τιμιωτέρους
3457 610 3540 661 καὶ
3581 612 3764 681 βραδεῖα

2270 697 2366 748 καὶ
2404 694 2613 748 ἔπαθλα
2661 694 2759 747 καὶ
2810 693 2880 746 τά
2925 690 3095 761 μυρία
3142 690 3255 751 τοῖς
3312 691 3626 760 κατορθοῦσιν
3657 698 3760 751 ἀπο-

2269 778 2498 849 κείμενα
2559 775 2761 844 ἀγαθά.
2829 775 2940 827 Καὶ
2993 773 3055 851 τδ
3114 769 3316 839 πλῆθος
3370 771 3472 825 τῶν
3530 777 3765 833 συνιόντων

2268 854 2452 927 πολλῷ
2493 859 2816 930 σεμνότερόν
2851 876 2910 912 τε
2954 858 3048 912 καὶ
3100 856 3258 909 πλέον
3278 873 3292 886 ·
3339 857 3397 909 οὐ
3428 856 3524 929 γὰρ
3564 856 3616 924 ἐξ
3642 863 3758 916 am-

2268 942 2381 1017 κῶν
2426 961 2486 996 τε
2535 945 2629 997 καὶ
2686 942 2996 1014 ἐπιχωρίων
3055 940 3203 994 ἐστὶν
3258 939 3475 1011 ἀνδρῶν,
3522 941 3621 996 ἀλλ’
3660 945 3763 1003 ἔνθα

2270 1027 2529 1099 μυριάδες
2570 1027 2837 1096 ἀγγέλων,
2886 1028 3004 1079 ἐκεῖ
3044 1025 3278 1096 χιλιάδες
3325 1025 3661 1096 ἀρχαγγέλων,
3691 1031 3763 1086 ἀλ.

2266 1110 2431 1181 λαχοῦ
2480 1108 2759 1183 συμμορία
2802 1110 3114 1182 προφητῶν,
3156 1108 3376 1181 ἑτέρωθι
3419 1112 3669 1183 μαρτύρων
3695 1134 3764 1185 χο-

2267 1192 2373 1264 ροὶ,
2407 1191 2718 1246 ἀποστόλων
2765 1191 3053 1263 τάγματα,
3113 1191 3357 1260 σύλλογοι
3405 1192 3636 1260 δικαίων,
3679 1197 3765 1250 τῶν

2265 1275 2362 1345 εὐη
2370 1275 2711 1345 ρεστηκότων
2729 1274 2980 1328 ἁπάντων
2999 1274 3163 1343 δῆμοι
3186 1274 3444 1343 διάφοροι.
3470 1277 3650 1340 Ὄντως
3666 1279 3765 1333 θαυ-

2269 1357 2445 1428 μαστή
2477 1356 2560 1421 τίς
2593 1359 2740 1411 ἐστιν
2765 1359 2797 1427 ὴ
2828 1358 3151 1427 πανήγυρις,
3184 1355 3277 1409 καλ⁵
3302 1357 3361 1409 τὸ
3385 1356 3445 1428 δὴ
3460 1358 3649 1413 πάντων
3675 1366 3763 1431 μεῖ-

2265 1439 2391 1503 ζον,
2430 1442 2512 1494 ὅτι
2554 1442 2612 1494 ἐν
2646 1439 2787 1513 μέσῃ
2831 1441 2903 1510 τῇ
2945 1437 3250 1507 πανηγύρει
3292 1440 3561 1510 στρέφεται
3606 1444 3765 1498 τούτων

2265 1521 2517 1576 ἀπάντων
2538 1524 2566 1575 ό
2599 1521 2849 1592 βασιλεύς
2865 1540 2877 1554 ·
2899 1521 3065 1575 εἰπών
3090 1521 3215 1591 γὰρ,
3250 1522 3536 1589 Μυριάσιν
3552 1526 3765 1596 ἀγγέλων

2266 1604 2612 1671 πανηγύρει,
2650 1604 2918 1675 ἐπήγαγε,
2963 1605 3069 1658 Καὶ
3101 1602 3275 1673 κριτῇ
3302 1601 3421 1668 Θεῷ
3445 1604 3672 1661 πάντων.
3696 1609 3768 1673 Τίς

2267 1702 2395 1739 ποτε
2420 1683 2526 1739 εἶδε
2558 1688 2615 1739 ἐν
2637 1686 2940 1757 πανηγύρει
2966 1686 3189 1757 βασιλέα
3216 1688 3653 1758 παραγινόμενον;
3681 1691 3764 1744 Ἐν-

2262 1767 2439 1822 ταῦθα
2467 1769 2567 1839 μὲν
2595 1769 2767 1833 οὐδεὶς
2792 1765 2898 1822 εἶδέ
2924 1786 3076 1832 ποτε,
3093 1771 3209 1822 ἐκεῖ
3234 1769 3293 1822 δὲ
3333 1769 3576 1841 διηνεκῶς
3598 1773 3640 1824 οί
3664 1789 3769 1844 παρ-

2260 1849 2413 1914 όντες
2450 1850 2650 1921 ὁρῶσιν
2676 1851 2753 1914 ὡς
2801 1853 2986 1916 αὐτοῖς
3022 1851 3150 1905 ίδεῖν
3171 1851 3418 1916 δυνατὸν,
3447 1853 3535 1905 καὶ
3575 1855 3770 1925 παρόντα

2262 1935 2357 1987 καὶ
2392 1937 2457 2006 τῇ
2492 1934 2591 2005 τῆς
2623 1935 2757 1999 ἰδίας
2787 1935 2944 2005 δόξης
2965 1947 2988 1975 θ
3014 1936 3359 2008 λαμπρότητι
3384 1936 3662 2007 κοσμοῦντα
3676 1941 3772 2003 τοὺς

2263 2017 2541 2082 συνιόντας
2565 2017 2825 2083 ἅπαντας.
2861 2020 2968 2072 Καὶ
2987 2011 3145 2072 αὗται
3179 2019 3281 2090 μὲν
3306 2020 3363 2072 αἱ
3386 2019 3775 2091 πανηγύρειςτῆς

2262 2099 2474 2170 ἡμέρας
2521 2100 2794 2171 μεσούσης
2847 2101 3104 2165 πολλάκις
3133 2101 3508 2166 καταλύονται,
3547 2103 3699 2173 ἐκείνη
3730 2104 3772 2156 δὲ

2260 2184 2358 2254 οὐχ
2387 2183 2578 2248 οὕτως.
2630 2186 2706 2238 Οὐ
2744 2184 2854 2254 γάρ
2890 2186 3171 2256 περιόδους
3204 2184 3415 2256 μηνῶν,
3445 2186 3558 2239 οὐδὲ
3586 2186 3772 2251 κύκλους

2260 2266 2542 2329 ἐνιαυτῶν,
2572 2267 2692 2320 οὐδὲ
2717 2266 2939 2339 ἡμερῶν
2968 2267 3201 2340 ἀριθμὸν
3227 2269 3509 2338 ἀναμένει,
3540 2271 3774 2340 mam.

2260 2365 2324 2401 κε
2343 2348 2625 2419 διηνεκῶς,
2653 2351 2743 2403 καὶ
2764 2349 2833 2402 τά
2865 2350 2924 2401 ἐν
2949 2351 3085 2421 αὐτῇ
3119 2350 3302 2404 πάντα
3325 2352 3499 2420 ἀγαθά
3525 2353 3674 2424 πέρας
3702 2355 3778 2406 οὐκ

2258 2430 2393 2501 ἔχει,
2426 2432 2700 2496 τέλοςίούκ
2726 2428 2887 2497 οἶδεν,
2913 2434 2974 2486 οὐ
3000 2434 3178 2503 γηρᾷν
3202 2435 3331 2487 οὐδὲ
3363 2437 3686 2507 μαραίνεσθαι
3704 2437 3774 2490 δύο

2257 2533 2414 2570 ναται
2434 2532 2448 2547 °
2488 2516 2604 2570 ἀλλ’
2632 2516 2780 2571 ἔστιν
2822 2518 3016 2587 ἀγήρω
3044 2520 3138 2571 καὶ
3181 2519 3450 2573 ἀθάνατα.
3485 2520 3653 2584 Οὐδεὶς
3689 2522 3777 2574 ἐκεῖ

2258 2597 2487 2669 θόρυϐος
2541 2597 2795 2669 καθάπερ
2840 2599 3097 2663 ἐνταῦθα,
3136 2600 3369 2671 οὐδεμία
3417 2603 3647 2674 ταραχὴ,
3673 2602 3778 2656 ἀλλὰ

2258 2681 2424 2745 πολὺς
2450 2684 2478 2735 6
2504 2682 2708 2753 κόσμος
2731 2682 2949 2736 πάντων
2982 2683 3122 2754 μετά
3147 2684 3251 2757 τῆς
3273 2685 3635 2758 προσηκούσης
3656 2686 3777 2739 εὐταο

2256 2763 2396 2831 ξίας,
2430 2764 2616 2837 ὥσπερ
2650 2767 2708 2818 ἐν
2726 2765 2927 2838 κιθάρᾳ
2958 2767 3085 2834 τινἰ,
3129 2769 3275 2838 μετὰ
3308 2768 3513 2840 ῥυθμοῦ
3549 2771 3637 2838 τὴν
3673 2784 3778 2822 παν-

2254 2847 2511 2917 αρμόνιον
2563 2847 2829 2918 μελῳδίαν
2891 2850 2986 2903 καὶ
3036 2850 3220 2921 πάσης
3256 2851 3394 2921 ἡδίω
3435 2851 3677 2922 μουσικῆς
3717 2850 3777 2923 τῷ

2254 2929 2500 3002 Δεσπὸτῃ
2551 2930 2650 3001 τῆς
2697 2930 2926 2997 κτίσεως
2967 2933 3237 3005 ἑκατέρας
3290 2932 3311 2973 ι
3362 2935 3779 3007 ἀναπεμπόντων,

2256 3014 2352 3067 καὶ
2385 3014 2484 3084 τῆς
2523 3011 2703 3085 ψυχῆς
2738 3014 2858 3067 ἐκεῖ
2904 3016 3156 3089 καθάπερ
3189 3019 3256 3072 ὲν
3295 3021 3461 3091 ἱεροῖς
3491 3020 3682 3084 ἀδύτοις
3712 3021 3783 3072 καὶ

2256 3095 2421 3159 θείοις
2450 3096 2562 3150 τισὶ
2597 3095 2919 3169 μυστηρίοις
2943 3097 3040 3171 τὴν
3081 3099 3235 3154 θείαν
3270 3101 3592 3174 τελουμένης
3618 3116 3781 3173 μυστα-

2254 3179 2485 3248 γωγίαν.
2606 3209 2615 3224 ι

2325 3262 2390 3333 β’·
2410 3262 2553 3336 Πρὸς
2578 3264 2784 3339 ταύτην
2811 3260 2905 3323 οὖν
2924 3265 3024 3338 τὴν
3046 3268 3336 3339 μακαρίαν
3360 3256 3455 3323 καὶ⁸
3476 3267 3653 3339 ἀγήρω
3668 3263 3784 3336 λῆξιν

2257 3347 2491 3420 μετέστη
2524 3349 2765 3422 σήμερον
2795 3354 2824 3407 6
2848 3352 3114 3423 μακάριος
3140 3351 3479 3421 Φιλογόνιος.
3516 3351 3605 3415 Τίς
3637 3345 3715 3403 οὖν
3735 3344 3786 3398 ἂν

2253 3431 2462 3500 γένοιτο
2490 3431 2647 3502 λόγος
2671 3435 2968 3506 ἐφάμιλλος
3013 3434 3294 3508 ἀνθρώπῳ
3327 3435 3407 3506 τῷ
3438 3432 3682 3502 τοσαύτης
3718 3430 3787 3483 εὖ·

2253 3515 2484 3586 κληρίας
2529 3515 2845 3586 άξιωθέντι;
2901 3520 3015 3574 Οὐκ
3058 3518 3204 3573 ἐστιν
3243 3520 3441 3584 οὐδείς.
3477 3520 3541 3572 Τί
3564 3514 3665 3581 οὗν,
3694 3513 3787 3569 είπί

2256 3615 2368 3670 μοι,
2422 3601 2721 3672 σιγήσομεν
2751 3602 2838 3656 διὰ
2872 3602 3060 3668 τοῦτο;
3112 3603 3208 3655 καὶ
3265 3602 3415 3667 τίνος
3453 3602 3627 3656 ἕνεκεν
3668 3595 3785 3672 [495]

2255 3682 2717 3754 συνεληλύθαμενς
2751 3685 2892 3739 Ἀλλ’
2919 3686 3154 3758 ἐροῦμεν
3185 3688 3273 3740 ὅτι
3296 3688 3358 3740 οὐ
3379 3684 3697 3759 δυνησόμεθα
3715 3679 3787 3735 τοῦ

2256 3765 2520 3836 μεγέθους
2571 3767 2856 3837 ἐφικέσθαι
2903 3767 3014 3822 τῶν
3060 3768 3281 3840 έργωνς
3317 3769 3400 3823 Δι’
3430 3769 3559 3822 αὐτὸ
3587 3769 3675 3839 μὲν
3716 3759 3791 3817 οὖν

2251 3846 2410 3901 τοῦτο
2457 3848 2753 3918 ἀναγκαῖον
2804 3851 3002 3915 εἰπεῖν,
3059 3852 3184 3904 ἐπεὶ
3217 3852 3319 3905 καὶ
3374 3851 3529 3905 τοῦτο
3580 3849 3788 3922 μέγιστον

2251 3931 2531 4007 ὲγκῳμίου
2563 3933 2750 4005 μέρος,
2778 3934 2908 3988 ὅταν
2956 3935 3033 4007 μὴ
3072 3933 3281 4007 δυνηθῇ
3315 3938 3432 3999 τοῖς
3466 3935 3637 4007 ἔργοις
3680 3950 3790 4003 παρα

2255 4013 2515 4086 ισωθῆναι
2538 4016 2605 4070 τά
2640 4018 2883 4090 ῥηματαο
2911 4013 2987 4072 ὧν
3019 4017 3130 4090 γὰρ
3173 4018 3321 4091 ὐπέρ
3345 4018 3509 4088 φύσιν
3536 4015 3713 4089 θνητὴν
3739 4013 3789 4067 τὰ

2251 4096 2672 4169 κατορθώματα,
2720 4099 2943 4172 εὔδηλον
2994 4101 3079 4154 ὅτι
3133 4102 3232 4155 καὶ
3291 4101 3437 4174 ὑπὲρ
3492 4097 3791 4173 ἀνθρωπίνηνΙ

2251 4180 2498 4249 γλῶτταν
2541 4182 2612 4237 τὰ
2639 4182 2909 4259 ἐγκώμιαζ
2940 4184 3019 4237 Οὐ
3053 4182 3162 4256 μὴν
3206 4185 3299 4240 διὰ
3326 4179 3491 4241 τοῦτο
3518 4183 3790 4258 διακρούσε-

2250 4280 2341 4316 ται
2380 4272 2405 4311 8
2440 4264 2510 4317 τά
2562 4265 2835 4338 ἡμέτερα,
2887 4267 3025 4322 ἀλλά
3054 4267 3149 4321 τὸν
3193 4270 3369 4325 αὐτὸν
3413 4271 3693 4343 μιμήσεται
3720 4269 3792 4318 Ac-

2254 4345 2458 4416 σπότην
2486 4361 2500 4375 ’
2534 4347 2630 4400 καὶ
2672 4345 2782 4419 γὰρ
2822 4350 3029 4413 ἐκεῖνος
3069 4352 3136 4422 τῇ
3174 4355 3324 4424 χήρᾳ
3364 4354 3460 4406 δύο
3492 4353 3673 4423 μόνους
3696 4347 3788 4400 ὀϐο-

2250 4427 2376 4492 λοὺς
2409 4430 2810 4503 καταϐαλούσῃ,
2864 4433 2925 4485 οὐ
2976 4432 3072 4487 δύο
3133 4436 3319 4505 μόνων
3386 4436 3585 4490 ὀϐολῶν
3639 4430 3789 4505 μισθὸν

2251 4511 2469 4565 ἔδωκεν.
2495 4513 2560 4566 Τί
2579 4513 2779 4585 δήποτε
2801 4531 2815 4577 ;
2840 4516 2965 4570 Ὀτι
2987 4519 3048 4570 οὐ
3083 4521 3149 4590 τῇ
3191 4520 3463 4591 ποσότητι
3490 4521 3593 4572 τῶν
3624 4514 3792 4588 χρημά·
3902 4572 3903 4579 η

2250 4612 2380 4659 των,
2433 4595 2571 4650 ἀλλά
2614 4597 2692 4668 τῷ
2724 4598 2940 4671 πλούτῳ
2980 4603 3080 4672 τῆς
3108 4602 3355 4667 διανοίας
3395 4605 3686 4674 προσεῖχεν.
3719 4600 3791 4649 Ἂν

2254 4677 2353 4748 μὲν
2377 4677 2486 4750 γάρ
2513 4678 2583 4732 τά
2618 4680 2876 4751 χρήματα
2922 4682 3205 4757 ἐξετάσῃς,
3256 4685 3436 4757 πολλὴ
3464 4687 3498 4757 η
3538 4684 3712 4739 πενία·
3742 4677 3791 4732 ἂν

2249 4760 2305 4814 δέ
2348 4762 2447 4833 τὴν
2496 4764 2816 4835 προαίρεσιν
2867 4767 3197 4840 ἀναπτύξῃς,
3263 4771 3476 4840 ἄφατον
3512 4769 3609 4837 τῆς
3658 4778 3786 4836 μεγα-

2250 4842 2515 4915 λοψυχίας
2539 4845 2661 4915 ὄψει
2690 4846 2781 4900 τὸν
2816 4848 3106 4921 θησαυρόν.
3156 4852 3329 4905 Ὥστε
3363 4854 3415 4905 εί
3444 4853 3539 4905 καὶ
3566 4847 3717 4920 μικρὰ
3739 4842 3787 4895 τὰ

2252 4928 2497 5001 ἡμέτερα
2523 4929 2618 4981 καὶ
2647 4929 2863 5002 εὐτελῆ,
2885 4932 3002 4985 ἀλλ’
3024 4934 3167 5004 ἅπερ
3199 4934 3410 5006 ἔχομεν
3432 4954 3444 4967 ·
3469 4936 3561 4988 καὶ
3588 4934 3635 4987 εί
3665 4943 3786 5002 μετα·

2250 5009 2508 5080 λοψυχίας
2535 5011 2751 5066 ἀποδέει
2770 5013 2862 5068 τοῦ
2880 5014 3126 5082 γενναίου
3150 5018 3249 5070 καὶ
3274 5017 3491 5071 δικαίου
3506 5012 3784 5083 Φιλογονίουο

2249 5092 2364 5146 ἀλλ’
2399 5094 2548 5163 ὅμως
2587 5094 2683 5147 καὶ⁵
2710 5094 2867 5149 τοῦτο
2897 5096 2998 5166 τῆς
3031 5098 3449 5170 μεγαλοψυχίας
3483 5098 3637 5153 αὐτοῦ
3667 5094 3788 5165 μέγι-

2252 5195 2375 5232 στον
2390 5178 2588 5250 δεῖγμα
2603 5178 2670 5234 ἂν
2697 5179 2804 5253 εἴη,
2825 5181 2887 5234 1:6
2904 5183 3035 5253 μηδὲ
3052 5182 3123 5236 τά
3141 5185 3324 5255 μικρὰ
3347 5182 3669 5243 διωθεῖσθαι,
3682 5173 3789 5230 ἀλλὰ

2314 5297 2340 5327 ⁸
2360 5295 2459 5347 A1ii
2484 5303 2568 5354 τῆς
2592 5298 2767 5354 οἰκείας
2786 5298 2938 5356 δόξης.

2315 5356 2337 5422 ξ
2362 5358 2459 5422 ᾼιίί
2482 5359 2734 5422 ικατέρως.
2814 5378 2817 5381 ν

2314 5421 2341 5460 Β
2365 5420 2597 5486 Βινὶικει
2616 5420 2793 5486 magna
2829 5433 2945 5486 ρει-ε
2962 5433 3078 5469 mss.
3108 5422 3506 5486 mmmam“
3532 5425 3584 5471 ει
3604 5431 3705 5486 mag
3729 5429 3789 5486 ιιι·

2251 5475 2793 5545 μήσονται,Μοι·ρι.”(ξι-
2815 5475 2899 5545 ιῖΙὶἰ
2928 5475 3262 5545 διακρούσεται
3304 5489 3360 5533 et
3389 5475 3651 5545 μιμήσεται.
3689 5475 3792 5545 Ῑιξξΐξ

2250 5538 2359 5615 ροει
2381 5543 2544 5615 μισθὸν
2568 5542 2922 5615 ἐδωκενιΜοτοΙ.
2937 5551 2990 5615 ει
3010 5538 3302 5615 ιιξιιιε-ουᾲει
3330 5538 3517 5615 Διιέζιὲηὶ
3537 5538 3791 5615 ἄλλατοξῇ

2246 5601 2422 5652 πλέον*
2445 5604 2550 5653 hac
2572 5617 2690 5652 vero
2711 5604 2885 5653 absunt
2904 5619 2929 5652 ιι
2954 5610 3095 5656 textu
3116 5607 3268 5657 Savil.
3293 5611 3348 5656 ct
3374 5606 3437 5657 ab
3455 5601 3668 5657 omnibus
3684 5606 3783 5649 ωη-

2253 5662 2386 5716 Savil
2421 5677 2481 5715 ea
2499 5664 2551 5715 in
2572 5667 2792 5730 margine
2815 5665 2978 5719 habet.
3484 5668 3493 5677 ‘
