3980 6184
263 331 358 388 749

252 456 397 515 gates
439 455 550 501 tum
595 446 682 516 qui
727 447 1008 518 loquimur,
1049 457 1158 502 tant
1200 450 1285 519 qui
1325 450 1597 515 audimus,
1641 452 1827 506 reddat

253 540 518 593 meliores.
551 539 681 594 Nam
707 542 792 594 ille
810 541 1022 611 quidem
1048 543 1331 596 subvectus
1362 544 1413 596 in
1445 544 1631 598 cadum
1661 545 1828 599 baud-

251 645 509 699 quaquam
526 645 682 699 egere
704 640 874 699 potest
899 631 1143 686 humanis
1172 633 1414 687 laudibus
1443 634 1508 688 ad
1538 633 1825 690 feliciorem

248 730 441 775 sortem
475 722 739 790 profectus
772 739 785 776 :
817 737 914 776 nos
941 738 1072 776 vero
1110 725 1196 793 qui
1237 723 1490 778 hactenus
1529 725 1615 779 hic
1642 740 1826 779 versa-

246 827 346 869 tnut
383 855 399 879 ,
446 816 715 884 multaque
760 831 894 884 Opus
936 816 1191 870 habemus
1233 816 1633 884 exhortatione,
1685 818 1828 872 illius

242 920 462 974 egemus
499 905 774 966 eneomiis,
804 921 907 975 quo
938 907 1177 962 videlicet
1218 908 1282 961 ad
1321 909 1436 975 ejus
1477 908 1821 962 imitationem

242 980 554 1051 excitemur.
585 996 917 1067 Quapropter
940 999 1154 1066 sapiens
1183 998 1392 1066 quidatn
1424 1000 1664 1052 hortatur
1687 1041 1700 1061 ,
1743 999 1823 1053 di-

237 1101 366 1142 cens
397 1105 410 1140 :
445 1087 692 1142 Meritoria
720 1089 850 1157 justi
877 1105 988 1141 cum
1015 1090 1248 1143 laudibus
1277 1088 1454 1157 (Prov.
1485 1091 1568 1146 10.
1601 1091 1679 1161 7).
1707 1090 1822 1144 Non

235 1179 388 1249 quasi
415 1179 487 1233 illi
513 1179 602 1248 qui
628 1179 989 1246 decesserunt,
1019 1180 1114 1235 sed
1153 1180 1187 1234 ii
1225 1180 1401 1251 potius
1425 1181 1513 1248 qui
1536 1196 1626 1236 eos
1647 1182 1819 1235 laudi-

233 1271 334 1323 bus
383 1278 612 1336 ornant,
666 1271 949 1325 maximam
1003 1271 1126 1326 inde
1174 1273 1467 1342 percipiant
1514 1274 1815 1327 utilitatem.

231 1361 498 1429 Quoniam
521 1363 675 1432 igitur
701 1362 798 1417 hac
824 1379 888 1418 ex
916 1379 974 1418 re
1001 1374 1201 1418 tantum
1233 1366 1386 1419 nobis
1415 1365 1620 1420 lucrum
1649 1365 1818 1421 obve-

228 1457 328 1518 nit,
367 1453 816 1522 obtemperemus,
847 1472 1018 1526 neque
1050 1473 1376 1514 recusemus.
1409 1459 1537 1512 Nam
1564 1471 1617 1514 et
1645 1460 1814 1529 ipsum

227 1555 445 1615 tempus
492 1531 953 1602 huic'narrationi
1007 1551 1267 1618 congruit.
1335 1551 1606 1620 Siquidem
1657 1551 1815 1606 hodie

224 1635 421 1690 beatus
462 1635 552 1689 ille
594 1636 658 1689 ad
706 1639 1040 1706 tranquillam
1071 1640 1348 1709 omnisque
1379 1641 1692 1694 turbationis
1720 1657 1814 1695 ex-

222 1737 435 1796 pertem
457 1727 618 1781 vitam
651 1729 934 1783 translatus
961 1738 1062 1795 est,
1091 1747 1260 1800 coque
1285 1733 1546 1800 navigium
1575 1733 1808 1801 appulit,

219 1822 307 1876 ubi
353 1822 610 1891 deinceps
646 1837 754 1875 non
799 1825 993 1891 poterit
1030 1835 1267 1879 metuere
1309 1825 1668 1895 naufragium,
1711 1840 1812 1882 nec

220 1915 389 1969 ullam
418 1915 581 1969 animi
604 1915 956 1982 dejectionem
984 1925 1071 1970 aut
1093 1916 1351 1971 dolorem.
1385 1917 1452 1971 Et
1471 1917 1596 1987 quid
1618 1919 1809 1972 mirum

218 2016 320 2069 est,
375 2006 420 2059 si
464 2007 609 2060 locus
650 2007 740 2061 ille
784 2022 946 2076 purus
974 2018 1055 2062 est
1081 2007 1148 2062 ab
1175 2010 1319 2063 omni
1349 2009 1593 2064 molestia
1619 2011 1804 2076 animi,

216 2115 340 2152 cum
375 2099 568 2154 Paulus
597 2099 900 2156 hominibus
925 2101 1099 2154 adhuc
1136 2101 1188 2155 in
1227 2101 1325 2156 hac
1357 2103 1458 2155 vita
1496 2102 1809 2171 degentibus

216 2192 450 2260 loquens
475 2192 616 2245 dicat
639 2211 652 2244 :
678 2191 889 2262 Semmr
913 2193 1143 2264 gaudete,
1162 2194 1271 2248 sine
1290 2193 1651 2249 intermissione
1669 2203 1809 2250 orate

214 2285 286 2352 (ι.
325 2282 509 2337 Thess.
537 2283 590 2338 5.
625 2284 711 2338 te.
746 2282 872 2350 11)?

282 2375 459 2438 Quam
494 2384 694 2442 praestet
729 2376 830 2429 vita
869 2378 1042 2447 futura
1075 2369 1326 2447 prazsenti.
1349 2407 1415 2418 —
1446 2377 1594 2447 Quod
1622 2379 1666 2434 si
1695 2378 1802 2444 hic,

213 2464 300 2523 ubi
331 2465 527 2531 morbi,
573 2465 660 2520 ubi
704 2467 1097 2536 insectationes,
1149 2469 1234 2523 ubi
1282 2479 1611 2539 praematura:
1657 2485 1804 2524 mor-

211 2571 326 2630 tes,
379 2563 465 2617 ubi
507 2564 806 2629 calumnia},
849 2559 940 2617 ubi
985 2561 1213 2624 invidiae,
1252 2560 1341 2616 ubi
1390 2575 1668 2626 maerores,
1713 2561 1805 2616 ubi

211 2657 346 2718 iraa,
406 2655 497 2709 ubi
559 2654 915 2725 cupiditates,
962 2655 1049 2709 ubi
1093 2653 1504 2709 innumerabiles
1559 2653 1801 2719 insidiae,

211 2747 296 2800 ubi
352 2745 675 2814 quotidiana:
713 2744 1120 2808 sollicitudines,
1165 2745 1254 2799 ubi
1298 2754 1549 2814 perpetua
1599 2745 1803 2814 sibique

208 2836 536 2890 cobmrentia
561 2835 694 2889 mala
715 2843 860 2900 sunt,
884 2835 1193 2891 innumeros
1219 2851 1286 2891 ex
1312 2838 1456 2890 omni
1485 2847 1632 2906 parte
1652 2836 1804 2891 dolo—

207 2942 296 2982 res
324 2926 622 2993 alferentia,
646 2927 839 2980 Paulus
865 2926 996 2980 dixit
1040 2927 1153 2982 fieri
1182 2941 1336 2996 posse
1357 2937 1412 2980 ιιι
1440 2942 1654 2996 semper
1676 2943 1804 2997 gau-

206 3017 470 3080 deamus,
521 3018 566 3070 si
613 3019 731 3086 quis
775 3017 1043 3086 paululum
1083 3033 1149 3073 ex
1194 3033 1372 3073 rerum
1417 3019 1801 3073 mundanarum

208 3110 468 3165 fluctibus
505 3111 736 3165 erexerit
778 3120 935 3180 caput
955 3152 970 3176 ,
1000 3111 1272 3182 vitamque
1295 3126 1443 3165 suam
1477 3119 1622 3165 recte
1647 3126 1798 3166 com-

208 3199 453 3269 posuerit
486 3201 693 3255 :multo
726 3201 892 3270 magis
933 3209 1209 3271 postquam
1256 3200 1380 3256 hinc
1420 3201 1800 3270 demigraveri-

205 3307 328 3345 mus
354 3291 512 3346 facile
531 3301 805 3361 compotes
833 3291 1029 3346 erimus
1053 3292 1166 3361 ejus
1185 3291 1329 3358 boni,
1349 3307 1466 3346 cum
1490 3293 1601 3346 hzec
1623 3294 1799 3347 omnia

203 3382 420 3436 sublata
469 3379 686 3445 fuerint,
731 3382 954 3437 adversa
996 3382 1259 3448 valetudo,
1313 3383 1502 3445 morbi,
1548 3383 1800 3452 peccandi

204 3475 458 3536 materia,
489 3472 576 3526 ubi
609 3489 713 3527 non
751 3484 832 3528 est
868 3487 1050 3526 meum
1095 3489 1159 3530 ac
1202 3484 1366 3539 tuum,
1402 3473 1644 3544 frigidum
1672 3474 1799 3528 illud

204 3565 526 3629 verbum,et
544 3564 793 3633 quidquid
813 3574 893 3619 est
915 3565 1170 3619 malorum
1199 3564 1252 3618 in
1279 3566 1439 3619 vitam
1472 3575 1703 3618 nostram
1729 3566 1802 3620 in.

203 3657 433 3720 vehens,
453 3655 832 3726 iunumeraque
853 3657 1070 3727 gignens
1090 3655 1248 3710 bella.
1265 3655 1617 3724 Quamobrem
1637 3656 1805 3711 maxi-

205 3763 430 3816 mopere
477 3747 714 3816 gratulor
757 3747 911 3817 hujus
953 3748 1118 3803 sancti
1147 3749 1419 3816 felicitati,
1445 3752 1586 3820 quod
1615 3766 1800 3820 quam-

203 3855 371 3910 quam
396 3841 684 3895 translatus
710 3850 812 3906 est,
840 3852 1000 3911 atque
1019 3841 1286 3897 civitatem
1308 3852 1544 3898 nostram
1566 3844 1795 3914 reliquit,

203 3941 386 3986 tamen
429 3932 481 3985 in
519 3931 739 3986 alteram
789 3934 998 3987 transiit
1033 3933 1322 3999 civitatem,
1369 3949 1557 4005 nempe
1591 3936 1706 4002 Dei,
1735 3951 1798 3991 ac

202 4024 484 4094 digressus
520 4023 588 4076 ab
619 4023 720 4079 hac
758 4024 992 4078 Ecclesia
1017 4025 1080 4078 ad
1105 4025 1247 4079 illam
1274 4026 1545 4094 pervenit,
1572 4041 1689 4096 qum
1715 4035 1798 4080 est

202 4116 686 4184 primogenitorum
732 4117 1117 4184 descripturum
1166 4116 1216 4170 in
1260 4117 1439 4180 cadis,
1489 4131 1552 4172 ac
1599 4117 1797 4172 relictis

202 4208 359 4264 hisce
377 4207 528 4263 festis
547 4207 752 4262 transiit
770 4207 836 4262 ad
853 4208 1214 4264 celebritatem
1232 4208 1572 4278 angelorum:
1587 4208 1794 4262 Etenim

201 4299 350 4370 quod
394 4308 453 4354 et
489 4314 719 4368 superne
757 4300 826 4353 sit
867 4299 1049 4352 civitas
1070 4341 1086 4364 ,
1120 4298 1375 4363 Ecclesia,
1404 4314 1467 4354 ac
1490 4300 1790 4365 celebritas,

201 4390 332 4444 audi
380 4389 603 4444 Paulum
651 4390 912 4445 dicentem
946 4391 1272 4444 :Accessislis
1306 4390 1375 4444 ad
1412 4391 1658 4444 civitatem
1699 4389 1797 4443 Dei

205 4480 440 4542 viventis,
463 4480 532 4532 ad
550 4480 919 4550 Jerosolymam
939 4480 1200 4548 delectem,
1229 4489 1275 4534 et
1308 4479 1584 4534 Ecclesiae:
1609 4479 1796 4548 primo-

206 4571 493 4638 genitoram
531 4571 892 4640 descripturum
935 4571 988 4623 in
1027 4571 1192 4634 etatis,
1221 4579 1267 4623 et
1291 4571 1359 4623 ad
1383 4568 1794 4624 innumerabilem

209 4661 504 4728 angelorum
539 4662 869 4730 frequentiam
891 4660 1075 4732 (Hebr.
1099 4661 1187 4715 l2.
1210 4660 1299 4714 22.
1329 4659 1442 4732 25).
1482 4659 1595 4714 Non
1621 4659 1793 4715 solum

207 4760 392 4803 autem
429 4753 497 4803 ob
537 4751 925 4807 multitudinem
953 4752 1208 4806 virtutum
1253 4751 1542 4807 czelestinm
1563 4792 1578 4817 ,
1610 4766 1793 4806 verum

199 4842 369 4895 etiam
400 4840 470 4894 ob
496 4841 870 4896 abundantiam
900 4842 1157 4896 bonorum
1178 4883 1192 4906 ,
1228 4857 1293 4896 ac
1319 4843 1443 4912 juge
1465 4841 1712 4912 gaudium
1741 4851 1797 4897 et

199 4932 474 4996 lmtitiam,
512 4933 839 5003 panegyrim,
882 4933 983 4987 hoc
1027 4943 1129 4997 est,
1172 4933 1518 5003 frequentiam
1563 4933 1795 5003 appellat

197 5033 374 5076 totam
407 5024 550 5077 illam
579 5024 762 5078 vitam.
809 5023 916 5078 Nec
943 5024 1084 5078 enim
1111 5024 1251 5078 aliud
1284 5023 1588 5097 panegyrim
1620 5028 1793 5083 facere

191 5116 368 5179 solet,
417 5130 576 5184 quam
619 5116 969 5170 multitudinis
1009 5126 1199 5182 cretus,
1243 5119 1497 5174 mercium
1527 5123 1790 5188 venalium

190 5207 381 5276 copia,
421 5207 543 5260 cum
584 5207 837 5272 triticum,
865 5207 1148 5270 hordeum,
1179 5219 1233 5262 et
1260 5210 1555 5280 omnigenm
1583 5211 1791 5281 frugum

191 5298 437 5366 species,
461 5297 638 5351 ovium
663 5313 873 5366 greges,
897 5298 1055 5353 boum
1082 5310 1339 5363 armenta,
1364 5310 1554 5365 vestes,
1587 5303 1792 5372 aliaque

193 5389 248 5444 id
280 5402 456 5459 genus
484 5387 709 5457 plurima
737 5388 1120 5456 importantur,
1153 5391 1270 5444 aliis
1309 5391 1522 5460 quidem
1553 5393 1790 5447 venden-

195 5483 366 5548 tibus,
395 5480 516 5535 aliis
548 5495 676 5535 vero
701 5481 1016 5538 ementibus.
1065 5482 1166 5538 Sed
1207 5483 1330 5552 quid
1371 5484 1569 5551 inquis,
1604 5484 1790 5539 harum

196 5586 386 5625 rerum
415 5569 583 5627 estin
612 5571 802 5625 cadis?
847 5571 1044 5626 llorum
1081 5572 1294 5640 quidem
1334 5572 1496 5633 nihil,
1538 5573 1630 5627 sed
1671 5584 1792 5629 sunt

197 5663 290 5718 his
318 5665 487 5720 multo
510 5664 867 5734 praeclarium.
908 5665 1022 5718 Non
1065 5665 1204 5718 enim
1242 5664 1346 5718 illic
1383 5675 1505 5717 sunt
1536 5665 1786 5733 triticum,

198 5756 496 5826 hordeum,
540 5772 602 5812 ac
639 5756 845 5828 frugum
877 5757 1032 5811 varia:
1063 5757 1299 5828 species,
1330 5757 1422 5813 sed
1449 5757 1556 5813 illic
1597 5755 1790 5831 ubique

1405 337 1492 393 DE
1533 339 1757 396 ΒΕΑΤο
1795 338 2225 400 PIIILOCONIO.
2271 346 2355 422 Vl.

3401 362 3509 418 750

1943 455 2143 511 fructus
2182 460 2398 528 spiritus
2442 462 2654 526 caritas,
2697 466 2973 536 gaudium,
3016 471 3242 540 bonitas,
3291 492 3409 544 pax,
3450 493 3514 533 ac

1935 550 2285 603 mansuetudo
2315 565 2518 606 summa
2545 557 2797 610 exuberat
2825 561 2994 626 eopia.
3036 561 3148 616 Non
3177 568 3354 621 ovium
3384 585 3510 638 gre-

1930 651 2044 705 ges,
2077 655 2181 693 non
2205 639 2362 694 boum
2390 655 2650 708 armenta,
2682 648 2774 701 sed
2803 650 3018 718 spiritus
3041 653 3303 722 jnstorum
3337 659 3509 728 perfe-

1932 736 2136 783 ctorum
2158 772 2172 794 ,
2202 732 2496 787 animarum
2529 737 2747 792 virtutes
2772 780 2785 802 ,
2817 746 3045 811 vitzrque
3083 755 3224 800 recta
3254 747 3382 802 facta
3413 766 3510 820 per

1930 833 2116 873 omnes
2140 822 2300 876 cados
2320 823 2500 879 videre
2523 827 2664 882 licet.
2697 829 2807 882 Non
2831 842 3005 886 vestes
3029 845 3118 888 aut
3144 838 3389 905 amictus,
3413 843 3508 896 sed

1926 921 2152 964 coronas
2177 915 2361 982 quovis
2387 930 2519 970 auro
2555 920 2921 984 pretiosiores,
2961 933 3068 979 tum
3112 927 3309 993 brabia,
3335 942 3509 986 certa-

1928 1003 2127 1055 minum
2160 1006 2393 1072 pra'mia,
2423 1007 2630 1077 aliaque
2672 1012 2945 1068 innumera
2988 1018 3122 1071 bona
3169 1009 3395 1088 reposita
3445 1023 3508 1079 iis

1923 1097 2010 1163 qui
2040 1107 2185 1150 reete
2215 1097 2476 1154 fecerint:
2506 1101 2570 1154 ad
2611 1102 2722 1158 hme
2766 1105 2832 1158 ibi
2879 1117 2961 1160 est
3005 1107 3315 1177 frequentia,
3351 1112 3505 1182 longe

1923 1190 2034 1238 tum
2067 1187 2351 1254 copiosior,
2381 1197 2488 1242 tum
2521 1191 2846 1248 honoratior.
2893 1195 3073 1266 Neque
3116 1200 3253 1254 enim
3297 1212 3505 1258 constat

1922 1292 1987 1330 ex
2023 1278 2150 1332 viris
2189 1281 2404 1335 urbanis
2444 1283 2840 1355 indigenisque,
2890 1290 2980 1342 sed
3014 1290 3097 1345 hic
3127 1302 3247 1346 sunt
3281 1295 3500 1363 angelo-

1922 1383 2036 1421 rum
2067 1369 2262 1422 infinita
2294 1372 2453 1425 millia
2475 1416 2487 1434 ,
2519 1374 2622 1428 illic
2649 1379 2808 1430 multa
2842 1380 2998 1431 millia
3023 1383 3456 1453 archangelorum
3479 1427 3497 1452 ,

1919 1460 2043 1513 alibi
2083 1461 2324 1516 sodalitia
2367 1465 2775 1534 prophetarum,
2817 1470 2938 1523 alibi
2987 1483 3276 1543 martyrum
3323 1477 3495 1542 ebori,

1917 1557 2276 1624 apostolorqu
2303 1560 2536 1624 ordines,
2559 1562 2712 1616 cunei
2735 1561 3017 1631 justorum,
3042 1571 3382 1637 omniumque
3408 1570 3496 1638 qui

1919 1645 2029 1700 Deo
2069 1647 2378 1716 placuerunt
2415 1651 2543 1704 varii
2588 1661 2776 1706 canus.
2820 1655 3064 1710 Profecto
3094 1655 3329 1713 miranda
3354 1671 3501 1729 qua:-

1915 1737 2036 1792 dam
2079 1742 2359 1812 panegyris
2387 1753 2467 1796 est
2501 1760 2514 1796 :
2543 1743 2788 1814 quodque
2815 1747 2984 1814 majus
3010 1758 3091 1802 est
3117 1750 3366 1804 omnibus
3391 1794 3406 1815 ,
3446 1750 3497 1805 in

1915 1829 2087 1884 media
2109 1831 2405 1902 frequentia
2427 1845 2669 1888 versatur
2689 1835 2874 1890 horum
2892 1840 3125 1893 omnium
3149 1856 3260 1895 rex.
3288 1841 3497 1897 Etenim

1915 1921 2000 1975 ubi
2029 1922 2268 1988 dixisset,
2292 1924 2369 1976 Ad
2389 1925 2823 1980 innumerabilium
2840 1931 3130 1999 angelorum
3145 1931 3495 2002 frequentiam,

1913 2011 2160 2080 subjecit,
2189 2023 2236 2066 et
2261 2015 2329 2066 ad
2346 2014 2574 2084 judicent
2611 2018 2952 2072 universorum
2981 2019 3141 2075 Deum
3180 2022 3199 2091 (
3221 2021 3377 2076 Hebr.
3405 2023 3494 2080 l2.

1909 2101 2035 2172 25).
2084 2103 2214 2170 Quis
2260 2121 2507 2174 umquam
2535 2107 2659 2161 vidit
2705 2107 2757 2163 in
2804 2112 3110 2180 panegyrim
3141 2113 3488 2182 prodeuntem

1910 2211 2090 2266 regem
2117 2195 2140 2250 ?
2187 2196 2284 2252 Hic
2323 2198 2536 2268 quidem
2575 2215 2732 2254 nemo
2763 2201 2908 2266 vidit,
2940 2203 3048 2257 illic
3071 2213 3246 2259 autem
3276 2205 3362 2275 qui
3389 2207 3485 2260 ad-

1910 2281 2796 2362 Sutitperpettto\'ident,quatenus
2826 2293 2971 2348 illum
2998 2295 3177 2352 videre
3205 2298 3347 2363 licet,
3378 2311 3486 2354 non

1907 2379 2078 2434 solum
2111 2390 2446 2450 prmsentem,
2471 2397 2652 2437 verum
2678 2385 2837 2438 etiam
2864 2400 2972 2440 sua:
2997 2387 3179 2457 gloria:
3199 2388 3483 2458 Splendore

1907 2469 2351 2528 condecorantem
2376 2474 2682 2529 universum
2712 2485 2931 2531 coetum.
2961 2478 3028 2532 Et
3055 2488 3250 2534 nostra:
3271 2481 3487 2551 quidem

1907 2559 2242 2616 celebritates
2269 2563 2367 2618 sub
2398 2563 2672 2619 meridiem
2703 2567 3011 2638 plerumque
3037 2569 3316 2624 solvuntur
3336 2614 3352 2638 ,
3399 2573 3486 2626 illa

1905 2669 2034 2707 vero
2065 2669 2168 2708 non
2199 2654 2344 2709 item.
2374 2652 2552 2726 Neque
2577 2656 2718 2710 enim
2741 2658 3000 2712 mensium
3030 2659 3081 2713 in
3103 2661 3283 2715 orbem
3309 2676 3490 2717 recur-

1906 2755 2014 2809 sus,
2045 2757 2216 2812 neque
2245 2759 2503 2799 annorum
2531 2746 2782 2801 circuitus
2804 2787 2820 2813 ,
2861 2763 3032 2818 neque
3064 2748 3270 2804 dierum
3299 2767 3487 2806 nume‘

1905 2843 2021 2888 rum
2065 2843 2334 2903 exspectat
2383 2853 2396 2888 :
2438 2836 2531 2890 sed
2575 2844 2676 2890 Slal
2707 2847 3008 2907 'pcrpetuo,
3059 2839 3302 2910 illiusque
3347 2841 3483 2895 bona

1911 2925 2056 2978 nullo
2085 2926 2312 2979 termino
2339 2926 2671 2987 clauduntur,
2705 2926 2863 2980 linem
2894 2943 2996 2980 non
3025 2927 3240 2993 habent,
3275 2945 3370 2984 nec
3399 2945 3489 2984 se-

1908 3029 2151 3082 noscere,
2182 3029 2279 3070 nec
2300 3029 2630 3070 marcescere
2663 2997 3022 3083 possunt,‘sed
3050 3027 3171 3071 sunt
3195 3027 3301 3072 tum
3329 3020 3485 3088 senii,

1909 3115 2021 3160 tum
2058 3106 2247 3158 tnurtis
2275 3105 2530 3173 expertia.
2576 3104 2759 3157 Nullus
2785 3105 2890 3159 illic
2918 3108 3167 3160 tumultus
3187 3149 3202 3172 ,
3231 3109 3486 3178 quemad-

1911 3196 2128 3250 modum
2173 3195 2287 3258 hic,
2321 3195 2460 3248 nulla
2493 3195 2739 3258 turbatio,
2772 3195 2864 3248 sed
2895 3196 3078 3265 ingens
3103 3197 3338 3252 omnium
3364 3213 3486 3253 cum

1907 3288 2097 3341 ordine
2123 3287 2439 3354 compositio
2457 3328 2472 3351 ,
2507 3286 2641 3340 haud
2672 3300 2827 3342 secus
2855 3297 3012 3358 atque
3050 3289 3100 3342 iu
3129 3289 3328 3344 cithara
3357 3307 3480 3360 qua.

1906 3380 2086 3448 piam,
2131 3378 2604 3431 modulatissimum
2647 3390 2960 3434 concentum
2991 3390 3043 3436 ct
3071 3383 3253 3451 quavis
3286 3385 3484 3439 musica

1907 3471 2205 3525 suaviorem
2247 3470 2578 3525 reddentium
2625 3472 2894 3541 utriusque
2939 3483 3194 3526 creatura:
3238 3475 3484 3542 Domino,

1903 3559 2027 3613 dum
2054 3559 2231 3613 anima
2253 3559 2361 3612 illic
2389 3558 2530 3613 velut
2553 3560 2603 3613 in
2631 3561 2795 3615 sacris
2814 3561 3014 3628 adytis,
3043 3561 3336 3632 divinisque
3364 3579 3485 3635 my-

1903 3657 2082 3710 steriis
2101 3697 2116 3719 ,
2145 3654 2442 3708 divinorum
2472 3669 2784 3708 arcanorum
2823 3656 3231 3710 celebrationem
3261 3660 3480 3727 peragit.

1969 3747 2024 3800 2.
2053 3747 2131 3800 Ad
2163 3746 2300 3800 hanc
2327 3745 2532 3799 beatam
2559 3757 2610 3800 ct
2641 3746 2770 3800 senii
2795 3757 3065 3816 exlierlcm
3096 3761 3290 3803 sortem
3321 3750 3478 3806 hodie

1902 3839 2109 3892 transiit
2133 3839 2317 3892 beatus
2345 3837 2700 3907 Pllilogunlus.
2733 3839 2984 3903 Qumnatn
3013 3838 3170 3909 igitur
3188 3841 3356 3893 oratio
3385 3858 3480 3910 par

1898 3931 1968 3984 sit
2009 3931 2142 3996 viro,
2187 3944 2343 3999 quem
2391 3930 2530 3984 Dens
2569 3939 2671 3984 tam
2713 3929 2850 3985 felici
2891 3941 3036 3987 sorte
3075 3931 3317 4001 dignatus
3361 3935 3480 3987 est?

1896 4021 2070 4077 Nulla.
2099 4021 2203 4076 Sed
2229 4037 2346 4090 age,
2377 4020 2460 4075 dic
2498 4020 2646 4084 mihi,
2680 4037 2806 4075 ntnn
2836 4021 3030 4076 idcirco
3057 4023 3372 4078 silebimus?
3414 4025 3482 4078 Et

1897 4113 2048 4182 cujus
2089 4112 2167 4167 rei
2211 4115 2376 4182 gratia
2416 4112 2798 4168 convenimus?
2843 4115 2922 4167 Au
2951 4113 3188 4168 dicemus
3217 4129 3313 4167 nos
3339 4114 3476 4168 haud

1897 4217 2054 4272 posse
2101 4203 2513 4271 ntagnitndinem
2563 4211 2830 4271 gestorum
2883 4204 3122 4257 oratione
3179 4204 3478 4272 consequi?

1897 4294 2054 4363 Atqui
2077 4293 2146 4347 ob
2165 4293 2266 4348 hoc
2291 4293 2458 4362 ipsum
2486 4307 2704 4347 necesse
2722 4303 2804 4348 est
2829 4293 3025 4357 dicere,
3045 4294 3471 4364 quandoquidem

1899 4384 2012 4438 hmc
2035 4392 2116 4437 est
2143 4383 2404 4452 praecipua
2425 4383 2636 4437 laudum
2659 4383 2796 4437 illius
2815 4399 2958 4454 pars,
2981 4383 3120 4454 quod
3147 4387 3294 4438 factis
3314 4387 3473 4442 verba

1896 4474 2208 4544 tequiparari
2235 4489 2340 4528 non
2369 4473 2590 4542 possint.
2631 4473 2762 4527 Nam
2801 4489 3024 4543 quorum
3054 4484 3198 4544 gesta
3231 4485 3474 4532 naturam

1896 4565 2055 4620 etiam
2099 4572 2350 4633 superant
2393 4563 2704 4630 mortalem,
2749 4565 3082 4633 perspicuum
3123 4576 3234 4632 est,
3284 4570 3474 4623 borum

1895 4655 2078 4711 laudes
2108 4655 2371 4710 excedere
2398 4655 2630 4724 linguam
2661 4654 2966 4710 humanam.
3016 4657 3168 4712 Haud
3202 4667 3374 4714 tamen
3402 4660 3473 4714 ob

1898 4749 1950 4803 id
1976 4749 2347 4818 aspernabitur
2369 4747 2605 4802 ofﬁcium
2636 4757 2898 4812 nostrum,
2926 4749 3019 4803 sed
3050 4764 3202 4803 suum
3241 4751 3473 4804 imitabi-

1898 4848 1982 4894 tur
2022 4841 2298 4894 Dominum
2333 4857 2347 4894 :
2385 4839 2643 4909 siquidem
2685 4847 2739 4893 et
2782 4839 2870 4893 ille
2901 4839 3078 4916 _vidua:
3106 4839 3239 4894 duos
3270 4850 3472 4896 tantum

1896 4931 2080 4985 obolos
2104 4929 2390 5000 dejicicnti,
2422 4945 2527 4985 non
2558 4939 2757 4984 tantum
2779 4931 3002 4983 duorum
3029 4930 3303 4984 obolorum
3331 4947 3473 4987 mer-

1894 5024 2075 5079 cedem
2105 5024 2350 5078 reddidit.
2392 5024 2497 5078 Cur
2537 5023 2604 5076 ita
2647 5023 2892 5078 tandem?
2933 5023 3189 5089 Quoniam
3221 5039 3324 5078 non
3352 5037 3475 5094 pcr-

1894 5115 2156 5183 pendebat
2185 5113 2418 5183 pecunia:
2445 5113 2680 5178 modum,
2705 5113 2796 5166 sed
2825 5111 2986 5166 animi
3011 5113 3238 5168 divitias.
3268 5113 3399 5168 Nam
3425 5117 3471 5170 si

1898 5206 2133 5276 pecunia:
2164 5204 2378 5259 modum
2406 5202 2674 5271 expendas
2694 5243 2708 5264 ,
2735 5217 2922 5271 magna
2962 5211 3242 5271 paupertas
3277 5211 3361 5258 est
3389 5204 3474 5259 :si

1896 5299 2214 5352 voluntatem
2243 5295 2496 5364 explices,
2521 5293 2835 5348 ineffabilem
2864 5293 3064 5348 videbis
3084 5293 3279 5348 excelsi
3308 5295 3470 5350 animi

1894 5391 2220 5443 thesaurum.
2247 5385 2474 5440 Proinde
2497 5386 2735 5454 quamvis
2763 5394 2956 5438 nostrae
2977 5386 3246 5440 facultates
3266 5387 3470 5456 exiguae

1893 5481 1997 5535 sint
2024 5478 2333 5546 minimique
2359 5477 2543 5545 pretii,
2574 5484 2804 5530 attamen
2834 5490 2952 5544 qua:
2981 5488 3260 5543 possumus
3287 5475 3469 5533 oﬂ'crt-

1895 5588 2029 5626 mus.
2079 5571 2148 5624 Et
2195 5569 2318 5623 licet
2366 5583 2469 5622 non
2522 5567 2877 5636 respondeant
2919 5569 3264 5636 magnitudini
3307 5569 3470 5626 animi

1895 5660 2134 5732 prmclari
2176 5659 2410 5730 justique
2456 5658 2786 5726 Philogonii,
2832 5667 3004 5712 tamen
3037 5659 3135 5714 hoc
3159 5661 3326 5730 ipsum
3357 5675 3469 5714 ma~

1897 5752 2253 5828 gnanimitalis
2277 5753 2415 5809 illius
2435 5749 2721 5808 maximum
2747 5751 2899 5807 fuerit
2923 5763 3310 5822 argumentum,
3329 5752 3468 5820 quod
