3980 6184
451 307 550 366 751

450 439 550 479 nec
580 418 767 494 pusilla
797 415 1040 486 repellat,
1064 412 1158 469 sed
1185 411 1326 466 idem
1355 410 1509 465 faciat
1537 407 1677 477 quod
1704 406 1882 460 solent
1902 404 2034 458 divi-

454 527 554 572 tes.
591 512 860 584 Siquidem
899 509 974 563 illi
1009 522 1130 562 cum
1157 503 1458 574 acceperint
1498 517 1528 556 a
1574 500 1816 555 tenuibus
1841 500 2031 568 exigua

456 607 643 678 quibus
682 618 787 658 non
827 607 1008 671 egent,
1037 613 1131 652 sua
1171 595 1402 649 vicissim
1443 600 1735 662 apponunt,
1782 604 2031 644 remune-

456 707 629 752 rantes
672 709 786 756 eos,
823 692 910 761 qui
950 688 1089 760 quod
1127 694 1372 758 poterant
1411 684 1742 740 obtulerint:
1774 680 1954 734 itidem
1983 689 2037 732 ct

453 789 539 843 hic
579 802 702 842 emn
743 784 1009 855 acceperit
1046 797 1075 836 a
1123 781 1278 834 nobis
1318 777 1546 844 laudem,
1569 791 1673 846 qua
1702 787 2033 843 nequaquam

450 890 588 950 eget,
603 877 879 933 redonabit
899 875 1052 929 nobis
1073 889 1166 942 per
1184 871 1296 942 ipsa
1320 870 1452 925 facta
1469 867 1912 931 benedictionem,
1931 880 2035 934 qua

451 985 664 1039 semper
691 968 1005 1038 indigemus.
1039 963 1187 1020 Unde
1210 963 1366 1033 igitur
1394 960 1602 1015 laudem
1633 959 1770 1013 illius
1795 957 2040 1026 auspica-

453 1060 668 1115 hinmr?
717 1060 798 1112 An
845 1073 874 1110 a
920 1056 1251 1124 magistratu,
1276 1068 1433 1122 quem
1462 1050 1692 1119 Spiritus
1719 1048 1794 1102 illi
1824 1046 2039 1101 tradidit

452 1153 656 1224 gratia?
685 1150 817 1205 Nam
841 1147 1093 1203 mundani
1114 1146 1450 1215 magistratus
1466 1155 1794 1211 neqanuam
1815 1146 2038 1210 possunt

453 1259 660 1309 eorum,
708 1242 901 1312 quibus
943 1239 1131 1296 crediti
1176 1245 1336 1304 sunt,
1373 1235 1740 1290 demonstrare
1767 1232 1988 1286 virtutes
2021 1246 2037 1284 ς

454 1335 581 1404 quin
610 1333 784 1403 potius
817 1331 1125 1401 frequenter
1155 1327 1349 1382 habent
1384 1327 1773 1380 accusationem
1803 1321 2039 1376 malitim.

456 1424 666 1489 Quare?
695 1423 952 1489 Quoniam
982 1429 1037 1475 et
1066 1418 1354 1488 patrocinia
1383 1417 1696 1480 amicorum,
1730 1423 1784 1469 et
1807 1414 2040 1467 circum-

465 1515 789 1569 enrsationes
825 1521 880 1567 et
919 1512 1282 1573 adulationes,
1310 1507 1518 1576 aliaque
1545 1504 1800 1575 permulta
1838 1503 1920 1558 his
1947 1501 2046 1556 fte-

466 1603 611 1659 .iiora
639 1603 767 1658 tales
793 1601 1132 1671 magistratus
1153 1598 1326 1652 solent
1344 1596 1626 1651 conciliare
1647 1612 1659 1647 :
1683 1601 1931 1648 cartorum
1956 1591 2045 1646 ubi

463 1700 604 1752 deus
642 1711 742 1751 suo
781 1694 1033 1763 sulfragio
1063 1691 1619 1761 designaritaliquem,
1642 1687 1834 1754 illaque
1859 1698 2048 1739 manus

462 1797 706 1842 sanctum
734 1785 1014 1854 contigerit
1063 1791 1255 1852 caput,
1298 1781 1663 1849 incorruptum
1715 1775 2046 1845 suffragium,

465 1878 700 1932 alienum
725 1891 756 1929 a
779 1874 1078 1944 suspicione
1101 1872 1376 1940 judicium,
1408 1868 1700 1924 indubitata
1722 1865 1880 1920 fuerit
1899 1864 2049 1919 dele-

463 1967 535 2023 cti
557 1965 918 2036 comprobatio
942 1973 1160 2034 propter
1182 1961 1296 2031 ejus
1317 1961 1406 2029 qui
1435 1957 1630 2028 delegit
1657 1956 2046 2012 auctoritatem.

537 2057 872 2127 Philogonins
891 2055 1191 2124 conjugatus
1213 2054 1381 2125 forum
1401 2048 1702 2114 sectabatur,
1721 2057 1891 2116 postea
1915 2045 2048 2112 Epi-

460 2164 645 2218 scapus
671 2149 834 2218 factus
858 2153 950 2198 est.
973 2173 1044 2183 ——
1068 2143 1237 2198 l’orro
1265 2139 1407 2212 quod
1445 2138 1668 2208 elegerit
1693 2138 1842 2192 illum
1868 2136 2008 2190 Deus
2031 2175 2048 2202 ,

462 2241 550 2295 vel
572 2255 637 2293 ex
665 2238 776 2308 ipsa
805 2253 1014 2291 morum
1045 2235 1344 2300 integritate
1374 2231 1708 2303 perspicuum
1732 2236 1834 2291 est,
1856 2227 2050 2298 quippe

463 2345 620 2401 quem
642 2345 709 2383 ex
741 2328 917 2382 medio
945 2329 1223 2396 abreptum
1253 2324 1369 2378 foro
1393 2321 1458 2377 ad
1491 2321 1736 2375 thronum
1765 2319 1907 2373 hunc
1929 2333 2052 2372 eve-

463 2423 605 2478 xerit
630 2439 645 2476 :
673 2419 807 2475 adeo
831 2431 1031 2475 castam
1062 2428 1117 2472 et
1140 2418 1398 2486 insignem
1428 2415 1573 2485 prius
1599 2414 1703 2484 egit
1728 2412 1911 2479 vitam,
1929 2426 2050 2466 cum

463 2526 684 2566 uxorem
715 2509 933 2565 haberet
961 2523 1024 2563 ac
1053 2507 1212 2562 filiam
1243 2513 1298 2562 et
1321 2505 1374 2561 in
1400 2505 1514 2559 foro
1540 2511 1841 2558 versaretur
1873 2518 1887 2556 :
1918 2499 2052 2556 adeo

463 2603 632 2657 solem
663 2601 833 2670 ipsum
863 2598 1147 2668 Splendore
1183 2597 1344 2662 vicit,
1373 2603 1433 2650 ut
1474 2594 1714 2663 protinus
1743 2592 1845 2646 hoc
1882 2590 2054 2661 magi-

463 2701 635 2746 stratu
655 2690 846 2761 dignus
869 2689 1163 2752 videretur,
1193 2697 1248 2742 et
1269 2703 1300 2740 a
1319 2684 1640 2755 judiciorum
1671 2685 1687 2715 ¹
1717 2681 1961 2737 tribunali
1987 2679 2054 2736 ad

465 2797 676 2836 sacrum
697 2781 927 2834 tribunal
943 2787 1158 2834 evectus
1177 2778 1266 2833 sit.
1291 2777 1368 2831 Ac
1389 2784 1499 2830 tum
1518 2773 1731 2845 quidem
1751 2771 2056 2828 hominibus

465 2872 902 2947 patrocinabatur
929 2871 1184 2926 adversus
1206 2869 1472 2938 homines,
1497 2867 1587 2938 qui
1614 2866 1891 2923 struebant
1920 2864 2052 2920 insi-

463 2969 601 3035 dias,
613 2980 726 3024 ‘eos
751 2965 838 3035 qui
865 2963 1231 3019 afliciebantur
1255 2963 1468 3034 injuria,
1494 2961 1798 3034 superiores
1823 2959 2056 3016 reddens

463 3061 551 3128 iis,
578 3062 666 3132 qui
694 3056 940 3128 injuriam
965 3055 1263 3112 inferebant
1288 3071 1304 3111 :
1328 3054 1416 3109 hic
1443 3062 1622 3108 autem
1645 3052 1800 3108 adest
1819 3050 2053 3108 homini-

462 3155 564 3210 bus
583 3151 928 3225 patrocinans
949 3149 1205 3204 adversus
1229 3148 1500 3204 daamones
1520 3145 1852 3202 invadentes.
1875 3145 2056 3213 Quan-

465 3252 578 3300 tum
607 3254 782 3299 autem
809 3240 878 3299 sit
907 3240 1118 3311 pictatis
1148 3248 1542 3309 argumentum,
1572 3235 1714 3307 quod
1743 3235 1882 3290 Deus
1909 3235 2056 3290 illum

464 3346 612 3392 tanto
633 3335 940 3404 magistratu
956 3329 1452 3402 dignumjudicarit,
1475 3323 1618 3394 audi,
1640 3327 1887 3382 Christus
1903 3327 2050 3382 exci-

466 3437 609 3482 tatus
629 3442 662 3481 a
684 3435 878 3491 morte,
909 3422 1036 3493 quid
1060 3421 1187 3476 dicit
1210 3420 1401 3475 Petro?
1431 3419 1715 3488 Postquam
1740 3419 1882 3473 enim
1905 3417 2054 3473 illum

466 3520 866 3588 interrogasset,
887 3514 1060 3581 Petre,
1078 3530 1221 3568 amas
1242 3529 1320 3566 me
1336 3511 1516 3582 (Joan.
1534 3511 1598 3566 2i
1611 3549 1626 3566 .
1649 3510 1737 3581 16)
1751 3511 1774 3564 ?
1791 3511 1938 3580 isque
1954 3525 2060 3565 res.

467 3610 764 3680 pondisset:
788 3607 883 3672 Tn,
897 3605 1234 3670 Domine,scis
1254 3602 1388 3674 quod
1401 3619 1516 3657 amo
1536 3611 1610 3658 te:
1629 3616 1734 3657 non
1752 3601 1885 3656 dixit
1898 3600 2055 3653 Chri-

466 3701 777 3770 stus,abjice
790 3699 1062 3769 pecunias,
1072 3696 1332 3767 jejunium
1344 3709 1558 3761 exerce,
1572 3707 1781 3750 macera
1801 3702 1853 3748 te
1865 3692 2054 3746 labori-

469 3793 593 3859 bus,
619 3799 857 3847 mortuos
880 3791 1072 3856 excita,
1094 3787 1366 3843 daemones
1379 3786 1532 3856 abige
1549 3826 1564 3851 ,
1585 3785 1712 3839 nihil
1729 3784 1808 3838 vel
1837 3783 2053 3849 horum,

468 3883 557 3938 vel
572 3884 794 3937 aliorum
812 3881 1185 3936 miraculorum
1203 3888 1454 3948 recteque
1474 3878 1732 3932 factorum
1755 3877 1807 3930 in
1826 3875 2056 3930 medium

467 3973 708 4038 adduxit,
743 3973 838 4028 scd
866 3972 1112 4027 omnibus
1141 3971 1243 4024 illis
1273 3967 1647 4040 prmtermissis
1676 3967 1806 4022 dicit
1842 3966 1915 4020 illi
1951 3983 1964 4019 :
1997 3965 2061 4020 Si

469 4066 640 4138 diligis
671 4081 779 4130 nte,
811 4080 957 4134 pasce
994 4078 1108 4117 oves
1144 4077 1301 4114 meas.
1337 4059 1451 4114 Hoc
1489 4069 1667 4114 autem
1707 4045 1918 4113 dicebat
1951 4070 2058 4110 non

469 4159 642 4215 solum
658 4164 718 4211 ut
734 4155 887 4211 nobis
904 4153 1200 4210 certissime
1218 4151 1534 4216 declararet,
1548 4157 1876 4220 quantopere
1890 4147 2060 4216 ipsum

468 4250 714 4320 diligeret
738 4248 964 4302 Petrus:
993 4259 1180 4300 verum
1200 4244 1360 4299 etiam
1381 4250 1441 4296 ut
1467 4257 1620 4298 suum
1635 4255 1758 4310 erga
1783 4252 1906 4294 suas
1930 4251 2059 4293 oves

469 4356 708 4398 amorem
737 4338 1080 4402 ostenderet,
1113 4336 1404 4390 maximum
1433 4333 1740 4402 exemplum
1784 4330 2058 4402 proposuit

472 4435 616 4503 Petri
643 4449 766 4502 erga
790 4433 962 4502 ipsum
988 4430 1204 4494 amoris,
1235 4437 1437 4482 tantum
1464 4442 1568 4482 non
1595 4425 1778 4480 dicens
1810 4443 1825 4481 :
1855 4424 1954 4492 Qui
1975 4421 2061 4480 di-

471 4527 588 4595 ligit
615 4538 743 4578 oves
779 4539 927 4578 meas
947 4563 962 4587 ,
993 4537 1082 4576 me
1121 4521 1312 4591 diligit.
1344 4519 1477 4575 Vide
1518 4519 1676 4588 igitur
1704 4535 1862 4589 quam
1894 4520 2060 4576 multa

471 4624 692 4685 propter
722 4612 866 4668 hunc
893 4627 1108 4682 gregem
1157 4625 1346 4681 passus
1383 4611 1453 4664 sit
1488 4609 1750 4666 Christus.
1778 4609 1950 4665 Homo
1983 4610 2062 4666 fa-

472 4716 595 4762 ctus
614 4713 717 4771 est,
737 4704 876 4758 servi
901 4705 1126 4756 formam
1149 4702 1456 4770 assumpsit,
1469 4709 1759 4770 consputus
1770 4709 1871 4768 est,
1893 4701 2064 4771 alapis

472 4814 645 4855 czesus
670 4807 788 4864 est,
826 4804 1097 4867 postremo
1142 4811 1211 4850 ne
1252 4803 1478 4850 mortem
1507 4794 1719 4864 quidem
1759 4797 2057 4864 recusavit,

473 4906 698 4965 eamque
720 4886 1306 4959 ignominiosissimam;
1338 4884 1599 4955 siquidem
1627 4883 1679 4940 in
1704 4899 1863 4940 cruce
1886 4885 2058 4955 ipsum

471 4981 632 5036 etiam
663 4979 974 5049 sanguinem
1021 4976 1225 5033 effudit.
1258 4975 1439 5045 Itaque
1477 4975 1525 5029 si
1568 4976 1688 5044 quis
1714 4975 1943 5031 voluerit
1983 4975 2061 5030 illi

471 5070 877 5126 commendatus
905 5082 1047 5134 esse,
1073 5082 1255 5122 curam
1280 5066 1472 5121 habeat
1494 5066 1674 5121 ovium
1704 5066 1864 5129 illius,
1889 5066 2062 5134 publi-

471 5177 590 5217 cam
621 5169 828 5232 quairat
869 5160 1150 5215 utilitatem
1174 5201 1190 5226 ,
1222 5159 1444 5214 lratrum
1487 5174 1704 5214 suorum
1743 5159 1898 5213 saluti
1939 5174 2062 5229 pro-

471 5254 663 5322 spiciat
690 5269 704 5306 :
735 5251 935 5306 nullum
979 5251 1124 5305 enim
1165 5249 1399 5306 officium
1440 5250 1542 5304 hoc
1583 5250 1693 5304 Deo
1721 5251 1897 5305 carius
1938 5259 2060 5305 est:

473 5342 599 5398 ideo
624 5343 750 5398 alibi
787 5342 917 5397 dicit
944 5358 960 5397 :
991 5339 1170 5396 Simon
1195 5381 1211 5406 ,
1242 5341 1453 5408 Simon,
1481 5342 1713 5412 expetivit
1739 5341 1982 5405 Satanas,
2011 5351 2065 5397 ut

474 5435 714 5487 cribraret
740 5443 786 5487 te
811 5443 1066 5503 tamquam
1086 5432 1307 5486 triticum
1329 5471 1345 5498 ,
1374 5433 1463 5487 sed
1486 5450 1577 5503 ego
1603 5433 1777 5504 rogaui
1801 5449 1892 5502 pro
1920 5443 1987 5496 te,
2009 5440 2066 5486 ut

477 5540 578 5579 non
605 5525 807 5594 deﬁciat
833 5524 959 5592 ﬁdes
984 5533 1072 5577 tua
1121 5521 1286 5594 (Luc.
1325 5523 1416 5576 22.
1451 5525 1538 5579 51.
1571 5524 1704 5596 52).
1731 5525 1880 5593 Quod
1909 5519 2067 5594 igitur

1186 296 1242 353 S.
1284 293 1563 351 JGANNIS
1587 288 2060 348 G'dRYSOSTOiil
2103 288 2419 346 ARCHIEP.
2459 289 3007 347 CONSTANTINOP.

3621 289 3736 345 75:2

2137 404 2241 460 Sed
2264 421 2419 473 quam
2444 404 2609 474 poscit
2629 405 2888 474 gratiam?
2908 404 3158 458 Eamdem
3181 419 3380 468 curam,
3398 420 3556 472 quam
3575 406 3729 460 nobis

2139 495 2394 564 impendit
2426 497 2674 564 reposcit.
2707 496 2837 550 Nam
2869 505 2915 549 et
2952 505 3003 549 tu
3023 537 3038 560 ,
3072 496 3279 565 inquit,
3308 495 3581 565 aliquando
3608 513 3729 548 con-

2138 599 2308 638 versus
2331 627 2347 652 ,
2375 586 2622 654 conﬁrma
2657 589 2841 656 fratres
2872 595 3003 640 tuos.
3036 584 3125 640 Sic
3150 595 3204 639 et
3230 585 3425 639 Paulus
3451 586 3523 638 ait
3553 603 3565 636 :
3596 584 3725 638 lmi-

2139 685 2324 730 tatores
2348 677 2444 729 mei
2490 685 2641 730 estote
2669 678 2798 730 sicut
2828 687 2874 729 et
2911 693 3003 746 ego
3030 675 3216 729 Christi
3243 679 3261 742 (
3288 677 3337 729 1.
3367 673 3486 730 Cor.
3515 676 3568 730 4.
3604 673 3724 742 16).

2139 767 2416 834 Quomodo
2452 767 2622 822 factus
2661 783 2722 822 es
2759 766 2954 822 Christi
3003 768 3274 822 imitator?
3311 767 3573 822 Omnibus
3637 783 3730 835 per

2139 860 2315 914 omnia
2334 860 2570 928 placens,
2586 876 2689 914 non
2711 874 2957 929 quaarens
2975 875 3147 913 meam
3168 859 3465 921 utilitatem,
3484 859 3579 913 sed
3599 860 3734 912 utul-

2143 961 2338 1016 torum,
2364 959 2419 1004 ut
2439 951 2570 1005 salvi
2593 951 2801 1005 fierent.
2827 951 3031 1004 Rursus
3056 950 3163 1004 alio
3189 951 3308 1004 loco
3332 950 3465 1004 dicit
3489 968 3502 1001 ε
3529 948 3733 1002 Etenim

2144 1039 2372 1094 Christus
2394 1057 2494 1094 non
2513 1040 2606 1094 sibi
2628 1041 2726 1110 ipsi
2754 1041 2965 1108 placuit,
2988 1041 3074 1094 sed
3100 1043 3268 1095 multis
3295 1041 3480 1112 (Rom.
3512 1041 3596 1094 15.
3620 1043 3688 1110 5)
3717 1059 3729 1093 :

2144 1149 2318 1204 neque
2344 1148 2563 1204 prorsus
2595 1134 2694 1188 alia
2725 1149 2812 1188 res
2843 1142 2944 1199 est,
2975 1150 3093 1204 qua:
3122 1134 3340 1202 perinde
3372 1134 3612 1188 declaret
3634 1134 3738 1187 tiu-

2144 1235 2391 1294 ceatqne,
2423 1226 2542 1295 quis
2569 1226 2638 1279 sit
2663 1224 2832 1280 fidelis
2855 1234 2908 1279 et
2932 1240 3118 1279 amans
3136 1224 3353 1287 Christi,
3378 1240 3537 1293 quam
3561 1226 3607 1279 si
3633 1224 3738 1278 [ra-

2147 1325 2285 1372 trum
2316 1332 2496 1371 curam
2525 1326 2666 1384 agat,
2687 1317 3019 1386 illorumque
3045 1316 3200 1369 saluti
3230 1316 3536 1384 prostiiciat.

2218 1409 2272 1463 5.
2315 1409 2439 1464 Ηωο
2467 1409 2686 1464 audiant
2714 1417 2768 1463 et
2808 1409 3052 1463 monachi
3092 1423 3278 1462 omnes
3301 1450 3316 1475 ,
3345 1407 3434 1478 qui
3473 1406 3748 1461 montium-

2147 1508 2479 1567 occuparunt
2503 1500 2811 1564 cacumina,
2839 1500 3034 1570 quique
3061 1499 3233 1553 modis
3257 1500 3504 1553 onmibus
3530 1499 3744 1568 seipsos

2148 1589 2345 1644 mundo
2387 1589 2796 1656 crucifixerunt;
2849 1606 2954 1661 quo
2990 1605 3088 1659 pro
3126 1590 3329 1645 viribus
3377 1589 3734 1644 Ecclesiantm

2150 1681 2428 1752 pra‘fectos
2455 1681 2709 1750 adjuvent
2726 1725 2741 1750 ,
2775 1693 2830 1738 et
2856 1683 3076 1738 incitent
3100 1683 3348 1751 precibus
3365 1723 3380 1749 ,
3410 1681 3695 1736 concordia
3717 1720 3735 1746 ,

2154 1773 2400 1839 caritate,
2425 1774 2654 1828 scientes
2680 1773 2821 1843 quod
2852 1775 2902 1828 ni
2931 1765 3104 1828 modis
3141 1773 3387 1828 omnibus
3409 1773 3746 1843 opitulentur

2149 1864 2238 1930 iis,
2260 1864 2349 1934 qui
2381 1873 2460 1919 tot
2495 1864 2743 1933 periculis
2770 1863 3091 1932 objiciuntur
3118 1879 3214 1935 per
3241 1864 3460 1933 gratiam
3491 1863 3607 1930 Dei,
3633 1873 3754 1917 toto

2149 1969 2254 2026 que
2291 1956 2621 2025 negotiorum
2651 1969 2808 2010 curas
2835 1955 3137 2019 sustinent,
3169 1956 3590 2024 quibuscumque
3619 1970 3767 2024 posq-

2151 2057 2277 2124 sunt
2318 2047 2610 2102 rationibus
2644 2046 2995 2112 auxilientur,
3025 2062 3344 2118 quamquam
3373 2046 3556 2115 procul
3585 2046 3750 2100 habi-

2155 2150 2348 2206 tantes,
2373 2148 2425 2196 et
2457 2149 2621 2210 caput
2649 2138 2780 2209 ipsis
2819 2139 3032 2209 peribit,
3074 2147 3130 2193 et
3175 2147 3284 2194 tota
3321 2138 3624 2194 destruetur
3655 2153 3755 2191 sa.

2153 2231 2374 2301 pientia.
2418 2229 2619 2286 Verum
2671 2230 2775 2286 hoc
2817 2244 2938 2285 esse
2979 2229 3268 2284 maximum
3319 2229 3564 2283 amicitia:
3611 2242 3764 2298 erga

2152 2323 2423 2380 Christum
2446 2332 2824 2394 argumentum
2849 2323 2975 2378 hinc
2992 2321 3294 2379 declaratur
3316 2340 3330 2376 :
3351 2321 3621 2378 videamus
3644 2336 3755 2374 au-

2145 2417 2264 2480 tem
2321 2423 2589 2494 quomodo
2647 2438 2843 2480 munus
2901 2423 3003 2477 hoc
3063 2421 3296 2490 episcopi
3337 2417 3754 2473 administrarit.

2155 2516 2292 2585 Quin
2315 2517 2489 2586 potius
2509 2531 2615 2582 non
2639 2523 2723 2572 est
2748 2529 2884 2584 opus
2910 2513 2997 2569 hic
3026 2513 3266 2583 pluribus
3294 2511 3471 2566 verbis
3494 2520 3584 2564 aut
3605 2524 3766 2566 voco

2155 2615 2334 2662 nostra
2355 2647 2371 2674 ,
2401 2605 2612 2677 quando
2635 2616 2872 2662 vestrum
2899 2604 3133 2660 studium
3180 2604 3281 2658 hoc
3320 2603 3457 2658 ultro
3482 2601 3757 2657 declarat.

2158 2697 2310 2754 Sicut
2328 2699 2470 2753 enim
2490 2697 2682 2768 aliquis
2711 2698 2983 2768 ingressus
3001 2696 3232 2760 vineam,
3257 2695 3491 2764 vitesque
3510 2703 3766 2748 contem-

2158 2788 2333 2858 platus
2357 2787 2620 2858 pampinis
2634 2797 2928 2852 comantes,
2952 2786 3123 2841 fructu
3143 2794 3384 2852 onustas,
3408 2783 3656 2838 maceriis
3685 2797 3775 2838 ac-

2157 2881 2323 2950 septis
2340 2871 2572 2951 undique
2583 2880 2834 2946 munitas,
2847 2879 3251 2950 haudquaquam
3267 2878 3625 2934 desideratam
3634 2877 3773 2933 tio-

2158 2987 2282 3029 nem
2310 2973 2754 3044 cujusquam,qui
2783 2971 3113 3028 demonstret
3143 2971 3380 3025 vinitoris
3409 2969 3776 3035 industriam,

2159 3073 2216 3122 et
2233 3066 2483 3137 agricola:
2506 3067 2757 3121 virtutem
2791 3084 2806 3121 :
2837 3063 3018 3120 itidem
3041 3073 3096 3119 et
3126 3063 3232 3128 hic,
3263 3063 3310 3117 si
3337 3063 3455 3133 quis
3474 3062 3776 3132 ingressus

2158 3159 2451 3229 conspiciat
2475 3159 2609 3214 vites
2636 3157 2957 3228 spirituales,
2985 3164 3330 3224 vestrumque
3360 3155 3580 3210 tractum
3603 3169 3774 3209 eon-

2162 3255 2473 3324 templetur,
2503 3255 2576 3310 nil
2607 3269 2740 3324 opus
2769 3252 3053 3318 habuerit,
3091 3259 3148 3304 ut
3188 3266 3257 3305 ex
3289 3249 3592 3318 cujusquam
3615 3264 3774 3302 ora-

2163 3346 2306 3402 tione
2339 3345 2529 3410 discat,
2574 3346 2746 3415 qualis
2789 3344 2862 3398 sit
2899 3353 3080 3398 veSter
3117 3341 3454 3412 praepositus.
3497 3338 3647 3393 Sicut
3704 3350 3786 3394 es

2160 3436 2358 3492 Paulus
2381 3435 2566 3492 scribit
2595 3452 2609 3488 :
2647 3433 2878 3504 Epistula
2919 3449 3030 3488 mea
3065 3448 3151 3486 vos
3185 3431 3334 3498 estis,
3365 3446 3477 3499 qua
3501 3430 3786 3498 inscripta

2161 3537 2253 3594 est,
2281 3539 2329 3583 et
2356 3529 2537 3599 legitur
2565 3527 2650 3599 (2.
2677 3528 2795 3582 Cor.
2821 3527 2876 3582 5.
2905 3525 2995 3599 2).
3024 3525 3244 3582 Fluvius
3276 3524 3451 3594 arguit
3481 3521 3651 3591 qualis
3685 3525 3778 3578 sit

2164 3620 2316 3686 fons,
2344 3630 2399 3675 et
2429 3620 2635 3675 fructus
2677 3617 2877 3674 indicat
2921 3617 3094 3688 qualis
3133 3618 3202 3671 sit
3245 3614 3421 3670 radix.
3455 3610 3784 3668 Dicendum

2163 3713 2323 3785 igitur
2342 3721 2458 3768 erat
2483 3721 2538 3766 et
2559 3721 2766 3782 tempus
2793 3725 2901 3781 quo
2927 3710 3278 3781 principatum
3304 3708 3444 3762 hunc
3465 3704 3719 3774 suscepit
3755 3724 3778 3760 :

2163 3821 2340 3876 neque
2380 3806 2522 3861 enim
2561 3804 2676 3858 lure
2713 3802 2932 3858 minima
2981 3817 3105 3872 pars
3147 3799 3373 3857 encomii
3417 3797 3600 3858 fuerit,
3654 3797 3784 3853 sed

2164 3897 2343 3968 magni
2388 3894 2643 3950 momenti
2689 3893 2755 3948 ad
2799 3891 3171 3948 declarandam
3218 3889 3448 3945 hominis
3474 3887 3777 3945 virtutem.

2164 3987 2272 4042 Res
2304 3997 2414 4042 tum
2442 3995 2559 4042 erat
2596 3987 2777 4041 multa;
2806 3983 3130 4038 diflicultatis
3156 3997 3277 4037 cum
3307 3995 3473 4049 nuper
3497 3987 3642 4034 esset
3671 3994 3782 4035 se-

2163 4077 2285 4132 data
2316 4077 2660 4147 persequutio
2681 4115 2697 4140 ,
2729 4074 3065 4131 manentibus
3105 4075 3394 4129 etiamnum
3420 4070 3778 4143 gravissin‘m

2164 4169 2494 4238 tempestatis
2523 4169 2664 4225 illius
2692 4167 2948 4238 reliquiis,
2973 4180 3201 4236 cumque
3237 4166 3443 4236 negotia
3469 4163 3777 4233 plurimam

2163 4261 2530 4317 desiderarent
2552 4261 2963 4318 correctionem.
3007 4259 3102 4314 llis
3141 4260 3358 4328 insuper
3389 4257 3519 4312 illud
3553 4256 3776 4325 adjun-

2163 4352 2394 4423 gendum
2421 4360 2539 4408 erat
2559 4392 2575 4417 ,
2609 4350 2752 4422 quod
2780 4351 3153 4406 haereticorum
3183 4348 3342 4404 factio
3369 4348 3468 4402 sub
3497 4347 3586 4401 illo
3623 4359 3773 4404 nata

2167 4445 2434 4514 negotium
2453 4444 2712 4511 exhibuit,
2728 4444 2870 4499 illius
2889 4443 3145 4512 sapientia
3161 4451 3350 4497 cuncta
3367 4441 3768 4512 prospiciente.

2165 4535 2362 4591 Verum
2389 4535 2457 4591 ad
2482 4535 2639 4590 aliam
2668 4534 3024 4590 necessariam
3051 4535 3323 4588 materiam
3352 4533 3505 4587 nobis
3537 4531 3773 4588 festinat

2165 4628 2358 4695 oratio,
2389 4642 2562 4697 eoque
2587 4625 2858 4682 communi
2885 4625 3045 4695 patri,
3067 4624 3314 4695 beatique
3339 4623 3636 4693 Philogonii
3665 4639 3769 4678 se-

2166 4721 2354 4776 ctatori
2378 4719 2494 4774 haec
2514 4718 2738 4774 dicenda
2766 4718 3148 4788 relinquentes,
3180 4724 3238 4770 ut
3265 4715 3356 4785 qui
3383 4714 3576 4769 melius
3597 4716 3770 4770 nobis

2165 4821 2346 4868 teneat
2380 4810 2636 4881 quidquid
2673 4817 2757 4865 est
2795 4809 3166 4878 antiquitatum
3190 4847 3205 4873 ,
3231 4806 3300 4861 ad
3335 4807 3492 4860 aliam
3532 4806 3765 4860 concio-

2168 4903 2331 4958 nandi
2374 4903 2632 4958 rationem
2678 4911 3034 4958 transeamus.
3091 4899 3308 4970 Appetit
3349 4897 3495 4953 enim
3553 4896 3763 4952 festum

2166 4993 2404 5050 omnium
2434 4991 2689 5047 feStorum
2733 4991 2964 5046 maxime
2991 4989 3351 5044 venerandum
3381 4986 3758 5043 tremendum-

2166 5100 2270 5156 que
2303 5104 2318 5140 :
2344 5084 2486 5156 quod
2517 5085 2562 5138 si
2591 5084 2710 5154 quis
2735 5082 2966 5154 appellet
2992 5081 3230 5137 omnium
3261 5080 3519 5136 festorum
3555 5089 3765 5134 metro-

2167 5179 2330 5248 polim
2351 5217 2367 5242 ,
2397 5175 2801 5246 haudquaquam
2831 5175 3062 5230 aberret.
3091 5172 3246 5240 Quod
3287 5179 3470 5228 autem
3500 5170 3606 5226 hoc
3629 5169 3766 5226 est?

2165 5268 2365 5324 Christi
2395 5268 2446 5322 in
2471 5281 2633 5322 carne
2656 5266 2874 5320 Natalis.
2927 5322 2930 5324 γ

2237 5361 2318 5416 De
2345 5364 2474 5431 festo
2505 5358 2560 5414 Ν
2563 5359 2799 5414 ativitatis
2824 5367 2870 5412 et
2898 5355 3202 5429 Epiphania:
3225 5356 3429 5410 Christi.
3451 5355 3630 5410 --Ab
3653 5355 3769 5411 hoc

2168 5453 2309 5507 enim
2329 5450 2520 5506 festum
2541 5449 2982 5520 Epiphaniornm,
3001 5463 3066 5503 ae
3085 5463 3297 5503 sacrum
3318 5446 3545 5513 Pascha,
3565 5448 3768 5502 Ascen-

2168 5544 2270 5609 sio,
2303 5551 2358 5598 et
2385 5543 2702 5597 Pentecoste
2727 5541 2984 5611 originem
3014 5555 3078 5595 ac
3105 5539 3504 5595 fundamentum
3532 5539 3766 5594 ducunt.

483 5614 643 5684 hujus
660 5615 1035 5670 sollicitudinis
1059 5631 1306 5685 curasque
1327 5618 1602 5685 praemium
1630 5618 1759 5674 mihi
1780 5617 2069 5689 rependis?
2169 5633 2282 5688 Nisi
2303 5633 2446 5688 enim
2473 5631 2764 5688 secundum
2790 5647 3008 5686 cal-nem
3032 5639 3189 5685 nam;
3207 5638 3351 5685 esse;
3369 5628 3642 5696 ειη-ἰδίης,
3661 5643 3770 5682 ηε.

552 5727 571 5760 ⁸
607 5729 658 5776 In
684 5723 931 5790 plerisque
946 5735 1053 5778 Mss.
1075 5728 1240 5792 deest,
1252 5727 1570 5791 judiciorum.

2173 5739 2437 5796 quaquam
2469 5722 2762 5795 baptizatus
2789 5730 2890 5792 est,
2925 5737 3045 5777 nam
3085 5720 3136 5778 id
3166 5717 3360 5778 festum
3383 5719 3774 5795 Theophanis»
