3980 6184
564 261 671 319 755

565 380 638 434 ἂν
656 379 719 434 τὸ
743 379 962 450 Πνεῦμα
989 379 1356 450 κατέπεμψεν,
1379 383 1516 454 ὅπερ
1538 384 1686 438 ἐστὶν
1707 387 1740 457 ἡ
1765 386 2134 456 Πεντηκοστή.

561 461 729 517 Ὥστε
777 461 1042 528 ἐντεῦθεν,
1085 463 1273 536 ῶσπερ
1319 466 1426 519 ἀπό
1465 485 1610 531 τινος
1655 469 1861 540 πηγῆς,
1908 469 2143 538 ποταμοὶ

562 547 804 617 διάφοροι
823 547 1062 615 ῥυέντες,
1083 540 1244 600 αὗται
1279 549 1576 620 ἐτέχθησαν
1611 554 1742 622 ἡμῖν
1765 555 1820 604 αἱ
1842 551 2046 622 ἑορταί.
2069 553 2144 604 Ού

564 628 704 683 κατά
728 630 885 682 τοῦτο
927 629 983 682 δὲ
1013 631 1172 700 μόνον
1195 631 1378 686 δικαία
1401 634 1606 705 ταύτης
1636 637 1702 688 ἂν
1743 636 1826 706 εἴη
1866 636 1965 706 τῆς
2010 652 2146 705 προ-

559 711 748 782 εδρίας
765 724 792 751 ι
806 711 1097 764 ἀπολαύειν
1119 715 1152 783 ή
1175 713 1378 784 ἡμέρα,
1393 715 1507 769 ἀλλ’
1523 719 1603 770 ὅτι
1623 719 1720 770 καὶ
1739 717 1800 771 τὸ
1820 720 1875 771 ἐν
1895 719 2031 789 αὐτῇ
2052 735 2146 786 γε·

562 794 788 865 νόμενον
802 794 909 847 τῶν
928 795 1100 849 ἄλλων
1125 795 1381 852 ἀπάντων
1405 800 1538 852 πολὺ
1558 801 1990 873 φρικωδέστερον
2006 805 2140 856 ἐστι.

563 877 608 928 Τ
609 877 638 929 ὸ
665 877 764 948 μὲν
791 876 899 949 γὰρ
923 877 1212 949 ἄνθρωπον
1241 881 1532 951 γενόμενον
1561 883 1652 936 τὸν
1681 885 1916 955 Χριστὸν
1936 885 2146 938 ἀποθα-

563 962 696 1026 νεῖν,
718 961 816 1030 τῆς
841 961 1161 1026 ἀκολουθίας
1196 963 1381 1016 λοιπὸν
1403 960 1472 1036 ἦν
1488 981 1502 995 ·
1521 1001 1524 1010 ι
1541 967 1591 1018 εί
1615 967 1723 1038 γὰρ
1747 968 1842 1020 καὶ
1872 969 2146 1040 ἁμαρτίαν

561 1045 662 1098 οὐκ
684 1045 958 1116 ἐποίησεν,
980 1045 1115 1100 ἀλλά
1139 1046 1332 1118 θνητὸν
1361 1049 1522 1120 σῶμα
1550 1050 1782 1104 ἀνέλαϐε
1803 1068 1816 1082 ·
1843 1053 1936 1104 καὶ
1956 1047 2023 1123 ἦν
2049 1052 2148 1122 μὲν

562 1127 842 1183 καὶτοῦτο
869 1128 1180 1200 θαυμαστόν
1198 1148 1212 1161 ’
1246 1129 1307 1183 τὸ
1335 1131 1392 1184 δὲ
1423 1133 1558 1186 θεὸν
1581 1133 1729 1198 ὄντα,
1755 1135 2040 1207 ἄνθρωπον
2059 1135 2148 1188 θε-

561 1210 726 1280 λῆσαι
757 1211 1010 1278 γενέσθαι
1037 1213 1132 1264 καὶ
1161 1213 1494 1283 ἀνασχέσθαι
1530 1215 1836 1287 καταϐῆναι
1866 1216 2144 1284 τοσοῦτον,

561 1293 687 1346 ὅσον
709 1293 828 1346 οὐδὲ
846 1294 1055 1348 διάνοια
1070 1293 1324 1361 δέξασθαι
1347 1297 1591 1362 δύναται,
1615 1299 1775 1353 τοῦτό
1801 1302 1917 1353 ἐστι
1939 1299 2003 1353 τὸ
2024 1317 2147 1370 φριο

563 1375 902 1432 κωδέστατον
936 1378 1031 1431 καὶ
1060 1378 1373 1450 ἐκπλήξεως
1400 1381 1589 1452 γέμον.
1629 1384 1693 1436 ’0
1725 1381 1789 1452 δὴ
1820 1385 1913 1436 καὶ
1936 1383 2148 1448 Παῦλος

562 1459 859 1530 θαυμάζων
883 1460 1066 1530 ἔλεγεν
1081 1479 1093 1491 ⁸
1115 1461 1222 1517 Καὶ
1241 1465 1732 1533 ὁμολογουμένως
1751 1465 1905 1534 μέγα
1925 1468 2055 1521 ἐστὶ
2077 1467 2147 1521 τὸ

562 1541 678 1611 τῆς
705 1545 1019 1608 εὐσεϐείας
1042 1544 1402 1612 μυστήριον.
1434 1548 1591 1600 Ποῖον
1617 1548 1790 1617 μέγα;
1821 1551 1966 1616 Θεὸς
1998 1550 2148 1619 ἐφαο

562 1625 788 1694 γερώᾶῃ
816 1627 886 1679 ἐν
921 1627 1121 1694 σαρκί.
1153 1629 1262 1680 Καὶ
1290 1628 1451 1681 πάλιν
1481 1629 1716 1700 ἀλλαχοῦ
1738 1649 1752 1662 ·
1787 1633 1870 1685 Οὐ
1903 1633 2009 1702 γὰρ
2045 1635 2149 1703 ἀγ-

563 1708 757 1777 γέλων
795 1707 1256 1777 ἐπιλαμϐάνεται
1307 1713 1340 1764 ὀ
1385 1710 1549 1778 Θεὸς,
1601 1712 1761 1766 ἀλλὰ
1803 1713 2148 1783 σπέρματος

576 1789 827 1859 Ἀϐραὰμ
849 1790 1312 1861 ἐπιλαμϐάνεται
1332 1807 1351 1826 ⁸
1379 1793 1517 1847 ὅθεν
1544 1794 1761 1863 ὤφειλε
1789 1797 1937 1851 κατὰ
1953 1798 2149 1852 πάντα

565 1872 690 1939 τοῖς
730 1873 1014 1942 ἀδελφοῖς
1039 1874 1416 1943 ὁμοιωθῆναι.
1453 1878 1552 1930 Διά
1581 1877 1739 1931 τοῦτο
1773 1879 2012 1949 μάλιστα
2043 1881 2145 1935 ἀσ-

565 1957 810 2027 πάζομαι
834 1957 934 2027 τὴν
959 1957 1172 2029 ἡμέραν
1196 1957 1401 2028 ταύτην
1428 1960 1523 2012 καὶ
1549 1960 1707 2029 φιλῶ,
1735 1963 1830 2015 καὶ
1859 1964 1951 2016 τὸν
1967 1963 2144 2035 ἔρωτα

565 2041 646 2102 είς
675 2039 840 2109 μέσον
868 2039 1188 2110 προτίθημι,
1220 2040 1306 2095 ἵνα
1337 2044 1626 2106 κοινωνοὺς
1655 2045 1800 2114 ὑμᾶς
1823 2046 2032 2117 ποιήσω
2053 2046 2144 2101 τοῦ

565 2122 823 2193 φίλτρου·
853 2122 940 2176 δια
969 2121 1128 2175 τοῦτο
1171 2122 1363 2194 δέομαι
1409 2125 1630 2179 πάντων
1681 2127 1834 2198 ὑμῶν
1875 2130 1971 2182 καὶ
1999 2130 2150 2184 ἀντι-

565 2205 707 2260 ϐολῶ
755 2205 892 2277 μετὰ
921 2205 1100 2276 πάσης
1135 2207 1372 2280 σπουδῆς
1412 2208 1508 2260 καὶ
1546 2209 1856 2281 προθυμίας
1899 2229 2148 2284 παράγε..

565 2287 781 2348 νέσθαι.
813 2289 912 2358 τὴν
941 2287 1122 2341 οίκίαν
1157 2289 1386 2343 ἕκαστον
1419 2291 1732 2346 κενώσαντα
1780 2295 1880 2364 τὴν
1925 2296 2147 2360 ἑαυτοῦ,

566 2371 656 2426 ῖνα
691 2372 890 2442 ἴδωμεν
925 2371 1016 2425 τὸν
1047 2372 1322 2443 Δεσπότην
1350 2373 1510 2444 ήμῶν
1539 2376 1632 2428 ἐπὶ
1661 2377 1759 2447 τῆς
1793 2377 1999 2450 φάτνης
2035 2379 2150 2432 κεί-

569 2471 752 2526 μενον,
788 2454 1302 2526 ἐσπαργανωμένον,
1337 2457 1401 2509 τὸ
1443 2458 1671 2528 φρικτὸν
1702 2461 1880 2514 ἐκεῖνο
1915 2463 2008 2514 καὶ
2041 2480 2149 2516 πα-

567 2535 787 2608 ράδοξον
810 2536 906 2590 θέα
994 2579 1006 2590 .
1029 2537 1166 2590 Ποία
1185 2537 1294 2608 γάρ
1317 2539 1448 2610 ἡμῖν
1466 2539 1620 2613 [498]
1644 2543 1931 2612 ἀπολογία,
1951 2545 2079 2598 ποία
2091 2546 2150 2599 δὲ

567 2617 888 2671 συγγνώμη.
913 2555 1051 2671 Si“
1081 2619 1245 2671 αὐτὸς
1275 2620 1374 2671 μὲν
1404 2622 1468 2671 ἐκ
1491 2623 1600 2671 τῶν
1633 2626 1880 2671 οὐρανῶν
1903 2626 1968 2671 δι’
2003 2629 2150 2671 ima:

567 2617 888 2689 συγγνώμη,
922 2617 1051 2672 ὃταν
1081 2619 1245 2683 αὐτὸς
1274 2620 1374 2691 μὲν
1404 2622 1468 2676 ἐκ
1491 2623 1600 2676 τῶν
1633 2626 1880 2694 οὐρανῶν
1903 2626 1968 2680 δι’
2003 2629 2152 2698 ἡμᾶς

565 2700 891 2773 καταϐαίνῃ,
931 2702 1091 2771 ἡμεῖς
1123 2702 1181 2755 δὲ
1211 2703 1348 2773 μηδέ
1385 2706 1451 2757 ἐκ
1484 2706 1582 2776 τῆς
1611 2707 1789 2772 οίκίας
1821 2709 1959 2780 πρὸς
1988 2711 2151 2765 αὐτὸν

566 2782 888 2855 ἐρχώμεθα;
922 2784 1049 2837 ὅταν
1086 2785 1251 2854 μάγοι
1285 2786 1405 2856 μὲν,
1441 2787 1718 2860 ἄνθρωποι
1755 2791 2022 2863 βάρϐαροι
2056 2794 2152 2847 καὶ

566 2866 878 2936 ἀλλόφυλοι,
923 2868 987 2919 ἐκ
1027 2869 1287 2938 Περσίδος
1331 2871 1620 2941 τρέχωσιν,
1657 2873 1800 2926 ὥστε
1831 2875 1993 2929 αὑτὸν
2025 2877 2151 2930 ἰδεῖν

565 2948 660 3002 ἐπὶ
687 2950 787 3018 τῆς
833 2949 1040 3020 φάτνης
1081 2950 1367 3021 κείμενον·
1403 2955 1467 3006 σὺ
1499 2955 1556 3007 δὲ
1582 2958 1611 3008 ό
1649 2959 1974 3028 Χριστιανὸς
2015 2961 2151 3031 μηδέ

567 3032 766 3104 μικρὸν
789 3031 1068 3104 διάστημα
1097 3035 1376 3107 ύπομένῃς
1394 3079 1407 3101 ,
1433 3036 1576 3091 ὥστε
1595 3040 1695 3112 τῆς
1720 3042 1998 3113 μακαρίας
2021 3046 2152 3100 ταύ-

564 3132 667 3188 της
694 3115 998 3171 ἀπολαῦσαι
1032 3118 1298 3196 θεωρίαςς
1332 3121 1441 3174 Καὶ
1478 3122 1609 3194 γάρ,
1646 3123 1713 3177 ἂν
1745 3124 1884 3196 μετά
1914 3126 2152 3193 πίστεως

565 3198 1026 3270 παραγενώμεθα.
1055 3201 1276 3265 πάντως
1298 3203 1459 3258 αύτδν
1486 3204 1730 3276 ὀψόμεθα
1763 3208 1855 3260 ἐπὶ
1894 3207 1997 3278 τῆς
2039 3210 2148 3278 φά-

565 3297 698 3365 τνης
718 3283 1042 3354 κείμενονοή
1072 3283 1181 3358 γὰρ
1207 3285 1454 3357 τράπεζα
1483 3287 1622 3360 αὕτη
1648 3288 1802 3357 τάξιν
1823 3291 1924 3362 τῆς
1944 3293 2152 3365 φάτνης

563 3363 787 3436 πληροῖ.

635 3509 748 3564 Καὶ
786 3509 898 3581 γὰρ
926 3510 1023 3564 καὶ
1050 3509 1286 3565 ἐνταῦθα
1315 3513 1558 3570 κείσεται
1589 3517 1652 3570 τὸ
1681 3518 1840 3589 σῶμα
1864 3520 1928 3574 τὺ
1955 3523 2150 3578 δεσπο-

561 3593 736 3678 τικὸν,
781 3594 903 3664 ούχὶ
951 3594 1468 3667 ἐσπαργανωμένον,
1519 3601 1780 3678 καθάπερ
1819 3604 1964 3670 τότε,
2011 3607 2147 3664 ἀλλά

565 3675 843 3748 Πνεύματι
873 3678 1209 3748 πανταχόθεν
1238 3680 1376 3752 ἁγίῳ
1403 3675 1908 3756 περιστελλόμενον.
1939 3691 2148 3747 Ἵσασιν

564 3761 618 3814 oi
647 3761 992 3846 μεμυημένοι
1021 3761 1091 3815 τὰ
1115 3762 1404 3832 λεγόμενα.
1437 3767 1501 3818 Οί
1534 3768 1632 3837 μὲν
1657 3764 1750 3821 οῦν
1783 3771 1947 3840 μάγοι
1971 3791 2147 3846 προσ-

562 3842 836 3929 εκύνησαν
877 3844 1162 3929 μόνονοσὺ
1193 3845 1273 3912 δὲ,
1300 3846 1366 3900 ἂν
1397 3849 1534 3918 μετὰ
1564 3851 1810 3924 καθαροῦ
1837 3842 2149 3929 προσέλθῃς

566 3925 868 4009 συνειδότος
893 3966 908 3989 ,
945 3928 1040 3981 καὶ
1083 3928 1270 3982 λαϐεῖν
1309 3947 1391 3983 σοι
1423 3931 1556 3984 αὐτὸ
1591 3925 2022 4009 συγχωρήσομεν
2053 3925 2148 3994 κᾶι

565 4008 820 4063 ἀπελθεῖν
853 4010 1058 4096 οἴκαδε.
1091 4011 1317 4096 Πρόσιθι
1350 4014 1530 4068 τοίνυν
1558 4018 1654 4070 καὶ
1686 4021 1751 4072 σὺ
1782 4008 1931 4091 δῶρα
1973 4039 2149 4096 προσ-

561 4093 733 4163 άγων,
773 4093 848 4164 μὴ
881 4093 1109 4147 τοιαῦτα
1150 4088 1239 4148 οἷα
1275 4097 1510 4164 ἐκεῖνοι,
1560 4100 1698 4156 ἀλλά
1743 4088 1924 4175 πολλῷ
1957 4088 2146 4177 σεμνό-

561 4195 716 4249 τερα.
760 4177 1154 4248 Προσήνεγκαν
1199 4179 1396 4232 ἐκεῖνοι
1431 4183 1665 4252 χρυσόνο
1699 4187 2034 4258 προσένεγκε
2077 4193 2142 4246 σὺ

564 4259 924 4332 σωφροσύνην
949 4261 1046 4314 καὶ⁸
1077 4261 1281 4334 ἀρετήν
1305 4280 1320 4294 ο
1353 4266 1736 4335 προσήνεγκαν
1765 4270 1961 4324 ἐκεῖνοι
1991 4271 2146 4326 λιϐα-

561 4344 759 4427 νωτόν·
792 4344 1126 4415 προσένεγκε
1151 4346 1215 4398 σὺ
1237 4345 1402 4417 εύχάς
1433 4349 1702 4421 καθαρὰς,
1733 4351 1803 4405 τά
1823 4353 2142 4427 Θυμιάματα

560 4425 634 4479 τὰ
647 4427 1010 4496 πνευματικά·
1038 4430 1418 4500 προσήνεγκαν
1439 4433 1637 4486 ἐκεῖνοι
1662 4434 1938 4506 σμύρνανο
1968 4425 2142 4509 προσ-

565 4509 758 4576 ένεγκε
833 4510 897 4561 σὺ
957 4512 1465 4585 ταπεινοφροσύνην
1521 4517 1616 4571 καὶ
1669 4524 2144 4595 τεταπεινωμένην

564 4589 794 4677 καρδίαν
822 4591 916 4677 καὶ
950 4590 1344 4677 ἐλεημοσύνην.
1378 4599 1473 4650 Ἂν
1507 4599 1643 4669 μετά
1675 4601 1881 4656 τούτων
1915 4589 2146 4677 προσέλ-

567 4670 803 4759 θῃς-τῶν
829 4671 1037 4759 δώρων,
1075 4676 1212 4745 μετά
1257 4679 1441 4743 ἀδείας
1479 4682 1761 4756 ἀπολαύσῃ
1799 4670 1999 4758 πολλῆς
2041 4689 2145 4759 τῆς

567 4756 721 4827 ἱερᾶς
751 4755 953 4828 ταύτης
974 4759 1277 4830 τραπέζης.
1311 4763 1421 4815 Καὶ
1444 4763 1553 4834 γὰρ
1575 4765 1687 4833 ἐγὼ
1712 4766 1800 4820 διὰ
1830 4755 1990 4823 τοῦτο
2017 4755 2144 4824 τού-

565 4855 690 4903 τους
719 4837 852 4892 κινῶ
881 4839 1006 4903 τοὺς
1047 4840 1238 4910 λόγους
1279 4843 1395 4909 νῦν,
1423 4845 1610 4918 ἐπειδὴ
1644 4847 1761 4901 οἴδα
1805 4852 1886 4904 ὅτι
1928 4854 2143 4921 πάντως

565 4921 752 4978 πολλοὶ
776 4922 897 4976 κατ’
927 4923 1146 4996 ἐκείνην
1171 4927 1625 4995 προσελεύσονται
1649 4931 1749 5002 τὴν
1778 4934 2012 5005 ἡμέραν,
2047 4938 2142 4991 καὶ

565 5005 955 5060 ἐπιπεσοῦνται
985 5009 1050 5080 τῇ
1087 5013 1434 5082 πνευματικῇ
1475 5011 1646 5084 ταύτῃ
1677 5013 1858 5087 θυσίᾳ.
1896 5017 2017 5072 Ἵνα
2047 5015 2143 5076 οὖν

567 5087 702 5172 μηδὲ
727 5087 821 5172 ἐπὶ
843 5089 1022 5160 κακῷ,
1067 5090 1201 5162 μηδὲ
1230 5093 1323 5146 ἐπὶ
1356 5093 1584 5165 κρίματι
1611 5095 1711 5166 τῆς
1739 5098 2016 5170 ἡμετέρας
2041 5102 2143 5172 ψυ-

564 5171 854 5260 χῆς-τοῦτο
879 5173 1145 5260 ποιῶμεν,
1174 5175 1308 5229 ἀλλά
1333 5177 1427 5229 ἐπὶ
1462 5180 1727 5251 σωτηρίᾳ,
1761 5182 2010 5238 ἐντεῦθεν
2036 5171 2138 5260 ήδη

563 5255 1115 5338 προδιαμαρτύρομαι
1144 5260 1240 5312 καὶ
1267 5261 1591 5332 παρακαλῶ,
1629 5264 1793 5318 παντ)⁴
1815 5266 2003 5338 τρόπῳ
2035 5255 2138 5322 καοῖ

565 5335 836 5408 θάραντας
864 5341 1090 5405 ἑαυτοὺς
1118 5342 1262 5396 οὕτω
1288 5344 1572 5415 προσιέναι
1592 5350 1704 5412 τοῖς
1733 5335 1899 5422 ἱεροῖς
1931 5335 2140 5422 μυστη-

565 5423 718 5491 ρίοις.

631 5538 697 5594 δ’.
721 5539 832 5595 Καὶ
850 5542 924 5613 μή
953 5561 1042 5613 μοι
1068 5543 1273 5614 λεγέτω
1291 5563 1395 5612 τις,
1423 5548 1683 5622 αἰσχύνης
1699 5550 1871 5624 γέμω,
1893 5552 2140 5626 ἁμαρτη-

637 5690 656 5710 ⁸
679 5696 779 5752 Alii
799 5700 1093 5763 προσεδρίας,
1117 5673 1478 5773 αιὶἰκπροεδρίας.

1264 266 1321 320 S.
1359 265 1645 323 JOANNIS
1683 266 2172 329 CHRYSOSTOMI
2211 265 2529 324 ARCIIIEP.
2570 267 3122 328 CONSTANTINOP.
3659 285 3737 345 755

2254 381 2440 452 μάτων
2467 382 2576 452 ἔχω
2599 383 2660 436 τὸ
2690 384 2932 448 συνειδὸς
2961 385 3403 457 πεπληρωμένον,
3429 393 3618 462 φορτίον
3653 400 3747 456 ἐπι.

2249 463 2498 552 φέρομαι
2521 466 2852 552 βαρύτατον·
2897 468 3054 552 ἱκανὴ
3095 469 3202 541 γὰρ
3239 469 3344 524 τῶν
3386 473 3529 527 πέντε
3568 478 3748 552 ἡμερῶν

2249 548 2450 602 τούτων
2477 551 2510 619 ή
2534 550 2862 620 προθεσμία,
2889 550 2984 603 ἐάν
3009 554 3184 624 νήφῃς
3210 553 3302 604 καὶ
3337 557 3585 630 προσεύχῃ
3617 563 3640 602 δ
3662 548 3750 620 ’καὶ

2249 634 2554 703 ἀγρυπνῇς,
2577 633 2639 685 τὸ
2663 633 2796 687 πολὺ
2827 634 2934 688 τῶν
2962 635 3372 706 ἁμαρτημάτων
3394 639 3750 711 ὑποτέμνεσθαι.

2249 716 2342 786 Μὴ
2372 716 2480 786 γάρ
2518 716 2601 768 ὅτι
2636 714 2842 788 βραχὺς
2873 719 2902 770 ό
2933 717 3123 788 χρόνος
3155 718 3287 793 ίδῃς,
3322 721 3430 775 ἀλλ’
3466 725 3621 778 ἐκεῖνο
3652 732 3749 784 σκί-

2250 816 2445 869 πησον,
2471 799 2552 852 ὅτι
2582 799 2966 872 φιλάνθρωπος
2992 805 3020 856 ὁ
3050 803 3357 873 Δεσπότης’
3390 807 3560 880 ἐπειδὴ
3586 813 3663 864 καὶ
3683 815 3757 867 Νι.

2249 882 2456 938 νευῖται
2483 885 2541 937 ἐν
2571 885 2750 955 τρισὶν
2777 886 3014 956 ήμέραις
3048 888 3314 960 τοσαύτην
3343 889 3501 961 ὀργὴν
3527 895 3754 967 ἀπεκρού-

2252 985 2432 1032 σαντο,
2474 969 2568 1022 καὶ
2591 969 2745 1024 οὐδὲν
2782 970 3093 1024 ἐνεπόδισεν
3127 975 3160 1043 ἠ
3197 972 3292 1027 τοῦ
3331 976 3514 1046 καιροῦ
3543 995 3758 1051 στενοχω-

2251 1051 2362 1122 ρία,
2393 1053 2508 1106 ἀλλ’
2540 1052 2760 1122 ἴσχυσεν
2789 1056 2822 1124 ή
2856 1054 2957 1126 τῆς
2993 1055 3172 1126 ψυχῆς
3202 1056 3472 1128 προθυμία
3496 1062 3586 1131 τῆς
3609 1065 3760 1131 φιλαν.

2249 1133 2497 1209 θρωπίας
2535 1135 2906 1208 ἐπιλαϐομένη
2932 1136 3028 1190 τοῦ
3061 1139 3332 1193 Δεσπότου
3363 1141 3420 1194 τὸ
3450 1147 3548 1196 πᾶν
3570 1147 3762 1216 ἐργάσα-

2249 1218 2395 1274 σθαι.
2418 1221 2526 1272 Καὶ
2557 1221 2591 1291 ἡ
2623 1221 2796 1291 πόρνη
2815 1221 2873 1274 δὲ
2913 1223 2971 1274 ἐν
3002 1221 3229 1294 βραχείᾳ
3261 1225 3451 1296 καιροῦ
3484 1230 3607 1298 ῥοπῇ
3629 1247 3763 1301 προσ.

2248 1302 2480 1356 ελθοῦσα
2501 1303 2578 1374 τῷ
2606 1303 2848 1374 Χριστῷ,
2877 1305 2947 1357 τὰ
2973 1305 3152 1376 ὀνείδη
3175 1308 3356 1361 πάντα
3383 1309 3672 1378 ἀπενίψατο.
3689 1316 3761 1370 καὶ

2246 1385 2355 1438 τῶν
2387 1386 2658 1440 Ἰουδαίων
2683 1387 3076 1455 ἐγκαλούντων,
3109 1391 3192 1443 ὅτι
3217 1392 3526 1461 προσήκατο
3556 1395 3639 1446 καὶ
3664 1412 3763 1463 μετ-

2245 1467 2445 1522 έδωκεν
2485 1471 2622 1540 αὐτῇ
2664 1470 2980 1542 παρρησίας
3012 1472 3284 1541 τοσαύτης
3335 1474 3367 1526 ό
3400 1475 3645 1545 Χριστὸς,
3668 1481 3763 1542 τοὺς

2250 1552 2349 1622 μὲν
2377 1553 2758 1623 ἐπεστόμισεν,
2790 1555 3006 1625 ἐκείνην
3032 1555 3089 1608 δὲ
3121 1556 3344 1610 πάντων
3375 1557 3660 1624 ἀπαλλάξας
3682 1563 3765 1615 τῶν

2247 1634 2456 1701 κακῶν,
2489 1637 2585 1689 καὶ
2631 1637 2727 1708 τῆς
2781 1638 3018 1708 σπουδῆς
3045 1639 3444 1711 ἀποδεξάμενος
3465 1683 3479 1706 ,
3511 1642 3660 1706 οὕτως
3685 1648 3766 1697 ἀπ-

2250 1716 2489 1790 έπεμψε.
2525 1719 2591 1772 Τί
2618 1719 2846 1790 δήποτες
2890 1721 3013 1775 Ὀτι
3052 1723 3189 1792 μετά
3221 1721 3432 1795 θερμῆς
3455 1725 3664 1790 διανοίας
3695 1730 3768 1782 καὶ

2248 1802 2651 1875 πεπυρωμένης
2683 1803 2861 1876 ψυχῆς
2889 1806 2984 1859 καὶ
3010 1805 3238 1878 ζεούσης
3266 1809 3533 1879 προσῆλθε
3560 1811 3765 1876 πίστεως,

2247 1886 2343 1941 καὶ
2366 1887 2476 1940 τῶν
2504 1887 2676 1956 ἁγίων
2704 1890 2796 1941 καὶ
2829 1889 2989 1961 ἱερῶν
3016 1889 3242 1946 ἐκείνων
3270 1892 3450 1962 ἥψατο
3475 1893 3651 1956 ποδῶν,
3673 1896 3768 1957 τοὺς

2248 1967 2579 2041 βοστρύχους
2610 1970 2844 2036 λύσασα,
2889 1973 3074 2043 πηγὰς
3103 1972 3360 2045 δακρύων
3399 1976 3462 2029 ἐκ
3492 1976 3590 2031 τῶν
3613 1976 3771 2046 60011-

2251 2051 2371 2125 μῶν
2403 2054 2626 2124 ἀφεῖσα,
2659 2055 2722 2108 τὸ
2748 2053 2921 2126 μύρον
2949 2055 3257 2114 κενώσασα.

2319 2247 2396 2302 Δι’
2423 2241 2498 2302 ὧν
2523 2248 2632 2328 γάρ
2660 2249 2950 2320 ἐγοήτευσε
2973 2249 3100 2314 τοὺς
3126 2250 3472 2324 ἀνθρώπους,
3499 2248 3582 2328 διὰ
3610 2249 3772 2303 τούτων

2243 2331 2314 2386 τά
2331 2327 2597 2404 φάρμακα
2614 2333 2713 2404 τῆς
2732 2334 3015 2404 μετανοίας
3026 2333 3421 2388 κατεσκεύασε
3439 2335 3502 2388 δι’
3516 2327 3584 2390 ὧν
3593 2335 3774 2389 ἀνεπτέ-

2250 2433 2390 2486 ρωσε
2414 2417 2513 2480 τάς
2541 2416 2651 2470 τῶν
2676 2416 2990 2471 ἀκολάστων
3013 2417 3185 2486 ὄψεις,
3211 2417 3298 2471 διὰ
3319 2417 3522 2472 τούτων
3536 2419 3772 2488 ἐδάκρυσε

2245 2499 2333 2554 διὰ
2353 2501 2462 2554 τῶν
2479 2500 2629 2573 [499]
2653 2500 2968 2572 πλοκάμων,
2987 2501 3056 2554 δι’
3079 2495 3154 2556 ὧν
3175 2501 3532 2556 ύπεσκέλισεν
3550 2503 3621 2565 είς
3635 2502 3774 2571 ἀμαρ-

2247 2584 2366 2638 τίαν
2408 2583 2655 2647 πολλοὺς,
2685 2582 2774 2636 διὰ
2797 2584 3005 2638 τούτων
3044 2586 3174 2649 τοὺς
3224 2585 3402 2648 πόδας
3448 2584 3673 2655 ἀπέμαξε
3702 2583 3776 2635 τοῦ

2247 2667 2486 2739 Χριστοῦ
2507 2685 2520 2698 '
2547 2667 2636 2720 διά
2658 2667 2752 2720 τοῦ
2787 2666 2979 2739 μύρου,
3001 2667 3069 2720 δι’
3102 2664 3164 2723 οὗ
3194 2667 3434 2732 πολλοὺς
3454 2668 3693 2728 ἐδελέασε,
3710 2665 3776 2717 διὰ

2247 2750 2437 2804 τούτου
2453 2752 2579 2815 τοὺς
2603 2751 2768 2816 πόδας
2790 2750 3000 2804 ἐκείνου
3017 2751 3227 2822 ἤλειφε.
3253 2753 3374 2805 Καὶ
3397 2753 3459 2806 σὺ
3479 2751 3638 2805 τοίνυν
3654 2751 3707 2804 δι’
3721 2743 3779 2803 ὧν

2247 2833 2574 2906 παρώξυνας
2603 2834 2694 2888 τὸν
2726 2833 2879 2898 Θεὸν,
2911 2834 3000 2888 διὰ
3035 2833 3242 2888 τούτων
3271 2833 3442 2887 ἵλεων
3476 2835 3676 2905 ποίησον
3699 2834 3779 2886 πάι

2247 2917 2350 2972 λιν.
2383 2917 2715 2988 Παρώξυνας
2749 2918 2913 2971 αὐτὸν
2945 2917 3035 2971 διά
3073 2916 3384 2988 χρημάτων
3415 2917 3682 2990 ἁρπαγῆς;
3713 2916 3779 2968 διὰ

2247 3001 2453 3054 τούτων
2484 3002 2645 3055 αὐτὸν
2666 3002 3020 3068 κατάλλαξον,
3043 3003 3136 3058 καὶ
3153 3002 3223 3054 τά
3251 3002 3571 3074 ἁρπαγέντα
3594 3001 3782 3062 ἀποδοὺς

2247 3089 2359 3149 τοῖς
2385 3085 2736 3156 ἠδικημένοις
2755 3127 2768 3148 ,
2796 3086 2890 3139 καὶ
2927 3084 3090 3157 ἔτερα
3131 3085 3354 3152 τούτοις
3401 3084 3778 3158 προσεπιδοὺςει

2249 3171 2370 3224 είπὲ
2403 3169 2544 3224 κατά
2584 3169 2675 3222 τὸν
2718 3170 3020 3238 Ζακχαῖονο
3063 3168 3374 3240 ἀποδίδωμι
3403 3167 3783 3241 τετραπλασίονα

2245 3249 2322 3310 ῶν
2347 3257 2575 3327 ἥρπασα
2603 3253 2841 3306 πάντων.
2870 3250 3200 3319 Παρώξυνας
3214 3253 3310 3306 διὰ
3337 3253 3576 3322 γλώττης
3598 3252 3680 3304 καὶ
3695 3249 3781 3302 λοι-

2245 3338 2432 3410 δορίας
2484 3336 2713 3408 ὑϐρίσας
2771 3335 3030 3400 πολλούς;
3084 3336 3382 3402 ἐξιλέωσαι
3444 3336 3530 3390 διὰ
3581 3333 3784 3403 γλώττης

2246 3423 2445 3483 πάλιν.
2485 3421 2652 3491 εύχάς
2706 3419 2956 3490 καθαρὰς
3004 3420 3376 3490 ἀναπέμπων,
3421 3419 3643 3488 εὐλογῶν
3684 3417 3783 3477 toi»;

2246 3505 2643 3578 λοιδοροῦντας,
2671 3504 3035 3573 ἐγκωμιάζων
3063 3503 3190 3566 τοὺς
3210 3504 3407 3568 κακῶς
3431 3503 3687 3572 λέγοντας,
3710 3500 3786 3571 χά-

2249 3607 2334 3662 ριν
2360 3588 2638 3660 ὁμολογῶν
2674 3589 2789 3649 τοῖς
2825 3586 3092 3640 ἀδικοῦσι.
3123 3585 3318 3640 Ταῦτα
3345 3588 3444 3658 οὑχ
3471 3585 3679 3657 ἡμερῶν
3707 3583 3785 3635 δεῖ·

2244 3691 2356 3736 ται,
2402 3673 2523 3725 ούδέ
2571 3669 2830 3724 ἐνιαυτῶν
2873 3668 3104 3734 πολλῶν,
3143 3669 3278 3723 ἀλλά
3330 3668 3684 3741 προαιρέσεως
3712 3665 3784 3735 μό-

2244 3774 2364 3828 νης,
2397 3757 2492 3810 καὶ
2519 3757 2576 3808 ἐν
2613 3755 2712 3826 μιᾷ
2744 3752 3105 3824 κατορθοῦται
3136 3753 3348 3824 ἡμέρᾳ.
3404 3751 3680 3822 Ἀπόοτηθι
3708 3749 3786 3815 τῆς

2245 3839 2532 3913 πονηρίας,
2569 3836 2826 3892 ἐπιλαϐοῦ
2849 3837 2948 3907 τῆς
2972 3837 3191 3908 ἀρετῆς,
3222 3838 3439 3891 παῦσαι
3474 3836 3574 3906 τῆς
3602 3832 3781 3892 κακίας,

2245 3924 2341 3979 καὶ
2365 3923 2604 3993 ὑπόσχου
2643 3921 2838 3996 μηκέτι
2858 3921 3026 3973 ταῦτα
3055 3922 3248 3986 ποιεῖν,
3271 3921 3368 3974 καὶ
3385 3922 3547 3992 ἀρκεῖ
3565 3936 3638 3971 σοι
3661 3914 3786 3969 τοῦτο

2244 4010 2324 4072 είς
2349 4005 2664 4074 ἀπολογίαν.
2723 4004 2865 4073 Ἐγὼ
2899 4003 3349 4075 διαμαρτύρομαι
3389 4005 3485 4057 καὶ
3517 4000 3782 4070 ἐγγυῶμαιέ

2243 4091 2451 4148 ὅτιτῶν
2474 4089 2898 4162 ἁμαρτανόντων
2918 4087 3074 4159 ἡμῶν
3089 4088 3346 4152 ἕκαστος,
3370 4089 3440 4142 ἂν
3460 4085 3688 4146 ἀποστὰς
3701 4081 3787 4136 τῶν

2244 4176 2524 4248 προτέρων
2560 4171 2746 4227 κακῶν
2784 4171 3086 4241 ὑπόσχηται
3122 4169 3198 4241 τῷ
3236 4171 3360 4241 Θεῷ
3397 4170 3537 4242 μετά
3568 4165 3786 4237 ἀληθείας

2247 4261 2442 4334 μηκέτι
2470 4257 2648 4312 αὐτῶν
2675 4256 2936 4326 ἅψασθαι,
2968 4254 3118 4308 οὐδὲν
3147 4255 3338 4326 ἕτερον
3371 4257 3402 4309 ό
3436 4254 3566 4318 Θεὸς
3599 4251 3788 4334 ζητήσει

2243 4330 2380 4418 πρὸς
2412 4340 2708 4409 ἀπολογίαν
2743 4338 2983 4410 μείζονα.
3016 4339 3408 4412 Φιλάνθρωπος
3444 4339 3553 4409 γάρ
3587 4340 3691 4389 ἐστι
3715 4330 3786 4385 καὶ

2245 4427 2514 4498 ἐλεήμων,
2551 4424 2647 4478 καὶ
2678 4423 2928 4491 καθάπερ
2958 4424 2991 4493 ή
3020 4422 3283 4478 ὠδίνουσα
3325 4422 3585 4492 ἐπιθυμεῖ
3616 4418 3782 4474 τεκεῖν,

2243 4511 2386 4566 οὓτω
2417 4509 2513 4562 καί¹
2551 4506 2716 4570 αὐτὸς
2748 4505 3006 4576 ἐπιθυμεῖ
3037 4507 3126 4559 τὸν
3159 4506 3311 4561 ἔλεον
3353 4509 3536 4577 ἐκχεῖν
3572 4504 3658 4557 τὸν
3683 4501 3784 4552 ἐαυφ

2242 4593 2357 4648 τοῦ’
2392 4591 2506 4646 ἀλλ’
2537 4591 2595 4644 αἱ
2633 4589 2897 4662 ἁμαρτίαι
2930 4593 2984 4644 al
3022 4590 3290 4662 ἡμέτεραι
3321 4589 3484 4643 τοῦτο
3502 4586 3784 4642 διακόπτον-

2244 4695 2350 4734 σιν.
2396 4675 2701 4746 ’Δνέλωμεν
2737 4673 2916 4758 τοίνυν
2951 4674 3011 4758 τί)
3044 4674 3266 4758 τειχίον,
3302 4673 3404 4758 καὶ
3441 4668 3682 4758 ἐντεῦθεν
3708 4661 3785 4758 ήδη

2240 4763 2340 4832 τῆς
2370 4759 2564 4832 ἑορτῆς
2592 4755 2907 4831 ἀρξώμεθα,
2938 4755 3038 4818 τὰς
3067 4756 3228 4809 πέντε
3251 4756 3477 4828 ἡμέρας
3503 4754 3692 4812 ταύτας
3714 4754 3785 4800 πᾶ·

2244 4831 2326 4901 σιν
2360 4831 2778 4916 ἀποταξάμενοιο
2817 4840 3024 4912 ἐρρέτω
3054 4840 3410 4912 δικαστήρια,
3447 4836 3651 4910 ἐρρέτω
3691 4831 3783 4916 βον-

2241 4929 2523 5000 λευτήρια,
2564 4912 2848 4996 οίμωζέτω
2883 4924 3110 4995 βιωτικά
3140 4925 3449 4998 πράγματα
3497 4923 3591 4974 καὶ
3622 4912 3785 4986 συμϐό-

2239 5014 2368 5066 λαια
2415 5011 2510 5064 καλ⁸
2551 5008 2991 5079 συναλλάγματα·
3031 5007 3129 5078 τὴν
3173 5007 3359 5078 ψυχήν
3412 5023 3514 5077 μου
3565 5002 3784 5074 βούλομαι

2243 5099 2436 5150 σῶσαι.
2471 5095 2533 5151 Τί
2571 5093 2883 5163 ὠφελεῖται
2927 5092 3254 5159 ἅνθρωπος,
3294 5091 3410 5144 ἐὰν
3448 5089 3558 5142 τὸν
3592 5087 3788 5152 κόσμον

2241 5182 2388 5236 ὅλον
2407 5177 2684 5247 κερδάνῃ,
2713 5176 2828 5244 τὴν
2855 5175 2922 5228 δὲ
2945 5174 3157 5244 ψυχὴν
3177 5173 3369 5228 αὐτοῦ
3393 5169 3662 5241 ζημιωθῇ·
3693 5163 3786 5227 Ἐξυ

2239 5265 2402 5336 ἦλθον
2436 5263 2544 5316 ἀπὸ
2574 5260 2831 5332 Περσίδος
2862 5260 2909 5311 οί
2940 5259 3123 5348 μάγοις
3157 5257 3342 5348 ἔξελθε
3366 5255 3601 5348 ’σὺῌτῶν
3637 5253 3788 5348 βιωτιζ

2240 5348 2352 5408 κῶν
2388 5346 2751 5418 πραγμάτων,
2787 5344 2882 5403 καὶ
2917 5343 3053 5413 πρὸς
3076 5341 3167 5396 τὸν
3215 5341 3431 5412 Ἰησοῦν
3454 5340 3679 5393 ὄδευσον·
3705 5340 3789 5384 οὐκ

2300 5586 2331 5628 ι)
2355 5587 2451 5637 Alii
2472 5589 2727 5651 προσέχῃς,
2749 5584 2834 5635 alii
2858 5585 3118 5649 προσεύχῃ.
3149 5585 3368 5643 Utraque
3402 5581 3554 5630 lectio
3577 5572 3788 5639 quadrare

2307 5655 2320 5688 ι

2241 5657 2454 5759 Wfﬁn
2477 5709 2724 5775 τροσδούς.
2751 5709 2905 5760 Paulo
2933 5713 3041 5771 post
3071 5708 3258 5771 quidam
3285 5719 3404 5756 mss.
3433 5701 3688 5752 ἀντιδώσω-
