3980 6184
237 343 326 399 τηε

223 471 332 507 ram
364 462 445 506 est
480 467 494 503 :
521 464 854 520 nequaquam
882 448 1065 503 fuisset
1089 435 1372 502 crucifixus
1391 487 1407 510 ,
1435 461 1558 500 nam
1587 447 1687 499 hoc
1715 453 1797 500 est

219 546 408 601 festum
451 541 668 595 Pascha».
701 558 713 593 :
749 555 1078 610 nequaquam
1119 540 1349 594 misisset
1388 539 1641 608 Spiritum
1678 553 1798 592 san-

217 644 380 698 ctum,
410 633 550 703 quod
583 641 666 688 est
706 633 894 687 festum
939 632 1300 686 Peutecostes.
1349 629 1529 701 Itaque
1558 629 1626 706 ab
1656 630 1756 685 hoc
1779 671 1796 696 ,

215 739 306 778 ceu
328 739 360 777 a
392 723 538 778 fonte
577 723 824 793 quopiam
867 722 1062 776 diversi
1110 721 1254 776 fluvii
1283 763 1298 785 ,
1329 730 1449 776 nata
1492 731 1616 774 sunt
1646 722 1798 775 nobis

213 811 328 867 haec
357 811 513 867 festa.
539 812 737 868 Verum
785 828 888 866 non
933 813 1002 868 ob
1047 812 1148 866 hoc
1187 821 1388 866 tantum
1423 828 1516 882 par
1539 822 1620 866 est
1657 811 1797 867 hunc

211 903 351 958 diem
381 904 590 958 cmteris
627 903 912 974 anteponi,
943 903 1035 957 sed
1076 903 1235 958 etiam
1265 905 1386 973 quia
1432 903 1574 974 quod
1614 904 1664 958 iu
1698 905 1799 959 hoe

213 1004 393 1048 natum
434 1004 550 1059 est,
575 995 791 1049 exteris
831 994 1078 1050 omnibus
1116 1003 1199 1050 est
1242 995 1618 1050 venerabilius.
1663 995 1795 1050 Nam

210 1085 348 1152 quod
375 1085 618 1139 Christus
640 1085 799 1140 homo
815 1084 1006 1147 factus,
1030 1087 1099 1139 sit
1119 1093 1377 1149 mortuus,
1401 1087 1795 1155 consequentia:

207 1177 486 1246 cujusdam
520 1177 617 1232 fuit
649 1179 814 1232 :licet
842 1179 982 1232 enim
1030 1179 1234 1233 nullum
1277 1178 1494 1232 omnino
1521 1186 1793 1246 peccatum

208 1277 570 1336 perpetrasset
589 1310 602 1332 ,
631 1270 852 1323 mortale
881 1278 1056 1324 tamen
1087 1284 1280 1338 corpus
1309 1280 1670 1338 assumpserat
1699 1285 1712 1321 :
1741 1277 1795 1323 et

204 1371 313 1414 erat
353 1362 570 1430 quidem
599 1361 698 1416 hoc
727 1361 1092 1416 admirandum
1139 1379 1153 1415 :
1197 1372 1445 1417 caeterum
1481 1361 1623 1432 quod
1655 1362 1793 1418 Deus

201 1467 322 1504 cum
355 1462 540 1516 esset,
574 1454 798 1507 voluerit
829 1454 987 1509 homo
1018 1454 1130 1509 fieri
1155 1495 1170 1518 ,
1205 1464 1514 1524 tantumque
1553 1469 1671 1509 sese
1699 1454 1794 1509 de.

202 1543 422 1596 mittere
464 1544 796 1606 sustinuerit,
820 1552 1072 1614 quantum
1119 1559 1187 1598 ne
1224 1545 1541 1613 cogitatione
1577 1547 1789 1616 quidem

193 1633 484 1701 complecti
511 1647 675 1701 queas
695 1674 710 1698 ,
739 1633 840 1688 hoc
882 1645 963 1688 est
999 1635 1238 1689 omnium
1282 1636 1510 1690 maxime
1536 1652 1790 1690 reveren-

199 1723 324 1776 dum
355 1765 372 1787 ,
400 1725 741 1794 stuporisque
781 1725 1015 1794 plcitum.
1057 1725 1209 1794 Quod
1245 1726 1460 1796 quidem
1501 1735 1554 1780 et
1596 1727 1790 1781 Paulus

194 1813 476 1867 admirans
503 1815 751 1878 dicebat,
785 1814 853 1870 Et
893 1819 1156 1889 manifeste
1190 1835 1426 1888 magnum
1456 1819 1652 1890 pietatis
1681 1836 1790 1889 my-

194 1906 406 1958 sterium
434 1906 455 1974 (
477 1907 526 1960 i.
563 1905 694 1962 Tim.
723 1908 775 1962 3.
822 1908 888 1961 16
906 1906 943 1978 ).
970 1908 1120 1976 Quod
1147 1910 1437 1979 magnum?
1467 1910 1602 1965 Deus
1626 1912 1791 1964 mani-

195 1996 410 2060 [estatus
437 1997 492 2048 in
517 2013 686 2050 carne.
717 1999 793 2051 Ac
819 2012 1029 2052 rursum
1073 1998 1196 2053 alibi
1230 2017 1243 2052 :
1279 1998 1399 2052 Non
1424 2001 1555 2054 enim
1582 2001 1788 2070 angelos

192 2086 537 2155 apprehendit
591 2086 730 2142 Deus
753 2129 769 2155 ,
817 2089 905 2142 sed
965 2107 1130 2144 semen
1175 2091 1391 2144 Abrahae
1431 2092 1787 2160 apprehendit.

197 2177 349 2232 Unde
375 2178 547 2230 debuit
587 2195 675 2249 per
701 2180 870 2232 omnia
911 2180 1155 2249 fratribus
1188 2182 1462 2235 assimifari
1499 2183 1515 2250 (
1535 2181 1693 2236 Ilebr.
1727 2183 1784 2237 2.

196 2272 282 2325 £6.
331 2269 464 2339 i7).
497 2271 720 2339 Propter
765 2271 866 2326 hoc
904 2273 1241 2342 potissimum
1279 2274 1571 2343 amplector
1597 2274 1786 2346 diligo-

193 2378 296 2429 que
316 2363 466 2416 diem
497 2365 660 2430 hunc,
686 2371 741 2417 ct
769 2379 1004 2418 amorem
1033 2365 1148 2434 ejus
1177 2367 1229 2420 in
1261 2366 1491 2421 medium
1521 2383 1782 2438 propono,

196 2462 252 2506 ut
295 2469 396 2507 vos
443 2454 602 2522 hujus
655 2455 938 2524 participes
991 2457 1210 2511 reddam
1245 2475 1258 2510 :
1290 2473 1460 2528 eoque
1513 2474 1643 2529 rogo
1688 2473 1784 2512 vos

193 2559 383 2600 omnes
403 2546 759 2617 obsecroque,
785 2561 996 2602 summo
1016 2549 1189 2603 studio
1204 2562 1515 2619 summaque
1532 2564 1652 2605 cum
1674 2551 1786 2605 ala-

192 2640 384 2692 critate
412 2638 590 2692 velitis
619 2638 828 2705 adesse,
859 2640 952 2694 sed
981 2641 1127 2710 prius
1155 2657 1302 2696 suam
1326 2642 1549 2712 quisque
1569 2643 1781 2697 dommn

193 2738 416 2781 cvaeuet
441 2769 459 2795 ,
487 2737 543 2782 ut
567 2729 838 2784 videamus
879 2731 1161 2786 Dominum
1193 2743 1432 2787 nostrum
1464 2734 1515 2788 in
1558 2735 1781 2804 przescpi

187 2819 464 2887 jacentcm
494 2835 556 2874 ae
583 2823 758 2875 fasciis
783 2822 1097 2888 involutum,
1128 2825 1460 2879 tremendum
1487 2841 1549 2880 ac
1574 2835 1786 2894 stupen-

189 2912 318 2966 dum
351 2915 737 2982 spectaculum.
766 2915 900 2980 Quid
930 2917 1071 2970 enim
1100 2918 1489 2983 eXcusabimus,
1514 2927 1605 2972 aut
1623 2935 1781 2989 quam

186 3004 405 3058 veniam
435 3004 809 3070 obtinebimus,
837 3006 881 3061 si
903 3022 1022 3061 cum
1052 3008 1162 3076 ipse
1189 3009 1356 3062 nostri
1385 3023 1540 3063 causa
1561 3009 1782 3064 desccno

187 3096 328 3152 derit
359 3113 390 3152 e
418 3098 598 3163 czelis,
628 3114 725 3152 nos
751 3099 815 3152 ad
860 3099 1004 3153 illum
1036 3101 1119 3155 vel
1162 3117 1226 3155 ex
1257 3099 1459 3156 tedibus
1487 3103 1564 3157 ire
1592 3119 1781 3172 grave-

188 3188 353 3241 mur?
395 3203 519 3241 cum
573 3188 882 3259 alienigena:
925 3190 1238 3261 barbarique
1279 3191 1411 3261 Magi
1456 3206 1520 3245 ex
1571 3192 1781 3248 Perside

187 3288 517 3343 occurrant,
549 3287 608 3332 ut
636 3280 778 3334 illum
821 3281 1032 3336 videant
1060 3282 1112 3335 in
1146 3284 1366 3351 prmsepi
1396 3283 1657 3350 jacentem
1681 3325 1695 3346 ,
1726 3292 1781 3337 tu

189 3384 322 3423 vero
369 3369 465 3436 qui
507 3368 833 3424 Christianus
879 3385 937 3424 es
982 3387 1050 3425 nc
1092 3372 1256 3426 breve
1299 3372 1509 3441 quidem
1553 3375 1780 3442 spatium

181 3461 404 3516 emetiri
435 3461 720 3526 sustineas,
756 3472 812 3517 ut
839 3462 940 3517 hoc
967 3463 1102 3517 felici
1129 3465 1432 3533 spectaculo
1460 3465 1782 3533 perfruaris?

184 3553 323 3608 Nam
365 3554 411 3608 si
443 3569 563 3608 cum
592 3554 693 3610 fide
736 3555 1116 3610 accesserimus
1136 3595 1151 3620 ,
1180 3557 1364 3625 procul
1393 3556 1553 3611 dubio
1577 3557 1781 3611 videbi-

185 3663 310 3700 mus
343 3645 493 3700 illum
521 3647 572 3700 in
596 3647 818 3717 pra-scpi
842 3646 1127 3716 jacentem.
1161 3647 1431 3718 Siquidem
1463 3647 1575 3702 haec
1598 3663 1780 3703 mensa

184 3739 363 3792 vicem
386 3738 568 3806 explet
591 3738 860 3807 praesepis.

255 3828 468 3899 Corpus
494 3829 808 3884 Dominicum
835 3831 888 3884 in
920 3831 1196 3901 Mysteriis.
1225 3863 1298 3873 —-
1322 3833 1454 3888 Nam
1488 3842 1541 3888 et
1571 3834 1657 3888 hic
1685 3851 1784 3907 po-

185 3933 356 3977 netur
383 3938 580 3991 corpus
600 3924 922 3978 dominicum
945 3964 961 3989 ,
994 3941 1097 3978 non
1127 3925 1337 3995 quidem
1364 3925 1545 3982 fasciis
1571 3929 1780 3983 involu-

183 4023 307 4066 tum
332 4014 492 4067 sicuti
521 4021 663 4076 tunc,
693 4013 786 4068 sed
813 4013 1043 4085 undique
1068 4015 1267 4083 Spiritu
1293 4027 1477 4071 sancto
1507 4020 1778 4074 vestitum.

177 4105 289 4169 Qui
326 4103 596 4174 mysteriis
627 4103 814 4157 initiati
840 4113 996 4170 sunt,
1031 4105 1326 4175 intelligunt
1352 4122 1471 4175 qua:
1511 4107 1779 4164 dicuntur.

181 4200 266 4250 Ac
294 4196 434 4266 Magi
462 4195 673 4266 quidem
706 4196 834 4250 nihil
859 4197 1000 4251 aliud
1023 4213 1178 4266 quam
1208 4198 1634 4267 adorarunt,'tibi
1657 4219 1782 4257 vero

179 4287 230 4339 si
261 4303 389 4341 cum
424 4301 555 4355 pura
586 4289 876 4342 accesseris
896 4289 1218 4342 conscientia
1242 4329 1258 4349 ,
1291 4291 1658 4357 permittemus
1677 4332 1692 4358 ,
1723 4302 1784 4348 ut

181 4393 397 4439 sumas,
418 4385 696 4446 etsumpto
715 4379 931 4432 domum
957 4379 1138 4433 abeas.
1162 4381 1368 4435 Accede
1397 4381 1553 4450 igitur
1574 4391 1627 4436 tu
1650 4398 1785 4453 quo-

177 4485 303 4538 que
326 4487 550 4524 munera
575 4471 804 4528 offerens
823 4513 838 4531 .
870 4487 974 4525 non
1001 4473 1174 4542 qualia
1202 4473 1510 4528 deferebant
1549 4475 1644 4538 illi,
1686 4475 1781 4530 sed

181 4562 367 4615 multo
407 4562 764 4632 religiosiura.
809 4562 1128 4618 Obtulerunt
1170 4564 1244 4619 illi
1291 4579 1476 4620 aurum
1503 4607 1518 4631 ,
1565 4567 1698 4622 offer
1729 4578 1778 4622 tu

184 4655 604 4720 u‘ntperantiam
634 4669 696 4708 ac
723 4655 969 4709 virtutem
1002 4655 1345 4711 :obtulerunt
1371 4657 1444 4710 illi
1478 4658 1616 4719 thus,
1651 4659 1785 4714 offer

185 4751 254 4797 ιη
291 4759 443 4813 puras
489 4759 716 4814 preces,
766 4760 887 4815 quas
919 4755 1045 4801 sunt
1081 4745 1422 4802 odoramenla
1471 4749 1786 4818 spiritualia:

181 4837 508 4891 obtulerunt
535 4837 610 4891 illi
641 4836 934 4908 myrrham,
963 4837 1096 4894 offer
1118 4847 1172 4892 tu
1205 4838 1576 4905 humilitatem,
1611 4851 1662 4896 et
1689 4856 1783 4896 eor

177 4929 524 4985 submissum
553 4945 673 4984 cum
701 4930 1060 5004 eleemosyqa.
1092 4932 1241 4998 Quod
1268 4933 1312 4988 si
1340 4932 1487 4989 hisee
1510 4949 1628 4988 cum
1666 4949 1785 4988 mu-

180 5021 418 5076 neribus
456 5023 754 5077 accesseris
775 5064 790 5087 ,
825 5023 990 5077 multa
1021 5039 1142 5079 eum
1166 5023 1355 5079 fiducia
1389 5027 1654 5095 particeps
1678 5026 1785 5080 eris

180 5114 358 5181 hujus
401 5128 575 5168 saera:
621 5129 839 5169 mensze.
898 5114 1030 5170 Nam
1078 5115 1193 5170 h:ec
1239 5114 1360 5170 ideo
1389 5131 1529 5172 nunc
1569 5117 1780 5186 loquor,

178 5204 343 5273 quod
372 5207 542 5258 sciam
583 5215 731 5259 certo
768 5205 1000 5259 futurum
1024 5247 1040 5273 ,
1085 5215 1142 5260 ut
1172 5205 1225 5259 in
1256 5205 1344 5259 illa
1372 5207 1457 5260 die
1487 5209 1785 5276 complures

182 5293 462 5349 accedant
512 5295 822 5365 irruantque
849 5296 916 5351 ad
957 5297 1222 5351 victimam
1260 5296 1396 5351 hanc
1433 5298 1784 5366 spiritualem.

183 5385 364 5455 Igitur
403 5401 476 5442 ne
522 5387 778 5441 faciamus
800 5389 868 5442 ad
897 5387 1275 5443 detrimentum
1303 5397 1357 5445 et
1385 5390 1786 5447 condemnatio-

189 5495 324 5532 nem
349 5479 550 5534 anitnte
580 5488 776 5535 nostra:
800 5522 816 5544 ,
858 5479 953 5534 sed
989 5479 1056 5534 ad
1091 5480 1318 5536 salutem
1351 5499 1364 5535 :
1391 5481 1500 5550 jam
1531 5499 1669 5537 nunc
1693 5484 1790 5538 ob-

189 5579 370 5624 testor
397 5571 733 5641 obsecroque
756 5612 773 5638 ,
806 5581 862 5626 ut
887 5571 1140 5626 omnibus
1167 5574 1341 5629 modis
1376 5577 1670 5646 repurgati,
1718 5577 1787 5632 ita

189 5668 416 5716 dentium
440 5677 598 5716 sacra
627 5662 827 5718 adeatis
858 5663 1128 5726 mysteria.

277 5754 332 5809 4.
357 5754 483 5810 Cum
513 5771 631 5811 vero
661 5756 950 5828 penitentia
975 5754 1111 5812 brevi
1134 5765 1295 5828 potest
1317 5758 1618 5816 conscientia
1635 5779 1786 5820 inm-

1347 333 1436 390 DE
1474 328 1700 387 BEATO
1736 327 2165 392 PlilLOGONlO.
2209 339 2296 396 Vl.

3370 361 3471 420 754

1905 443 2036 499 dari.
2065 477 2138 487 —
2165 449 2344 521 Neque
2366 454 2494 509 mihi
2521 452 2798 529 quisquam
2820 458 3036 529 dixerit,
3072 483 3278 534 vereor,
3307 470 3480 528 habeo

1902 539 2282 596 conscientiam
2325 549 2552 614 peccatis
2595 550 2861 618 oppletam
2887 595 2902 618 ,
2949 558 3213 613 sarcinam
3252 563 3481 617 circum-

1901 626 2015 680 fero
2037 631 2425 699 gravissimam.
2477 636 2684 694 Sufficit
2713 642 2855 696 enim
2887 643 3074 700 hormu
3101 649 3335 720 quinque
3360 652 3477 708 dic-

1902 735 2015 774 rum
2044 732 2271 794 tempus,
2300 726 2342 779 si
2369 727 2576 783 sobrius
2597 729 2778 798 fueris,
2799 735 2845 788 si
2871 737 3124 802 oraveris,
3154 739 3198 793 si
3221 741 3477 810 vigilave-

1902 811 1995 876 ris,
2017 823 2073 867 ut
2089 817 2476 873 multitudinem
2495 835 2828 890 peccatorum
2848 827 3037 882 reddas
3048 835 3478 890 contractiorem.

1900 900 2007 956 Nec.
2038 903 2161 957 illud
2201 909 2465 976 perpende
2490 912 2630 980 quod
2659 911 2820 969 breve
2843 926 3050 986 tempus
3069 928 3191 987 est;
3221 923 3316 977 sed
3347 924 3476 980 illud

1899 993 2175 1085 considera
2208 997 2345 1066 quod
2391 999 2650 1070 benignus
2690 1014 2772 1060 est
2803 1006 3084 1064 Dominus.
3132 1010 3480 1085 Quandoqui-

1899 1080 2092 1137 demet
2118 1085 2360 1142 Ninivitze
2409 1091 2564 1145 tridui
2611 1095 2802 1162 spatio
2826 1104 3025 1155 tantam
3055 1099 3185 1154 iram
3217 1101 3312 1157 Dei
3342 1080 3389 1157 a—
3417 1121 3478 1161 se

1898 1171 2218 1241 depulerunt
2241 1219 2255 1242 ,
2300 1194 2399 1233 nec
2424 1180 2627 1236 obstitit
2655 1184 2762 1238 illis
2793 1190 3042 1256 temporis
3070 1192 3306 1260 angustia
3332 1235 3347 1258 ,
3379 1192 3476 1250 sed

1895 1264 2056 1317 animi
2087 1269 2468 1336 promptitudo,
2496 1274 2824 1344 amplectens
2842 1277 3046 1333 Domini
3071 1280 3472 1350 benignitatem,

1897 1362 2062 1408 totum
2094 1372 2345 1428 peragere
2366 1362 2531 1416 valuit
2559 1363 2703 1436 (Jon.
2738 1367 2814 1435 5).
2845 1368 2908 1422 Et
2935 1371 3182 1424 meretrix
3212 1372 3300 1427 illa
3324 1373 3472 1430 brevi

1897 1450 2147 1516 temporis
2189 1462 2493 1522 momento,
2549 1471 2670 1511 cum
2710 1458 2776 1512 ad
2817 1459 3084 1516 Christum
3128 1466 3470 1533 accessisset,

1893 1540 2068 1592 omnia
2091 1542 2285 1609 probra
2316 1545 2467 1599 diluit
2493 1547 2646 1614 (Luc.
2675 1551 2749 1620 7).
2779 1551 2912 1617 Quin
2945 1562 2998 1607 et
3029 1554 3472 1615 calumniantibus

1892 1627 2110 1716 .iudteis,
2136 1633 2277 1701 quod
2309 1635 2449 1689 illam
2478 1637 2799 1705 admisisset,
2832 1651 3134 1714 tantamque
3160 1649 3476 1716 przebuisset

1895 1712 2137 1767 fiduciam
2163 1756 2178 1780 ,
2223 1717 2471 1775 Christus
2517 1723 2620 1776 illis
2646 1725 2858 1792 quidem
2899 1712 3172 1782 silentium
3201 1731 3471 1800 imposuit,

1893 1803 2030 1860 hanc
2059 1822 2184 1861 vero
2212 1811 2364 1864 malis
2389 1814 2636 1868 omnibus
2678 1815 2953 1871 liberatam
2975 1860 2990 1883 ,
3020 1823 3475 1895 comprobatoque

1891 1893 2034 1951 illius
2057 1898 2253 1966 studio,
2296 1903 2364 1954 ita
2395 1903 2610 1958 dommn
2637 1907 2860 1960 remisit.
2909 1908 3044 1976 Quid
3090 1911 3162 1965 ita
3207 1893 3467 1968 tandem?

1892 1986 2151 2052 Quoniam
2180 1990 2399 2046 ferventi
2438 1996 2634 2061 animo,
2668 2007 2722 2052 et
2750 2000 2990 2070 flagranti
3013 2004 3195 2069 corde,
3235 2005 3473 2062 ardenti~

1892 2093 1995 2148 que
2033 2082 2257 2136 accessit
2302 2084 2403 2138 fide
2427 2125 2441 2148 ,
2480 2097 2798 2158 sanctosque
2827 2091 2956 2151 illos
2995 2108 3058 2148 ac
3091 2110 3272 2149 sacros
3300 2097 3472 2167 attigit

1889 2170 2072 2238 pedes,
2103 2172 2286 2226 solutis
2314 2175 2537 2242 capillis,
2571 2177 2802 2232 fontibus
2829 2181 3181 2252 lacrymarum
3209 2181 3276 2240 ex
3301 2189 3470 2243 oculis

1889 2262 2098 2317 emissis
2120 2304 2134 2330 ,
2165 2275 2432 2334 unguento
2460 2267 2692 2336 profuso.

1960 2354 2278 2412 Pwnitentia:
2303 2361 2500 2414 modus.
2541 2391 2615 2401 —
2662 2363 2871 2419 Etenim
2913 2381 3163 2438 percute
3190 2369 3471 2441 deceperat

1889 2445 2165 2514 homines,
2211 2466 2306 2520 per
2339 2452 2524 2507 eadem
2568 2457 2769 2523 paravit
2810 2459 3042 2513 remedia
3096 2464 3418 2530 pmuitentim
3452 2452 3501 2520 ε’

1888 2552 1984 2606 per
2020 2554 2138 2608 quze
2165 2552 2411 2596 avocarat
2439 2544 2620 2599 oculos
2663 2547 3158 2617 intemperantiam,
3212 2569 3308 2622 per
3354 2555 3470 2612 inec

1887 2634 2061 2688 emisit
2087 2636 2347 2707 lacrymas
2379 2654 2392 2690 :
2415 2653 2512 2708 per
2538 2640 2758 2708 capillos
2784 2653 2898 2696 arte
2921 2646 3244 2714 compositos
3273 2649 3468 2703 multos

1888 2724 2129 2804 illexerat
2171 2726 2235 2780 ad
2267 2737 2538 2796 peccatum
2563 2769 2579 2794 ,
2624 2747 2717 2799 per
2755 2731 2970 2786 eosdem
3019 2735 3184 2804 pedes
3219 2736 3468 2794 abstersit

1887 2802 2098 2870 Christi.
2124 2815 2424 2887 Unguento
2465 2821 2658 2874 multos
2700 2802 3142 2893 inescarataper
3172 2825 3273 2880 hoc
3307 2828 3469 2898 pedes

1887 2905 2028 2960 illius
2057 2907 2225 2962 unxit.
2271 2909 2506 2964 Proinde
2535 2921 2587 2965 et
2623 2921 2677 2966 tu
2706 2928 2846 2967 nunc
2873 2915 3065 2983 quibus
3093 2918 3252 2972 rebus
3277 2933 3468 2988 provo-

1886 3000 2018 3052 casti
2048 2999 2234 3063 Deum,
2266 3015 2362 3069 per
2389 3001 2484 3056 has
2513 3018 2721 3056 rursum
2750 3003 2906 3058 facito
2937 3007 3238 3075 propitium.
3271 3010 3470 3065 Provo-

1885 3093 2018 3143 casti
2075 3091 2218 3144 illum
2275 3093 2616 3160 pecuniarum
2671 3095 2883 3162 rapina,
2932 3111 3027 3164 per
3069 3097 3285 3152 easdem
3318 3099 3466 3156 illum

1887 3183 2165 3235 reconcilia
2194 3223 2208 3244 ,
2260 3193 2488 3253 cumque
2528 3193 2582 3238 et
2623 3194 2771 3255 rapta
2817 3188 3117 3242 restitueris
3153 3191 3293 3260 illis,
3334 3208 3468 3262 quos

1888 3271 2075 3340 injuria
2103 3271 2391 3339 affeceras,
2421 3283 2474 3328 et
2515 3275 2616 3329 alia
2677 3277 2893 3346 insuper
2940 3279 3209 3336 addideris
3234 3323 3249 3348 ,
3300 3281 3466 3338 dicito

1883 3363 2036 3434 juxta
2091 3361 2372 3419 Zachazum
2405 3384 2418 3420 :
2448 3367 2613 3420 reddo
2645 3369 2659 3399 '
2693 3371 2950 3436 omnium,
2979 3387 3098 3440 qua:
3133 3373 3302 3441 rapui,
3333 3389 3469 3444 qua-

1886 3453 2130 3523 druplum
2163 3454 2313 3526 (Luc.
2345 3457 2435 3512 i9.
2471 3457 2552 3526 8).
2602 3457 2904 3514 Provocasti
2949 3461 3123 3532 lingua
3152 3472 3205 3516 et
3244 3465 3466 3518 maledi-

1885 3549 2096 3615 centia,
2143 3549 2325 3603 multis
2368 3553 2685 3606 contumelia
2731 3552 2968 3619 affectis,
3012 3555 3244 3610 vicissim
3289 3556 3467 3627 lingua

1886 3641 2094 3710 placato
2116 3683 2132 3708 ,
2176 3656 2336 3711 puras
2364 3643 2615 3697 emittens
2643 3659 2859 3713 preces,
2889 3645 3208 3700 benedicens
3237 3648 3467 3702 maledi-

1885 3733 2149 3795 centihus,
2180 3733 2401 3787 laudans
2425 3735 2803 3804 vituperantes,
2823 3735 3022 3804 gratias
3041 3752 3204 3808 agens
3221 3737 3465 3807 injuriam

1885 3823 2252 3878 inferentibus.
2305 3824 2426 3879 llaec
2452 3840 2556 3878 non
2585 3835 2742 3895 egent
2776 3826 2955 3881 multis
2994 3827 3182 3883 diebus
3212 3830 3454 3896 annisve,

1883 3915 1978 3970 sed
2004 3915 2117 3968 solo
2145 3915 2306 3968 animi
2335 3917 2640 3985 proposito,
2690 3927 2746 3972 et
2792 3919 2948 3972 unico
2977 3919 3064 3974 die
3103 3919 3465 3990 perficiuntur.
3501 3919 3504 3922 ’

1887 4006 2110 4062 Discede
2135 4023 2165 4062 a
2193 4008 2334 4062 malo
2352 4046 2370 4074 ,
2413 4009 2657 4063 virtutem
2688 4011 3006 4080 amplectere
3025 4053 3041 4078 ,
3071 4014 3268 4068 desiste
3287 4029 3316 4067 a
3344 4030 3466 4084 pra-

1884 4101 2085 4154 vitate:
2122 4100 2368 4170 pollicere
2398 4109 2448 4155 te
2487 4101 2707 4169 posthac
2751 4102 2848 4155 ista
2895 4119 2996 4156 non
3036 4105 3462 4172 commissurum,

1885 4201 1938 4247 et
1964 4192 2102 4247 istud
2145 4192 2374 4247 sufficiet
2408 4192 2472 4246 ad
2503 4193 2915 4247 excusationem.
2971 4194 3082 4263 Ego
3117 4196 3369 4250 testificor
3405 4213 3469 4251 ae

1887 4286 2150 4356 fidejubeo
2194 4285 2341 4347 fore,
2369 4294 2426 4339 ut
2463 4285 2506 4338 si
2556 4293 2795 4339 nostrum
2834 4287 3056 4354 quisque
3094 4290 3182 4355 qui
3236 4288 3469 4356 peccatis

1886 4378 2098 4432 obnoxii
2139 4391 2324 4432 smnus
2353 4375 2609 4430 recedens
2636 4391 2665 4429 a
2697 4375 2934 4444 pristinis
2958 4375 3143 4442 malis,
3183 4393 3250 4433 ex
3285 4379 3466 4432 animo

1886 4486 2114 4541 vereque
2161 4470 2429 4540 promittat
2468 4469 2574 4523 Deo
2616 4483 2676 4523 se
2718 4478 2900 4538 postea
2948 4484 3231 4540 nutuquam
3269 4470 3336 4525 ad
3379 4471 3469 4526 ilia

1887 4564 2198 4628 rediturum,
2235 4563 2365 4617 nihil
2392 4561 2531 4616 aliud
2562 4562 2699 4615 Deus
2724 4562 2956 4632 requiret
2975 4561 3042 4616 ad
3069 4565 3467 4622 excusationem

1887 4657 2163 4725 majorem.
2195 4654 2458 4724 Bcniguus
2483 4653 2623 4708 enim
2652 4660 2736 4708 est
2754 4694 2769 4717 ,
2795 4661 2850 4707 ct
2871 4654 3316 4736 quemadmodum
3348 4671 3472 4726 par-

1887 4749 2090 4805 turiens
2113 4748 2259 4816 cupit
2286 4747 2412 4801 eniti
2455 4747 2616 4800 fetum
2642 4787 2656 4809 ,
2702 4746 2769 4799 ita
2816 4754 2870 4798 et
2906 4746 2991 4800 illc
3031 4747 3175 4816 cupit
3199 4746 3470 4803 effundere

1888 4859 2037 4898 suam
2065 4839 2481 4896 miscricordiam
2516 4857 2531 4893 :
2563 4839 2655 4895 sed
2685 4838 2759 4892 illi
2788 4837 2996 4893 obstant
3025 4849 3238 4906 peccata
3263 4849 3464 4896 nostra.

1891 4935 2169 4990 Diruamus
2195 4933 2352 5002 igitur
2376 4931 2681 4996 maceriam,
2704 4939 2862 5000 atque
2885 4944 2950 4983 ex
2975 4928 3074 4982 hoc
3098 4928 3205 4997 jam
3225 4938 3466 4998 tempore

1890 5029 2082 5083 festum
2111 5027 2465 5096 auspicemur.
2496 5024 2658 5078 hosce
2679 5021 2790 5076 dies
2806 5021 3036 5091 quinque
3058 5021 3283 5088 negotiis
3307 5021 3473 5075 omni-

1893 5121 1991 5174 bus
2017 5121 2192 5174 valere
2219 5119 2416 5187 jussis,
2449 5116 2621 5172 valeat
2652 5113 2821 5168 forum
2846 5155 2859 5175 ,
2888 5113 3058 5166 valeat
3084 5113 3233 5168 curia
3255 5153 3270 5178 ,
3301 5111 3472 5169 faces-

1891 5220 2012 5266 sant
2056 5210 2337 5264 mundana:
2385 5221 2528 5262 curae
2575 5220 2693 5258 ctun
2743 5205 2910 5273 pactis
2957 5212 3011 5258 et
3059 5205 3467 5259 contractibus:

1891 5305 2118 5358 animam
2146 5317 2316 5355 meam
2345 5313 2558 5354 scrvare
2595 5297 2770 5366 cupio.
2807 5297 2942 5361 Quid
2978 5297 3179 5366 prodest
3211 5297 3400 5353 homini
3424 5299 3471 5350 si

1892 5405 2048 5449 totum
2075 5393 2316 5446 mundum
2340 5391 2560 5443 lucretur
2579 5429 2594 5450 ,
2635 5387 2818 5441 anima:
2853 5403 2964 5440 vero
2992 5403 3098 5440 sua:
3123 5386 3514 5444 detrimentmn’.

1894 5487 2117 5557 patiatur
2143 5481 2351 5553 (Matth.
2377 5480 2459 5534 16.
2483 5478 2612 5548 26)?
2637 5477 2846 5548 Egressi
2873 5486 2995 5530 sunt
3020 5491 3048 5528 a
3081 5475 3296 5532 Perside
3316 5475 3473 5546 Magi,

1893 5576 2149 5650 egredere
2192 5584 2244 5629 tu
2275 5590 2305 5629 e
2335 5569 2667 5641 temporariis
2710 5567 2932 5640 negotiis
3015 5567 3080 5614 ad
3120 5567 3299 5624 .lcsutn
3348 5583 3471 5623 ιιι-υς
3505 5623 3511 5632 ,

1963 5773 1978 5806 ι
2014 5769 2210 5832 quidam
2235 5774 2360 5828 Mss,
2385 5763 2608 5817 reddam.
