  <div class='ocr_page' id='page_1' title='image "/cluster/home/n/w/nwhite01/storage/ocr_20150623/48/hvd.32044073501892/233.png"; bbox 0 0 3980 6184; ppageno 0'>
   <div class='ocr_carea' id='block_1_1' title="bbox 542 267 650 326">
    <p class='ocr_par' dir='ltr' id='par_1_1' title="bbox 542 267 650 326">
     <span class='ocr_line' id='line_1_1' title="bbox 542 267 650 326; baseline -0.028 0"><span class='ocrx_word' id='word_1_1' title='bbox 542 267 650 326; x_wconf 82' lang='lat'><strong>755</strong></span> 
     </span>
    </p>
   </div>
   <div class='ocr_carea' id='block_1_2' title="bbox 533 380 2105 454">
    <p class='ocr_par' dir='ltr' id='par_1_2' title="bbox 533 380 2105 454">
     <span class='ocr_line' id='line_1_2' title="bbox 533 380 2105 454; baseline 0.004 -15"><span class='ocrx_word' id='word_1_2' title='bbox 533 393 770 442; x_wconf 78' lang='lat' dir='ltr'><strong>uctseere</strong></span> <span class='ocrx_word' id='word_1_3' title='bbox 808 401 824 442; x_wconf 87' lang='lat'><strong><em>:</em></strong></span> <span class='ocrx_word' id='word_1_4' title='bbox 859 398 965 438; x_wconf 92' lang='lat' dir='ltr'><strong>non</strong></span> <span class='ocrx_word' id='word_1_5' title='bbox 1008 389 1091 438; x_wconf 82' lang='lat' dir='ltr'><strong>est</strong></span> <span class='ocrx_word' id='word_1_6' title='bbox 1132 380 1348 454; x_wconf 85' lang='lat' dir='ltr'><strong>longum</strong></span> <span class='ocrx_word' id='word_1_7' title='bbox 1390 385 1722 444; x_wconf 75' lang='lat' dir='ltr'><strong>intervallum</strong></span> <span class='ocrx_word' id='word_1_8' title='bbox 1771 387 1817 442; x_wconf 87' lang='lat' dir='ltr'><strong>si</strong></span> <span class='ocrx_word' id='word_1_9' title='bbox 1859 385 2105 453; x_wconf 76' lang='lat' dir='ltr'><strong>velimus,</strong></span> 
     </span>
    </p>
   </div>
   <div class='ocr_carea' id='block_1_3' title="bbox 531 475 2104 548">
    <p class='ocr_par' dir='ltr' id='par_1_3' title="bbox 531 475 2104 548">
     <span class='ocr_line' id='line_1_3' title="bbox 531 475 2104 548; baseline 0.003 -16"><span class='ocrx_word' id='word_1_10' title='bbox 531 477 647 532; x_wconf 84' lang='lat' dir='ltr'><strong>Non</strong></span> <span class='ocrx_word' id='word_1_11' title='bbox 674 477 812 534; x_wconf 91' lang='lat' dir='ltr'><strong>enim</strong></span> <span class='ocrx_word' id='word_1_12' title='bbox 837 489 1055 531; x_wconf 90' lang='lat' dir='ltr'><strong>necesse</strong></span> <span class='ocrx_word' id='word_1_13' title='bbox 1077 484 1158 530; x_wconf 90' lang='lat' dir='ltr'><strong>est</strong></span> <span class='ocrx_word' id='word_1_14' title='bbox 1181 475 1429 546; x_wconf 93' lang='lat' dir='ltr'><strong>trajicere</strong></span> <span class='ocrx_word' id='word_1_15' title='bbox 1455 493 1622 543; x_wconf 87' lang='lat' dir='ltr'><strong>mare,</strong></span> <span class='ocrx_word' id='word_1_16' title='bbox 1648 493 1822 548; x_wconf 85' lang='lat' dir='ltr'><strong>neque</strong></span> <span class='ocrx_word' id='word_1_17' title='bbox 1847 481 2104 536; x_wconf 76' lang='lat' dir='ltr'><strong>montium</strong></span> 
     </span>
    </p>
   </div>
   <div class='ocr_carea' id='block_1_4' title="bbox 529 569 2108 643">
    <p class='ocr_par' dir='ltr' id='par_1_4' title="bbox 529 569 2108 643">
     <span class='ocr_line' id='line_1_4' title="bbox 529 569 2108 643; baseline 0.003 -17"><span class='ocrx_word' id='word_1_18' title='bbox 529 584 782 642; x_wconf 84' lang='lat' dir='ltr'><strong>superare</strong></span> <span class='ocrx_word' id='word_1_19' title='bbox 807 569 1102 636; x_wconf 87' lang='lat' dir='ltr'><strong>cacumina,</strong></span> <span class='ocrx_word' id='word_1_20' title='bbox 1130 570 1224 626; x_wconf 89' lang='lat' dir='ltr'><strong>sed</strong></span> <span class='ocrx_word' id='word_1_21' title='bbox 1244 569 1387 626; x_wconf 92' lang='lat' dir='ltr'><strong>domi</strong></span> <span class='ocrx_word' id='word_1_22' title='bbox 1417 571 1630 638; x_wconf 88' lang='lat' dir='ltr'><strong>sedens,</strong></span> <span class='ocrx_word' id='word_1_23' title='bbox 1657 572 1702 627; x_wconf 93' lang='lat' dir='ltr'><strong>si</strong></span> <span class='ocrx_word' id='word_1_24' title='bbox 1735 574 1980 643; x_wconf 86' lang='lat' dir='ltr'><strong>pietatem</strong></span> <span class='ocrx_word' id='word_1_25' title='bbox 2010 589 2108 630; x_wconf 80' lang='lat' dir='ltr'><strong>ex-</strong></span> 
     </span>
    </p>
   </div>
   <div class='ocr_carea' id='block_1_5' title="bbox 529 660 2106 736">
    <p class='ocr_par' dir='ltr' id='par_1_5' title="bbox 529 660 2106 736">
     <span class='ocr_line' id='line_1_5' title="bbox 529 660 2106 736; baseline 0.003 -20"><span class='ocrx_word' id='word_1_26' title='bbox 529 660 754 726; x_wconf 87' lang='lat' dir='ltr'><strong>hibeas,</strong></span> <span class='ocrx_word' id='word_1_27' title='bbox 809 661 1136 731; x_wconf 86' lang='lat' dir='ltr'><strong>multamque</strong></span> <span class='ocrx_word' id='word_1_28' title='bbox 1177 660 1352 718; x_wconf 85' lang='lat' dir='ltr'><strong>cordis</strong></span> <span class='ocrx_word' id='word_1_29' title='bbox 1403 664 1905 734; x_wconf 88' lang='lat' dir='ltr'><strong>compunctionem,</strong></span> <span class='ocrx_word' id='word_1_30' title='bbox 1953 675 2106 736; x_wconf 84' lang='lat' dir='ltr'><strong>potes</strong></span> 
     </span>
    </p>
   </div>
   <div class='ocr_carea' id='block_1_6' title="bbox 528 751 2104 824">
    <p class='ocr_par' dir='ltr' id='par_1_6' title="bbox 528 751 2104 824">
     <span class='ocr_line' id='line_1_6' title="bbox 528 751 2104 824; baseline 0.003 -18"><span class='ocrx_word' id='word_1_31' title='bbox 528 752 678 806; x_wconf 89' lang='lat' dir='ltr'><strong>illum</strong></span> <span class='ocrx_word' id='word_1_32' title='bbox 705 751 884 808; x_wconf 89' lang='lat' dir='ltr'><strong>videre</strong></span> <span class='ocrx_word' id='word_1_33' title='bbox 904 793 918 816; x_wconf 87' lang='lat'><strong>,</strong></span> <span class='ocrx_word' id='word_1_34' title='bbox 964 762 1114 824; x_wconf 89' lang='lat' dir='ltr'><strong>potes</strong></span> <span class='ocrx_word' id='word_1_35' title='bbox 1145 761 1306 808; x_wconf 92' lang='lat' dir='ltr'><strong>totam</strong></span> <span class='ocrx_word' id='word_1_36' title='bbox 1332 753 1546 812; x_wconf 82' lang='lat' dir='ltr'><strong>diruere</strong></span> <span class='ocrx_word' id='word_1_37' title='bbox 1575 756 1858 811; x_wconf 80' lang='lat' dir='ltr'><strong>maceriam</strong></span> <span class='ocrx_word' id='word_1_38' title='bbox 1882 795 1900 822; x_wconf 95' lang='lat'><strong>,</strong></span> <span class='ocrx_word' id='word_1_39' title='bbox 1937 765 2104 810; x_wconf 90' lang='lat' dir='ltr'><strong>totum</strong></span> 
     </span>
    </p>
   </div>
   <div class='ocr_carea' id='block_1_7' title="bbox 527 843 2102 918">
    <p class='ocr_par' dir='ltr' id='par_1_7' title="bbox 527 843 2102 918">
     <span class='ocr_line' id='line_1_7' title="bbox 527 843 2102 918; baseline 0.003 -21"><span class='ocrx_word' id='word_1_40' title='bbox 527 843 847 900; x_wconf 73' lang='lat' dir='ltr'><strong>submovere</strong></span> <span class='ocrx_word' id='word_1_41' title='bbox 873 845 1237 911; x_wconf 79' lang='lat' dir='ltr'><strong>obstaculum,</strong></span> <span class='ocrx_word' id='word_1_42' title='bbox 1256 845 1566 904; x_wconf 84' lang='lat' dir='ltr'><strong>abbreviare</strong></span> <span class='ocrx_word' id='word_1_43' title='bbox 1584 847 1680 901; x_wconf 67' lang='lat' dir='ltr'><strong>vice</strong></span> <span class='ocrx_word' id='word_1_44' title='bbox 1699 849 2102 918; x_wconf 78' lang='lat' dir='ltr'><strong>longitudinem.</strong></span> 
     </span>
    </p>
   </div>
   <div class='ocr_carea' id='block_1_8' title="bbox 525 932 2104 1008">
    <p class='ocr_par' dir='ltr' id='par_1_8' title="bbox 525 932 2104 1008">
     <span class='ocr_line' id='line_1_8' title="bbox 525 932 2104 1008; baseline 0.005 -22"><span class='ocrx_word' id='word_1_45' title='bbox 525 932 668 988; x_wconf 76' lang='lat' dir='ltr'><strong>Deus</strong></span> <span class='ocrx_word' id='word_1_46' title='bbox 703 934 834 990; x_wconf 75' lang='lat' dir='ltr'><strong>enim</strong></span> <span class='ocrx_word' id='word_1_47' title='bbox 856 974 873 1001; x_wconf 92' lang='lat'><strong>,</strong></span> <span class='ocrx_word' id='word_1_48' title='bbox 916 934 1116 1006; x_wconf 88' lang='lat' dir='ltr'><strong>inquit,</strong></span> <span class='ocrx_word' id='word_1_49' title='bbox 1165 936 1579 1006; x_wconf 83' lang='lat' dir='ltr'><strong>apprOpinquans</strong></span> <span class='ocrx_word' id='word_1_50' title='bbox 1605 953 1696 1008; x_wconf 79' lang='lat' dir='ltr'><strong>ego</strong></span> <span class='ocrx_word' id='word_1_51' title='bbox 1723 954 1836 992; x_wconf 82' lang='lat' dir='ltr'><strong>sum</strong></span> <span class='ocrx_word' id='word_1_52' title='bbox 1860 979 1878 1004; x_wconf 97' lang='lat'><strong>,</strong></span> <span class='ocrx_word' id='word_1_53' title='bbox 1916 949 1964 994; x_wconf 82' lang='lat' dir='ltr'><strong>et</strong></span> <span class='ocrx_word' id='word_1_54' title='bbox 2003 955 2104 994; x_wconf 86' lang='lat' dir='ltr'><strong>non</strong></span> 
     </span>
    </p>
   </div>
   <div class='ocr_carea' id='block_1_9' title="bbox 524 1022 2108 1098">
    <p class='ocr_par' dir='ltr' id='par_1_9' title="bbox 524 1022 2108 1098">
     <span class='ocr_line' id='line_1_9' title="bbox 524 1022 2108 1098; baseline 0.003 -20"><span class='ocrx_word' id='word_1_55' title='bbox 524 1022 666 1090; x_wconf 75' lang='lat' dir='ltr'><strong>Deus</strong></span> <span class='ocrx_word' id='word_1_56' title='bbox 705 1025 884 1094; x_wconf 79' lang='lat' dir='ltr'><strong>procul</strong></span> <span class='ocrx_word' id='word_1_57' title='bbox 915 1024 1127 1090; x_wconf 81' lang='lat' dir='ltr'><strong>(Jerent.</strong></span> <span class='ocrx_word' id='word_1_58' title='bbox 1153 1026 1243 1082; x_wconf 73' lang='grc'><strong>25.</strong></span> <span class='ocrx_word' id='word_1_59' title='bbox 1282 1027 1376 1096; x_wconf 74' lang='grc'><strong>23)</strong></span> <span class='ocrx_word' id='word_1_60' title='bbox 1397 1067 1416 1093; x_wconf 86' lang='grc'><em>,</em></span> <span class='ocrx_word' id='word_1_61' title='bbox 1451 1036 1526 1094; x_wconf 90' lang='lat' dir='ltr'><strong>et,</strong></span> <span class='ocrx_word' id='word_1_62' title='bbox 1559 1025 1809 1082; x_wconf 77' lang='lat' dir='ltr'><strong>Dominus</strong></span> <span class='ocrx_word' id='word_1_63' title='bbox 1842 1044 2001 1098; x_wconf 83' lang='lat' dir='ltr'><strong>prope</strong></span> <span class='ocrx_word' id='word_1_64' title='bbox 2034 1038 2108 1082; x_wconf 75' lang='lat' dir='ltr'><strong>est</strong></span> 
     </span>
    </p>
   </div>
   <div class='ocr_carea' id='block_1_10' title="bbox 523 1116 2103 1192">
    <p class='ocr_par' dir='ltr' id='par_1_10' title="bbox 523 1116 2103 1192">
     <span class='ocr_line' id='line_1_10' title="bbox 523 1116 2103 1192; baseline 0.004 -23"><span class='ocrx_word' id='word_1_65' title='bbox 523 1116 754 1174; x_wconf 77' lang='lat' dir='ltr'><strong>omnibus</strong></span> <span class='ocrx_word' id='word_1_66' title='bbox 772 1116 1114 1172; x_wconf 73' lang='lat' dir='ltr'><strong>invocantibus</strong></span> <span class='ocrx_word' id='word_1_67' title='bbox 1140 1119 1306 1188; x_wconf 84' lang='lat' dir='ltr'><strong>ipsum</strong></span> <span class='ocrx_word' id='word_1_68' title='bbox 1331 1119 1382 1172; x_wconf 82' lang='lat' dir='ltr'><strong>in</strong></span> <span class='ocrx_word' id='word_1_69' title='bbox 1411 1120 1614 1174; x_wconf 76' lang='lat' dir='ltr'><strong>veritate</strong></span> <span class='ocrx_word' id='word_1_70' title='bbox 1641 1119 1811 1192; x_wconf 83' lang='lat' dir='ltr'><strong>(Psal.</strong></span> <span class='ocrx_word' id='word_1_71' title='bbox 1839 1122 1961 1176; x_wconf 69' lang='grc'><strong>144.</strong></span> <span class='ocrx_word' id='word_1_72' title='bbox 1992 1121 2103 1192; x_wconf 73' lang='grc'><strong>18).</strong></span> 
     </span>
    </p>
   </div>
   <div class='ocr_carea' id='block_1_11' title="bbox 528 1204 2103 1268">
    <p class='ocr_par' dir='ltr' id='par_1_11' title="bbox 528 1204 2103 1268">
     <span class='ocr_line' id='line_1_11' title="bbox 528 1204 2103 1268; baseline 0.005 -8"><span class='ocrx_word' id='word_1_73' title='bbox 528 1204 676 1260; x_wconf 84' lang='lat' dir='ltr'><strong>Nunc</strong></span> <span class='ocrx_word' id='word_1_74' title='bbox 699 1215 874 1262; x_wconf 88' lang='lat' dir='ltr'><strong>autem</strong></span> <span class='ocrx_word' id='word_1_75' title='bbox 902 1209 1054 1263; x_wconf 89' lang='lat' dir='ltr'><strong>multi</strong></span> <span class='ocrx_word' id='word_1_76' title='bbox 1081 1208 1315 1264; x_wconf 81' lang='lat' dir='ltr'><strong>fidelium</strong></span> <span class='ocrx_word' id='word_1_77' title='bbox 1346 1209 1400 1264; x_wconf 92' lang='lat' dir='ltr'><strong>in</strong></span> <span class='ocrx_word' id='word_1_78' title='bbox 1428 1219 1625 1266; x_wconf 82' lang='lat' dir='ltr'><strong>tantam</strong></span> <span class='ocrx_word' id='word_1_79' title='bbox 1654 1210 1956 1266; x_wconf 83' lang='lat' dir='ltr'><strong>vecordiam</strong></span> <span class='ocrx_word' id='word_1_80' title='bbox 1986 1221 2103 1268; x_wconf 82' lang='lat' dir='ltr'><strong>tan-</strong></span> 
     </span>
    </p>
   </div>
   <div class='ocr_carea' id='block_1_12' title="bbox 529 1301 2105 1370">
    <p class='ocr_par' dir='ltr' id='par_1_12' title="bbox 529 1301 2105 1370">
     <span class='ocr_line' id='line_1_12' title="bbox 529 1301 2105 1370; baseline 0 -21"><span class='ocrx_word' id='word_1_81' title='bbox 529 1304 746 1366; x_wconf 89' lang='lat' dir='ltr'><strong>tumque</strong></span> <span class='ocrx_word' id='word_1_82' title='bbox 771 1311 967 1353; x_wconf 78' lang='lat' dir='ltr'><strong>venere</strong></span> <span class='ocrx_word' id='word_1_83' title='bbox 995 1307 1356 1370; x_wconf 87' lang='lat' dir='ltr'><strong>contemptum</strong></span> <span class='ocrx_word' id='word_1_84' title='bbox 1375 1341 1391 1366; x_wconf 93' lang='lat'><strong>,</strong></span> <span class='ocrx_word' id='word_1_85' title='bbox 1425 1309 1482 1354; x_wconf 90' lang='lat' dir='ltr'><strong>ut</strong></span> <span class='ocrx_word' id='word_1_86' title='bbox 1513 1315 1632 1355; x_wconf 91' lang='lat' dir='ltr'><strong>cum</strong></span> <span class='ocrx_word' id='word_1_87' title='bbox 1665 1301 1956 1356; x_wconf 86' lang='lat' dir='ltr'><strong>innumeris</strong></span> <span class='ocrx_word' id='word_1_88' title='bbox 1984 1316 2105 1356; x_wconf 73' lang='lat' dir='ltr'><strong>sca.</strong></span> 
     </span>
    </p>
   </div>
   <div class='ocr_carea' id='block_1_13' title="bbox 525 1387 2104 1458">
    <p class='ocr_par' dir='ltr' id='par_1_13' title="bbox 525 1387 2104 1458">
     <span class='ocr_line' id='line_1_13' title="bbox 525 1387 2104 1458; baseline 0.001 -14"><span class='ocrx_word' id='word_1_89' title='bbox 525 1392 672 1444; x_wconf 82' lang='lat' dir='ltr'><strong>team</strong></span> <span class='ocrx_word' id='word_1_90' title='bbox 695 1387 848 1442; x_wconf 87' lang='lat' dir='ltr'><strong>malis</strong></span> <span class='ocrx_word' id='word_1_91' title='bbox 869 1428 884 1452; x_wconf 89' lang='lat'><strong>,</strong></span> <span class='ocrx_word' id='word_1_92' title='bbox 928 1388 1230 1458; x_wconf 79' lang='lat' dir='ltr'><strong>nullamque</strong></span> <span class='ocrx_word' id='word_1_93' title='bbox 1258 1390 1376 1446; x_wconf 73' lang='lat' dir='ltr'><strong>vita:</strong></span> <span class='ocrx_word' id='word_1_94' title='bbox 1402 1407 1513 1446; x_wconf 72' lang='lat' dir='ltr'><strong>sum</strong></span> <span class='ocrx_word' id='word_1_95' title='bbox 1541 1405 1723 1446; x_wconf 89' lang='lat' dir='ltr'><strong>curam</strong></span> <span class='ocrx_word' id='word_1_96' title='bbox 1752 1391 1981 1446; x_wconf 68' lang='lat' dir='ltr'><strong>habeant</strong></span> <span class='ocrx_word' id='word_1_97' title='bbox 2001 1433 2016 1456; x_wconf 93' lang='lat'><strong>,</strong></span> <span class='ocrx_word' id='word_1_98' title='bbox 2051 1392 2104 1445; x_wconf 87' lang='lat' dir='ltr'><strong>iu</strong></span> 
     </span>
    </p>
   </div>
   <div class='ocr_carea' id='block_1_14' title="bbox 525 1475 2104 1550">
    <p class='ocr_par' dir='ltr' id='par_1_14' title="bbox 525 1475 2104 1550">
     <span class='ocr_line' id='line_1_14' title="bbox 525 1475 2104 1550; baseline 0.004 -19"><span class='ocrx_word' id='word_1_99' title='bbox 525 1475 713 1533; x_wconf 88' lang='lat' dir='ltr'><strong>diebus</strong></span> <span class='ocrx_word' id='word_1_100' title='bbox 739 1477 884 1533; x_wconf 86' lang='lat' dir='ltr'><strong>festis</strong></span> <span class='ocrx_word' id='word_1_101' title='bbox 913 1480 1239 1550; x_wconf 75' lang='lat' dir='ltr'><strong>negligenter</strong></span> <span class='ocrx_word' id='word_1_102' title='bbox 1265 1496 1329 1536; x_wconf 91' lang='lat' dir='ltr'><strong>ac</strong></span> <span class='ocrx_word' id='word_1_103' title='bbox 1355 1490 1555 1537; x_wconf 87' lang='lat' dir='ltr'><strong>temere</strong></span> <span class='ocrx_word' id='word_1_104' title='bbox 1590 1483 1655 1537; x_wconf 89' lang='lat' dir='ltr'><strong>ad</strong></span> <span class='ocrx_word' id='word_1_105' title='bbox 1690 1498 1927 1538; x_wconf 87' lang='lat' dir='ltr'><strong>mensam</strong></span> <span class='ocrx_word' id='word_1_106' title='bbox 1969 1483 2104 1538; x_wconf 86' lang='lat' dir='ltr'><strong>hanc</strong></span> 
     </span>
    </p>
   </div>
   <div class='ocr_carea' id='block_1_15' title="bbox 525 1567 2105 1642">
    <p class='ocr_par' dir='ltr' id='par_1_15' title="bbox 525 1567 2105 1642">
     <span class='ocr_line' id='line_1_15' title="bbox 525 1567 2105 1642; baseline 0.006 -22"><span class='ocrx_word' id='word_1_107' title='bbox 525 1567 798 1633; x_wconf 87' lang='lat' dir='ltr'><strong>accedant,</strong></span> <span class='ocrx_word' id='word_1_108' title='bbox 831 1568 970 1624; x_wconf 93' lang='lat' dir='ltr'><strong>haud</strong></span> <span class='ocrx_word' id='word_1_109' title='bbox 998 1570 1369 1642; x_wconf 86' lang='lat' dir='ltr'><strong>iutelligentes.</strong></span> <span class='ocrx_word' id='word_1_110' title='bbox 1397 1571 1535 1642; x_wconf 89' lang='lat' dir='ltr'><strong>quod</strong></span> <span class='ocrx_word' id='word_1_111' title='bbox 1561 1574 1950 1628; x_wconf 85' lang='lat' dir='ltr'><strong>communionis</strong></span> <span class='ocrx_word' id='word_1_112' title='bbox 1969 1581 2105 1628; x_wconf 81' lang='lat' dir='ltr'><strong>tem-</strong></span> 
     </span>
    </p>
   </div>
   <div class='ocr_carea' id='block_1_16' title="bbox 527 1661 2102 1734">
    <p class='ocr_par' dir='ltr' id='par_1_16' title="bbox 527 1661 2102 1734">
     <span class='ocr_line' id='line_1_16' title="bbox 527 1661 2102 1734; baseline 0.004 -19"><span class='ocrx_word' id='word_1_113' title='bbox 527 1675 627 1730; x_wconf 89' lang='lat' dir='ltr'><strong>pus</strong></span> <span class='ocrx_word' id='word_1_114' title='bbox 652 1676 756 1716; x_wconf 92' lang='lat' dir='ltr'><strong>non</strong></span> <span class='ocrx_word' id='word_1_115' title='bbox 779 1672 860 1717; x_wconf 90' lang='lat' dir='ltr'><strong>est</strong></span> <span class='ocrx_word' id='word_1_116' title='bbox 888 1661 1101 1730; x_wconf 87' lang='lat' dir='ltr'><strong>festum,</strong></span> <span class='ocrx_word' id='word_1_117' title='bbox 1131 1679 1304 1734; x_wconf 90' lang='lat' dir='ltr'><strong>neque</strong></span> <span class='ocrx_word' id='word_1_118' title='bbox 1330 1666 1638 1732; x_wconf 87' lang='lat' dir='ltr'><strong>celebritas,</strong></span> <span class='ocrx_word' id='word_1_119' title='bbox 1665 1667 1762 1722; x_wconf 91' lang='lat' dir='ltr'><strong>sed</strong></span> <span class='ocrx_word' id='word_1_120' title='bbox 1783 1668 2102 1726; x_wconf 88' lang='lat' dir='ltr'><strong>conscientia</strong></span> 
     </span>
    </p>
   </div>
   <div class='ocr_carea' id='block_1_17' title="bbox 526 1754 2103 1828">
    <p class='ocr_par' dir='ltr' id='par_1_17' title="bbox 526 1754 2103 1828">
     <span class='ocr_line' id='line_1_17' title="bbox 526 1754 2103 1828; baseline 0.006 -23"><span class='ocrx_word' id='word_1_121' title='bbox 526 1767 692 1820; x_wconf 76' lang='lat' dir='ltr'><strong>pura,</strong></span> <span class='ocrx_word' id='word_1_122' title='bbox 738 1754 947 1822; x_wconf 82' lang='lat' dir='ltr'><strong>vitaque</strong></span> <span class='ocrx_word' id='word_1_123' title='bbox 983 1769 1013 1814; x_wconf 70' lang='grc' dir='ltr'><strong>τι</strong></span> <span class='ocrx_word' id='word_1_124' title='bbox 1050 1756 1282 1824; x_wconf 84' lang='lat' dir='ltr'><strong>peccatis</strong></span> <span class='ocrx_word' id='word_1_125' title='bbox 1320 1767 1624 1826; x_wconf 84' lang='lat' dir='ltr'><strong>repurgata.</strong></span> <span class='ocrx_word' id='word_1_126' title='bbox 1670 1759 1818 1814; x_wconf 87' lang='lat' dir='ltr'><strong>Sicut</strong></span> <span class='ocrx_word' id='word_1_127' title='bbox 1845 1759 1986 1814; x_wconf 89' lang='lat' dir='ltr'><strong>enim</strong></span> <span class='ocrx_word' id='word_1_128' title='bbox 2013 1759 2103 1828; x_wconf 88' lang='lat' dir='ltr'><strong>qui</strong></span> 
     </span>
    </p>
   </div>
   <div class='ocr_carea' id='block_1_18' title="bbox 524 1842 2104 1920">
    <p class='ocr_par' dir='ltr' id='par_1_18' title="bbox 524 1842 2104 1920">
     <span class='ocr_line' id='line_1_18' title="bbox 524 1842 2104 1920; baseline 0.007 -25"><span class='ocrx_word' id='word_1_129' title='bbox 524 1842 627 1896; x_wconf 89' lang='lat' dir='ltr'><strong>sibi</strong></span> <span class='ocrx_word' id='word_1_130' title='bbox 659 1843 852 1898; x_wconf 89' lang='lat' dir='ltr'><strong>nullius</strong></span> <span class='ocrx_word' id='word_1_131' title='bbox 895 1844 1018 1900; x_wconf 90' lang='lat' dir='ltr'><strong>mali</strong></span> <span class='ocrx_word' id='word_1_132' title='bbox 1044 1846 1288 1902; x_wconf 88' lang='lat' dir='ltr'><strong>conscius</strong></span> <span class='ocrx_word' id='word_1_133' title='bbox 1314 1857 1430 1911; x_wconf 90' lang='lat' dir='ltr'><strong>est,</strong></span> <span class='ocrx_word' id='word_1_134' title='bbox 1471 1847 1611 1904; x_wconf 90' lang='lat' dir='ltr'><strong>hunc</strong></span> <span class='ocrx_word' id='word_1_135' title='bbox 1646 1856 1856 1918; x_wconf 84' lang='lat' dir='ltr'><strong>oportet</strong></span> <span class='ocrx_word' id='word_1_136' title='bbox 1883 1851 2104 1920; x_wconf 73' lang='lat' dir='ltr'><strong>singulis</strong></span> 
     </span>
    </p>
   </div>
   <div class='ocr_carea' id='block_1_19' title="bbox 523 1932 2104 2008">
    <p class='ocr_par' dir='ltr' id='par_1_19' title="bbox 523 1932 2104 2008">
     <span class='ocr_line' id='line_1_19' title="bbox 523 1932 2104 2008; baseline 0.007 -22"><span class='ocrx_word' id='word_1_137' title='bbox 523 1932 713 1988; x_wconf 90' lang='lat' dir='ltr'><strong>diebus</strong></span> <span class='ocrx_word' id='word_1_138' title='bbox 732 1933 1025 1999; x_wconf 86' lang='lat' dir='ltr'><strong>accedere;</strong></span> <span class='ocrx_word' id='word_1_139' title='bbox 1067 1935 1145 1989; x_wconf 88' lang='lat' dir='ltr'><strong>sic</strong></span> <span class='ocrx_word' id='word_1_140' title='bbox 1181 1936 1271 2005; x_wconf 91' lang='lat' dir='ltr'><strong>qui</strong></span> <span class='ocrx_word' id='word_1_141' title='bbox 1297 1937 1527 2007; x_wconf 86' lang='lat' dir='ltr'><strong>peccatis</strong></span> <span class='ocrx_word' id='word_1_142' title='bbox 1555 1949 1844 2008; x_wconf 88' lang='lat' dir='ltr'><strong>occupatus</strong></span> <span class='ocrx_word' id='word_1_143' title='bbox 1872 1949 1975 2006; x_wconf 87' lang='lat' dir='ltr'><strong>est,</strong></span> <span class='ocrx_word' id='word_1_144' title='bbox 2005 1955 2104 1997; x_wconf 90' lang='lat' dir='ltr'><strong>nec</strong></span> 
     </span>
    </p>
   </div>
   <div class='ocr_carea' id='block_1_20' title="bbox 526 2025 2099 2098">
    <p class='ocr_par' dir='ltr' id='par_1_20' title="bbox 526 2025 2099 2098">
     <span class='ocr_line' id='line_1_20' title="bbox 526 2025 2099 2098; baseline 0.008 -25"><span class='ocrx_word' id='word_1_145' title='bbox 526 2027 766 2092; x_wconf 66' lang='lat' dir='ltr'><strong>paenitet,</strong></span> <span class='ocrx_word' id='word_1_146' title='bbox 792 2040 913 2080; x_wconf 89' lang='lat' dir='ltr'><strong>eum</strong></span> <span class='ocrx_word' id='word_1_147' title='bbox 942 2041 1009 2080; x_wconf 91' lang='lat' dir='ltr'><strong>ne</strong></span> <span class='ocrx_word' id='word_1_148' title='bbox 1039 2026 1094 2084; x_wconf 88' lang='lat' dir='ltr'><strong>in</strong></span> <span class='ocrx_word' id='word_1_149' title='bbox 1121 2025 1268 2082; x_wconf 86' lang='lat' dir='ltr'><strong>festis</strong></span> <span class='ocrx_word' id='word_1_150' title='bbox 1287 2028 1500 2098; x_wconf 85' lang='lat' dir='ltr'><strong>quidem</strong></span> <span class='ocrx_word' id='word_1_151' title='bbox 1527 2029 1779 2086; x_wconf 87' lang='lat' dir='ltr'><strong>accedere</strong></span> <span class='ocrx_word' id='word_1_152' title='bbox 1801 2040 1970 2086; x_wconf 83' lang='lat' dir='ltr'><strong>tutum</strong></span> <span class='ocrx_word' id='word_1_153' title='bbox 1998 2041 2099 2087; x_wconf 81' lang='lat' dir='ltr'><strong>est.</strong></span> 
     </span>
    </p>
   </div>
   <div class='ocr_carea' id='block_1_21' title="bbox 522 2114 2104 2188">
    <p class='ocr_par' dir='ltr' id='par_1_21' title="bbox 522 2114 2104 2188">
     <span class='ocr_line' id='line_1_21' title="bbox 522 2114 2104 2188; baseline 0.005 -18"><span class='ocrx_word' id='word_1_154' title='bbox 522 2114 704 2184; x_wconf 83' lang='lat' dir='ltr'><strong>Neque</strong></span> <span class='ocrx_word' id='word_1_155' title='bbox 732 2117 874 2175; x_wconf 90' lang='lat' dir='ltr'><strong>enim</strong></span> <span class='ocrx_word' id='word_1_156' title='bbox 903 2117 1070 2172; x_wconf 87' lang='lat' dir='ltr'><strong>semel</strong></span> <span class='ocrx_word' id='word_1_157' title='bbox 1111 2117 1165 2174; x_wconf 93' lang='lat' dir='ltr'><strong>in</strong></span> <span class='ocrx_word' id='word_1_158' title='bbox 1209 2133 1350 2174; x_wconf 89' lang='lat' dir='ltr'><strong>anno</strong></span> <span class='ocrx_word' id='word_1_159' title='bbox 1391 2120 1645 2176; x_wconf 83' lang='lat' dir='ltr'><strong>accedere</strong></span> <span class='ocrx_word' id='word_1_160' title='bbox 1667 2163 1683 2188; x_wconf 96' lang='lat'><strong>,</strong></span> <span class='ocrx_word' id='word_1_161' title='bbox 1730 2122 1914 2180; x_wconf 86' lang='lat' dir='ltr'><strong>liberat</strong></span> <span class='ocrx_word' id='word_1_162' title='bbox 1948 2139 2046 2178; x_wconf 89' lang='lat' dir='ltr'><strong>nos</strong></span> <span class='ocrx_word' id='word_1_163' title='bbox 2071 2140 2104 2178; x_wconf 89' lang='lat' dir='ltr'><strong>a</strong></span> 
     </span>
    </p>
   </div>
   <div class='ocr_carea' id='block_1_22' title="bbox 522 2207 2102 2287">
    <p class='ocr_par' dir='ltr' id='par_1_22' title="bbox 522 2207 2102 2287">
     <span class='ocr_line' id='line_1_22' title="bbox 522 2207 2102 2287; baseline 0.009 -28"><span class='ocrx_word' id='word_1_164' title='bbox 522 2207 752 2276; x_wconf 87' lang='lat' dir='ltr'><strong>peccatis</strong></span> <span class='ocrx_word' id='word_1_165' title='bbox 775 2248 791 2273; x_wconf 95' lang='lat'><strong>,</strong></span> <span class='ocrx_word' id='word_1_166' title='bbox 837 2208 882 2261; x_wconf 91' lang='lat' dir='ltr'><strong>si</strong></span> <span class='ocrx_word' id='word_1_167' title='bbox 924 2208 1139 2279; x_wconf 89' lang='lat' dir='ltr'><strong>indigne</strong></span> <span class='ocrx_word' id='word_1_168' title='bbox 1175 2210 1555 2268; x_wconf 86' lang='lat' dir='ltr'><strong>accesserimus</strong></span> <span class='ocrx_word' id='word_1_169' title='bbox 1583 2231 1596 2266; x_wconf 90' lang='lat'>:</span> <span class='ocrx_word' id='word_1_170' title='bbox 1627 2214 1752 2284; x_wconf 91' lang='lat' dir='ltr'><strong>quin</strong></span> <span class='ocrx_word' id='word_1_171' title='bbox 1802 2214 1902 2270; x_wconf 86' lang='lat' dir='ltr'><strong>hoc</strong></span> <span class='ocrx_word' id='word_1_172' title='bbox 1932 2217 2102 2287; x_wconf 85' lang='lat' dir='ltr'><strong>ipsum</strong></span> 
     </span>
    </p>
   </div>
   <div class='ocr_carea' id='block_1_23' title="bbox 524 2298 2100 2373">
    <p class='ocr_par' dir='ltr' id='par_1_23' title="bbox 524 2298 2100 2373">
     <span class='ocr_line' id='line_1_23' title="bbox 524 2298 2100 2373; baseline 0.008 -23"><span class='ocrx_word' id='word_1_173' title='bbox 524 2298 697 2368; x_wconf 86' lang='lat' dir='ltr'><strong>potius</strong></span> <span class='ocrx_word' id='word_1_174' title='bbox 725 2306 882 2370; x_wconf 86' lang='lat' dir='ltr'><strong>auget</strong></span> <span class='ocrx_word' id='word_1_175' title='bbox 906 2299 1300 2359; x_wconf 89' lang='lat' dir='ltr'><strong>damnationem</strong></span> <span class='ocrx_word' id='word_1_176' title='bbox 1319 2343 1334 2366; x_wconf 93' lang='lat'><strong>,</strong></span> <span class='ocrx_word' id='word_1_177' title='bbox 1380 2303 1521 2373; x_wconf 91' lang='lat' dir='ltr'><strong>quod</strong></span> <span class='ocrx_word' id='word_1_178' title='bbox 1547 2309 1668 2360; x_wconf 87' lang='lat' dir='ltr'><strong>cum</strong></span> <span class='ocrx_word' id='word_1_179' title='bbox 1696 2306 1866 2362; x_wconf 86' lang='lat' dir='ltr'><strong>semel</strong></span> <span class='ocrx_word' id='word_1_180' title='bbox 1898 2315 2100 2366; x_wconf 88' lang='lat' dir='ltr'><strong>tantum</strong></span> 
     </span>
    </p>
   </div>
   <div class='ocr_carea' id='block_1_24' title="bbox 519 2389 2098 2466">
    <p class='ocr_par' dir='ltr' id='par_1_24' title="bbox 519 2389 2098 2466">
     <span class='ocr_line' id='line_1_24' title="bbox 519 2389 2098 2466; baseline 0.007 -23"><span class='ocrx_word' id='word_1_181' title='bbox 519 2389 869 2456; x_wconf 81' lang='lat' dir='ltr'><strong>accedamus,</strong></span> <span class='ocrx_word' id='word_1_182' title='bbox 912 2405 980 2446; x_wconf 90' lang='lat' dir='ltr'><strong>ne</strong></span> <span class='ocrx_word' id='word_1_183' title='bbox 1027 2399 1138 2448; x_wconf 91' lang='lat' dir='ltr'><strong>tum</strong></span> <span class='ocrx_word' id='word_1_184' title='bbox 1184 2393 1397 2464; x_wconf 89' lang='lat' dir='ltr'><strong>quidem</strong></span> <span class='ocrx_word' id='word_1_185' title='bbox 1443 2409 1572 2464; x_wconf 90' lang='lat' dir='ltr'><strong>pure</strong></span> <span class='ocrx_word' id='word_1_186' title='bbox 1613 2397 1934 2460; x_wconf 86' lang='lat' dir='ltr'><strong>accedimus.</strong></span> <span class='ocrx_word' id='word_1_187' title='bbox 1963 2398 2098 2466; x_wconf 82' lang='lat' dir='ltr'><strong>Qua-</strong></span> 
     </span>
    </p>
   </div>
   <div class='ocr_carea' id='block_1_25' title="bbox 523 2479 2102 2556">
    <p class='ocr_par' dir='ltr' id='par_1_25' title="bbox 523 2479 2102 2556">
     <span class='ocr_line' id='line_1_25' title="bbox 523 2479 2102 2556; baseline 0.009 -26"><span class='ocrx_word' id='word_1_188' title='bbox 523 2489 737 2548; x_wconf 76' lang='lat' dir='ltr'><strong>propter</strong></span> <span class='ocrx_word' id='word_1_189' title='bbox 779 2479 1038 2538; x_wconf 83' lang='lat' dir='ltr'><strong>adhortor</strong></span> <span class='ocrx_word' id='word_1_190' title='bbox 1065 2497 1161 2538; x_wconf 91' lang='lat' dir='ltr'><strong>vos</strong></span> <span class='ocrx_word' id='word_1_191' title='bbox 1204 2497 1393 2539; x_wconf 91' lang='lat' dir='ltr'><strong>omnes</strong></span> <span class='ocrx_word' id='word_1_192' title='bbox 1438 2500 1508 2540; x_wconf 91' lang='lat' dir='ltr'><strong>ne</strong></span> <span class='ocrx_word' id='word_1_193' title='bbox 1552 2487 1898 2556; x_wconf 82' lang='lat' dir='ltr'><strong>negligenter,</strong></span> <span class='ocrx_word' id='word_1_194' title='bbox 1938 2490 2102 2546; x_wconf 88' lang='lat' dir='ltr'><strong>veluti</strong></span> 
     </span>
    </p>
   </div>
   <div class='ocr_carea' id='block_1_26' title="bbox 522 2569 2101 2647">
    <p class='ocr_par' dir='ltr' id='par_1_26' title="bbox 522 2569 2101 2647">
     <span class='ocr_line' id='line_1_26' title="bbox 522 2569 2101 2647; baseline 0.008 -23"><span class='ocrx_word' id='word_1_195' title='bbox 522 2570 658 2626; x_wconf 82' lang='lat' dir='ltr'><strong>festo</strong></span> <span class='ocrx_word' id='word_1_196' title='bbox 681 2569 769 2624; x_wconf 92' lang='lat' dir='ltr'><strong>die</strong></span> <span class='ocrx_word' id='word_1_197' title='bbox 793 2580 1016 2641; x_wconf 77' lang='lat' dir='ltr'><strong>cogente</strong></span> <span class='ocrx_word' id='word_1_198' title='bbox 1033 2611 1052 2640; x_wconf 90' lang='lat'><strong>,</strong></span> <span class='ocrx_word' id='word_1_199' title='bbox 1092 2573 1159 2629; x_wconf 90' lang='lat' dir='ltr'><strong>ad</strong></span> <span class='ocrx_word' id='word_1_200' title='bbox 1185 2573 1363 2630; x_wconf 84' lang='lat' dir='ltr'><strong>divina</strong></span> <span class='ocrx_word' id='word_1_201' title='bbox 1387 2577 1638 2646; x_wconf 80' lang='lat' dir='ltr'><strong>mysteria</strong></span> <span class='ocrx_word' id='word_1_202' title='bbox 1674 2577 1941 2634; x_wconf 88' lang='lat' dir='ltr'><strong>accedatis</strong></span> <span class='ocrx_word' id='word_1_203' title='bbox 1959 2619 1977 2647; x_wconf 92' lang='lat'><strong>,</strong></span> <span class='ocrx_word' id='word_1_204' title='bbox 2004 2580 2101 2637; x_wconf 87' lang='lat' dir='ltr'><strong>sed</strong></span> 
     </span>
    </p>
   </div>
   <div class='ocr_carea' id='block_1_27' title="bbox 520 2660 2098 2738">
    <p class='ocr_par' dir='ltr' id='par_1_27' title="bbox 520 2660 2098 2738">
     <span class='ocr_line' id='line_1_27' title="bbox 520 2660 2098 2738; baseline 0.006 -24"><span class='ocrx_word' id='word_1_205' title='bbox 520 2660 572 2722; x_wconf 85' lang='lat' dir='ltr'><strong>si</strong></span> <span class='ocrx_word' id='word_1_206' title='bbox 603 2660 817 2729; x_wconf 80' lang='lat' dir='ltr'><strong>quando</strong></span> <span class='ocrx_word' id='word_1_207' title='bbox 845 2660 1002 2730; x_wconf 85' lang='lat' dir='ltr'><strong>hujus</strong></span> <span class='ocrx_word' id='word_1_208' title='bbox 1030 2678 1194 2719; x_wconf 73' lang='lat' dir='ltr'><strong>sacrm</strong></span> <span class='ocrx_word' id='word_1_209' title='bbox 1233 2664 1418 2720; x_wconf 68' lang='lat' dir='ltr'><strong>hostia:</strong></span> <span class='ocrx_word' id='word_1_210' title='bbox 1447 2665 1608 2720; x_wconf 90' lang='lat' dir='ltr'><strong>futuri</strong></span> <span class='ocrx_word' id='word_1_211' title='bbox 1643 2667 1926 2738; x_wconf 84' lang='lat' dir='ltr'><strong>participes</strong></span> <span class='ocrx_word' id='word_1_212' title='bbox 1950 2671 2098 2735; x_wconf 86' lang='lat' dir='ltr'><strong>estis,</strong></span> 
     </span>
    </p>
   </div>
   <div class='ocr_carea' id='block_1_28' title="bbox 520 2750 2102 2833">
    <p class='ocr_par' dir='ltr' id='par_1_28' title="bbox 520 2750 2102 2833">
     <span class='ocr_line' id='line_1_28' title="bbox 520 2750 2102 2833; baseline 0.006 -27"><span class='ocrx_word' id='word_1_213' title='bbox 520 2750 702 2807; x_wconf 91' lang='lat' dir='ltr'><strong>multis</strong></span> <span class='ocrx_word' id='word_1_214' title='bbox 742 2761 866 2810; x_wconf 87' lang='lat' dir='ltr'><strong>ante</strong></span> <span class='ocrx_word' id='word_1_215' title='bbox 906 2752 1096 2808; x_wconf 89' lang='lat' dir='ltr'><strong>uiebus</strong></span> <span class='ocrx_word' id='word_1_216' title='bbox 1139 2756 1432 2828; x_wconf 85' lang='lat' dir='ltr'><strong>repurgetis</strong></span> <span class='ocrx_word' id='word_1_217' title='bbox 1461 2771 1558 2812; x_wconf 90' lang='lat' dir='ltr'><strong>vos</strong></span> <span class='ocrx_word' id='word_1_218' title='bbox 1591 2759 1734 2828; x_wconf 84' lang='lat' dir='ltr'><strong>ipsos</strong></span> <span class='ocrx_word' id='word_1_219' title='bbox 1762 2758 1781 2791; x_wconf 79' lang='grc'>³</span> <span class='ocrx_word' id='word_1_220' title='bbox 1809 2775 1906 2833; x_wconf 89' lang='lat' dir='ltr'><strong>per</strong></span> <span class='ocrx_word' id='word_1_221' title='bbox 1932 2762 2102 2832; x_wconf 52' lang='lat' dir='ltr'><strong>posui.</strong></span> 
     </span>
    </p>
   </div>
   <div class='ocr_carea' id='block_1_29' title="bbox 521 2845 2100 2923">
    <p class='ocr_par' dir='ltr' id='par_1_29' title="bbox 521 2845 2100 2923">
     <span class='ocr_line' id='line_1_29' title="bbox 521 2845 2100 2923; baseline 0.005 -24"><span class='ocrx_word' id='word_1_222' title='bbox 521 2847 770 2908; x_wconf 87' lang='lat' dir='ltr'><strong>tentiam,</strong></span> <span class='ocrx_word' id='word_1_223' title='bbox 799 2845 1158 2918; x_wconf 80' lang='lat' dir='ltr'><strong>precationem</strong></span> <span class='ocrx_word' id='word_1_224' title='bbox 1177 2856 1233 2903; x_wconf 89' lang='lat' dir='ltr'><strong>et</strong></span> <span class='ocrx_word' id='word_1_225' title='bbox 1258 2848 1668 2921; x_wconf 80' lang='lat' dir='ltr'><strong>eleemosynam,</strong></span> <span class='ocrx_word' id='word_1_226' title='bbox 1702 2867 1902 2923; x_wconf 86' lang='lat' dir='ltr'><strong>perque</strong></span> <span class='ocrx_word' id='word_1_227' title='bbox 1941 2855 2100 2923; x_wconf 84' lang='lat' dir='ltr'><strong>spiri-</strong></span> 
     </span>
    </p>
   </div>
   <div class='ocr_carea' id='block_1_30' title="bbox 520 2937 2104 3005">
    <p class='ocr_par' dir='ltr' id='par_1_30' title="bbox 520 2937 2104 3005">
     <span class='ocr_line' id='line_1_30' title="bbox 520 2937 2104 3005; baseline 0.007 -14"><span class='ocrx_word' id='word_1_228' title='bbox 520 2937 721 3002; x_wconf 85' lang='lat' dir='ltr'><strong>tualem</strong></span> <span class='ocrx_word' id='word_1_229' title='bbox 741 2937 1191 3005; x_wconf 81' lang='lat' dir='ltr'><strong>exercitationem,</strong></span> <span class='ocrx_word' id='word_1_230' title='bbox 1222 2954 1322 2996; x_wconf 85' lang='lat' dir='ltr'><strong>nec</strong></span> <span class='ocrx_word' id='word_1_231' title='bbox 1348 2940 1524 2998; x_wconf 86' lang='lat' dir='ltr'><strong>denuo</strong></span> <span class='ocrx_word' id='word_1_232' title='bbox 1543 2943 1928 2999; x_wconf 75' lang='lat' dir='ltr'><strong>convertamini</strong></span> <span class='ocrx_word' id='word_1_233' title='bbox 1951 2945 2104 3002; x_wconf 78' lang='lat' dir='ltr'><strong>canis</strong></span> 
     </span>
    </p>
   </div>
   <div class='ocr_carea' id='block_1_31' title="bbox 520 3028 2102 3102">
    <p class='ocr_par' dir='ltr' id='par_1_31' title="bbox 520 3028 2102 3102">
     <span class='ocr_line' id='line_1_31' title="bbox 520 3028 2102 3102; baseline -0.001 -16"><span class='ocrx_word' id='word_1_234' title='bbox 520 3028 575 3086; x_wconf 90' lang='lat' dir='ltr'><strong>in</strong></span> <span class='ocrx_word' id='word_1_235' title='bbox 597 3045 800 3088; x_wconf 87' lang='lat' dir='ltr'><strong>morem</strong></span> <span class='ocrx_word' id='word_1_236' title='bbox 824 3030 890 3086; x_wconf 81' lang='lat' dir='ltr'><strong>ad</strong></span> <span class='ocrx_word' id='word_1_237' title='bbox 918 3032 1186 3102; x_wconf 86' lang='lat' dir='ltr'><strong>proprium</strong></span> <span class='ocrx_word' id='word_1_238' title='bbox 1212 3033 1492 3088; x_wconf 83' lang='lat' dir='ltr'><strong>vomitum.</strong></span> <span class='ocrx_word' id='word_1_239' title='bbox 1523 3035 1714 3091; x_wconf 83' lang='lat' dir='ltr'><strong>Annon</strong></span> <span class='ocrx_word' id='word_1_240' title='bbox 1741 3037 1886 3090; x_wconf 88' lang='lat' dir='ltr'><strong>enim</strong></span> <span class='ocrx_word' id='word_1_241' title='bbox 1913 3035 2102 3094; x_wconf 81' lang='lat' dir='ltr'><strong>absur.</strong></span> 
     </span>
    </p>
   </div>
   <div class='ocr_carea' id='block_1_32' title="bbox 516 3120 2102 3196">
    <p class='ocr_par' dir='ltr' id='par_1_32' title="bbox 516 3120 2102 3196">
     <span class='ocr_line' id='line_1_32' title="bbox 516 3120 2102 3196; baseline 0.004 -21"><span class='ocrx_word' id='word_1_242' title='bbox 516 3120 646 3176; x_wconf 88' lang='lat' dir='ltr'><strong>dum</strong></span> <span class='ocrx_word' id='word_1_243' title='bbox 683 3128 882 3180; x_wconf 65' lang='lat' dir='ltr'><strong>ctutum</strong></span> <span class='ocrx_word' id='word_1_244' title='bbox 927 3120 1126 3178; x_wconf 81' lang='lat' dir='ltr'><strong>habere</strong></span> <span class='ocrx_word' id='word_1_245' title='bbox 1163 3136 1344 3178; x_wconf 83' lang='lat' dir='ltr'><strong>curam</strong></span> <span class='ocrx_word' id='word_1_246' title='bbox 1395 3139 1579 3181; x_wconf 83' lang='lat' dir='ltr'><strong>rerum</strong></span> <span class='ocrx_word' id='word_1_247' title='bbox 1605 3125 1956 3196; x_wconf 89' lang='lat' dir='ltr'><strong>corporalium</strong></span> <span class='ocrx_word' id='word_1_248' title='bbox 1981 3167 1998 3192; x_wconf 95' lang='lat'><strong>,</strong></span> <span class='ocrx_word' id='word_1_249' title='bbox 2043 3135 2102 3182; x_wconf 92' lang='lat' dir='ltr'><strong>ut</strong></span> 
     </span>
    </p>
   </div>
   <div class='ocr_carea' id='block_1_33' title="bbox 515 3211 2099 3285">
    <p class='ocr_par' dir='ltr' id='par_1_33' title="bbox 515 3211 2099 3285">
     <span class='ocr_line' id='line_1_33' title="bbox 515 3211 2099 3285; baseline 0.006 -20"><span class='ocrx_word' id='word_1_250' title='bbox 515 3221 797 3285; x_wconf 80' lang='lat' dir='ltr'><strong>appetente</strong></span> <span class='ocrx_word' id='word_1_251' title='bbox 843 3211 981 3268; x_wconf 84' lang='lat' dir='ltr'><strong>festo</strong></span> <span class='ocrx_word' id='word_1_252' title='bbox 1016 3211 1196 3270; x_wconf 87' lang='lat' dir='ltr'><strong>multis</strong></span> <span class='ocrx_word' id='word_1_253' title='bbox 1234 3222 1362 3270; x_wconf 87' lang='lat' dir='ltr'><strong>ante</strong></span> <span class='ocrx_word' id='word_1_254' title='bbox 1385 3213 1574 3271; x_wconf 87' lang='lat' dir='ltr'><strong>diebus</strong></span> <span class='ocrx_word' id='word_1_255' title='bbox 1599 3225 1800 3272; x_wconf 85' lang='lat' dir='ltr'><strong>vestem</strong></span> <span class='ocrx_word' id='word_1_256' title='bbox 1827 3231 1860 3273; x_wconf 90' lang='lat' dir='ltr'><strong>e</strong></span> <span class='ocrx_word' id='word_1_257' title='bbox 1887 3217 2099 3274; x_wconf 85' lang='lat' dir='ltr'><strong>scriniis</strong></span> 
     </span>
    </p>
   </div>
   <div class='ocr_carea' id='block_1_34' title="bbox 517 3302 2094 3375">
    <p class='ocr_par' dir='ltr' id='par_1_34' title="bbox 517 3302 2094 3375">
     <span class='ocr_line' id='line_1_34' title="bbox 517 3302 2094 3375; baseline 0.006 -22"><span class='ocrx_word' id='word_1_258' title='bbox 517 3302 927 3371; x_wconf 80' lang='lat' dir='ltr'><strong>pulcherrimam</strong></span> <span class='ocrx_word' id='word_1_259' title='bbox 955 3302 1237 3372; x_wconf 87' lang='lat' dir='ltr'><strong>diligenter</strong></span> <span class='ocrx_word' id='word_1_260' title='bbox 1263 3318 1510 3374; x_wconf 84' lang='lat' dir='ltr'><strong>appares,</strong></span> <span class='ocrx_word' id='word_1_261' title='bbox 1538 3320 1686 3361; x_wconf 87' lang='lat' dir='ltr'><strong>emas</strong></span> <span class='ocrx_word' id='word_1_262' title='bbox 1715 3307 2094 3375; x_wconf 85' lang='lat' dir='ltr'><strong>calceamenta,</strong></span> 
     </span>
    </p>
   </div>
   <div class='ocr_carea' id='block_1_35' title="bbox 515 3391 2096 3472">
    <p class='ocr_par' dir='ltr' id='par_1_35' title="bbox 515 3391 2096 3472">
     <span class='ocr_line' id='line_1_35' title="bbox 515 3391 2096 3472; baseline 0.008 -27"><span class='ocrx_word' id='word_1_263' title='bbox 515 3405 702 3449; x_wconf 88' lang='lat' dir='ltr'><strong>mensa</strong></span> <span class='ocrx_word' id='word_1_264' title='bbox 731 3391 927 3462; x_wconf 83' lang='lat' dir='ltr'><strong>largior</strong></span> <span class='ocrx_word' id='word_1_265' title='bbox 941 3392 1372 3464; x_wconf 86' lang='lat' dir='ltr'><strong>splendidiorque</strong></span> <span class='ocrx_word' id='word_1_266' title='bbox 1397 3405 1630 3465; x_wconf 88' lang='lat' dir='ltr'><strong>paretur,</strong></span> <span class='ocrx_word' id='word_1_267' title='bbox 1652 3397 1881 3472; x_wconf 88' lang='lat' dir='ltr'><strong>denique</strong></span> <span class='ocrx_word' id='word_1_268' title='bbox 1899 3400 2096 3457; x_wconf 88' lang='lat' dir='ltr'><strong>variam</strong></span> 
     </span>
    </p>
   </div>
   <div class='ocr_carea' id='block_1_36' title="bbox 517 3483 2096 3563">
    <p class='ocr_par' dir='ltr' id='par_1_36' title="bbox 517 3483 2096 3563">
     <span class='ocr_line' id='line_1_36' title="bbox 517 3483 2096 3563; baseline 0.006 -25"><span class='ocrx_word' id='word_1_269' title='bbox 517 3483 857 3554; x_wconf 78' lang='lat' dir='ltr'><strong>undiquaque</strong></span> <span class='ocrx_word' id='word_1_270' title='bbox 897 3499 1077 3541; x_wconf 88' lang='lat' dir='ltr'><strong>rerum</strong></span> <span class='ocrx_word' id='word_1_271' title='bbox 1124 3485 1332 3555; x_wconf 87' lang='lat' dir='ltr'><strong>copiam</strong></span> <span class='ocrx_word' id='word_1_272' title='bbox 1377 3488 1686 3558; x_wconf 84' lang='lat' dir='ltr'><strong>excogites,</strong></span> <span class='ocrx_word' id='word_1_273' title='bbox 1741 3492 2096 3563; x_wconf 88' lang='lat' dir='ltr'><strong>omnibusque</strong></span> 
     </span>
    </p>
   </div>
   <div class='ocr_carea' id='block_1_37' title="bbox 515 3574 2096 3649">
    <p class='ocr_par' dir='ltr' id='par_1_37' title="bbox 515 3574 2096 3649">
     <span class='ocr_line' id='line_1_37' title="bbox 515 3574 2096 3649; baseline 0.005 -19"><span class='ocrx_word' id='word_1_274' title='bbox 515 3574 690 3632; x_wconf 81' lang='lat' dir='ltr'><strong>modis</strong></span> <span class='ocrx_word' id='word_1_275' title='bbox 710 3575 1044 3647; x_wconf 78' lang='lat' dir='ltr'><strong>temetipsum</strong></span> <span class='ocrx_word' id='word_1_276' title='bbox 1081 3591 1238 3632; x_wconf 90' lang='lat' dir='ltr'><strong>ornes</strong></span> <span class='ocrx_word' id='word_1_277' title='bbox 1254 3617 1270 3644; x_wconf 92' lang='lat'><strong>,</strong></span> <span class='ocrx_word' id='word_1_278' title='bbox 1296 3576 1623 3649; x_wconf 87' lang='lat' dir='ltr'><strong>nitidumque</strong></span> <span class='ocrx_word' id='word_1_279' title='bbox 1647 3580 1840 3638; x_wconf 85' lang='lat' dir='ltr'><strong>reddas</strong></span> <span class='ocrx_word' id='word_1_280' title='bbox 1868 3583 2096 3639; x_wconf 76' lang='lat' dir='ltr'><strong>:animze</strong></span> 
     </span>
    </p>
   </div>
   <div class='ocr_carea' id='block_1_38' title="bbox 513 3665 2094 3740">
    <p class='ocr_par' dir='ltr' id='par_1_38' title="bbox 513 3665 2094 3740">
     <span class='ocr_line' id='line_1_38' title="bbox 513 3665 2094 3740; baseline 0.007 -20"><span class='ocrx_word' id='word_1_281' title='bbox 513 3680 644 3724; x_wconf 87' lang='lat' dir='ltr'><strong>vero</strong></span> <span class='ocrx_word' id='word_1_282' title='bbox 687 3665 979 3736; x_wconf 73' lang='lat' dir='ltr'><strong>neglectae,</strong></span> <span class='ocrx_word' id='word_1_283' title='bbox 1019 3665 1286 3722; x_wconf 87' lang='lat' dir='ltr'><strong>sordentis</strong></span> <span class='ocrx_word' id='word_1_284' title='bbox 1307 3709 1324 3736; x_wconf 92' lang='lat'><strong>,</strong></span> <span class='ocrx_word' id='word_1_285' title='bbox 1361 3669 1648 3740; x_wconf 68' lang='lat' dir='ltr'><strong>squalidaa,</strong></span> <span class='ocrx_word' id='word_1_286' title='bbox 1679 3671 1816 3727; x_wconf 84' lang='lat' dir='ltr'><strong>fame</strong></span> <span class='ocrx_word' id='word_1_287' title='bbox 1835 3673 2094 3730; x_wconf 69' lang='lat' dir='ltr'><strong>contaheo</strong></span> 
     </span>
    </p>
   </div>
   <div class='ocr_carea' id='block_1_39' title="bbox 513 3757 2094 3831">
    <p class='ocr_par' dir='ltr' id='par_1_39' title="bbox 513 3757 2094 3831">
     <span class='ocr_line' id='line_1_39' title="bbox 513 3757 2094 3831; baseline 0.005 -19"><span class='ocrx_word' id='word_1_288' title='bbox 513 3758 716 3814; x_wconf 89' lang='lat' dir='ltr'><strong>scentis.</strong></span> <span class='ocrx_word' id='word_1_289' title='bbox 748 3757 952 3814; x_wconf 88' lang='lat' dir='ltr'><strong>nullum</strong></span> <span class='ocrx_word' id='word_1_290' title='bbox 991 3757 1188 3814; x_wconf 85' lang='lat' dir='ltr'><strong>habeas</strong></span> <span class='ocrx_word' id='word_1_291' title='bbox 1216 3769 1519 3831; x_wconf 88' lang='lat' dir='ltr'><strong>respectum</strong></span> <span class='ocrx_word' id='word_1_292' title='bbox 1559 3777 1682 3818; x_wconf 92' lang='lat' dir='ltr'><strong>cum</strong></span> <span class='ocrx_word' id='word_1_293' title='bbox 1725 3764 1840 3818; x_wconf 91' lang='lat' dir='ltr'><strong>sola</strong></span> <span class='ocrx_word' id='word_1_294' title='bbox 1881 3773 2094 3821; x_wconf 87' lang='lat' dir='ltr'><strong>maneat</strong></span> 
     </span>
    </p>
   </div>
   <div class='ocr_carea' id='block_1_40' title="bbox 515 3850 2088 3922">
    <p class='ocr_par' dir='ltr' id='par_1_40' title="bbox 515 3850 2088 3922">
     <span class='ocr_line' id='line_1_40' title="bbox 515 3850 2088 3922; baseline 0.004 -16"><span class='ocrx_word' id='word_1_295' title='bbox 515 3851 742 3922; x_wconf 85' lang='lat' dir='ltr'><strong>impura,</strong></span> <span class='ocrx_word' id='word_1_296' title='bbox 771 3865 836 3907; x_wconf 89' lang='lat' dir='ltr'><strong>ac</strong></span> <span class='ocrx_word' id='word_1_297' title='bbox 857 3864 1051 3920; x_wconf 89' lang='lat' dir='ltr'><strong>corpus</strong></span> <span class='ocrx_word' id='word_1_298' title='bbox 1069 3850 1282 3922; x_wconf 89' lang='lat' dir='ltr'><strong>quidem</strong></span> <span class='ocrx_word' id='word_1_299' title='bbox 1307 3852 1532 3909; x_wconf 88' lang='lat' dir='ltr'><strong>nitidum</strong></span> <span class='ocrx_word' id='word_1_300' title='bbox 1557 3853 1662 3910; x_wconf 90' lang='lat' dir='ltr'><strong>huc</strong></span> <span class='ocrx_word' id='word_1_301' title='bbox 1683 3854 1939 3922; x_wconf 89' lang='lat' dir='ltr'><strong>adducas,</strong></span> <span class='ocrx_word' id='word_1_302' title='bbox 1968 3857 2088 3914; x_wconf 89' lang='lat' dir='ltr'><strong>ani-</strong></span> 
     </span>
    </p>
   </div>
   <div class='ocr_carea' id='block_1_41' title="bbox 572 4027 1556 4093">
    <p class='ocr_par' dir='ltr' id='par_1_41' title="bbox 572 4027 1556 4093">
     <span class='ocr_line' id='line_1_41' title="bbox 572 4027 1556 4093; baseline 0.005 -18"><span class='ocrx_word' id='word_1_303' title='bbox 572 4029 589 4060; x_wconf 87' lang='grc'>¹</span> <span class='ocrx_word' id='word_1_304' title='bbox 627 4034 774 4078; x_wconf 84' lang='lat' dir='ltr'><strong>Deest</strong></span> <span class='ocrx_word' id='word_1_305' title='bbox 797 4028 845 4078; x_wconf 88' lang='lat' dir='ltr'><strong>in</strong></span> <span class='ocrx_word' id='word_1_306' title='bbox 861 4027 1145 4092; x_wconf 86' lang='lat' dir='ltr'><strong>quibusdam</strong></span> <span class='ocrx_word' id='word_1_307' title='bbox 1159 4034 1287 4090; x_wconf 65' lang='grc' dir='ltr'><strong>διεδ..</strong></span> <span class='ocrx_word' id='word_1_308' title='bbox 1311 4040 1390 4080; x_wconf 78' lang='lat' dir='ltr'><strong>vos</strong></span> <span class='ocrx_word' id='word_1_309' title='bbox 1411 4027 1556 4093; x_wconf 83' lang='lat' dir='ltr'><strong>ipsas.</strong></span> 
     </span>
    </p>
   </div>
   <div class='ocr_carea' id='block_1_42' title="bbox 1271 272 3696 360">
    <p class='ocr_par' dir='ltr' id='par_1_42' title="bbox 1271 272 3696 360">
     <span class='ocr_line' id='line_1_42' title="bbox 1271 272 3696 360; baseline 0.007 -30"><span class='ocrx_word' id='word_1_310' title='bbox 1271 275 1329 330; x_wconf 88' lang='lat' dir='ltr'><strong>S.</strong></span> <span class='ocrx_word' id='word_1_311' title='bbox 1361 275 1646 333; x_wconf 82' lang='lat' dir='ltr'><strong>JOANNIS</strong></span> <span class='ocrx_word' id='word_1_312' title='bbox 1672 272 2151 332; x_wconf 78' lang='lat' dir='ltr'><strong>CHRYSOSTOMI</strong></span> <span class='ocrx_word' id='word_1_313' title='bbox 2191 276 2508 335; x_wconf 77' lang='lat' dir='ltr'><strong>ARCHIEP.</strong></span> <span class='ocrx_word' id='word_1_314' title='bbox 2548 276 3080 339; x_wconf 75' lang='lat' dir='ltr'><strong>CONSTANTINOP.</strong></span> <span class='ocrx_word' id='word_1_315' title='bbox 3614 302 3696 360; x_wconf 74' lang='lat'><strong>750</strong></span> 
     </span>
    </p>
   </div>
   <div class='ocr_carea' id='block_1_43' title="bbox 2213 391 3697 481">
    <p class='ocr_par' dir='ltr' id='par_1_43' title="bbox 2213 391 3697 481">
     <span class='ocr_line' id='line_1_43' title="bbox 2213 391 3697 481; baseline 0.017 -38"><span class='ocrx_word' id='word_1_316' title='bbox 2213 405 2355 446; x_wconf 84' lang='lat' dir='ltr'><strong>mam</strong></span> <span class='ocrx_word' id='word_1_317' title='bbox 2377 405 2504 446; x_wconf 91' lang='lat' dir='ltr'><strong>vero</strong></span> <span class='ocrx_word' id='word_1_318' title='bbox 2533 391 2727 447; x_wconf 88' lang='lat' dir='ltr'><strong>nudam</strong></span> <span class='ocrx_word' id='word_1_319' title='bbox 2756 393 3117 466; x_wconf 87' lang='lat' dir='ltr'><strong>incultamque</strong></span> <span class='ocrx_word' id='word_1_320' title='bbox 3135 397 3159 452; x_wconf 65' lang='grc' dir='ltr'><strong>ἲ</strong></span> <span class='ocrx_word' id='word_1_321' title='bbox 3178 398 3327 470; x_wconf 83' lang='lat' dir='ltr'><strong>Atqui</strong></span> <span class='ocrx_word' id='word_1_322' title='bbox 3349 417 3517 475; x_wconf 86' lang='lat' dir='ltr'><strong>corpus</strong></span> <span class='ocrx_word' id='word_1_323' title='bbox 3530 415 3697 481; x_wconf 76' lang='lat' dir='ltr'><strong>quidem</strong></span> 
     </span>
    </p>
   </div>
   <div class='ocr_carea' id='block_1_44' title="bbox 2209 482 3696 573">
    <p class='ocr_par' dir='ltr' id='par_1_44' title="bbox 2209 482 3696 573">
     <span class='ocr_line' id='line_1_44' title="bbox 2209 482 3696 573; baseline 0.017 -36"><span class='ocrx_word' id='word_1_324' title='bbox 2209 482 2356 537; x_wconf 88' lang='lat' dir='ltr'><strong>videt</strong></span> <span class='ocrx_word' id='word_1_325' title='bbox 2395 497 2728 550; x_wconf 88' lang='lat' dir='ltr'><strong>conservus,</strong></span> <span class='ocrx_word' id='word_1_326' title='bbox 2779 500 2952 555; x_wconf 89' lang='lat' dir='ltr'><strong>neque</strong></span> <span class='ocrx_word' id='word_1_327' title='bbox 3002 489 3282 558; x_wconf 88' lang='lat' dir='ltr'><strong>quidquam</strong></span> <span class='ocrx_word' id='word_1_328' title='bbox 3327 505 3403 548; x_wconf 83' lang='lat' dir='ltr'><strong>est</strong></span> <span class='ocrx_word' id='word_1_329' title='bbox 3437 499 3696 573; x_wconf 84' lang='lat' dir='ltr'><strong>detrimenti,</strong></span> 
     </span>
    </p>
   </div>
   <div class='ocr_carea' id='block_1_45' title="bbox 2212 570 3701 652">
    <p class='ocr_par' dir='ltr' id='par_1_45' title="bbox 2212 570 3701 652">
     <span class='ocr_line' id='line_1_45' title="bbox 2212 570 3701 652; baseline 0.016 -28"><span class='ocrx_word' id='word_1_330' title='bbox 2212 570 2712 644; x_wconf 88' lang='lat' dir='ltr'><strong>quomodocumque</strong></span> <span class='ocrx_word' id='word_1_331' title='bbox 2754 573 2913 628; x_wconf 89' lang='lat' dir='ltr'><strong>fuerit</strong></span> <span class='ocrx_word' id='word_1_332' title='bbox 2950 575 3186 633; x_wconf 88' lang='lat' dir='ltr'><strong>habitum</strong></span> <span class='ocrx_word' id='word_1_333' title='bbox 3213 596 3225 632; x_wconf 89' lang='lat'>:</span> <span class='ocrx_word' id='word_1_334' title='bbox 3254 581 3383 638; x_wconf 84' lang='lat' dir='ltr'><strong>illam</strong></span> <span class='ocrx_word' id='word_1_335' title='bbox 3407 596 3557 644; x_wconf 87' lang='lat' dir='ltr'><strong>autem</strong></span> <span class='ocrx_word' id='word_1_336' title='bbox 3589 570 3701 652; x_wconf 82' lang='lat' dir='ltr'><strong>videt</strong></span> 
     </span>
    </p>
   </div>
   <div class='ocr_carea' id='block_1_46' title="bbox 2212 661 3698 744">
    <p class='ocr_par' dir='ltr' id='par_1_46' title="bbox 2212 661 3698 744">
     <span class='ocr_line' id='line_1_46' title="bbox 2212 661 3698 744; baseline 0.014 -30"><span class='ocrx_word' id='word_1_337' title='bbox 2212 661 2504 726; x_wconf 88' lang='lat' dir='ltr'><strong>Dominus,</strong></span> <span class='ocrx_word' id='word_1_338' title='bbox 2557 664 2648 733; x_wconf 90' lang='lat' dir='ltr'><strong>qui</strong></span> <span class='ocrx_word' id='word_1_339' title='bbox 2693 665 3006 734; x_wconf 88' lang='lat' dir='ltr'><strong>gravissime</strong></span> <span class='ocrx_word' id='word_1_340' title='bbox 3054 668 3205 736; x_wconf 92' lang='lat' dir='ltr'><strong>punit</strong></span> <span class='ocrx_word' id='word_1_341' title='bbox 3254 674 3596 744; x_wconf 86' lang='lat' dir='ltr'><strong>negligentiam.</strong></span> <span class='ocrx_word' id='word_1_342' title='bbox 3638 688 3698 741; x_wconf 81' lang='lat' dir='ltr'><strong>An</strong></span> 
     </span>
    </p>
   </div>
   <div class='ocr_carea' id='block_1_47' title="bbox 2210 752 3702 837">
    <p class='ocr_par' dir='ltr' id='par_1_47' title="bbox 2210 752 3702 837">
     <span class='ocr_line' id='line_1_47' title="bbox 2210 752 3702 837; baseline 0.017 -31"><span class='ocrx_word' id='word_1_343' title='bbox 2210 752 2428 806; x_wconf 87' lang='lat' dir='ltr'><strong>nescitis</strong></span> <span class='ocrx_word' id='word_1_344' title='bbox 2449 753 2590 822; x_wconf 90' lang='lat' dir='ltr'><strong>quod</strong></span> <span class='ocrx_word' id='word_1_345' title='bbox 2615 753 2728 809; x_wconf 63' lang='lat' dir='ltr'><strong>hare</strong></span> <span class='ocrx_word' id='word_1_346' title='bbox 2759 770 2943 811; x_wconf 88' lang='lat' dir='ltr'><strong>mensa</strong></span> <span class='ocrx_word' id='word_1_347' title='bbox 2970 758 3122 826; x_wconf 88' lang='lat' dir='ltr'><strong>plena</strong></span> <span class='ocrx_word' id='word_1_348' title='bbox 3150 771 3230 815; x_wconf 87' lang='lat' dir='ltr'><strong>est</strong></span> <span class='ocrx_word' id='word_1_349' title='bbox 3259 762 3366 831; x_wconf 84' lang='lat' dir='ltr'><strong>igne</strong></span> <span class='ocrx_word' id='word_1_350' title='bbox 3396 768 3641 837; x_wconf 83' lang='lat' dir='ltr'><strong>spirituah,</strong></span> <span class='ocrx_word' id='word_1_351' title='bbox 3663 786 3702 831; x_wconf 80' lang='lat' dir='ltr'><strong>et</strong></span> 
     </span>
    </p>
   </div>
   <div class='ocr_carea' id='block_1_48' title="bbox 2209 843 3704 922">
    <p class='ocr_par' dir='ltr' id='par_1_48' title="bbox 2209 843 3704 922">
     <span class='ocr_line' id='line_1_48' title="bbox 2209 843 3704 922; baseline 0.019 -30"><span class='ocrx_word' id='word_1_352' title='bbox 2209 843 2653 911; x_wconf 88' lang='lat' dir='ltr'><strong>quemadmodum</strong></span> <span class='ocrx_word' id='word_1_353' title='bbox 2697 843 2870 902; x_wconf 87' lang='lat' dir='ltr'><strong>fontes</strong></span> <span class='ocrx_word' id='word_1_354' title='bbox 2911 861 3062 917; x_wconf 72' lang='lat' dir='ltr'><strong>aqua:</strong></span> <span class='ocrx_word' id='word_1_355' title='bbox 3093 850 3200 904; x_wconf 88' lang='lat' dir='ltr'><strong>vim</strong></span> <span class='ocrx_word' id='word_1_356' title='bbox 3237 854 3478 910; x_wconf 83' lang='lat' dir='ltr'><strong>exundant</strong></span> <span class='ocrx_word' id='word_1_357' title='bbox 3501 899 3514 922; x_wconf 90' lang='lat'><strong>,</strong></span> <span class='ocrx_word' id='word_1_358' title='bbox 3540 861 3597 915; x_wconf 85' lang='lat' dir='ltr'><strong>ita</strong></span> <span class='ocrx_word' id='word_1_359' title='bbox 3621 864 3704 921; x_wconf 76' lang='lat' dir='ltr'><strong>lucc</strong></span> 
     </span>
    </p>
   </div>
   <div class='ocr_carea' id='block_1_49' title="bbox 2209 929 3704 1016">
    <p class='ocr_par' dir='ltr' id='par_1_49' title="bbox 2209 929 3704 1016">
     <span class='ocr_line' id='line_1_49' title="bbox 2209 929 3704 1016; baseline 0.016 -32"><span class='ocrx_word' id='word_1_360' title='bbox 2209 929 2475 987; x_wconf 82' lang='lat' dir='ltr'><strong>ﬂammam</strong></span> <span class='ocrx_word' id='word_1_361' title='bbox 2505 935 2784 1004; x_wconf 86' lang='lat' dir='ltr'><strong>quamdam</strong></span> <span class='ocrx_word' id='word_1_362' title='bbox 2816 935 2975 994; x_wconf 85' lang='lat' dir='ltr'><strong>habet</strong></span> <span class='ocrx_word' id='word_1_363' title='bbox 3000 953 3246 996; x_wconf 83' lang='lat' dir='ltr'><strong>arcanam</strong></span> <span class='ocrx_word' id='word_1_364' title='bbox 3270 942 3292 996; x_wconf 86' lang='lat'><strong>?</strong></span> <span class='ocrx_word' id='word_1_365' title='bbox 3312 943 3385 999; x_wconf 84' lang='lat' dir='ltr'><strong>Ne</strong></span> <span class='ocrx_word' id='word_1_366' title='bbox 3411 947 3547 1016; x_wconf 82' lang='lat' dir='ltr'><strong>igitur</strong></span> <span class='ocrx_word' id='word_1_367' title='bbox 3568 968 3704 1010; x_wconf 83' lang='lat' dir='ltr'><strong>acces-</strong></span> 
     </span>
    </p>
   </div>
   <div class='ocr_carea' id='block_1_50' title="bbox 2209 1024 3706 1109">
    <p class='ocr_par' dir='ltr' id='par_1_50' title="bbox 2209 1024 3706 1109">
     <span class='ocr_line' id='line_1_50' title="bbox 2209 1024 3706 1109; baseline 0.013 -33"><span class='ocrx_word' id='word_1_368' title='bbox 2209 1024 2346 1079; x_wconf 86' lang='lat' dir='ltr'><strong>seris</strong></span> <span class='ocrx_word' id='word_1_369' title='bbox 2372 1025 2622 1094; x_wconf 89' lang='lat' dir='ltr'><strong>stipulam</strong></span> <span class='ocrx_word' id='word_1_370' title='bbox 2659 1027 2886 1084; x_wconf 76' lang='lat' dir='ltr'><strong>alferens</strong></span> <span class='ocrx_word' id='word_1_371' title='bbox 2907 1069 2924 1095; x_wconf 89' lang='lat'><strong>,</strong></span> <span class='ocrx_word' id='word_1_372' title='bbox 2967 1045 3074 1086; x_wconf 89' lang='lat' dir='ltr'><strong>non</strong></span> <span class='ocrx_word' id='word_1_373' title='bbox 3113 1031 3251 1102; x_wconf 85' lang='lat' dir='ltr'><strong>ligna</strong></span> <span class='ocrx_word' id='word_1_374' title='bbox 3274 1075 3289 1100; x_wconf 89' lang='lat'><strong>,</strong></span> <span class='ocrx_word' id='word_1_375' title='bbox 3317 1052 3412 1091; x_wconf 92' lang='lat' dir='ltr'><strong>non</strong></span> <span class='ocrx_word' id='word_1_376' title='bbox 3438 1037 3632 1109; x_wconf 78' lang='lat' dir='ltr'><strong>fmnnm,</strong></span> <span class='ocrx_word' id='word_1_377' title='bbox 3655 1063 3706 1102; x_wconf 73' lang='lat' dir='ltr'><strong>ne</strong></span> 
     </span>
    </p>
   </div>
   <div class='ocr_carea' id='block_1_51' title="bbox 2208 1114 3707 1190">
    <p class='ocr_par' dir='ltr' id='par_1_51' title="bbox 2208 1114 3707 1190">
     <span class='ocr_line' id='line_1_51' title="bbox 2208 1114 3707 1190; baseline 0.015 -24"><span class='ocrx_word' id='word_1_378' title='bbox 2208 1127 2401 1182; x_wconf 87' lang='lat' dir='ltr'><strong>augeas</strong></span> <span class='ocrx_word' id='word_1_379' title='bbox 2441 1114 2742 1172; x_wconf 90' lang='lat' dir='ltr'><strong>incendium</strong></span> <span class='ocrx_word' id='word_1_380' title='bbox 2768 1159 2784 1186; x_wconf 95' lang='lat'><strong>,</strong></span> <span class='ocrx_word' id='word_1_381' title='bbox 2831 1131 3130 1190; x_wconf 83' lang='lat' dir='ltr'><strong>exurasque</strong></span> <span class='ocrx_word' id='word_1_382' title='bbox 3172 1123 3393 1180; x_wconf 87' lang='lat' dir='ltr'><strong>animam</strong></span> <span class='ocrx_word' id='word_1_383' title='bbox 3429 1129 3487 1182; x_wconf 90' lang='lat' dir='ltr'><strong>ad</strong></span> <span class='ocrx_word' id='word_1_384' title='bbox 3523 1146 3707 1188; x_wconf 81' lang='lat' dir='ltr'><strong>comnm-</strong></span> 
     </span>
    </p>
   </div>
   <div class='ocr_carea' id='block_1_52' title="bbox 2208 1204 3704 1293">
    <p class='ocr_par' dir='ltr' id='par_1_52' title="bbox 2208 1204 3704 1293">
     <span class='ocr_line' id='line_1_52' title="bbox 2208 1204 3704 1293; baseline 0.014 -35"><span class='ocrx_word' id='word_1_385' title='bbox 2208 1204 2423 1260; x_wconf 82' lang='lat' dir='ltr'><strong>nionem</strong></span> <span class='ocrx_word' id='word_1_386' title='bbox 2457 1207 2798 1264; x_wconf 85' lang='lat' dir='ltr'><strong>accedentem</strong></span> <span class='ocrx_word' id='word_1_387' title='bbox 2833 1227 2848 1262; x_wconf 89' lang='lat'><strong>:</strong></span> <span class='ocrx_word' id='word_1_388' title='bbox 2875 1211 2970 1266; x_wconf 83' lang='lat' dir='ltr'><strong>sed</strong></span> <span class='ocrx_word' id='word_1_389' title='bbox 3005 1213 3200 1268; x_wconf 90' lang='lat' dir='ltr'><strong>accede</strong></span> <span class='ocrx_word' id='word_1_390' title='bbox 3228 1215 3394 1272; x_wconf 78' lang='lat' dir='ltr'><strong>ferens</strong></span> <span class='ocrx_word' id='word_1_391' title='bbox 3421 1219 3592 1288; x_wconf 83' lang='lat' dir='ltr'><strong>lapides</strong></span> <span class='ocrx_word' id='word_1_392' title='bbox 3612 1240 3704 1293; x_wconf 85' lang='lat' dir='ltr'><strong>pre-</strong></span> 
     </span>
    </p>
   </div>
   <div class='ocr_carea' id='block_1_53' title="bbox 2208 1294 3704 1372">
    <p class='ocr_par' dir='ltr' id='par_1_53' title="bbox 2208 1294 3704 1372">
     <span class='ocr_line' id='line_1_53' title="bbox 2208 1294 3704 1372; baseline 0.01 -25"><span class='ocrx_word' id='word_1_393' title='bbox 2208 1294 2374 1348; x_wconf 85' lang='lat' dir='ltr'><strong>tiosos</strong></span> <span class='ocrx_word' id='word_1_394' title='bbox 2397 1337 2411 1359; x_wconf 95' lang='lat'><strong>,</strong></span> <span class='ocrx_word' id='word_1_395' title='bbox 2441 1311 2627 1352; x_wconf 90' lang='lat' dir='ltr'><strong>aurum</strong></span> <span class='ocrx_word' id='word_1_396' title='bbox 2643 1339 2658 1362; x_wconf 93' lang='lat'><strong>,</strong></span> <span class='ocrx_word' id='word_1_397' title='bbox 2686 1309 2966 1369; x_wconf 89' lang='lat' dir='ltr'><strong>argentum</strong></span> <span class='ocrx_word' id='word_1_398' title='bbox 2987 1343 3003 1367; x_wconf 91' lang='lat'><strong>,</strong></span> <span class='ocrx_word' id='word_1_399' title='bbox 3025 1318 3131 1372; x_wconf 91' lang='lat' dir='ltr'><strong>quo</strong></span> <span class='ocrx_word' id='word_1_400' title='bbox 3158 1306 3416 1372; x_wconf 87' lang='lat' dir='ltr'><strong>puriorem</strong></span> <span class='ocrx_word' id='word_1_401' title='bbox 3441 1311 3604 1366; x_wconf 86' lang='lat' dir='ltr'><strong>reddas</strong></span> <span class='ocrx_word' id='word_1_402' title='bbox 3621 1330 3704 1368; x_wconf 79' lang='lat' dir='ltr'><strong>tua.</strong></span> 
     </span>
    </p>
   </div>
   <div class='ocr_carea' id='block_1_54' title="bbox 2209 1385 3707 1469">
    <p class='ocr_par' dir='ltr' id='par_1_54' title="bbox 2209 1385 3707 1469">
     <span class='ocr_line' id='line_1_54' title="bbox 2209 1385 3707 1469; baseline 0.015 -33"><span class='ocrx_word' id='word_1_403' title='bbox 2209 1385 2396 1439; x_wconf 89' lang='lat' dir='ltr'><strong>teriam</strong></span> <span class='ocrx_word' id='word_1_404' title='bbox 2421 1426 2438 1450; x_wconf 96' lang='lat'><strong>,</strong></span> <span class='ocrx_word' id='word_1_405' title='bbox 2479 1388 2750 1458; x_wconf 90' lang='lat' dir='ltr'><strong>multoque</strong></span> <span class='ocrx_word' id='word_1_406' title='bbox 2776 1405 2898 1445; x_wconf 89' lang='lat' dir='ltr'><strong>cum</strong></span> <span class='ocrx_word' id='word_1_407' title='bbox 2943 1391 3092 1448; x_wconf 90' lang='lat' dir='ltr'><strong>lucro</strong></span> <span class='ocrx_word' id='word_1_408' title='bbox 3135 1395 3389 1450; x_wconf 87' lang='lat' dir='ltr'><strong>discedas.</strong></span> <span class='ocrx_word' id='word_1_409' title='bbox 3417 1399 3464 1453; x_wconf 84' lang='lat' dir='ltr'><strong>Si</strong></span> <span class='ocrx_word' id='word_1_410' title='bbox 3491 1403 3594 1469; x_wconf 86' lang='lat' dir='ltr'><strong>quid</strong></span> <span class='ocrx_word' id='word_1_411' title='bbox 3615 1404 3707 1460; x_wconf 80' lang='lat' dir='ltr'><strong>mali</strong></span> 
     </span>
    </p>
   </div>
   <div class='ocr_carea' id='block_1_55' title="bbox 2206 1477 3710 1562">
    <p class='ocr_par' dir='ltr' id='par_1_55' title="bbox 2206 1477 3710 1562">
     <span class='ocr_line' id='line_1_55' title="bbox 2206 1477 3710 1562; baseline 0.015 -34"><span class='ocrx_word' id='word_1_412' title='bbox 2206 1485 2291 1534; x_wconf 85' lang='lat' dir='ltr'><strong>est</strong></span> <span class='ocrx_word' id='word_1_413' title='bbox 2310 1517 2326 1543; x_wconf 93' lang='lat'><strong>,</strong></span> <span class='ocrx_word' id='word_1_414' title='bbox 2357 1477 2539 1547; x_wconf 87' lang='lat' dir='ltr'><strong>abigas</strong></span> <span class='ocrx_word' id='word_1_415' title='bbox 2562 1480 2630 1533; x_wconf 90' lang='lat' dir='ltr'><strong>ab</strong></span> <span class='ocrx_word' id='word_1_416' title='bbox 2654 1482 2853 1537; x_wconf 90' lang='lat' dir='ltr'><strong>animo.</strong></span> <span class='ocrx_word' id='word_1_417' title='bbox 2887 1483 3056 1540; x_wconf 80' lang='lat' dir='ltr'><strong>Habet</strong></span> <span class='ocrx_word' id='word_1_418' title='bbox 3077 1487 3194 1556; x_wconf 88' lang='lat' dir='ltr'><strong>quis</strong></span> <span class='ocrx_word' id='word_1_419' title='bbox 3221 1488 3504 1556; x_wconf 85' lang='lat' dir='ltr'><strong>inimicum,</strong></span> <span class='ocrx_word' id='word_1_420' title='bbox 3531 1497 3710 1562; x_wconf 83' lang='lat' dir='ltr'><strong>graviter</strong></span> 
     </span>
    </p>
   </div>
   <div class='ocr_carea' id='block_1_56' title="bbox 2208 1565 3712 1641">
    <p class='ocr_par' dir='ltr' id='par_1_56' title="bbox 2208 1565 3712 1641">
     <span class='ocr_line' id='line_1_56' title="bbox 2208 1565 3712 1641; baseline 0.013 -22"><span class='ocrx_word' id='word_1_421' title='bbox 2208 1565 2364 1633; x_wconf 73' lang='lat' dir='ltr'><strong>lmsus</strong></span> <span class='ocrx_word' id='word_1_422' title='bbox 2389 1577 2505 1632; x_wconf 91' lang='lat' dir='ltr'><strong>est,</strong></span> <span class='ocrx_word' id='word_1_423' title='bbox 2535 1571 2707 1625; x_wconf 87' lang='lat' dir='ltr'><strong>solvat</strong></span> <span class='ocrx_word' id='word_1_424' title='bbox 2733 1572 3076 1641; x_wconf 89' lang='lat' dir='ltr'><strong>simultatem,</strong></span> <span class='ocrx_word' id='word_1_425' title='bbox 3105 1586 3348 1634; x_wconf 89' lang='lat' dir='ltr'><strong>coerceat</strong></span> <span class='ocrx_word' id='word_1_426' title='bbox 3374 1581 3580 1636; x_wconf 90' lang='lat' dir='ltr'><strong>animum</strong></span> <span class='ocrx_word' id='word_1_427' title='bbox 3600 1599 3712 1638; x_wconf 81' lang='lat' dir='ltr'><strong>exar-</strong></span> 
     </span>
    </p>
   </div>
   <div class='ocr_carea' id='block_1_57' title="bbox 2207 1655 3710 1740">
    <p class='ocr_par' dir='ltr' id='par_1_57' title="bbox 2207 1655 3710 1740">
     <span class='ocr_line' id='line_1_57' title="bbox 2207 1655 3710 1740; baseline 0.011 -30"><span class='ocrx_word' id='word_1_428' title='bbox 2207 1655 2514 1712; x_wconf 88' lang='lat' dir='ltr'><strong>descentem</strong></span> <span class='ocrx_word' id='word_1_429' title='bbox 2559 1658 3108 1736; x_wconf 88' lang='lat' dir='ltr'><strong>intumescentemque</strong></span> <span class='ocrx_word' id='word_1_430' title='bbox 3131 1708 3146 1730; x_wconf 90' lang='lat'><strong>,</strong></span> <span class='ocrx_word' id='word_1_431' title='bbox 3189 1683 3258 1722; x_wconf 87' lang='lat' dir='ltr'><strong>ne</strong></span> <span class='ocrx_word' id='word_1_432' title='bbox 3284 1669 3397 1737; x_wconf 90' lang='lat' dir='ltr'><strong>quis</strong></span> <span class='ocrx_word' id='word_1_433' title='bbox 3420 1670 3484 1724; x_wconf 86' lang='lat' dir='ltr'><strong>sit</strong></span> <span class='ocrx_word' id='word_1_434' title='bbox 3509 1673 3624 1740; x_wconf 86' lang='lat' dir='ltr'><strong>intus</strong></span> <span class='ocrx_word' id='word_1_435' title='bbox 3649 1684 3710 1727; x_wconf 87' lang='lat' dir='ltr'><strong>tu-</strong></span> 
     </span>
    </p>
   </div>
   <div class='ocr_carea' id='block_1_58' title="bbox 2207 1747 3717 1828">
    <p class='ocr_par' dir='ltr' id='par_1_58' title="bbox 2207 1747 3717 1828">
     <span class='ocr_line' id='line_1_58' title="bbox 2207 1747 3717 1828; baseline 0.011 -28"><span class='ocrx_word' id='word_1_436' title='bbox 2207 1747 2404 1803; x_wconf 89' lang='lat' dir='ltr'><strong>multus</strong></span> <span class='ocrx_word' id='word_1_437' title='bbox 2447 1756 2538 1802; x_wconf 88' lang='lat' dir='ltr'><strong>aut</strong></span> <span class='ocrx_word' id='word_1_438' title='bbox 2585 1750 2935 1818; x_wconf 87' lang='lat' dir='ltr'><strong>perturbatio.</strong></span> <span class='ocrx_word' id='word_1_439' title='bbox 2983 1754 3183 1825; x_wconf 82' lang='lat' dir='ltr'><strong>Regem</strong></span> <span class='ocrx_word' id='word_1_440' title='bbox 3226 1757 3365 1813; x_wconf 89' lang='lat' dir='ltr'><strong>enim</strong></span> <span class='ocrx_word' id='word_1_441' title='bbox 3389 1770 3717 1828; x_wconf 74' lang='lat' dir='ltr'><strong>excepturuses</strong></span> 
     </span>
    </p>
   </div>
   <div class='ocr_carea' id='block_1_59' title="bbox 2207 1845 3716 1919">
    <p class='ocr_par' dir='ltr' id='par_1_59' title="bbox 2207 1845 3716 1919">
     <span class='ocr_line' id='line_1_59' title="bbox 2207 1845 3716 1919; baseline 0.009 -27"><span class='ocrx_word' id='word_1_442' title='bbox 2207 1854 2305 1908; x_wconf 89' lang='lat' dir='ltr'><strong>per</strong></span> <span class='ocrx_word' id='word_1_443' title='bbox 2345 1845 2774 1896; x_wconf 90' lang='lat' dir='ltr'><strong>communionem</strong></span> <span class='ocrx_word' id='word_1_444' title='bbox 2802 1860 2817 1896; x_wconf 88' lang='lat'><strong>:</strong></span> <span class='ocrx_word' id='word_1_445' title='bbox 2846 1859 2968 1898; x_wconf 91' lang='lat' dir='ltr'><strong>cum</strong></span> <span class='ocrx_word' id='word_1_446' title='bbox 3006 1855 3183 1900; x_wconf 88' lang='lat' dir='ltr'><strong>autem</strong></span> <span class='ocrx_word' id='word_1_447' title='bbox 3233 1863 3323 1902; x_wconf 81' lang='lat' dir='ltr'><strong>rex</strong></span> <span class='ocrx_word' id='word_1_448' title='bbox 3353 1849 3612 1919; x_wconf 88' lang='lat' dir='ltr'><strong>ingreditur</strong></span> <span class='ocrx_word' id='word_1_449' title='bbox 3633 1855 3716 1906; x_wconf 76' lang='lat' dir='ltr'><strong>ani-</strong></span> 
     </span>
    </p>
   </div>
   <div class='ocr_carea' id='block_1_60' title="bbox 2205 1938 3718 2006">
    <p class='ocr_par' dir='ltr' id='par_1_60' title="bbox 2205 1938 3718 2006">
     <span class='ocr_line' id='line_1_60' title="bbox 2205 1938 3718 2006; baseline 0.006 -20"><span class='ocrx_word' id='word_1_450' title='bbox 2205 1943 2368 1995; x_wconf 90' lang='lat' dir='ltr'><strong>mam,</strong></span> <span class='ocrx_word' id='word_1_451' title='bbox 2399 1939 2608 2001; x_wconf 89' lang='lat' dir='ltr'><strong>oportet</strong></span> <span class='ocrx_word' id='word_1_452' title='bbox 2636 1947 2878 2006; x_wconf 88' lang='lat' dir='ltr'><strong>magnam</strong></span> <span class='ocrx_word' id='word_1_453' title='bbox 2901 1948 3019 1990; x_wconf 90' lang='lat' dir='ltr'><strong>esse</strong></span> <span class='ocrx_word' id='word_1_454' title='bbox 3050 1938 3490 2006; x_wconf 87' lang='lat' dir='ltr'><strong>tranquillitatem,</strong></span> <span class='ocrx_word' id='word_1_455' title='bbox 3516 1941 3718 1997; x_wconf 83' lang='lat' dir='ltr'><strong>multum-</strong></span> 
     </span>
    </p>
   </div>
   <div class='ocr_carea' id='block_1_61' title="bbox 2206 2021 3717 2101">
    <p class='ocr_par' dir='ltr' id='par_1_61' title="bbox 2206 2021 3717 2101">
     <span class='ocr_line' id='line_1_61' title="bbox 2206 2021 3717 2101; baseline 0.009 -27"><span class='ocrx_word' id='word_1_456' title='bbox 2206 2036 2310 2090; x_wconf 92' lang='lat' dir='ltr'><strong>que</strong></span> <span class='ocrx_word' id='word_1_457' title='bbox 2334 2021 2627 2089; x_wconf 89' lang='lat' dir='ltr'><strong>silentium,</strong></span> <span class='ocrx_word' id='word_1_458' title='bbox 2660 2023 2977 2094; x_wconf 79' lang='lat' dir='ltr'><strong>profundam</strong></span> <span class='ocrx_word' id='word_1_459' title='bbox 3001 2028 3380 2098; x_wconf 87' lang='lat' dir='ltr'><strong>cogitationum</strong></span> <span class='ocrx_word' id='word_1_460' title='bbox 3400 2031 3619 2101; x_wconf 88' lang='lat' dir='ltr'><strong>quietem.</strong></span> <span class='ocrx_word' id='word_1_461' title='bbox 3640 2032 3717 2086; x_wconf 85' lang='lat' dir='ltr'><strong>Sed</strong></span> 
     </span>
    </p>
   </div>
   <div class='ocr_carea' id='block_1_62' title="bbox 2204 2115 3719 2193">
    <p class='ocr_par' dir='ltr' id='par_1_62' title="bbox 2204 2115 3719 2193">
     <span class='ocr_line' id='line_1_62' title="bbox 2204 2115 3719 2193; baseline 0.008 -27"><span class='ocrx_word' id='word_1_462' title='bbox 2204 2115 2458 2170; x_wconf 88' lang='lat' dir='ltr'><strong>atrociter</strong></span> <span class='ocrx_word' id='word_1_463' title='bbox 2478 2115 2635 2171; x_wconf 63' lang='lat' dir='ltr'><strong>laesus</strong></span> <span class='ocrx_word' id='word_1_464' title='bbox 2653 2131 2732 2182; x_wconf 90' lang='lat' dir='ltr'><strong>es,</strong></span> <span class='ocrx_word' id='word_1_465' title='bbox 2762 2133 2860 2173; x_wconf 91' lang='lat' dir='ltr'><strong>nec</strong></span> <span class='ocrx_word' id='word_1_466' title='bbox 2885 2128 3033 2190; x_wconf 91' lang='lat' dir='ltr'><strong>potes</strong></span> <span class='ocrx_word' id='word_1_467' title='bbox 3060 2121 3191 2175; x_wconf 91' lang='lat' dir='ltr'><strong>iram</strong></span> <span class='ocrx_word' id='word_1_468' title='bbox 3211 2124 3488 2178; x_wconf 88' lang='lat' dir='ltr'><strong>remittere.</strong></span> <span class='ocrx_word' id='word_1_469' title='bbox 3513 2125 3583 2178; x_wconf 78' lang='lat' dir='ltr'><strong>An</strong></span> <span class='ocrx_word' id='word_1_470' title='bbox 3601 2123 3719 2193; x_wconf 83' lang='lat' dir='ltr'><strong>igitur</strong></span> 
     </span>
    </p>
   </div>
   <div class='ocr_carea' id='block_1_63' title="bbox 2207 2203 3715 2283">
    <p class='ocr_par' dir='ltr' id='par_1_63' title="bbox 2207 2203 3715 2283">
     <span class='ocr_line' id='line_1_63' title="bbox 2207 2203 3715 2283; baseline 0.008 -27"><span class='ocrx_word' id='word_1_471' title='bbox 2207 2203 2428 2273; x_wconf 91' lang='lat' dir='ltr'><strong>teipsum</strong></span> <span class='ocrx_word' id='word_1_472' title='bbox 2457 2208 2624 2275; x_wconf 87' lang='lat' dir='ltr'><strong>magis</strong></span> <span class='ocrx_word' id='word_1_473' title='bbox 2648 2207 2806 2264; x_wconf 89' lang='lat' dir='ltr'><strong>etiam</strong></span> <span class='ocrx_word' id='word_1_474' title='bbox 2837 2218 2891 2264; x_wconf 91' lang='lat' dir='ltr'><strong>et</strong></span> <span class='ocrx_word' id='word_1_475' title='bbox 2919 2211 3135 2280; x_wconf 86' lang='lat' dir='ltr'><strong>gravius</strong></span> <span class='ocrx_word' id='word_1_476' title='bbox 3165 2212 3371 2267; x_wconf 69' lang='lat' dir='ltr'><strong>laedes?</strong></span> <span class='ocrx_word' id='word_1_477' title='bbox 3411 2214 3574 2283; x_wconf 86' lang='lat' dir='ltr'><strong>Neque</strong></span> <span class='ocrx_word' id='word_1_478' title='bbox 3605 2216 3715 2268; x_wconf 84' lang='lat' dir='ltr'><strong>enim</strong></span> 
     </span>
    </p>
   </div>
   <div class='ocr_carea' id='block_1_64' title="bbox 2205 2295 3716 2375">
    <p class='ocr_par' dir='ltr' id='par_1_64' title="bbox 2205 2295 3716 2375">
     <span class='ocr_line' id='line_1_64' title="bbox 2205 2295 3716 2375; baseline 0.007 -28"><span class='ocrx_word' id='word_1_479' title='bbox 2205 2295 2368 2349; x_wconf 90' lang='lat' dir='ltr'><strong>tantis</strong></span> <span class='ocrx_word' id='word_1_480' title='bbox 2394 2297 2546 2353; x_wconf 88' lang='lat' dir='ltr'><strong>malis</strong></span> <span class='ocrx_word' id='word_1_481' title='bbox 2574 2307 2624 2354; x_wconf 91' lang='lat' dir='ltr'><strong>te</strong></span> <span class='ocrx_word' id='word_1_482' title='bbox 2670 2299 2866 2356; x_wconf 81' lang='lat' dir='ltr'><strong>afﬁciet</strong></span> <span class='ocrx_word' id='word_1_483' title='bbox 2905 2302 3152 2359; x_wconf 89' lang='lat' dir='ltr'><strong>inimicus</strong></span> <span class='ocrx_word' id='word_1_484' title='bbox 3191 2320 3524 2375; x_wconf 76' lang='lat' dir='ltr'><strong>quzecumque</strong></span> <span class='ocrx_word' id='word_1_485' title='bbox 3558 2304 3716 2365; x_wconf 87' lang='lat' dir='ltr'><strong>fecerit.</strong></span> 
     </span>
    </p>
   </div>
   <div class='ocr_carea' id='block_1_65' title="bbox 2205 2386 3721 2459">
    <p class='ocr_par' dir='ltr' id='par_1_65' title="bbox 2205 2386 3721 2459">
     <span class='ocr_line' id='line_1_65' title="bbox 2205 2386 3721 2459; baseline 0.004 -16"><span class='ocrx_word' id='word_1_486' title='bbox 2205 2386 2398 2458; x_wconf 82' lang='lat' dir='ltr'><strong>quibus</strong></span> <span class='ocrx_word' id='word_1_487' title='bbox 2437 2388 2662 2458; x_wconf 90' lang='lat' dir='ltr'><strong>teipsum</strong></span> <span class='ocrx_word' id='word_1_488' title='bbox 2687 2390 2854 2446; x_wconf 84' lang='lat' dir='ltr'><strong>aflicis</strong></span> <span class='ocrx_word' id='word_1_489' title='bbox 2875 2433 2890 2455; x_wconf 95' lang='lat'><strong>,</strong></span> <span class='ocrx_word' id='word_1_490' title='bbox 2941 2393 2985 2447; x_wconf 91' lang='lat' dir='ltr'><strong>si</strong></span> <span class='ocrx_word' id='word_1_491' title='bbox 3025 2409 3132 2449; x_wconf 89' lang='lat' dir='ltr'><strong>non</strong></span> <span class='ocrx_word' id='word_1_492' title='bbox 3165 2395 3245 2452; x_wconf 90' lang='lat' dir='ltr'><strong>illi</strong></span> <span class='ocrx_word' id='word_1_493' title='bbox 3273 2396 3627 2459; x_wconf 84' lang='lat' dir='ltr'><strong>reconcilieris,</strong></span> <span class='ocrx_word' id='word_1_494' title='bbox 3651 2393 3721 2450; x_wconf 84' lang='lat' dir='ltr'><strong>sed</strong></span> 
     </span>
    </p>
   </div>
   <div class='ocr_carea' id='block_1_66' title="bbox 2207 2475 3721 2549">
    <p class='ocr_par' dir='ltr' id='par_1_66' title="bbox 2207 2475 3721 2549">
     <span class='ocr_line' id='line_1_66' title="bbox 2207 2475 3721 2549; baseline 0.005 -21"><span class='ocrx_word' id='word_1_495' title='bbox 2207 2475 2302 2530; x_wconf 85' lang='lat' dir='ltr'><strong>Dei</strong></span> <span class='ocrx_word' id='word_1_496' title='bbox 2330 2475 2474 2546; x_wconf 83' lang='lat' dir='ltr'><strong>leges</strong></span> <span class='ocrx_word' id='word_1_497' title='bbox 2513 2480 2866 2536; x_wconf 88' lang='lat' dir='ltr'><strong>conculcaris.</strong></span> <span class='ocrx_word' id='word_1_498' title='bbox 2909 2480 3000 2536; x_wconf 82' lang='lat' dir='ltr'><strong>ille</strong></span> <span class='ocrx_word' id='word_1_499' title='bbox 3030 2490 3083 2538; x_wconf 90' lang='lat' dir='ltr'><strong>te</strong></span> <span class='ocrx_word' id='word_1_500' title='bbox 3109 2485 3431 2540; x_wconf 89' lang='lat' dir='ltr'><strong>contumelia</strong></span> <span class='ocrx_word' id='word_1_501' title='bbox 3456 2484 3636 2549; x_wconf 74' lang='lat' dir='ltr'><strong>affecit,</strong></span> <span class='ocrx_word' id='word_1_502' title='bbox 3655 2483 3721 2536; x_wconf 80' lang='lat' dir='ltr'><strong>die</strong></span> 
     </span>
    </p>
   </div>
   <div class='ocr_carea' id='block_1_67' title="bbox 2205 2567 3724 2635">
    <p class='ocr_par' dir='ltr' id='par_1_67' title="bbox 2205 2567 3724 2635">
     <span class='ocr_line' id='line_1_67' title="bbox 2205 2567 3724 2635; baseline 0.005 -14"><span class='ocrx_word' id='word_1_503' title='bbox 2205 2567 2356 2633; x_wconf 91' lang='lat' dir='ltr'><strong>mihi,</strong></span> <span class='ocrx_word' id='word_1_504' title='bbox 2386 2585 2510 2623; x_wconf 90' lang='lat' dir='ltr'><strong>num</strong></span> <span class='ocrx_word' id='word_1_505' title='bbox 2535 2579 2586 2624; x_wconf 93' lang='lat' dir='ltr'><strong>tu</strong></span> <span class='ocrx_word' id='word_1_506' title='bbox 2610 2570 2728 2627; x_wconf 85' lang='lat' dir='ltr'><strong>ideo</strong></span> <span class='ocrx_word' id='word_1_507' title='bbox 2760 2572 2924 2627; x_wconf 87' lang='lat' dir='ltr'><strong>Deum</strong></span> <span class='ocrx_word' id='word_1_508' title='bbox 2953 2573 3157 2630; x_wconf 85' lang='lat' dir='ltr'><strong>aflicies</strong></span> <span class='ocrx_word' id='word_1_509' title='bbox 3182 2577 3536 2635; x_wconf 82' lang='lat' dir='ltr'><strong>contumelia?</strong></span> <span class='ocrx_word' id='word_1_510' title='bbox 3557 2574 3724 2630; x_wconf 84' lang='lat' dir='ltr'><strong>Etenim</strong></span> 
     </span>
    </p>
   </div>
   <div class='ocr_carea' id='block_1_68' title="bbox 2207 2659 3723 2735">
    <p class='ocr_par' dir='ltr' id='par_1_68' title="bbox 2207 2659 3723 2735">
     <span class='ocr_line' id='line_1_68' title="bbox 2207 2659 3723 2735; baseline 0.003 -23"><span class='ocrx_word' id='word_1_511' title='bbox 2207 2672 2313 2712; x_wconf 92' lang='lat' dir='ltr'><strong>non</strong></span> <span class='ocrx_word' id='word_1_512' title='bbox 2344 2659 2582 2728; x_wconf 87' lang='lat' dir='ltr'><strong>recipere</strong></span> <span class='ocrx_word' id='word_1_513' title='bbox 2628 2659 2680 2715; x_wconf 92' lang='lat' dir='ltr'><strong>in</strong></span> <span class='ocrx_word' id='word_1_514' title='bbox 2726 2661 2946 2732; x_wconf 88' lang='lat' dir='ltr'><strong>gratiam</strong></span> <span class='ocrx_word' id='word_1_515' title='bbox 2973 2679 3095 2718; x_wconf 90' lang='lat' dir='ltr'><strong>eum</strong></span> <span class='ocrx_word' id='word_1_516' title='bbox 3135 2665 3232 2735; x_wconf 93' lang='lat' dir='ltr'><strong>qui</strong></span> <span class='ocrx_word' id='word_1_517' title='bbox 3269 2665 3547 2720; x_wconf 88' lang='lat' dir='ltr'><strong>molestiam</strong></span> <span class='ocrx_word' id='word_1_518' title='bbox 3571 2663 3723 2731; x_wconf 85' lang='lat' dir='ltr'><strong>attulit,</strong></span> 
     </span>
    </p>
   </div>
   <div class='ocr_carea' id='block_1_69' title="bbox 2206 2750 3725 2824">
    <p class='ocr_par' dir='ltr' id='par_1_69' title="bbox 2206 2750 3725 2824">
     <span class='ocr_line' id='line_1_69' title="bbox 2206 2750 3725 2824; baseline 0.002 -22"><span class='ocrx_word' id='word_1_519' title='bbox 2206 2763 2312 2802; x_wconf 91' lang='lat' dir='ltr'><strong>non</strong></span> <span class='ocrx_word' id='word_1_520' title='bbox 2345 2759 2451 2808; x_wconf 89' lang='lat' dir='ltr'><strong>tam</strong></span> <span class='ocrx_word' id='word_1_521' title='bbox 2477 2759 2558 2804; x_wconf 90' lang='lat' dir='ltr'><strong>est</strong></span> <span class='ocrx_word' id='word_1_522' title='bbox 2596 2750 2740 2808; x_wconf 91' lang='lat' dir='ltr'><strong>illum</strong></span> <span class='ocrx_word' id='word_1_523' title='bbox 2769 2752 2950 2807; x_wconf 91' lang='lat' dir='ltr'><strong>ulcisci</strong></span> <span class='ocrx_word' id='word_1_524' title='bbox 2974 2794 2989 2818; x_wconf 94' lang='lat'><strong>,</strong></span> <span class='ocrx_word' id='word_1_525' title='bbox 3018 2769 3178 2824; x_wconf 89' lang='lat' dir='ltr'><strong>quam</strong></span> <span class='ocrx_word' id='word_1_526' title='bbox 3221 2755 3433 2811; x_wconf 79' lang='lat' dir='ltr'><strong>afficere</strong></span> <span class='ocrx_word' id='word_1_527' title='bbox 3461 2753 3725 2810; x_wconf 84' lang='lat' dir='ltr'><strong>contumelia</strong></span> 
     </span>
    </p>
   </div>
   <div class='ocr_carea' id='block_1_70' title="bbox 2204 2838 3724 2913">
    <p class='ocr_par' dir='ltr' id='par_1_70' title="bbox 2204 2838 3724 2913">
     <span class='ocr_line' id='line_1_70' title="bbox 2204 2838 3724 2913; baseline 0.002 -21"><span class='ocrx_word' id='word_1_528' title='bbox 2204 2838 2370 2893; x_wconf 90' lang='lat' dir='ltr'><strong>Deum</strong></span> <span class='ocrx_word' id='word_1_529' title='bbox 2394 2879 2413 2908; x_wconf 93' lang='lat'><strong>,</strong></span> <span class='ocrx_word' id='word_1_530' title='bbox 2458 2838 2591 2910; x_wconf 90' lang='lat' dir='ltr'><strong>legis</strong></span> <span class='ocrx_word' id='word_1_531' title='bbox 2620 2840 2776 2910; x_wconf 84' lang='lat' dir='ltr'><strong>hujus</strong></span> <span class='ocrx_word' id='word_1_532' title='bbox 2817 2850 3109 2898; x_wconf 87' lang='lat' dir='ltr'><strong>auctorem.</strong></span> <span class='ocrx_word' id='word_1_533' title='bbox 3157 2844 3390 2901; x_wconf 87' lang='lat' dir='ltr'><strong>Proinde</strong></span> <span class='ocrx_word' id='word_1_534' title='bbox 3424 2861 3486 2900; x_wconf 92' lang='lat' dir='ltr'><strong>ne</strong></span> <span class='ocrx_word' id='word_1_535' title='bbox 3520 2844 3724 2913; x_wconf 84' lang='lat' dir='ltr'><strong>respicias</strong></span> 
     </span>
    </p>
   </div>
   <div class='ocr_carea' id='block_1_71' title="bbox 2206 2932 3726 3007">
    <p class='ocr_par' dir='ltr' id='par_1_71' title="bbox 2206 2932 3726 3007">
     <span class='ocr_line' id='line_1_71' title="bbox 2206 2932 3726 3007; baseline 0.001 -21"><span class='ocrx_word' id='word_1_536' title='bbox 2206 2932 2275 2987; x_wconf 89' lang='lat' dir='ltr'><strong>ad</strong></span> <span class='ocrx_word' id='word_1_537' title='bbox 2304 2947 2653 3000; x_wconf 89' lang='lat' dir='ltr'><strong>conservum,</strong></span> <span class='ocrx_word' id='word_1_538' title='bbox 2693 2950 2865 3004; x_wconf 90' lang='lat' dir='ltr'><strong>neque</strong></span> <span class='ocrx_word' id='word_1_539' title='bbox 2903 2936 2970 2991; x_wconf 93' lang='lat' dir='ltr'><strong>ad</strong></span> <span class='ocrx_word' id='word_1_540' title='bbox 3009 2937 3426 3007; x_wconf 89' lang='lat' dir='ltr'><strong>magnitudinem</strong></span> <span class='ocrx_word' id='word_1_541' title='bbox 3449 2937 3726 3006; x_wconf 87' lang='lat' dir='ltr'><strong>injuriarum,</strong></span> 
     </span>
    </p>
   </div>
   <div class='ocr_carea' id='block_1_72' title="bbox 2203 3024 3728 3100">
    <p class='ocr_par' dir='ltr' id='par_1_72' title="bbox 2203 3024 3728 3100">
     <span class='ocr_line' id='line_1_72' title="bbox 2203 3024 3728 3100; baseline 0.003 -24"><span class='ocrx_word' id='word_1_542' title='bbox 2203 3037 2336 3095; x_wconf 90' lang='lat' dir='ltr'><strong>quas</strong></span> <span class='ocrx_word' id='word_1_543' title='bbox 2381 3024 2556 3078; x_wconf 91' lang='lat' dir='ltr'><strong>intulit</strong></span> <span class='ocrx_word' id='word_1_544' title='bbox 2597 3025 2687 3080; x_wconf 93' lang='lat' dir='ltr'><strong>ille</strong></span> <span class='ocrx_word' id='word_1_545' title='bbox 2715 3067 2729 3089; x_wconf 95' lang='lat'><strong>,</strong></span> <span class='ocrx_word' id='word_1_546' title='bbox 2778 3025 2873 3081; x_wconf 91' lang='lat' dir='ltr'><strong>sed</strong></span> <span class='ocrx_word' id='word_1_547' title='bbox 2913 3027 3076 3082; x_wconf 91' lang='lat' dir='ltr'><strong>Deum</strong></span> <span class='ocrx_word' id='word_1_548' title='bbox 3101 3068 3119 3095; x_wconf 91' lang='lat'><strong>,</strong></span> <span class='ocrx_word' id='word_1_549' title='bbox 3167 3029 3418 3100; x_wconf 90' lang='lat' dir='ltr'><strong>illiusque</strong></span> <span class='ocrx_word' id='word_1_550' title='bbox 3459 3025 3728 3083; x_wconf 83' lang='lat' dir='ltr'><strong>timoremin</strong></span> 
     </span>
    </p>
   </div>
   <div class='ocr_carea' id='block_1_73' title="bbox 2201 3117 3731 3193">
    <p class='ocr_par' dir='ltr' id='par_1_73' title="bbox 2201 3117 3731 3193">
     <span class='ocr_line' id='line_1_73' title="bbox 2201 3117 3731 3193; baseline 0.003 -22"><span class='ocrx_word' id='word_1_551' title='bbox 2201 3119 2380 3174; x_wconf 89' lang='lat' dir='ltr'><strong>animo</strong></span> <span class='ocrx_word' id='word_1_552' title='bbox 2403 3117 2625 3186; x_wconf 84' lang='lat' dir='ltr'><strong>habens,</strong></span> <span class='ocrx_word' id='word_1_553' title='bbox 2659 3118 2710 3174; x_wconf 89' lang='lat' dir='ltr'><strong>id</strong></span> <span class='ocrx_word' id='word_1_554' title='bbox 2742 3127 2914 3174; x_wconf 90' lang='lat' dir='ltr'><strong>tecum</strong></span> <span class='ocrx_word' id='word_1_555' title='bbox 2940 3131 3148 3193; x_wconf 90' lang='lat' dir='ltr'><strong>reputa,</strong></span> <span class='ocrx_word' id='word_1_556' title='bbox 3175 3133 3232 3178; x_wconf 87' lang='lat' dir='ltr'><strong>te</strong></span> <span class='ocrx_word' id='word_1_557' title='bbox 3261 3137 3364 3193; x_wconf 92' lang='lat' dir='ltr'><strong>quo</strong></span> <span class='ocrx_word' id='word_1_558' title='bbox 3389 3121 3625 3191; x_wconf 87' lang='lat' dir='ltr'><strong>majorem</strong></span> <span class='ocrx_word' id='word_1_559' title='bbox 3649 3120 3731 3176; x_wconf 81' lang='lat' dir='ltr'><strong>vim</strong></span> 
     </span>
    </p>
   </div>
   <div class='ocr_carea' id='block_1_74' title="bbox 2201 3211 3728 3283">
    <p class='ocr_par' dir='ltr' id='par_1_74' title="bbox 2201 3211 3728 3283">
     <span class='ocr_line' id='line_1_74' title="bbox 2201 3211 3728 3283; baseline 0.001 -18"><span class='ocrx_word' id='word_1_560' title='bbox 2201 3211 2503 3274; x_wconf 89' lang='lat' dir='ltr'><strong>admoveris</strong></span> <span class='ocrx_word' id='word_1_561' title='bbox 2546 3213 2726 3266; x_wconf 88' lang='lat' dir='ltr'><strong>animo</strong></span> <span class='ocrx_word' id='word_1_562' title='bbox 2769 3221 2898 3279; x_wconf 91' lang='lat' dir='ltr'><strong>tuo,</strong></span> <span class='ocrx_word' id='word_1_563' title='bbox 2944 3222 3063 3283; x_wconf 89' lang='lat' dir='ltr'><strong>post</strong></span> <span class='ocrx_word' id='word_1_564' title='bbox 3105 3214 3385 3271; x_wconf 89' lang='lat' dir='ltr'><strong>innumera</strong></span> <span class='ocrx_word' id='word_1_565' title='bbox 3425 3215 3550 3269; x_wconf 85' lang='lat' dir='ltr'><strong>mala</strong></span> <span class='ocrx_word' id='word_1_566' title='bbox 3571 3225 3728 3281; x_wconf 84' lang='lat' dir='ltr'><strong>cogens</strong></span> 
     </span>
    </p>
   </div>
   <div class='ocr_carea' id='block_1_75' title="bbox 2201 3300 3732 3374">
    <p class='ocr_par' dir='ltr' id='par_1_75' title="bbox 2201 3300 3732 3374">
     <span class='ocr_line' id='line_1_75' title="bbox 2201 3300 3732 3374; baseline -0.002 -18"><span class='ocrx_word' id='word_1_567' title='bbox 2201 3300 2348 3360; x_wconf 89' lang='lat' dir='ltr'><strong>illum</strong></span> <span class='ocrx_word' id='word_1_568' title='bbox 2376 3301 2551 3357; x_wconf 90' lang='lat' dir='ltr'><strong>redire</strong></span> <span class='ocrx_word' id='word_1_569' title='bbox 2573 3302 2627 3358; x_wconf 92' lang='lat' dir='ltr'><strong>in</strong></span> <span class='ocrx_word' id='word_1_570' title='bbox 2648 3303 2868 3373; x_wconf 83' lang='lat' dir='ltr'><strong>gratiam</strong></span> <span class='ocrx_word' id='word_1_571' title='bbox 2889 3318 3008 3358; x_wconf 89' lang='lat' dir='ltr'><strong>cum</strong></span> <span class='ocrx_word' id='word_1_572' title='bbox 3030 3319 3120 3369; x_wconf 91' lang='lat' dir='ltr'><strong>eo,</strong></span> <span class='ocrx_word' id='word_1_573' title='bbox 3145 3307 3240 3374; x_wconf 91' lang='lat' dir='ltr'><strong>qui</strong></span> <span class='ocrx_word' id='word_1_574' title='bbox 3262 3305 3550 3360; x_wconf 84' lang='lat' dir='ltr'><strong>molestiam</strong></span> <span class='ocrx_word' id='word_1_575' title='bbox 3573 3301 3732 3364; x_wconf 87' lang='lat' dir='ltr'><strong>intulit,</strong></span> 
     </span>
    </p>
   </div>
   <div class='ocr_carea' id='block_1_76' title="bbox 2202 3395 3733 3467">
    <p class='ocr_par' dir='ltr' id='par_1_76' title="bbox 2202 3395 3733 3467">
     <span class='ocr_line' id='line_1_76' title="bbox 2202 3395 3733 3467; baseline -0.003 -17"><span class='ocrx_word' id='word_1_576' title='bbox 2202 3403 2348 3450; x_wconf 89' lang='lat' dir='ltr'><strong>tanto</strong></span> <span class='ocrx_word' id='word_1_577' title='bbox 2378 3395 2548 3464; x_wconf 86' lang='lat' dir='ltr'><strong>majus</strong></span> <span class='ocrx_word' id='word_1_578' title='bbox 2579 3395 2855 3464; x_wconf 73' lang='lat' dir='ltr'><strong>praemium</strong></span> <span class='ocrx_word' id='word_1_579' title='bbox 2881 3396 3109 3450; x_wconf 89' lang='lat' dir='ltr'><strong>laturum</strong></span> <span class='ocrx_word' id='word_1_580' title='bbox 3133 3411 3163 3450; x_wconf 92' lang='lat' dir='ltr'><strong>a</strong></span> <span class='ocrx_word' id='word_1_581' title='bbox 3193 3397 3306 3452; x_wconf 90' lang='lat' dir='ltr'><strong>Deo</strong></span> <span class='ocrx_word' id='word_1_582' title='bbox 3329 3438 3344 3462; x_wconf 90' lang='lat'><strong>,</strong></span> <span class='ocrx_word' id='word_1_583' title='bbox 3375 3397 3460 3467; x_wconf 90' lang='lat' dir='ltr'><strong>qui</strong></span> <span class='ocrx_word' id='word_1_584' title='bbox 3499 3396 3600 3449; x_wconf 63' lang='lat' dir='ltr'><strong>haec</strong></span> <span class='ocrx_word' id='word_1_585' title='bbox 3622 3407 3733 3462; x_wconf 81' lang='lat' dir='ltr'><strong>pra:-</strong></span> 
     </span>
    </p>
   </div>
   <div class='ocr_carea' id='block_1_77' title="bbox 2199 3484 3732 3557">
    <p class='ocr_par' dir='ltr' id='par_1_77' title="bbox 2199 3484 3732 3557">
     <span class='ocr_line' id='line_1_77' title="bbox 2199 3484 3732 3557; baseline -0.003 -16"><span class='ocrx_word' id='word_1_586' title='bbox 2199 3486 2362 3556; x_wconf 90' lang='lat' dir='ltr'><strong>cepit.</strong></span> <span class='ocrx_word' id='word_1_587' title='bbox 2398 3485 2464 3542; x_wconf 84' lang='lat' dir='ltr'><strong>Et</strong></span> <span class='ocrx_word' id='word_1_588' title='bbox 2490 3485 2628 3540; x_wconf 87' lang='lat' dir='ltr'><strong>sicut</strong></span> <span class='ocrx_word' id='word_1_589' title='bbox 2655 3485 2739 3541; x_wconf 89' lang='lat' dir='ltr'><strong>hic</strong></span> <span class='ocrx_word' id='word_1_590' title='bbox 2769 3486 2935 3541; x_wconf 90' lang='lat' dir='ltr'><strong>Deum</strong></span> <span class='ocrx_word' id='word_1_591' title='bbox 2960 3487 3160 3557; x_wconf 80' lang='lat' dir='ltr'><strong>excipis</strong></span> <span class='ocrx_word' id='word_1_592' title='bbox 3189 3489 3364 3544; x_wconf 90' lang='lat' dir='ltr'><strong>multo</strong></span> <span class='ocrx_word' id='word_1_593' title='bbox 3399 3501 3513 3542; x_wconf 91' lang='lat' dir='ltr'><strong>cum</strong></span> <span class='ocrx_word' id='word_1_594' title='bbox 3548 3484 3732 3547; x_wconf 85' lang='lat' dir='ltr'><strong>honore,</strong></span> 
     </span>
    </p>
   </div>
   <div class='ocr_carea' id='block_1_78' title="bbox 2138 3566 3730 3648">
    <p class='ocr_par' dir='ltr' id='par_1_78' title="bbox 2138 3566 3730 3648">
     <span class='ocr_line' id='line_1_78' title="bbox 2138 3566 3730 3648; baseline -0.004 -16"><span class='ocrx_word' id='word_1_595' title='bbox 2138 3566 2143 3571; x_wconf 69' lang='grc'><em>’</em></span> <span class='ocrx_word' id='word_1_596' title='bbox 2197 3575 2278 3632; x_wconf 86' lang='lat' dir='ltr'><strong>sic</strong></span> <span class='ocrx_word' id='word_1_597' title='bbox 2296 3583 2350 3632; x_wconf 90' lang='lat' dir='ltr'><strong>et</strong></span> <span class='ocrx_word' id='word_1_598' title='bbox 2377 3577 2490 3646; x_wconf 87' lang='lat' dir='ltr'><strong>ipse</strong></span> <span class='ocrx_word' id='word_1_599' title='bbox 2515 3584 2568 3632; x_wconf 94' lang='lat' dir='ltr'><strong>te</strong></span> <span class='ocrx_word' id='word_1_600' title='bbox 2598 3577 2705 3632; x_wconf 90' lang='lat' dir='ltr'><strong>illic</strong></span> <span class='ocrx_word' id='word_1_601' title='bbox 2731 3576 2896 3632; x_wconf 90' lang='lat' dir='ltr'><strong>multa</strong></span> <span class='ocrx_word' id='word_1_602' title='bbox 2920 3592 3042 3632; x_wconf 92' lang='lat' dir='ltr'><strong>cum</strong></span> <span class='ocrx_word' id='word_1_603' title='bbox 3067 3577 3242 3648; x_wconf 88' lang='lat' dir='ltr'><strong>gloria</strong></span> <span class='ocrx_word' id='word_1_604' title='bbox 3269 3578 3492 3648; x_wconf 83' lang='lat' dir='ltr'><strong>excipiet</strong></span> <span class='ocrx_word' id='word_1_605' title='bbox 3511 3617 3525 3639; x_wconf 89' lang='lat'><strong>,</strong></span> <span class='ocrx_word' id='word_1_606' title='bbox 3551 3573 3730 3630; x_wconf 60' lang='lat' dir='ltr'><strong>reddeto</strong></span> 
     </span>
    </p>
   </div>
   <div class='ocr_carea' id='block_1_79' title="bbox 2197 3663 3730 3736">
    <p class='ocr_par' dir='ltr' id='par_1_79' title="bbox 2197 3663 3730 3736">
     <span class='ocr_line' id='line_1_79' title="bbox 2197 3663 3730 3736; baseline -0.005 -15"><span class='ocrx_word' id='word_1_607' title='bbox 2197 3679 2302 3736; x_wconf 88' lang='lat' dir='ltr'><strong>que</strong></span> <span class='ocrx_word' id='word_1_608' title='bbox 2336 3665 2430 3721; x_wconf 92' lang='lat' dir='ltr'><strong>tibi</strong></span> <span class='ocrx_word' id='word_1_609' title='bbox 2468 3666 2819 3735; x_wconf 86' lang='lat' dir='ltr'><strong>millecuplam</strong></span> <span class='ocrx_word' id='word_1_610' title='bbox 2867 3666 3019 3722; x_wconf 89' lang='lat' dir='ltr'><strong>istius</strong></span> <span class='ocrx_word' id='word_1_611' title='bbox 3065 3667 3389 3722; x_wconf 61' lang='lat' dir='ltr'><strong>obedientia‘.</strong></span> <span class='ocrx_word' id='word_1_612' title='bbox 3431 3663 3730 3721; x_wconf 87' lang='lat' dir='ltr'><strong>mercedem:</strong></span> 
     </span>
    </p>
   </div>
   <div class='ocr_carea' id='block_1_80' title="bbox 2197 3757 3734 3829">
    <p class='ocr_par' dir='ltr' id='par_1_80' title="bbox 2197 3757 3734 3829">
     <span class='ocr_line' id='line_1_80' title="bbox 2197 3757 3734 3829; baseline -0.003 -19"><span class='ocrx_word' id='word_1_613' title='bbox 2197 3771 2357 3826; x_wconf 89' lang='lat' dir='ltr'><strong>quam</strong></span> <span class='ocrx_word' id='word_1_614' title='bbox 2405 3758 2556 3812; x_wconf 90' lang='lat' dir='ltr'><strong>nobis</strong></span> <span class='ocrx_word' id='word_1_615' title='bbox 2605 3757 2850 3812; x_wconf 89' lang='lat' dir='ltr'><strong>omnibus</strong></span> <span class='ocrx_word' id='word_1_616' title='bbox 2891 3759 3105 3829; x_wconf 88' lang='lat' dir='ltr'><strong>assequi</strong></span> <span class='ocrx_word' id='word_1_617' title='bbox 3153 3761 3468 3829; x_wconf 84' lang='lat' dir='ltr'><strong>contingat,</strong></span> <span class='ocrx_word' id='word_1_618' title='bbox 3511 3757 3658 3828; x_wconf 89' lang='lat' dir='ltr'><strong>gratia</strong></span> <span class='ocrx_word' id='word_1_619' title='bbox 3693 3765 3734 3808; x_wconf 88' lang='lat' dir='ltr'><strong>et</strong></span> 
     </span>
    </p>
   </div>
   <div class='ocr_carea' id='block_1_81' title="bbox 2196 3848 3734 3920">
    <p class='ocr_par' dir='ltr' id='par_1_81' title="bbox 2196 3848 3734 3920">
     <span class='ocr_line' id='line_1_81' title="bbox 2196 3848 3734 3920; baseline -0.003 -16"><span class='ocrx_word' id='word_1_620' title='bbox 2196 3848 2526 3920; x_wconf 86' lang='lat' dir='ltr'><strong>benignitate</strong></span> <span class='ocrx_word' id='word_1_621' title='bbox 2575 3850 2783 3904; x_wconf 85' lang='lat' dir='ltr'><strong>Domini</strong></span> <span class='ocrx_word' id='word_1_622' title='bbox 2832 3851 3000 3906; x_wconf 86' lang='lat' dir='ltr'><strong>nostri</strong></span> <span class='ocrx_word' id='word_1_623' title='bbox 3046 3851 3173 3910; x_wconf 83' lang='lat' dir='ltr'><strong>Jesu</strong></span> <span class='ocrx_word' id='word_1_624' title='bbox 3227 3852 3456 3916; x_wconf 88' lang='lat' dir='ltr'><strong>Christi,</strong></span> <span class='ocrx_word' id='word_1_625' title='bbox 3502 3865 3611 3904; x_wconf 92' lang='lat' dir='ltr'><strong>cum</strong></span> <span class='ocrx_word' id='word_1_626' title='bbox 3651 3859 3734 3916; x_wconf 86' lang='lat' dir='ltr'><strong>quo</strong></span> 
     </span>
    </p>
   </div>
   <div class='ocr_carea' id='block_1_82' title="bbox 2194 3936 3734 4010">
    <p class='ocr_par' dir='ltr' id='par_1_82' title="bbox 2194 3936 3734 4010">
     <span class='ocr_line' id='line_1_82' title="bbox 2194 3936 3734 4010; baseline -0.003 -18"><span class='ocrx_word' id='word_1_627' title='bbox 2194 3938 2366 4008; x_wconf 91' lang='lat' dir='ltr'><strong>gloria</strong></span> <span class='ocrx_word' id='word_1_628' title='bbox 2412 3941 2481 3994; x_wconf 89' lang='lat' dir='ltr'><strong>sit</strong></span> <span class='ocrx_word' id='word_1_629' title='bbox 2525 3940 2701 4005; x_wconf 83' lang='lat' dir='ltr'><strong>l’atri,</strong></span> <span class='ocrx_word' id='word_1_630' title='bbox 2744 3939 2951 4008; x_wconf 93' lang='lat' dir='ltr'><strong>honor,</strong></span> <span class='ocrx_word' id='word_1_631' title='bbox 2999 3941 3283 4010; x_wconf 90' lang='lat' dir='ltr'><strong>imperium</strong></span> <span class='ocrx_word' id='word_1_632' title='bbox 3310 3952 3363 3997; x_wconf 89' lang='lat' dir='ltr'><strong>et</strong></span> <span class='ocrx_word' id='word_1_633' title='bbox 3393 3941 3642 4001; x_wconf 86' lang='lat' dir='ltr'><strong>adoratio,</strong></span> <span class='ocrx_word' id='word_1_634' title='bbox 3676 3936 3734 3989; x_wconf 77' lang='lat' dir='ltr'><strong>si-</strong></span> 
     </span>
    </p>
   </div>
   <div class='ocr_carea' id='block_1_83' title="bbox 2195 4029 3716 4098">
    <p class='ocr_par' dir='ltr' id='par_1_83' title="bbox 2195 4029 3716 4098">
     <span class='ocr_line' id='line_1_83' title="bbox 2195 4029 3716 4098; baseline -0.003 -16"><span class='ocrx_word' id='word_1_635' title='bbox 2195 4029 2410 4098; x_wconf 90' lang='lat' dir='ltr'><strong>mulque</strong></span> <span class='ocrx_word' id='word_1_636' title='bbox 2438 4041 2624 4084; x_wconf 85' lang='lat' dir='ltr'><strong>sancto</strong></span> <span class='ocrx_word' id='word_1_637' title='bbox 2649 4029 2868 4098; x_wconf 89' lang='lat' dir='ltr'><strong>Spiritui</strong></span> <span class='ocrx_word' id='word_1_638' title='bbox 2898 4029 2948 4084; x_wconf 90' lang='lat' dir='ltr'><strong>iu</strong></span> <span class='ocrx_word' id='word_1_639' title='bbox 2973 4031 3165 4084; x_wconf 71' lang='lat' dir='ltr'><strong>smcula</strong></span> <span class='ocrx_word' id='word_1_640' title='bbox 3197 4032 3511 4087; x_wconf 72' lang='lat' dir='ltr'><strong>szeculorum</strong></span> <span class='ocrx_word' id='word_1_641' title='bbox 3531 4069 3544 4094; x_wconf 92' lang='lat'><strong>,</strong></span> <span class='ocrx_word' id='word_1_642' title='bbox 3576 4033 3716 4081; x_wconf 77' lang='lat' dir='ltr'><strong>Amen</strong></span> 
     </span>
    </p>
   </div>
   <div class='ocr_carea' id='block_1_84' title="bbox 507 4247 3732 4309">
    <p class='ocr_par' dir='ltr' id='par_1_84' title="bbox 507 4247 3732 4309">
     <span class='ocr_line' id='line_1_84' title="bbox 507 4247 3732 4309; baseline -0.002 -14"><span class='ocrx_word' id='word_1_643' title='bbox 507 4250 572 4296; x_wconf 78' lang='lat' dir='ltr'><strong>IN</strong></span> <span class='ocrx_word' id='word_1_644' title='bbox 617 4251 756 4309; x_wconf 71' lang='grc'><strong>108,</strong></span> <span class='ocrx_word' id='word_1_645' title='bbox 802 4251 911 4305; x_wconf 77' lang='lat' dir='ltr'><strong>QUI</strong></span> <span class='ocrx_word' id='word_1_646' title='bbox 953 4252 1040 4294; x_wconf 74' lang='lat' dir='ltr'><strong>AD</strong></span> <span class='ocrx_word' id='word_1_647' title='bbox 1081 4252 1366 4296; x_wconf 69' lang='grc' dir='ltr'><strong>ΒΪΝΔΧΙΗ</strong></span> <span class='ocrx_word' id='word_1_648' title='bbox 1407 4252 1535 4296; x_wconf 77' lang='lat' dir='ltr'><strong>NON</strong></span> <span class='ocrx_word' id='word_1_649' title='bbox 1577 4251 2062 4309; x_wconf 71' lang='lat' dir='ltr'><strong>OCCURRERUNT,</strong></span> <span class='ocrx_word' id='word_1_650' title='bbox 2120 4253 2204 4296; x_wconf 72' lang='lat' dir='ltr'><strong>ET</strong></span> <span class='ocrx_word' id='word_1_651' title='bbox 2254 4253 2426 4306; x_wconf 83' lang='lat' dir='ltr'><strong>QUOD</strong></span> <span class='ocrx_word' id='word_1_652' title='bbox 2481 4254 2687 4298; x_wconf 71' lang='lat' dir='ltr'><strong>FILIUS</strong></span> <span class='ocrx_word' id='word_1_653' title='bbox 2741 4254 2930 4298; x_wconf 75' lang='grc' dir='ltr'><strong>ΡΑΤιιι</strong></span> <span class='ocrx_word' id='word_1_654' title='bbox 2991 4257 3091 4300; x_wconf 84' lang='lat' dir='ltr'><strong>SIT</strong></span> <span class='ocrx_word' id='word_1_655' title='bbox 3143 4247 3732 4301; x_wconf 73' lang='lat' dir='ltr'><strong>CONSUBSTANTIALIS,</strong></span> 
     </span>
    </p>
   </div>
   <div class='ocr_carea' id='block_1_85' title="bbox 587 4349 3735 4412">
    <p class='ocr_par' dir='ltr' id='par_1_85' title="bbox 587 4349 3735 4412">
     <span class='ocr_line' id='line_1_85' title="bbox 587 4349 3735 4412; baseline -0.003 -16"><span class='ocrx_word' id='word_1_656' title='bbox 587 4354 1103 4410; x_wconf 70' lang='lat' dir='ltr'><strong>DIMONSTRATIO,</strong></span> <span class='ocrx_word' id='word_1_657' title='bbox 1147 4353 1449 4408; x_wconf 77' lang='lat' dir='ltr'><strong>QUODQUE</strong></span> <span class='ocrx_word' id='word_1_658' title='bbox 1491 4355 1596 4412; x_wconf 76' lang='grc' dir='ltr'><strong>ΕΔ,</strong></span> <span class='ocrx_word' id='word_1_659' title='bbox 1641 4355 1785 4408; x_wconf 68' lang='grc' dir='ltr'><strong>ΩυΒ</strong></span> <span class='ocrx_word' id='word_1_660' title='bbox 1841 4355 2202 4398; x_wconf 72' lang='lat' dir='ltr'><strong>BUMILITER</strong></span> <span class='ocrx_word' id='word_1_661' title='bbox 2264 4355 2346 4398; x_wconf 80' lang='grc' dir='ltr'><strong>ΑΒ</strong></span> <span class='ocrx_word' id='word_1_662' title='bbox 2381 4354 2462 4398; x_wconf 82' lang='lat' dir='ltr'><strong>EO</strong></span> <span class='ocrx_word' id='word_1_663' title='bbox 2505 4355 2693 4399; x_wconf 77' lang='lat' dir='ltr'><strong>DICTA</strong></span> <span class='ocrx_word' id='word_1_664' title='bbox 2722 4355 2883 4399; x_wconf 75' lang='lat' dir='ltr'><strong>SUNT</strong></span> <span class='ocrx_word' id='word_1_665' title='bbox 2916 4357 2998 4399; x_wconf 77' lang='lat' dir='ltr'><strong>ET</strong></span> <span class='ocrx_word' id='word_1_666' title='bbox 3039 4357 3268 4411; x_wconf 75' lang='lat' dir='ltr'><strong>FACTA,</strong></span> <span class='ocrx_word' id='word_1_667' title='bbox 3315 4357 3440 4400; x_wconf 78' lang='lat' dir='ltr'><strong>NON</strong></span> <span class='ocrx_word' id='word_1_668' title='bbox 3496 4349 3735 4397; x_wconf 67' lang='grc' dir='ltr'><strong>ηοπιςιι</strong></span> 
     </span>
    </p>
   </div>
   <div class='ocr_carea' id='block_1_86' title="bbox 585 4445 3735 4512">
    <p class='ocr_par' dir='ltr' id='par_1_86' title="bbox 585 4445 3735 4512">
     <span class='ocr_line' id='line_1_86' title="bbox 585 4445 3735 4512; baseline -0.003 -14"><span class='ocrx_word' id='word_1_669' title='bbox 585 4455 1126 4500; x_wconf 70' lang='grc' dir='ltr'><strong>ΙΜΒΕΟΙΙᾸᾸΤΔΤΕΜ</strong></span> <span class='ocrx_word' id='word_1_670' title='bbox 1169 4455 1522 4512; x_wconf 68' lang='lat' dir='ltr'><strong>POTENTIE,</strong></span> <span class='ocrx_word' id='word_1_671' title='bbox 1569 4455 1689 4502; x_wconf 74' lang='lat' dir='ltr'><strong>VBL</strong></span> <span class='ocrx_word' id='word_1_672' title='bbox 1729 4455 1814 4498; x_wconf 85' lang='lat' dir='ltr'><strong>UT</strong></span> <span class='ocrx_word' id='word_1_673' title='bbox 1853 4454 2058 4498; x_wconf 76' lang='grc' dir='ltr'><strong>ΜιΝοιι</strong></span> <span class='ocrx_word' id='word_1_674' title='bbox 2099 4454 2491 4510; x_wconf 69' lang='grc' dir='ltr'><strong>ΟΕΝΒΕΔΤΠΒ,</strong></span> <span class='ocrx_word' id='word_1_675' title='bbox 2535 4455 2738 4497; x_wconf 79' lang='lat' dir='ltr'><strong>FACTA</strong></span> <span class='ocrx_word' id='word_1_676' title='bbox 2779 4454 2920 4497; x_wconf 80' lang='lat' dir='ltr'><strong>SINT</strong></span> <span class='ocrx_word' id='word_1_677' title='bbox 2953 4456 3033 4498; x_wconf 83' lang='lat' dir='ltr'><strong>ET</strong></span> <span class='ocrx_word' id='word_1_678' title='bbox 3075 4456 3264 4498; x_wconf 73' lang='lat' dir='ltr'><strong>DICTA</strong></span> <span class='ocrx_word' id='word_1_679' title='bbox 3291 4483 3306 4511; x_wconf 87' lang='lat'><strong>,</strong></span> <span class='ocrx_word' id='word_1_680' title='bbox 3354 4455 3466 4498; x_wconf 72' lang='grc' dir='ltr'><strong>εει)</strong></span> <span class='ocrx_word' id='word_1_681' title='bbox 3493 4445 3735 4495; x_wconf 73' lang='lat' dir='ltr'><strong>PROPTEI</strong></span> 
     </span>
    </p>
   </div>
   <div class='ocr_carea' id='block_1_87' title="bbox 588 4547 3734 4612">
    <p class='ocr_par' dir='ltr' id='par_1_87' title="bbox 588 4547 3734 4612">
     <span class='ocr_line' id='line_1_87' title="bbox 588 4547 3734 4612; baseline -0.002 -16"><span class='ocrx_word' id='word_1_682' title='bbox 588 4554 884 4598; x_wconf 77' lang='lat' dir='ltr'><strong>DIVEBSAS</strong></span> <span class='ocrx_word' id='word_1_683' title='bbox 944 4556 1456 4600; x_wconf 74' lang='lat' dir='ltr'><strong>DISPENSATIONIS</strong></span> <span class='ocrx_word' id='word_1_684' title='bbox 1509 4555 1818 4600; x_wconf 72' lang='lat' dir='ltr'><strong>RATIONES</strong></span> <span class='ocrx_word' id='word_1_685' title='bbox 1861 4557 1878 4597; x_wconf 69' lang='grc' dir='ltr'>ζ</span> <span class='ocrx_word' id='word_1_686' title='bbox 1942 4554 2032 4600; x_wconf 67' lang='lat' dir='ltr'><strong>EI</strong></span> <span class='ocrx_word' id='word_1_687' title='bbox 2071 4553 2532 4598; x_wconf 74' lang='lat' dir='ltr'><strong>DISPUTATIONE</strong></span> <span class='ocrx_word' id='word_1_688' title='bbox 2575 4555 2659 4598; x_wconf 78' lang='lat' dir='ltr'><strong>DE</strong></span> <span class='ocrx_word' id='word_1_689' title='bbox 2701 4554 3378 4612; x_wconf 68' lang='lat' dir='ltr'><strong>INCOMPBEHENSIBILI,</strong></span> <span class='ocrx_word' id='word_1_690' title='bbox 3424 4556 3503 4598; x_wconf 76' lang='lat' dir='ltr'><strong>ET</strong></span> <span class='ocrx_word' id='word_1_691' title='bbox 3542 4547 3734 4596; x_wconf 60' lang='lat' dir='ltr'><strong>CONSE&#39;</strong></span> 
     </span>
    </p>
   </div>
   <div class='ocr_carea' id='block_1_88' title="bbox 586 4656 908 4711">
    <p class='ocr_par' dir='ltr' id='par_1_88' title="bbox 586 4656 908 4711">
     <span class='ocr_line' id='line_1_88' title="bbox 586 4656 908 4711; baseline 0 -11"><span class='ocrx_word' id='word_1_692' title='bbox 586 4656 908 4711; x_wconf 63' lang='lat' dir='ltr'><strong>queamus</strong></span> 
     </span>
    </p>
   </div>
   <div class='ocr_carea' id='block_1_89' title="bbox 1912 4780 2353 4819">
    <p class='ocr_par' dir='ltr' id='par_1_89' title="bbox 1912 4780 2353 4819">
     <span class='ocr_line' id='line_1_89' title="bbox 1912 4780 2353 4819; baseline 0.007 -3"><span class='ocrx_word' id='word_1_693' title='bbox 1912 4780 2353 4819; x_wconf 57' lang='lat' dir='ltr'><strong>meum</strong></span> 
     </span>
    </p>
   </div>
   <div class='ocr_carea' id='block_1_90' title="bbox 1042 4933 1547 4977">
    <p class='ocr_par' dir='ltr' id='par_1_90' title="bbox 1042 4933 1547 4977">
     <span class='ocr_line' id='line_1_90' title="bbox 1042 4933 1547 4977; baseline -0.002 0"><span class='ocrx_word' id='word_1_694' title='bbox 1042 4935 1262 4977; x_wconf 71' lang='grc' dir='ltr'><strong>ιιοιιιιιι</strong></span> <span class='ocrx_word' id='word_1_695' title='bbox 1299 4933 1547 4977; x_wconf 64' lang='grc' dir='ltr'><strong>εκιδτιιιλ.</strong></span> 
     </span>
    </p>
   </div>
   <div class='ocr_carea' id='block_1_91' title="bbox 573 5095 2084 5166">
    <p class='ocr_par' dir='ltr' id='par_1_91' title="bbox 573 5095 2084 5166">
     <span class='ocr_line' id='line_1_91' title="bbox 573 5095 2084 5166; baseline -0.001 -11"><span class='ocrx_word' id='word_1_696' title='bbox 573 5098 626 5156; x_wconf 73' lang='grc'><strong>1.</strong></span> <span class='ocrx_word' id='word_1_697' title='bbox 655 5097 852 5155; x_wconf 85' lang='lat' dir='ltr'><strong>Iterum</strong></span> <span class='ocrx_word' id='word_1_698' title='bbox 887 5097 1143 5152; x_wconf 86' lang='lat' dir='ltr'><strong>circensia</strong></span> <span class='ocrx_word' id='word_1_699' title='bbox 1169 5136 1185 5160; x_wconf 88' lang='lat'><strong>,</strong></span> <span class='ocrx_word' id='word_1_700' title='bbox 1233 5096 1530 5166; x_wconf 90' lang='lat' dir='ltr'><strong>iterumque</strong></span> <span class='ocrx_word' id='word_1_701' title='bbox 1575 5095 1730 5153; x_wconf 85' lang='lat' dir='ltr'><strong>nobis</strong></span> <span class='ocrx_word' id='word_1_702' title='bbox 1771 5096 2084 5154; x_wconf 87' lang='lat' dir='ltr'><strong>imminutus</strong></span> 
     </span>
    </p>
   </div>
   <div class='ocr_carea' id='block_1_92' title="bbox 501 5188 2082 5259">
    <p class='ocr_par' dir='ltr' id='par_1_92' title="bbox 501 5188 2082 5259">
     <span class='ocr_line' id='line_1_92' title="bbox 501 5188 2082 5259; baseline 0.001 -12"><span class='ocrx_word' id='word_1_703' title='bbox 501 5199 585 5247; x_wconf 88' lang='lat' dir='ltr'><strong>est</strong></span> <span class='ocrx_word' id='word_1_704' title='bbox 623 5199 915 5246; x_wconf 90' lang='lat' dir='ltr'><strong>conventus</strong></span> <span class='ocrx_word' id='word_1_705' title='bbox 945 5205 960 5243; x_wconf 89' lang='lat'><strong>:</strong></span> <span class='ocrx_word' id='word_1_706' title='bbox 988 5190 1097 5244; x_wconf 91' lang='lat' dir='ltr'><strong>imo</strong></span> <span class='ocrx_word' id='word_1_707' title='bbox 1120 5203 1250 5244; x_wconf 91' lang='lat' dir='ltr'><strong>vero</strong></span> <span class='ocrx_word' id='word_1_708' title='bbox 1278 5189 1529 5259; x_wconf 89' lang='lat' dir='ltr'><strong>quamdiu</strong></span> <span class='ocrx_word' id='word_1_709' title='bbox 1555 5204 1650 5244; x_wconf 90' lang='lat' dir='ltr'><strong>vos</strong></span> <span class='ocrx_word' id='word_1_710' title='bbox 1691 5188 1892 5246; x_wconf 90' lang='lat' dir='ltr'><strong>adestis</strong></span> <span class='ocrx_word' id='word_1_711' title='bbox 1911 5233 1926 5257; x_wconf 93' lang='lat'><strong>,</strong></span> <span class='ocrx_word' id='word_1_712' title='bbox 1969 5192 2082 5248; x_wconf 80' lang='lat' dir='ltr'><strong>fieri</strong></span> 
     </span>
    </p>
   </div>
   <div class='ocr_carea' id='block_1_93' title="bbox 502 5278 2083 5351">
    <p class='ocr_par' dir='ltr' id='par_1_93' title="bbox 502 5278 2083 5351">
     <span class='ocr_line' id='line_1_93' title="bbox 502 5278 2083 5351; baseline 0.001 -15"><span class='ocrx_word' id='word_1_713' title='bbox 502 5282 718 5348; x_wconf 89' lang='lat' dir='ltr'><strong>nequit,</strong></span> <span class='ocrx_word' id='word_1_714' title='bbox 757 5290 815 5336; x_wconf 92' lang='lat' dir='ltr'><strong>ut</strong></span> <span class='ocrx_word' id='word_1_715' title='bbox 846 5280 1204 5336; x_wconf 89' lang='lat' dir='ltr'><strong>imminuatur.</strong></span> <span class='ocrx_word' id='word_1_716' title='bbox 1248 5278 1382 5334; x_wconf 82' lang='lat' dir='ltr'><strong>Nam</strong></span> <span class='ocrx_word' id='word_1_717' title='bbox 1411 5280 1547 5335; x_wconf 90' lang='lat' dir='ltr'><strong>sicut</strong></span> <span class='ocrx_word' id='word_1_718' title='bbox 1576 5281 1804 5350; x_wconf 88' lang='lat' dir='ltr'><strong>agricola</strong></span> <span class='ocrx_word' id='word_1_719' title='bbox 1830 5281 1875 5335; x_wconf 94' lang='lat' dir='ltr'><strong>si</strong></span> <span class='ocrx_word' id='word_1_720' title='bbox 1903 5282 2083 5351; x_wconf 79' lang='lat' dir='ltr'><strong>fruges</strong></span> 
     </span>
    </p>
   </div>
   <div class='ocr_carea' id='block_1_94' title="bbox 501 5356 2081 5442">
    <p class='ocr_par' dir='ltr' id='par_1_94' title="bbox 501 5356 2081 5442">
     <span class='ocr_line' id='line_1_94' title="bbox 501 5356 2081 5442; baseline 0.002 -15"><span class='ocrx_word' id='word_1_721' title='bbox 501 5372 708 5429; x_wconf 92' lang='lat' dir='ltr'><strong>adultas</strong></span> <span class='ocrx_word' id='word_1_722' title='bbox 748 5373 940 5428; x_wconf 88' lang='lat' dir='ltr'><strong>viderit</strong></span> <span class='ocrx_word' id='word_1_723' title='bbox 973 5381 1026 5428; x_wconf 93' lang='lat' dir='ltr'><strong>ct</strong></span> <span class='ocrx_word' id='word_1_724' title='bbox 1061 5379 1294 5427; x_wconf 91' lang='lat' dir='ltr'><strong>maturas</strong></span> <span class='ocrx_word' id='word_1_725' title='bbox 1317 5412 1334 5438; x_wconf 93' lang='lat'><strong>,</strong></span> <span class='ocrx_word' id='word_1_726' title='bbox 1365 5372 1743 5442; x_wconf 85' lang='lat' dir='ltr'><strong>quod’cadant</strong></span> <span class='ocrx_word' id='word_1_727' title='bbox 1767 5374 1890 5429; x_wconf 90' lang='lat' dir='ltr'><strong>folia</strong></span> <span class='ocrx_word' id='word_1_728' title='bbox 1914 5415 1930 5441; x_wconf 89' lang='lat'><strong>,</strong></span> <span class='ocrx_word' id='word_1_729' title='bbox 1977 5356 2081 5430; x_wconf 71' lang='lat' dir='ltr'><strong>non</strong></span> 
     </span>
    </p>
   </div>
   <div class='ocr_carea' id='block_1_95' title="bbox 502 5467 2082 5538">
    <p class='ocr_par' dir='ltr' id='par_1_95' title="bbox 502 5467 2082 5538">
     <span class='ocr_line' id='line_1_95' title="bbox 502 5467 2082 5538; baseline 0.002 -17"><span class='ocrx_word' id='word_1_730' title='bbox 502 5467 786 5524; x_wconf 89' lang='lat' dir='ltr'><strong>admodum</strong></span> <span class='ocrx_word' id='word_1_731' title='bbox 828 5468 1124 5524; x_wconf 81' lang='lat' dir='ltr'><strong>curatzsic</strong></span> <span class='ocrx_word' id='word_1_732' title='bbox 1167 5467 1414 5522; x_wconf 91' lang='lat' dir='ltr'><strong>nimirum</strong></span> <span class='ocrx_word' id='word_1_733' title='bbox 1444 5476 1500 5524; x_wconf 90' lang='lat' dir='ltr'><strong>et</strong></span> <span class='ocrx_word' id='word_1_734' title='bbox 1523 5483 1662 5538; x_wconf 87' lang='lat' dir='ltr'><strong>ego,</strong></span> <span class='ocrx_word' id='word_1_735' title='bbox 1715 5482 1836 5524; x_wconf 92' lang='lat' dir='ltr'><strong>cum</strong></span> <span class='ocrx_word' id='word_1_736' title='bbox 1881 5467 2082 5524; x_wconf 89' lang='lat' dir='ltr'><strong>fructus</strong></span> 
     </span>
    </p>
   </div>
   <div class='ocr_carea' id='block_1_96' title="bbox 502 5558 2082 5630">
    <p class='ocr_par' dir='ltr' id='par_1_96' title="bbox 502 5558 2082 5630">
     <span class='ocr_line' id='line_1_96' title="bbox 502 5558 2082 5630; baseline 0.001 -17"><span class='ocrx_word' id='word_1_737' title='bbox 502 5559 658 5613; x_wconf 81' lang='lat' dir='ltr'><strong>nobis</strong></span> <span class='ocrx_word' id='word_1_738' title='bbox 684 5558 854 5621; x_wconf 89' lang='lat' dir='ltr'><strong>adsit,</strong></span> <span class='ocrx_word' id='word_1_739' title='bbox 901 5573 1005 5612; x_wconf 91' lang='lat' dir='ltr'><strong>non</strong></span> <span class='ocrx_word' id='word_1_740' title='bbox 1048 5559 1118 5612; x_wconf 90' lang='lat' dir='ltr'><strong>ita</strong></span> <span class='ocrx_word' id='word_1_741' title='bbox 1146 5558 1302 5614; x_wconf 91' lang='lat' dir='ltr'><strong>doleo</strong></span> <span class='ocrx_word' id='word_1_742' title='bbox 1329 5600 1344 5625; x_wconf 93' lang='lat'><strong>,</strong></span> <span class='ocrx_word' id='word_1_743' title='bbox 1375 5559 1499 5613; x_wconf 92' lang='lat' dir='ltr'><strong>dum</strong></span> <span class='ocrx_word' id='word_1_744' title='bbox 1545 5559 1672 5615; x_wconf 83' lang='lat' dir='ltr'><strong>folia</strong></span> <span class='ocrx_word' id='word_1_745' title='bbox 1713 5560 1867 5614; x_wconf 90' lang='lat' dir='ltr'><strong>nobis</strong></span> <span class='ocrx_word' id='word_1_746' title='bbox 1912 5560 2082 5630; x_wconf 90' lang='lat' dir='ltr'><strong>abripi</strong></span> 
     </span>
    </p>
   </div>
   <div class='ocr_carea' id='block_1_97' title="bbox 501 5649 2078 5724">
    <p class='ocr_par' dir='ltr' id='par_1_97' title="bbox 501 5649 2078 5724">
     <span class='ocr_line' id='line_1_97' title="bbox 501 5649 2078 5724; baseline 0.002 -20"><span class='ocrx_word' id='word_1_747' title='bbox 501 5664 686 5704; x_wconf 90' lang='lat' dir='ltr'><strong>cerno.</strong></span> <span class='ocrx_word' id='word_1_748' title='bbox 740 5650 863 5703; x_wconf 78' lang='lat' dir='ltr'><strong>Mihi</strong></span> <span class='ocrx_word' id='word_1_749' title='bbox 918 5649 1129 5717; x_wconf 89' lang='lat' dir='ltr'><strong>quidem</strong></span> <span class='ocrx_word' id='word_1_750' title='bbox 1181 5662 1397 5720; x_wconf 89' lang='lat' dir='ltr'><strong>propter</strong></span> <span class='ocrx_word' id='word_1_751' title='bbox 1447 5653 1656 5707; x_wconf 91' lang='lat' dir='ltr'><strong>illorum</strong></span> <span class='ocrx_word' id='word_1_752' title='bbox 1706 5654 2078 5724; x_wconf 86' lang='lat' dir='ltr'><strong>negligentiam</strong></span> 
     </span>
    </p>
   </div>
   <div class='ocr_carea' id='block_1_98' title="bbox 502 5737 2082 5811">
    <p class='ocr_par' dir='ltr' id='par_1_98' title="bbox 502 5737 2082 5811">
     <span class='ocr_line' id='line_1_98' title="bbox 502 5737 2082 5811; baseline 0.006 -19"><span class='ocrx_word' id='word_1_753' title='bbox 502 5737 650 5793; x_wconf 81' lang='lat' dir='ltr'><strong>dolet</strong></span> <span class='ocrx_word' id='word_1_754' title='bbox 671 5776 689 5804; x_wconf 91' lang='lat'><strong>,</strong></span> <span class='ocrx_word' id='word_1_755' title='bbox 729 5747 1090 5796; x_wconf 88' lang='lat' dir='ltr'><strong>verumtamen</strong></span> <span class='ocrx_word' id='word_1_756' title='bbox 1115 5750 1429 5811; x_wconf 83' lang='lat' dir='ltr'><strong>conceptum</strong></span> <span class='ocrx_word' id='word_1_757' title='bbox 1458 5741 1527 5798; x_wconf 88' lang='lat' dir='ltr'><strong>ob</strong></span> <span class='ocrx_word' id='word_1_758' title='bbox 1558 5741 1679 5800; x_wconf 88' lang='lat' dir='ltr'><strong>illos</strong></span> <span class='ocrx_word' id='word_1_759' title='bbox 1715 5743 1956 5803; x_wconf 87' lang='lat' dir='ltr'><strong>dolorem</strong></span> <span class='ocrx_word' id='word_1_760' title='bbox 1983 5744 2082 5801; x_wconf 89' lang='lat' dir='ltr'><strong>mi-</strong></span> 
     </span>
    </p>
   </div>
   <div class='ocr_carea' id='block_1_99' title="bbox 2189 4913 3730 4992">
    <p class='ocr_par' dir='ltr' id='par_1_99' title="bbox 2189 4913 3730 4992">
     <span class='ocr_line' id='line_1_99' title="bbox 2189 4913 3730 4992; baseline -0.012 -15"><span class='ocrx_word' id='word_1_761' title='bbox 2189 4922 2322 4992; x_wconf 88' lang='lat' dir='ltr'><strong>tigat</strong></span> <span class='ocrx_word' id='word_1_762' title='bbox 2360 4927 2556 4976; x_wconf 73' lang='lat' dir='ltr'><strong>vestra:</strong></span> <span class='ocrx_word' id='word_1_763' title='bbox 2596 4917 2843 4973; x_wconf 89' lang='lat' dir='ltr'><strong>alacritas</strong></span> <span class='ocrx_word' id='word_1_764' title='bbox 2871 4917 3140 4974; x_wconf 86' lang='lat' dir='ltr'><strong>caritatis.</strong></span> <span class='ocrx_word' id='word_1_765' title='bbox 3189 4917 3480 4974; x_wconf 84' lang='lat' dir='ltr'><strong>Enimvero</strong></span> <span class='ocrx_word' id='word_1_766' title='bbox 3507 4913 3577 4970; x_wconf 93' lang='lat' dir='ltr'><strong>illi</strong></span> <span class='ocrx_word' id='word_1_767' title='bbox 3596 4923 3730 4982; x_wconf 88' lang='lat' dir='ltr'><strong>quan-</strong></span> 
     </span>
    </p>
   </div>
   <div class='ocr_carea' id='block_1_100' title="bbox 2187 5005 3726 5082">
    <p class='ocr_par' dir='ltr' id='par_1_100' title="bbox 2187 5005 3726 5082">
     <span class='ocr_line' id='line_1_100' title="bbox 2187 5005 3726 5082; baseline -0.006 -12"><span class='ocrx_word' id='word_1_768' title='bbox 2187 5013 2388 5070; x_wconf 89' lang='lat' dir='ltr'><strong>tumvis</strong></span> <span class='ocrx_word' id='word_1_769' title='bbox 2409 5010 2721 5066; x_wconf 88' lang='lat' dir='ltr'><strong>advenerint</strong></span> <span class='ocrx_word' id='word_1_770' title='bbox 2747 5010 3047 5082; x_wconf 89' lang='lat' dir='ltr'><strong>aliquando,</strong></span> <span class='ocrx_word' id='word_1_771' title='bbox 3076 5026 3144 5066; x_wconf 90' lang='lat' dir='ltr'><strong>ne</strong></span> <span class='ocrx_word' id='word_1_772' title='bbox 3169 5022 3282 5066; x_wconf 89' lang='lat' dir='ltr'><strong>tum</strong></span> <span class='ocrx_word' id='word_1_773' title='bbox 3311 5009 3524 5080; x_wconf 91' lang='lat' dir='ltr'><strong>quidem</strong></span> <span class='ocrx_word' id='word_1_774' title='bbox 3551 5005 3726 5060; x_wconf 67' lang='lat' dir='ltr'><strong>adsunt.</strong></span> 
     </span>
    </p>
   </div>
   <div class='ocr_carea' id='block_1_101' title="bbox 2185 5104 3729 5174">
    <p class='ocr_par' dir='ltr' id='par_1_101' title="bbox 2185 5104 3729 5174">
     <span class='ocr_line' id='line_1_101' title="bbox 2185 5104 3729 5174; baseline -0.011 -12"><span class='ocrx_word' id='word_1_775' title='bbox 2185 5105 2280 5162; x_wconf 88' lang='lat' dir='ltr'><strong>sed</strong></span> <span class='ocrx_word' id='word_1_776' title='bbox 2309 5105 2394 5160; x_wconf 89' lang='lat' dir='ltr'><strong>hic</strong></span> <span class='ocrx_word' id='word_1_777' title='bbox 2415 5104 2627 5174; x_wconf 90' lang='lat' dir='ltr'><strong>quidem</strong></span> <span class='ocrx_word' id='word_1_778' title='bbox 2657 5118 2852 5174; x_wconf 88' lang='lat' dir='ltr'><strong>corpus</strong></span> <span class='ocrx_word' id='word_1_779' title='bbox 2880 5119 3064 5158; x_wconf 90' lang='lat' dir='ltr'><strong>eorum</strong></span> <span class='ocrx_word' id='word_1_780' title='bbox 3091 5111 3176 5158; x_wconf 89' lang='lat' dir='ltr'><strong>est</strong></span> <span class='ocrx_word' id='word_1_781' title='bbox 3202 5104 3388 5167; x_wconf 90' lang='lat' dir='ltr'><strong>situm,</strong></span> <span class='ocrx_word' id='word_1_782' title='bbox 3416 5115 3563 5156; x_wconf 90' lang='lat' dir='ltr'><strong>mens</strong></span> <span class='ocrx_word' id='word_1_783' title='bbox 3587 5104 3729 5152; x_wconf 87' lang='lat' dir='ltr'><strong>autem</strong></span> 
     </span>
    </p>
   </div>
   <div class='ocr_carea' id='block_1_102' title="bbox 2186 5189 3725 5266">
    <p class='ocr_par' dir='ltr' id='par_1_102' title="bbox 2186 5189 3725 5266">
     <span class='ocr_line' id='line_1_102' title="bbox 2186 5189 3725 5266; baseline -0.008 -17"><span class='ocrx_word' id='word_1_784' title='bbox 2186 5193 2316 5250; x_wconf 86' lang='lat' dir='ltr'><strong>foris</strong></span> <span class='ocrx_word' id='word_1_785' title='bbox 2357 5201 2620 5266; x_wconf 86' lang='lat' dir='ltr'><strong>vagatur:</strong></span> <span class='ocrx_word' id='word_1_786' title='bbox 2650 5201 2705 5247; x_wconf 91' lang='lat' dir='ltr'><strong>at</strong></span> <span class='ocrx_word' id='word_1_787' title='bbox 2740 5208 2835 5248; x_wconf 90' lang='lat' dir='ltr'><strong>vos</strong></span> <span class='ocrx_word' id='word_1_788' title='bbox 2878 5194 3004 5247; x_wconf 91' lang='lat' dir='ltr'><strong>licet</strong></span> <span class='ocrx_word' id='word_1_789' title='bbox 3046 5192 3230 5248; x_wconf 88' lang='lat' dir='ltr'><strong>absitis</strong></span> <span class='ocrx_word' id='word_1_790' title='bbox 3276 5189 3590 5261; x_wconf 89' lang='lat' dir='ltr'><strong>aliquando,</strong></span> <span class='ocrx_word' id='word_1_791' title='bbox 3624 5194 3725 5238; x_wconf 74' lang='lat' dir='ltr'><strong>tunc</strong></span> 
     </span>
    </p>
   </div>
   <div class='ocr_carea' id='block_1_103' title="bbox 2185 5282 3729 5353">
    <p class='ocr_par' dir='ltr' id='par_1_103' title="bbox 2185 5282 3729 5353">
     <span class='ocr_line' id='line_1_103' title="bbox 2185 5282 3729 5353; baseline -0.01 -12"><span class='ocrx_word' id='word_1_792' title='bbox 2185 5287 2343 5341; x_wconf 89' lang='lat' dir='ltr'><strong>etiam</strong></span> <span class='ocrx_word' id='word_1_793' title='bbox 2368 5285 2567 5340; x_wconf 89' lang='lat' dir='ltr'><strong>adestis</strong></span> <span class='ocrx_word' id='word_1_794' title='bbox 2594 5302 2608 5338; x_wconf 86' lang='lat'><strong>:</strong></span> <span class='ocrx_word' id='word_1_795' title='bbox 2641 5297 2833 5353; x_wconf 89' lang='lat' dir='ltr'><strong>corpus</strong></span> <span class='ocrx_word' id='word_1_796' title='bbox 2862 5283 3001 5339; x_wconf 90' lang='lat' dir='ltr'><strong>enim</strong></span> <span class='ocrx_word' id='word_1_797' title='bbox 3027 5291 3260 5338; x_wconf 89' lang='lat' dir='ltr'><strong>vestrum</strong></span> <span class='ocrx_word' id='word_1_798' title='bbox 3289 5282 3419 5336; x_wconf 88' lang='lat' dir='ltr'><strong>foris</strong></span> <span class='ocrx_word' id='word_1_799' title='bbox 3438 5322 3454 5345; x_wconf 95' lang='lat'><strong>,</strong></span> <span class='ocrx_word' id='word_1_800' title='bbox 3489 5292 3627 5334; x_wconf 84' lang='lat' dir='ltr'><strong>mens</strong></span> <span class='ocrx_word' id='word_1_801' title='bbox 3651 5287 3729 5325; x_wconf 83' lang='lat' dir='ltr'><strong>au-</strong></span> 
     </span>
    </p>
   </div>
   <div class='ocr_carea' id='block_1_104' title="bbox 2187 5365 3728 5441">
    <p class='ocr_par' dir='ltr' id='par_1_104' title="bbox 2187 5365 3728 5441">
     <span class='ocr_line' id='line_1_104' title="bbox 2187 5365 3728 5441; baseline -0.008 -10"><span class='ocrx_word' id='word_1_802' title='bbox 2187 5385 2292 5433; x_wconf 89' lang='lat' dir='ltr'><strong>tem</strong></span> <span class='ocrx_word' id='word_1_803' title='bbox 2316 5376 2402 5431; x_wconf 91' lang='lat' dir='ltr'><strong>hic</strong></span> <span class='ocrx_word' id='word_1_804' title='bbox 2431 5386 2608 5431; x_wconf 91' lang='lat' dir='ltr'><strong>vestra</strong></span> <span class='ocrx_word' id='word_1_805' title='bbox 2629 5382 2890 5430; x_wconf 87' lang='lat' dir='ltr'><strong>versatur.</strong></span> <span class='ocrx_word' id='word_1_806' title='bbox 2911 5374 3209 5429; x_wconf 89' lang='lat' dir='ltr'><strong>Statueram</strong></span> <span class='ocrx_word' id='word_1_807' title='bbox 3232 5371 3479 5441; x_wconf 89' lang='lat' dir='ltr'><strong>equidem</strong></span> <span class='ocrx_word' id='word_1_808' title='bbox 3507 5365 3728 5438; x_wconf 72' lang='lat' dir='ltr'><strong>prolixam</strong></span> 
     </span>
    </p>
   </div>
   <div class='ocr_carea' id='block_1_105' title="bbox 2186 5459 3733 5530">
    <p class='ocr_par' dir='ltr' id='par_1_105' title="bbox 2186 5459 3733 5530">
     <span class='ocr_line' id='line_1_105' title="bbox 2186 5459 3733 5530; baseline -0.01 -8"><span class='ocrx_word' id='word_1_809' title='bbox 2186 5466 2240 5522; x_wconf 87' lang='lat' dir='ltr'><strong>in</strong></span> <span class='ocrx_word' id='word_1_810' title='bbox 2269 5467 2387 5522; x_wconf 91' lang='lat' dir='ltr'><strong>illos</strong></span> <span class='ocrx_word' id='word_1_811' title='bbox 2407 5467 2701 5521; x_wconf 90' lang='lat' dir='ltr'><strong>orationem</strong></span> <span class='ocrx_word' id='word_1_812' title='bbox 2724 5464 2959 5529; x_wconf 87' lang='lat' dir='ltr'><strong>habere;</strong></span> <span class='ocrx_word' id='word_1_813' title='bbox 2996 5463 3088 5519; x_wconf 87' lang='lat' dir='ltr'><strong>sed</strong></span> <span class='ocrx_word' id='word_1_814' title='bbox 3120 5479 3205 5530; x_wconf 90' lang='lat' dir='ltr'><strong>ne,</strong></span> <span class='ocrx_word' id='word_1_815' title='bbox 3233 5465 3364 5517; x_wconf 83' lang='lat' dir='ltr'><strong>dum</strong></span> <span class='ocrx_word' id='word_1_816' title='bbox 3392 5459 3600 5514; x_wconf 91' lang='lat' dir='ltr'><strong>minime</strong></span> <span class='ocrx_word' id='word_1_817' title='bbox 3623 5465 3733 5522; x_wconf 60' lang='lat' dir='ltr'><strong>pm</strong></span> 
     </span>
    </p>
   </div>
   <div class='ocr_carea' id='block_1_106' title="bbox 2195 5543 3732 5624">
    <p class='ocr_par' dir='ltr' id='par_1_106' title="bbox 2195 5543 3732 5624">
     <span class='ocr_line' id='line_1_106' title="bbox 2195 5543 3732 5624; baseline -0.013 -12"><span class='ocrx_word' id='word_1_818' title='bbox 2195 5566 2404 5622; x_wconf 90' lang='lat' dir='ltr'><strong>sentes,</strong></span> <span class='ocrx_word' id='word_1_819' title='bbox 2450 5571 2550 5611; x_wconf 91' lang='lat' dir='ltr'><strong>nec</strong></span> <span class='ocrx_word' id='word_1_820' title='bbox 2589 5555 2868 5610; x_wconf 85' lang='lat' dir='ltr'><strong>audientes</strong></span> <span class='ocrx_word' id='word_1_821' title='bbox 2912 5556 3166 5624; x_wconf 89' lang='lat' dir='ltr'><strong>increpo,</strong></span> <span class='ocrx_word' id='word_1_822' title='bbox 3205 5567 3328 5607; x_wconf 81' lang='lat' dir='ltr'><strong>eum</strong></span> <span class='ocrx_word' id='word_1_823' title='bbox 3375 5550 3555 5605; x_wconf 90' lang='lat' dir='ltr'><strong>umbra</strong></span> <span class='ocrx_word' id='word_1_824' title='bbox 3581 5543 3732 5598; x_wconf 87' lang='lat' dir='ltr'><strong>videar</strong></span> 
     </span>
    </p>
   </div>
   <div class='ocr_carea' id='block_1_107' title="bbox 2186 5641 3732 5718">
    <p class='ocr_par' dir='ltr' id='par_1_107' title="bbox 2186 5641 3732 5718">
     <span class='ocr_line' id='line_1_107' title="bbox 2186 5641 3732 5718; baseline -0.012 -16"><span class='ocrx_word' id='word_1_825' title='bbox 2186 5648 2490 5718; x_wconf 88' lang='lat' dir='ltr'><strong>depugnare</strong></span> <span class='ocrx_word' id='word_1_826' title='bbox 2513 5687 2528 5712; x_wconf 90' lang='lat'><strong>,</strong></span> <span class='ocrx_word' id='word_1_827' title='bbox 2571 5647 2651 5699; x_wconf 90' lang='lat' dir='ltr'><strong>his</strong></span> <span class='ocrx_word' id='word_1_828' title='bbox 2677 5646 3011 5701; x_wconf 89' lang='lat' dir='ltr'><strong>sermonibus</strong></span> <span class='ocrx_word' id='word_1_829' title='bbox 3041 5647 3093 5700; x_wconf 91' lang='lat' dir='ltr'><strong>in</strong></span> <span class='ocrx_word' id='word_1_830' title='bbox 3125 5645 3332 5699; x_wconf 91' lang='lat' dir='ltr'><strong>illorum</strong></span> <span class='ocrx_word' id='word_1_831' title='bbox 3361 5641 3632 5695; x_wconf 83' lang='lat' dir='ltr'><strong>adventum</strong></span> <span class='ocrx_word' id='word_1_832' title='bbox 3661 5647 3732 5687; x_wconf 81' lang='lat' dir='ltr'><strong>re-</strong></span> 
     </span>
    </p>
   </div>
   <div class='ocr_carea' id='block_1_108' title="bbox 2189 5731 3726 5813">
    <p class='ocr_par' dir='ltr' id='par_1_108' title="bbox 2189 5731 3726 5813">
     <span class='ocr_line' id='line_1_108' title="bbox 2189 5731 3726 5813; baseline -0.009 -13"><span class='ocrx_word' id='word_1_833' title='bbox 2189 5743 2411 5800; x_wconf 86' lang='lat' dir='ltr'><strong>servatis</strong></span> <span class='ocrx_word' id='word_1_834' title='bbox 2427 5782 2442 5809; x_wconf 94' lang='lat'><strong>,</strong></span> <span class='ocrx_word' id='word_1_835' title='bbox 2489 5741 2555 5798; x_wconf 90' lang='lat' dir='ltr'><strong>ad</strong></span> <span class='ocrx_word' id='word_1_836' title='bbox 2581 5751 2890 5799; x_wconf 87' lang='lat' dir='ltr'><strong>consuetum</strong></span> <span class='ocrx_word' id='word_1_837' title='bbox 2903 5743 3187 5813; x_wconf 78' lang='lat' dir='ltr'><strong>Scriptura:</strong></span> <span class='ocrx_word' id='word_1_838' title='bbox 3210 5745 3420 5809; x_wconf 84' lang='lat' dir='ltr'><strong>pratum</strong></span> <span class='ocrx_word' id='word_1_839' title='bbox 3447 5750 3509 5790; x_wconf 87' lang='lat' dir='ltr'><strong>ac</strong></span> <span class='ocrx_word' id='word_1_840' title='bbox 3534 5731 3726 5804; x_wconf 76' lang='lat' dir='ltr'><strong>pelagus</strong></span> 
     </span>
    </p>
   </div>
  </div>
