3980 6184
262 216 358 272 75⁸1

257 337 529 386 caritatem
553 340 781 386 vestram
798 328 1062 385 deducere
1085 329 1191 383 Deo
1214 326 1422 381 favente
1442 328 1693 380 conabor.
1720 326 1823 380 Sed

256 424 512 480 attendite
536 425 793 488 animum,
825 431 980 491 atque
1007 420 1218 489 vigilate
1245 436 1259 470 :
1289 435 1408 472 nam
1438 419 1573 472 inter
1593 433 1684 472 eos
1713 419 1830 486 qni-

257 519 378 573 dem
405 519 491 588 qui
515 517 761 585 navigant
784 554 800 581 ,
829 513 952 568 licet
977 512 1240 567 dormiant
1268 525 1475 576 omnes,
1506 512 1548 563 si
1579 511 1724 563 solus
1755 510 1830 561 vi-

257 611 384 680 gilet
419 609 740 679 gubernator
762 648 776 671 ,
818 606 1019 660 nullum
1058 613 1139 656 est
1166 601 1455 671 periculum
1480 643 1496 665 ,
1527 601 1650 653 dum
1692 599 1829 652 illius

258 700 526 770 vigilantia
567 707 624 751 et
666 712 753 751 ars
795 697 1003 764 navigio
1047 708 1143 761 pro
1183 693 1430 747 omnibus
1475 691 1666 745 sollicit
1698 706 1710 741 :
1745 689 1830 742 hic

258 806 384 847 vero
409 805 516 843 non
547 790 615 842 ita
648 807 661 841 :
689 788 782 842 sed
805 785 1122 854 licetvigilet
1147 792 1344 847 orator,
1380 783 1478 836 nisi
1501 781 1826 847 vigilantiam

255 882 498 937 eamdem
539 879 824 934 exhibeant
857 876 1127 930 auditores
1150 914 1165 938 ,
1208 874 1486 933 demersus
1527 870 1614 924 hic
1650 883 1828 922 sermo

255 985 442 1028 noster
469 972 700 1042 peribit,
743 982 914 1037 neque
963 975 1193 1020 mentem
1238 963 1432 1028 ullam,
1476 976 1505 1014 a
1532 977 1632 1030 qua
1665 960 1830 1028 possit

251 1064 429 1132 excipi
455 1105 469 1128 ,
499 1061 850 1116 nanciscetur.
897 1057 1231 1124 Quapropter
1257 1053 1464 1106 sobrios
1491 1066 1608 1105 esse
1638 1064 1734 1102 nos
1766 1063 1829 1103 ac

251 1155 534 1224 vigilantes
561 1159 802 1221 oportet:
826 1147 1083 1217 siquidem
1104 1143 1560 1214 praestantioribus
1588 1142 1638 1193 in
1669 1140 1828 1194 rebus

248 1244 544 1312 negotiatio
590 1251 767 1294 nostra
813 1238 1106 1301 consistet,
1157 1250 1254 1288 nec
1293 1233 1358 1287 ad
1397 1249 1584 1286 aurum
1609 1273 1623 1293 ,
1651 1233 1728 1284 vel
1761 1230 1825 1282 ad

247 1346 530 1406 argentum
552 1375 568 1398 ,
618 1333 697 1387 vel
725 1331 791 1385 ad
818 1345 906 1385 res
933 1338 1217 1399 pereuntes
1243 1367 1257 1389 ,
1285 1326 1377 1380 sed
1401 1325 1466 1378 ad
1489 1324 1720 1378 loturam
1753 1324 1829 1374 vi-

249 1439 361 1482 tam
388 1437 443 1481 et
469 1427 712 1480 ctelestes
741 1424 1019 1476 thesauros
1057 1417 1429 1489 adipiscendos
1469 1417 1778 1483 navigamus
1809 1431 1824 1467 :

248 1522 525 1588 multoque
569 1517 746 1585 plures
770 1515 856 1568 hic
882 1529 1037 1583 quam
1077 1513 1127 1565 in
1170 1511 1299 1564 mari
1332 1509 1413 1563 vel
1457 1509 1506 1560 iu
1539 1517 1674 1560 terra
1705 1516 1827 1558 sunt

247 1610 355 1663 vim
387 1627 402 1661 :
431 1607 570 1673 quod
598 1608 640 1659 si
679 1605 795 1674 quis
837 1613 1085 1657 accurate
1126 1601 1247 1655 illas
1294 1610 1473 1654 tenere
1517 1597 1824 1662 nesciverit,

247 1699 653 1755 acerbissimum
699 1694 1028 1763 naufragium
1073 1692 1323 1762 patietur.
1371 1690 1641 1758 Quotquot
1671 1687 1827 1756 igitur

247 1790 529 1843 uobiscum
559 1785 849 1855 navigatis,
891 1799 958 1838 ne
993 1783 1367 1836 conﬁdentiam
1397 1789 1698 1842 vectorum,
1729 1776 1824 1831 sed

245 1879 574 1949 vigilantiam
597 1885 650 1930 et
672 1873 1081 1929 sollicitudinem
1103 1872 1352 1928 exhibete
1377 1871 1822 1940 gubernatorum:

246 1989 370 2027 nam
415 1981 471 2026 et
513 1970 592 2024 illi
639 1969 762 2022 dum
807 1966 1192 2022 dormientibus
1234 1965 1444 2018 eteteris
1469 1963 1716 2016 omnibus
1758 1961 1825 2016 ad

243 2062 611 2133 gubernacula
637 2059 844 2124 sedent,
871 2073 974 2111 non
995 2059 1107 2111 vias
1132 2066 1336 2110 tantum
1364 2057 1414 2109 in
1438 2057 1588 2124 aquis
1608 2055 1826 2109 circnm-

244 2155 482 2226 spiciunt
505 2196 518 2215 ,
549 2153 640 2206 sed
670 2161 724 2206 et
758 2151 809 2205 in
838 2150 1025 2204 czelum
1054 2167 1118 2209 ex
1147 2156 1294 2203 tanto
1332 2148 1622 2217 respiciunt
1655 2148 1824 2201 inter-

245 2248 408 2308 vallo,
439 2259 504 2300 ac
546 2242 710 2296 veluti
749 2258 905 2296 manu
929 2241 1156 2311 quadam
1185 2255 1211 2292 a
1240 2241 1515 2294 stellarum
1545 2255 1705 2292 cursu
1731 2239 1826 2294 de-

241 2335 434 2400 ducti,
485 2335 662 2387 navim
707 2348 830 2386 cum
882 2333 1166 2386 securitate
1218 2332 1560 2385 moderantur
1598 2348 1610 2384 :
1653 2345 1824 2400 neque

244 2425 470 2494 pelagus
495 2424 771 2492 imperitus
799 2422 935 2476 ullus
962 2422 1190 2476 interdiu
1221 2432 1326 2476 tam
1353 2412 1616 2489 intrepide
1644 2429 1826 2490 posset

244 2517 440 2572 intueri
461 2558 476 2581 ,
505 2526 666 2585 atque
701 2515 773 2569 illi
804 2514 1086 2583 tranquille
1118 2513 1291 2568 media
1322 2523 1496 2578 nocte,
1526 2528 1645 2567 cum
1675 2529 1822 2567 mare

243 2617 509 2664 terrorem
537 2607 708 2676 magis
740 2605 946 2670 incutit,
980 2606 1253 2674 vigilantes
1275 2614 1457 2673 pacate
1480 2619 1628 2658 suam
1654 2616 1821 2657 artem

238 2709 540 2763 exercent,
581 2708 634 2752 et
661 2713 766 2751 non
806 2697 1025 2752 semitas
1051 2697 1224 2751 solum
1253 2696 1389 2749 inter
1421 2694 1622 2756 undas,
1655 2709 1824 2763 neque

237 2804 436 2845 cursus
476 2799 739 2842 astrorum
758 2827 775 2851 ,
808 2787 901 2842 sed
931 2796 986 2841 et
1009 2795 1286 2840 ventorum
1311 2785 1483 2842 exitus
1508 2784 1823 2850 circumspi-

234 2880 388 2935 ciunt
408 2897 425 2932 :
449 2888 697 2948 tantaque
715 2878 950 2933 virorum
977 2877 1184 2931 illorum
1203 2883 1281 2929 est
1299 2875 1576 2944 sapientia,
1607 2885 1658 2927 ut
1681 2888 1823 2942 sa‘pe

235 2980 529 3025 ventorum
572 2970 828 3038 impetum
869 2967 1238 3022 vehementius
1279 2965 1608 3034 ingruentem
1640 2979 1701 3017 ac
1728 2979 1822 3016 ua-

231 3063 442 3131 vigium
483 3059 862 3114 subversurum
885 3098 901 3123 ,
939 3057 1141 3112 crebris
1166 3055 1403 3110 velorum
1443 3054 1821 3107 mutationibus

229 3153 606 3221 excipientes,
650 3151 874 3206 solerter
900 3149 1188 3218 periculum
1229 3161 1390 3201 omne
1419 3145 1720 3214 depellant,
1767 3153 1822 3199 et

230 3244 494 3298 violentis
515 3251 788 3296 ventorum
836 3239 1132 3294 incursibus
1169 3246 1337 3292 artem
1366 3251 1515 3291 suam
1541 3251 1818 3306 opponen-

229 3349 335 3404 tes,
364 3334 673 3405 tempestati
699 3333 871 3388 navim
896 3331 1142 3400 eripiant.
1167 3330 1317 3398 Quod
1344 3330 1389 3385 si
1417 3345 1515 3400 pro
1539 3330 1819 3384 mundanis

228 3430 308 3484 illi
339 3430 515 3483 rebus
541 3427 642 3480 hoc
665 3424 915 3480 sensibile
939 3437 1086 3477 mare
1105 3423 1412 3492 navigantes
1429 3463 1445 3487 ,
1475 3422 1655 3476 animo
1678 3437 1819 3476 sein-

229 3536 331 3589 per
375 3525 511 3573 sunt
550 3516 684 3570 adeo
725 3515 994 3584 vigilanti,
1046 3513 1214 3566 multo
1255 3513 1420 3580 magis
1450 3511 1522 3566 ita
1560 3526 1658 3566 nos
1700 3527 1818 3567 esse

222 3618 584 3679 comparatos
623 3615 830 3674 oportet
869 3622 883 3658 :
915 3619 1038 3660 cum
1087 3604 1382 3673 periculum
1431 3603 1817 3672 negligentibus

224 3701 413 3770 majus
445 3697 738 3759 immineat,
769 3696 1044 3764 majorque
1070 3697 1139 3749 sit
1165 3695 1424 3750 securitas
1453 3695 1812 3764 vigilantibus.

220 3791 365 3844 Nam
410 3802 590 3855 neque
635 3802 700 3840 ex
742 3785 1009 3840 asseribus
1051 3795 1231 3839 nostra
1279 3785 1392 3838 hazc
1433 3785 1620 3855 cymba
1671 3799 1818 3838 com-

221 3889 388 3948 pacta
418 3887 507 3932 est
529 3918 546 3942 ,
590 3876 684 3930 sed
710 3893 773 3930 ex
811 3875 1004 3930 divinis
1029 3884 1113 3930 est
1135 3876 1488 3946 conglutinata
1503 3873 1813 3945 Scripturis,

213 3984 328 4024 nec
371 3967 524 4021 illam
562 3964 728 4020 stellae
770 3979 997 4034 superne
1027 3963 1332 4030 deducunt,
1379 3965 1473 4020 sed
1501 3965 1636 4020 hanc
1664 3967 1817 4020 nobis

212 4059 301 4112 sol
332 4056 572 4127 justitia:
600 4054 984 4123 navigationem
1015 4053 1320 4108 moderatur
1353 4071 1366 4108 :
1395 4069 1565 4122 neque
1594 4055 1814 4124 zephyri

210 4150 395 4204 ﬂatus
427 4146 526 4202 sed
553 4147 728 4202 lenem
752 4145 981 4214 Spiritus
1008 4161 1190 4199 auram
1220 4146 1586 4214 prtestolantes
1614 4145 1680 4200 ad
1709 4162 1811 4216 gu-

208 4239 525 4297 bernacula
553 4237 821 4292 sedemus.

287 4332 354 4386 2.
384 4329 681 4398 Vigilemus
708 4328 902 4394 itaque,
923 4326 1137 4396 viasque
1153 4324 1668 4394 circumspiciamns:
1695 4340 1813 4378 nam

207 4425 293 4481 de
327 4423 598 4491 unigeniti
643 4421 810 4490 gloria
860 4434 1043 4472 rursus
1089 4417 1242 4471 nobis
1280 4425 1361 4471 est
1403 4431 1622 4469 sermo:
1652 4415 1814 4484 siqui-

205 4513 358 4568 dem
393 4512 692 4575 hominum,
720 4510 1048 4579 angelorum,
1078 4506 1512 4575 archangelorum
1541 4515 1596 4559 et
1617 4508 1812 4568 omnis,

208 4616 280 4658 ut
327 4603 638 4658 summatim
666 4601 838 4654 dicam
864 4642 879 4663 ,
922 4608 1178 4654 creaturaa
1204 4606 1412 4666 captum
1457 4595 1813 4651 incredibilem

201 4696 273 4749 in
305 4693 538 4746 modum
569 4705 820 4758 superare
839 4688 1183 4742 substantiam
1207 4686 1322 4749 Dei,
1346 4700 1444 4740 nec
1468 4687 1536 4738 ab
1563 4685 1648 4739 illa
1669 4700 1818 4738 com-

1177 213 1264 269 ae
1300 211 1943 281 CONSUBSTANTIALI,
1975 211 2245 273 cox'rna
2285 217 2659 274 mosmos.
2690 213 2801 267 vn.
2963 189 2976 204 ”
3397 221 3495 274 733

1932 343 2211 397 gressurus
2245 348 2257 383 :
2288 332 2405 400 quis
2446 333 2586 385 enim
2625 346 2720 384 nos
2759 346 2861 384 non
2888 329 3092 396 rideat,
3141 334 3228 401 qui
3255 347 3342 388 res
3368 338 3499 390 adeo

1932 420 2104 474 claras
2142 423 2365 492 probare
2405 439 2467 478 ac
2513 425 2880 479 demonstrare
2917 426 3204 479 conemur?
3250 427 3378 494 Quis
3403 443 3496 483 eos

1934 526 2039 565 non
2062 512 2308 578 damnet,
2337 515 2422 584 qui
2453 525 2695 584 quterunt
2722 531 2843 568 num
2872 517 3334 570 consubstantialis
3360 518 3499 572 Patri

1933 601 2002 653 sit
2031 601 2240 656 Filius?
2287 603 2342 656 ld
2370 605 2508 656 enim
2533 613 2613 658 est
2640 620 2744 658 non
2771 603 3058 673 Scripturis
3085 605 3254 659 solum
3279 646 3294 672 ,
3322 608 3414 662 sed
3444 620 3499 662 et

1933 693 2200 745 communi
2261 693 2530 747 hominum
2593 697 2827 749 omnium
2883 697 3160 751 sententia;
3207 712 3270 752 ac
3321 715 3496 752 rerum

1934 791 2134 834 natura:
2187 782 2474 836 adversari.
2543 785 2672 837 Nam
2724 786 2960 855 ejusdem
3020 803 3140 843 esse
3193 789 3500 842 substantia

1931 877 2164 942 genitum
2191 885 2347 946 atque
2373 880 2665 962 genitorem
2689 921 2702 943 ,
2753 896 2857 934 non
2885 882 2934 935 in
2968 881 3268 936 hominibus
3302 884 3497 948 solum,

1933 965 2025 1018 sed
2062 975 2115 1019 et
2161 966 2214 1020 in
2251 970 2456 1023 eunetis
2502 970 2856 1025 animantibus
2885 983 2937 1027 et
2984 974 3035 1026 in
3077 973 3352 1028 arboribus
3377 990 3497 1028 cer-

1933 1070 2060 1109 nere
2088 1055 2229 1110 licet.

2008 1144 2196 1199 Filium
2223 1147 2694 1204 consubstantialem
2716 1166 2823 1204 esse
2851 1149 2998 1204 Patri
3017 1152 3277 1222 probatur.
3299 1183 3368 1194 --
3397 1157 3503 1208 An-

1932 1249 2036 1288 non
2083 1237 2239 1303 igitur
2285 1237 2570 1292 absurdum
2602 1249 2717 1305 est,
2749 1242 2792 1294 si
2824 1257 2940 1295 cum
2971 1243 3020 1294 in
3064 1243 3286 1310 plantis,
3318 1244 3369 1297 in
3402 1243 3500 1297 ho-

1933 1326 2160 1378 minibus
2212 1335 2267 1381 et
2311 1328 2627 1382 animalibus
2662 1330 2882 1384 immota
2914 1331 2998 1385 lex
3047 1333 3144 1385 ista
3187 1342 3426 1395 maneat,
3452 1335 3500 1385 in

1935 1417 2043 1470 Deo
2075 1427 2274 1471 tantum
2307 1435 2422 1472 eam
2454 1435 2667 1474 movere
2693 1422 2827 1475 velis
2852 1431 2906 1476 et
2931 1423 3276 1479 subvertere?
3299 1423 3404 1478 Sed
3435 1440 3503 1478 ne

1933 1508 2208 1561 videamur
2241 1525 2303 1563 ex
2332 1511 2489 1566 rebus
2520 1519 2744 1577 tantum,
2781 1529 2902 1582 quae
2922 1515 3059 1582 apud
3090 1530 3188 1569 nos
3207 1525 3363 1581 sunt,
3389 1518 3502 1570 iure

1930 1601 2246 1651 continuare
2267 1641 2281 1662 ,
2312 1615 2407 1668 age
2427 1601 2600 1655 ductis
2628 1602 2694 1656 ab
2719 1603 2852 1671 ipsis
2868 1603 3152 1672 Scripturis
3178 1607 3502 1675 argumentis

1933 1687 1982 1739 id
2029 1689 2400 1752 ostendamus,
2447 1702 2501 1745 et
2549 1694 2616 1746 de
2668 1694 2748 1747 his
2797 1708 3096 1749 sermonem
3143 1697 3497 1752 instituamus.

1930 1778 2112 1848 Neque
2141 1781 2282 1835 enim
2313 1798 2407 1838 nos
2427 1825 2440 1847 ,
2472 1787 2560 1854 qui
2592 1787 2827 1854 persuasi
2858 1803 3070 1850 sumus,
3102 1789 3196 1844 sed
3225 1790 3297 1843 illi
3327 1790 3504 1845 incre-

1929 1867 2034 1922 duli
2065 1869 2170 1924 risu
2199 1871 2338 1941 digni
2367 1873 2762 1942 judicabantur,
2792 1879 2879 1945 qui
2912 1877 3072 1931 rebus
3099 1878 3234 1932 adeo
3258 1879 3418 1933 claris
3439 1889 3498 1935 et

1928 1960 2261 2016 evidentibus
2313 1979 2372 2017 se
2425 1974 2732 2032 opponunt,
2767 1981 2831 2021 ac
2877 1969 3080 2022 veritati
3133 1970 3498 2024 adversantur.

1929 2049 2072 2115 Quas
2109 2060 2160 2105 tu
2203 2068 2288 2107 res
2329 2055 2534 2118 claras,
2565 2055 2837 2124 inquiunt,
2869 2058 3090 2112 narras?
3113 2058 3166 2114 Si
3193 2061 3333 2114 enim
3375 2063 3497 2129 quia

1931 2140 1970 2194 F
1976 2143 2091 2195 ilius
2129 2143 2340 2210 dicitur,
2368 2146 2834 2202 consubstantialis
2876 2159 2958 2204 est
3006 2150 3178 2215 Patri,
3211 2153 3500 2221 poterimus

1930 2252 2030 2291 nos
2073 2253 2284 2306 quoque
2322 2239 2802 2296 consubstantiales
2827 2257 2979 2296 esse:
3013 2259 3131 2297 nam
3172 2254 3226 2299 et
3279 2261 3375 2300 nos
3401 2247 3493 2302 lilii

1927 2327 2185 2381 dicimur:
2214 2327 2326 2398 Ego
2354 2330 2496 2383 enim
2533 2331 2661 2396 dixi,
2691 2332 2856 2400 inquit
2880 2373 2895 2395 ,
2927 2331 3012 2385 Dii
3041 2335 3154 2386 estis
3179 2346 3227 2387 et
3252 2336 3348 2400 ﬁlii
3390 2334 3508 2392 Eat»

1927 2417 2048 2470 celsi
2073 2434 2242 2470 omnes
2269 2417 2439 2487 (Psal.
2471 2420 2558 2475 8i.
2583 2420 2662 2490 6).
2691 2420 2734 2474 Ο
2762 2421 3170 2489 impudentiam!
3201 2440 3234 2477 ο
3276 2424 3500 2479 demen-

1927 2511 2054 2562 tiam
2101 2513 2397 2564 summam!
2449 2528 2606 2580 quam
2657 2514 2933 2568 evidenter
2957 2529 3105 2568 Suum
3152 2516 3203 2569 in
3253 2518 3500 2572 omnibus

1929 2600 2184 2655 insaniam
2241 2602 2497 2671 produnt!
2544 2604 2676 2657 Cum
2724 2603 2792 2659 de
2841 2606 3358 2674 incompreliensibili
3409 2609 3498 2663 Dei

1926 2692 2216 2746 substantia
2271 2709 2570 2748 sermonem
2632 2696 3057 2761 institueremus,
3096 2698 3199 2753 hoc
3248 2701 3349 2755 sibi
3392 2703 3506 2758 vin-

1925 2781 2104 2836 dicare
2147 2784 2567 2850 contendebant,
2627 2786 2770 2855 quod
2819 2789 3067 2857 unigeniti
3121 2799 3238 2844 erat
3293 2793 3498 2857 solius,

1926 2874 2076 2942 quasi
2105 2875 2354 2930 nimirum
2407 2877 2478 2930 ita
2507 2878 2670 2932 Deum
2714 2879 2946 2947 perfecte
2990 2883 3265 2949 noverint,
3297 2895 3356 2939 ut
3407 2901 3498 2940 se-

1928 2965 2098 3032 ipsum
2129 2967 2272 3020 novit
2298 2967 2443 3035 ipse:
2470 2967 2578 3034 jam
2609 2983 2735 3024 vero
2761 2985 2880 3024 cum
2920 2970 2988 3026 de
3028 2973 3190 3041 gloria
3239 2975 3493 3043 unigeniti

1925 3056 2086 3110 verba
2133 3055 2388 3123 facimus,
2416 3057 2484 3113 ad
2533 3074 2681 3113 suam
2714 3060 2857 3114 illum
2899 3060 3198 3130 deprimere
3241 3065 3495 3120 vilitatem

1922 3146 2282 3213 contendunt,
2331 3149 2582 3218 aiuntque
2615 3166 2629 3202 :
2657 3149 2764 3204 Nos
2805 3151 2962 3204 etiam
3015 3153 3102 3206 lilii
3149 3154 3494 3222 appellamur:

1924 3253 2024 3294 nec
2049 3248 2225 3293 tamen
2252 3239 2408 3308 plane
2437 3254 2535 3294 nos
2555 3239 2693 3294 istud
2717 3241 3197 3297 consubstantiales
3226 3244 3335 3299 Deo
3373 3245 3496 3300 red.

1920 3331 2019 3386 dit.
2041 3330 2118 3385 Tu
2151 3331 2313 3386 Filius
2360 3332 2672 3402 appellaris,
2703 3343 2756 3386 at
2780 3334 2865 3387 ille
2890 3342 2972 3388 est
3008 3351 3020 3387 :
3067 3333 3152 3390 hic
3181 3337 3492 3406 appellatio,

1922 3422 2031 3476 illic
2058 3436 2144 3480 res
2173 3423 2318 3491 ipsa;
2347 3432 2400 3475 tu
2431 3421 2568 3475 illius
2613 3424 2897 3492 appellaris
2917 3463 2931 3484 ,
2964 3425 3059 3479 sed
3104 3427 3403 3497 unigenitus
3433 3441 3490 3483 ut

1921 3520 1976 3566 et
2003 3513 2092 3566 ille
2118 3530 2221 3566 non
2247 3513 2552 3582 appellaris,
2583 3513 2675 3567 sed
2698 3515 2750 3567 in
2776 3515 2893 3568 sinu
2917 3515 3086 3570 Patris
3108 3532 3212 3571 nou
3242 3519 3490 3584 versaris,

1921 3606 2010 3658 sed
2041 3620 2144 3658 non
2169 3620 2228 3659 es
2256 3604 2508 3672 Splendor
2533 3604 2735 3674 glorias,
2771 3621 2941 3675 neque
2968 3607 3130 3675 ligura
3161 3608 3490 3676 substantia',

1921 3711 2092 3764 neque
2124 3697 2214 3749 Dei
2247 3695 2412 3750 forma
2443 3695 2652 3750 essistis
2675 3695 2852 3764 (Hebr.
2881 3697 2932 3750 l.
2955 3697 3103 3765 5).Si
3117 3713 3241 3768 ergo
3264 3699 3354 3753 tibi
3384 3715 3488 3754 non

1919 3785 2242 3855 persuaserit
2257 3785 2383 3840 illud
2405 3786 2570 3853 prius,
2597 3785 2711 3840 haec
2727 3794 2781 3840 et
2800 3785 2882 3840 bis
2903 3787 3067 3842 multo
3093 3789 3240 3857 plura
3274 3803 3489 3859 persua-

1919 3877 2108 3940 deant,
2141 3892 2261 3945 qua:
2297 3876 2530 3930 nobilem
2573 3876 2690 3945 ejus
2734 3877 2992 3947 originem
3036 3879 3180 3933 illam
3211 3890 3490 3937 testantur.

1918 3966 2140 4034 Quando
2163 3967 2303 4022 enim
2326 3967 2668 4022 substantiam
2697 3982 2846 4022 suam
2873 3983 2904 4022 a
2937 3979 3152 4038 paterna
3173 3971 3282 4024 vult
3305 3981 3487 4026 osten-

1919 4057 2046 4110 dere
2091 4057 2232 4110 nulla
2277 4072 2339 4111 ex
2367 4066 2518 4128 parte
2545 4056 2809 4112 diversam
2830 4098 2846 4123 ,
2875 4057 2970 4124 Qui
3000 4060 3121 4114 vidit
3154 4077 3251 4123 me,
3284 4062 3478 4130 inquit.

1918 4147 2039 4199 vidit
2072 4145 2281 4200 Patrem
2315 4146 2494 4214 (Joan.
2523 4148 2610 4200 14.
2637 4145 2694 4217 9)
2734 4148 2980 4216 :quando
3010 4151 3273 4219 propriam
3320 4153 3486 4204 virtu-

1859 4283 1867 4292 .
1920 4246 2058 4301 tem,
2091 4233 2199 4306 Ego
2220 4276 2237 4300 ,
2268 4235 2464 4305 inquit,
2492 4245 2539 4288 et
2571 4234 2725 4288 Pater
2767 4252 2923 4288 unum
2950 4253 3122 4289 sumus
3189 4237 3364 4309 (Joan.
3396 4240 3479 4294 10.
3569 4295 3575 4299 _

1918 4326 2008 4398 30)
2037 4345 2050 4380 :
2082 4327 2291 4395 quando
2319 4327 2595 4394 potestatis
2624 4326 2974 4398 aequalitatem
2995 4368 3010 4391 ,
3044 4327 3188 4382 Sicut
3214 4330 3344 4384 enim
3375 4329 3483 4384 Pa-

1919 4429 1994 4473 ter
2041 4419 2245 4474 suscitat
2289 4427 2509 4470 mortuos
2533 4457 2549 4478 ,
2602 4427 2650 4469 et
2675 4418 3017 4486 viviﬁcansic
3045 4427 3092 4472 et
3147 4419 3196 4473 F
3197 4422 3314 4475 ilius
3359 4439 3486 4492 quos

1919 4510 2024 4562 vult
2057 4509 2271 4576 viui/icat
2293 4506 2404 4575 (1d.
2427 4507 2480 4562 5.
2501 4506 2594 4573 2|)
2637 4525 2652 4561 :
2699 4508 2909 4576 quando
2935 4509 3110 4563 cultus
3136 4509 3484 4577 identitatem,

1924 4599 1992 4653 Ut
2020 4615 2187 4651 omnes
2216 4597 2544 4665 honoriﬁcam
2573 4596 2617 4649 F
2619 4597 2782 4663 ilium,
2813 4599 2943 4651 sicut
2990 4600 3326 4670 honoriﬁcam
3372 4602 3482 4658 Pa-

1920 4701 2045 4744 trem
2074 4689 2235 4758 (Ibid.
2268 4705 2314 4741 υ.
2342 4688 2434 4757 23)
2461 4706 2474 4741 :
2514 4691 2726 4758 quando
2768 4689 2984 4745 demum
3015 4691 3068 4744 in
3115 4692 3289 4762 legum
3317 4705 3488 4749 unita-

1923 4781 2152 4836 tionibus
2181 4780 2549 4834 auctoritatem
2572 4819 2585 4843 ,
2612 4777 2764 4832 Pater
2809 4796 2946 4833 meus
2966 4821 2981 4846 ,
3013 4781 3201 4850 inquit,
3229 4794 3484 4851 operatur,

1920 4881 1965 4924 et
1990 4887 2078 4940 ego
2104 4885 2285 4938 operor
2327 4867 2490 4939 (Ibid.
2517 4885 2563 4922 υ.
2597 4868 2699 4937 l7).
2723 4867 2794 4921 At
2821 4867 2906 4922 isti
2952 4868 3034 4921 bis
3081 4871 3325 4925 omnibus
3352 4888 3483 4941 prte-

1923 4961 2208 5023 termissis,
2231 4959 2355 5013 dum
2386 4975 2577 5012 nomen
2618 4958 2786 5012 Filius
2815 4959 3028 5028 proprie
3057 4975 3160 5013 non
3188 4961 3449 5031 accipiunt
3471 5003 3484 5022 ,

1919 5052 2041 5121 quia
2070 5059 2124 5105 et
2165 5050 2263 5120 ip-i
2293 5051 2519 5102 liliorum
2559 5056 2682 5101 sunt
2721 5048 3071 5117 appellatione
3102 5047 3371 5115 decorati,
3419 5051 3483 5105 ad

1921 5143 2160 5196 eamdem
2211 5139 2399 5194 Filium
2429 5139 2732 5208 deprimunt
2765 5139 3018 5192 vilitatem
3064 5139 3347 5208 aiuntque:
3374 5139 3485 5209 Ego

1922 5235 2050 5298 dixi,
2081 5231 2164 5285 Dii
2214 5232 2351 5294 estis,
2399 5239 2445 5281 et
2493 5228 2587 5296 ﬁlii
2628 5227 2830 5282 Excelsi
2875 5244 3044 5282 omnes
3085 5228 3253 5297 (Psal.
3286 5231 3376 5285 8i.
3407 5232 3484 5299 ϐ).

1922 5322 2143 5392 Quando
2175 5323 2329 5391 igitur
2366 5329 2584 5390 propter
2613 5320 2749 5373 hanc
2778 5319 2870 5373 lilii
2896 5321 3301 5390 appellationem
3352 5323 3482 5378 nihil

1922 5416 2181 5486 amplius,
2208 5428 2366 5481 quam
2413 5420 2468 5465 tu
2490 5453 2504 5478 ,
2535 5410 2731 5466 habere
2759 5411 2948 5466 Filium
2990 5411 3259 5476 affirmas,
3291 5423 3344 5468 et
3388 5415 3488 5470 hac

1921 5506 2126 5560 ratione
2152 5503 2264 5558 ﬁeri
2293 5513 2435 5559 utne
2466 5518 2623 5558 verus
2644 5502 2854 5573 quidem
2877 5503 2946 5556 sit
2971 5502 3131 5569 (ilius,
3171 5509 3334 5559 etiam
3366 5521 3486 5575 pro-

1925 5609 2042 5667 pter
2070 5594 2473 5665 appellationem
2518 5593 2638 5660 Dei,
2666 5593 2911 5672 quoniam
2956 5603 3011 5648 et
3054 5593 3155 5650 hoc
3180 5594 3272 5650 tibi
3297 5610 3488 5651 ιιοηιιιιι

194 4785 496 4855 prehendi
522 4798 709 4853 posse,
737 4791 893 4850 atque
923 4780 1191 4849 unigenito
1214 4779 1332 4841 soli,
1362 4779 1622 4848 simulque
1645 4777 1815 4847 Spiri—

187 4878 282 4933 tui
320 4885 534 4931 sancto
556 4873 819 4942 cognitam
845 4881 899 4926 et
936 4879 1265 4940 perspectam
1296 4884 1412 4924 esse
1437 4869 1767 4924 ostendimus
1797 4885 1812 4922 :

185 4983 372 5024 nunc
436 4975 615 5019 autem
662 4965 726 5016 ad
773 4963 996 5017 alteram
1046 4969 1250 5031 partem
1299 4960 1604 5013 certaminis
1647 4958 1816 5012 oratio

183 5056 557 5115 traducitur.
605 5055 901 5120 Quzerimus
928 5053 1068 5107 enim
1097 5067 1164 5105 an
1210 5050 1446 5119 ejusdem
1477 5050 1683 5103 virtutis
1707 5089 1720 5111 ,
1749 5064 1814 5102 an

176 5149 484 5219 ejusdem
508 5147 759 5215 potentia:
785 5145 872 5209 sit,
905 5159 971 5198 an
993 5143 1229 5213 ejusdem
1255 5158 1375 5196 cum
1401 5142 1556 5196 Patre
1573 5143 1818 5196 substan-

177 5248 285 5296 tia:
317 5240 514 5295 Filius
547 5255 560 5290 :
589 5237 697 5290 imo
723 5251 850 5291 vero
874 5250 978 5290 non
996 5235 1302 5306 quarrimus,
1325 5232 1418 5288 sed
1440 5232 1634 5287 Christi
1658 5232 1818 5286 bene-

180 5343 336 5395 ﬁcio
363 5337 498 5407 jam
527 5333 824 5387 invenimus
842 5373 857 5398 ,
886 5342 939 5386 et
970 5331 1189 5385 firmiter
1213 5340 1472 5390 tenemus,
1501 5325 1594 5382 sed
1620 5327 1685 5379 ad
1717 5324 1818 5379 hoc

179 5436 404 5502 ipsum
440 5425 913 5480 demonstrandum
954 5424 1048 5488 iis,
1075 5421 1168 5491 qui
1213 5419 1545 5489 impudenter
1570 5416 1651 5470 his
1676 5416 1818 5471 obsi-

170 5531 400 5581 stunt.
453 5517 564 5586 jam
602 5531 701 5570 nos
724 5515 1064 5584 accingimus.
1108 5513 1392 5568 Enimvero
1419 5508 1581 5580 pudet
1619 5522 1724 5573 me,
1755 5522 1818 5562 ac

171 5614 432 5667 rubum
478 5607 753 5662 satiandor
775 5648 790 5670 ,
837 5621 957 5662 cum
985 5605 1244 5675 ejusmodi
1269 5619 1385 5659 sum
1409 5601 1703 5658 orationem
1731 5601 1814 5655 ir.-
