3980 6184
1193 252 1251 305 S.
1291 243 1568 305 JOANNIS
1590 233 2067 299 CHRYSOSTOMI
2106 228 2425 288 ARCHIEP.
2465 220 3001 283 CONSTANTINOP.
3631 213 3723 266 7(ῑο

2155 343 2496 400 sublimiores
2514 356 2707 411 capere
2732 338 3037 408 dogmatum
3071 343 3347 388 sermones
3371 328 3591 384 minime
3617 342 3726 396 pus-

2151 444 2289 491 scnt.
2316 433 2603 488 Enimvero
2629 447 2732 485 non
2763 429 2876 483 sola
2903 426 2999 481 niti
3028 424 3334 494 conjectura
3355 461 3373 489 ,
3404 418 3547 490 quod
3572 417 3687 472 dico
3707 459 3721 481 ,

2153 544 2219 583 ex
2246 526 2374 596 ipsis
2394 525 2762 580 demonstrare
2788 520 3019 587 Scriptui
3033 518 3077 572 is
3097 527 3151 572 et
3169 515 3370 571 docere
3393 511 3647 568 conabor.
3669 508 3719 564 Si

2154 618 2281 689 quid
2326 617 2462 672 forte
2487 629 2735 685 magnum
2767 623 2821 666 et
2849 609 3075 665 sublime
3098 649 3112 673 ,
3144 620 3347 676 suaque
3372 603 3588 674 dignum
3623 602 3726 671 glo—

2159 712 2233 765 ria
2276 710 2526 780 loquutus
2565 716 2706 762 esset
2737 722 2752 759 :
2781 702 2906 771 quid
2958 700 3079 755 dico
3127 712 3374 767 magnum
3415 706 3472 749 et
3512 693 3729 748 sublime

2157 812 2315 872 atque
2362 800 2526 870 ipsius
2578 797 2745 867 gloria
2791 792 3046 864 dignum?
3094 790 3149 846 Si
3178 788 3304 859 quid
3345 788 3482 843 forte
3524 784 3732 839 dixisz

2158 892 2301 964 quod
2327 899 2571 945 naturam
2602 888 2889 943 humanam
2919 881 3234 945 excederet,
3266 876 3728 949 perturbabantur,

2162 982 2685 1039 scandalizabautur:
2714 979 2798 1033 sin
2827 985 3005 1030 autem
3036 972 3237 1028 humile
3262 970 3534 1042 quidpiam
3557 977 3613 1022 et
3643 966 3737 1020 hu-

2164 1092 2415 1140 manum,
2471 1072 2851 1138 occurrebant,
2903 1085 2967 1125 ac
3016 1082 3319 1124 sermonem
3372 1063 3735 1119 admittebant.

2165 1171 2392 1226 Ubinam
2424 1168 2635 1223 tandem
2666 1164 2719 1220 id
2744 1163 2923 1218 videre
2967 1161 3091 1217 est?
3121 1159 3273 1228 Apud
3315 1157 3577 1212 Joannem
3614 1169 3740 1224 prs:-

2166 1264 2355 1332 cipue:
2378 1276 2498 1316 cum
2526 1260 2669 1315 enim
2697 1258 2919 1312 dixisset
2945 1256 3058 1324 ipse
3080 1293 3096 1318 ,
3129 1251 3387 1306 Abraham
3428 1260 3574 1318 pater
3597 1257 3743 1302 vester

2168 1354 2453 1413 exsultavit.
2485 1362 2540 1405 ut
2568 1350 2754 1404 videret
2796 1348 2930 1402 diem
2968 1361 3135 1399 meum
3154 1359 3177 1396 .°
3207 1351 3252 1396 et
3278 1341 3422 1406 uidit,
3456 1349 3502 1392 et
3552 1338 3744 1407 gauisus

2170 1454 2279 1510 est;
2325 1441 2704 1512 Quadraginta,
2759 1437 3025 1508 inquiunt,
3057 1450 3216 1488 annos
3245 1431 3471 1485 nondum
3495 1427 3665 1491 habes,
3700 1436 3745 1480 et

2171 1538 2429 1593 Abraham
2456 1535 2624 1588 vidisti
2645 1532 2822 1604 (Joan.
2854 1531 2908 1586 8.
2940 1528 3031 1585 56.
3059 1526 3174 1598 57)?
3199 1524 3356 1578 Vides
3382 1531 3437 1577 ut
3464 1536 3589 1590 erga
3610 1520 3748 1575 illum

463 266 568 322 1‘59

465 378 781 452 impertivit,
811 374 939 431 nihil
979 368 1237 439 amplius,
1274 377 1433 435 quam
1464 369 1551 423 tu,
1583 358 1797 414 Patrem
1840 351 2041 406 habere

464 475 692 530 fortasse
715 465 1030 526 contendes.
1063 460 1129 516 Ut
1156 458 1299 514 enim
1349 454 1488 509 ﬁlius
1515 457 1733 506 vocatus
1763 461 1841 510 es,
1871 443 1949 497 sic
1992 446 2047 494 et

466 569 599 623 deus
625 580 687 619 es
705 567 960 616 vocatus:
989 562 1046 610 at
1076 545 1524 623 quemadmodum
1568 543 1699 597 deus
1722 547 1940 591 vocatus
1960 533 2045 587 di-

467 673 593 714 cere
635 669 741 710 nou
770 649 936 705 audes
965 645 1166 701 nudum
1197 641 1305 695 illic
1345 652 1466 693 esse
1497 649 1690 690 nomen
1708 671 1722 696 ,
1747 628 1842 683 sed
1864 638 2048 681 verum

464 763 588 804 esse
628 745 797 799 Deum
832 741 1044 795 Patrem
1071 732 1249 791 fateris
1284 729 1398 786 :ita
1445 740 1615 794 neque
1655 722 1723 777 de
1752 718 1887 773 Filio
1929 729 2048 768 cum

467 842 660 912 agitur,
693 835 831 891 aude
859 833 1087 901 teipsum
1135 827 1187 881 iu
1216 821 1448 879 medium
1495 817 1690 871 inferre
1730 825 1796 864 ac
1834 807 2049 871 dicere,

473 893 568 912 γ-ση
647 893 660 903 .
935 893 948 901 .

473 931 638 986 Filius
669 942 767 998 ego
792 936 1006 995 quoque
1029 934 1147 975 sum
1175 920 1424 969 vocatus:
1452 919 1681 975 cumque
1701 900 1923 957 minime
1952 893 2052 950 sim

458 992 728 1094 cjusdemv
748 992 1058 1072 substantia:
1076 1052 1090 1076 ,
1116 1021 1287 1077 neque
1315 1000 1553 1073 ejusdem
1595 996 1681 1050 ille
1712 992 1871 1046 debet
1898 1001 2052 1050 esse;

473 1133 597 1174 nam
617 1129 735 1186 qure
761 1118 886 1167 sunt
904 1111 1214 1163 enumerata
1240 1105 1428 1152 cuncta
1451 1104 1637 1146 verum
1663 1087 1810 1141 illum
1833 1095 1951 1137 esse
1974 1078 2058 1132 Fi-

473 1211 599 1264 lium
635 1201 875 1275 ejusdem
901 1193 1212 1253 substantia:
1248 1203 1371 1245 cum
1397 1183 1640 1255 genitore
1668 1178 2056 1233 demonstrant.

473 1298 695 1370 Quando
713 1296 854 1351 enim
867 1288 1105 1360 ejusdem
1123 1296 1242 1338 esse
1262 1293 1383 1335 cum
1409 1276 1499 1330 illo
1528 1271 1715 1326 formae
1742 1276 1902 1334 atque
1920 1261 2063 1329 ejus-

474 1391 597 1449 dem
618 1392 802 1460 figurae
813 1359 969 1450 dicit,
997 1378 1122 1450 quid
1144 1373 1284 1430 aliud
1304 1384 1462 1441 quam
1484 1359 1792 1419 substantia:
1815 1371 1918 1411 non
1943 1365 2063 1407 esse

479 1491 584 1543 nlla
602 1502 671 1541 ex
693 1490 842 1553 parte
863 1448 1225 1533 diversitatem
1247 1459 1517 1521 ostendit?
1547 1455 1680 1511 Nam
1707 1462 1878 1518 nequc
1898 1448 2065 1500 forma

479 1578 776 1642 cstinDeo,
804 1584 975 1641 neque
996 1565 1157 1620 facies
1183 1549 1659 1630 :quemadmodum
1691 1544 1789 1598 ista
1813 1539 1967 1604 dicis,
1987 1535 2067 1589 in-

481 1668 714 1744 quit,dic
748 1664 909 1720 etiam
932 1654 1236 1715 contraria:
1263 1660 1506 1719 quaenam
1535 1638 1744 1696 tandem
1768 1625 2069 1688 contraria?

1260 1743 1265 1744 ,
1429 1737 1462 1744 __
1839 1719 2067 1744 Andm

482 1719 791 1835 ἐξάξει-πίξωὶ
815 1763 924 1815 est,
956 1748 1098 1822 quod
1130 1743 1271 1801 Patri
1293 1737 1589 1808 supplicet:
1615 1745 1737 1785 nam
1758 1726 1803 1781 si
1831 1719 2068 1793 ejusdem

487 1821 702 1912 vitantis
725 1858 835 1914 est,
865 1821 1212 1915 ejusdemque
1234 1827 1547 1890 substantia:
1573 1866 1587 1888 ,
1618 1837 1682 1876 ac
1722 1834 1816 1890 per
1844 1821 2073 1885 [intesta-’-

489 1907 796 2007 temfomuia
819 1907 1024 2012 pcragit
1041 1976 1057 2002 ,
1083 1907 1243 2003 quam
1263 1926 1333 1982 ob
1357 1933 1571 1979 causam
1595 1907 1897 1983 supplicat?

558 2042 615 2099 5.
655 2038 769 2107 Ego
793 1992 922 2088 viam
950 1992 1067 2082 bon
1102 1992 1236 2077 .hazc
1281 2016 1455 2072 solum
1497 2010 1692 2068 dicam,
1725 1999 1820 2056 sed
1873 2005 1928 2052 et
1971 1992 2075 2047 alia

490 2090 838 2208 qmve'cu—muque
879 2119 1098 2179 humilia
1140 2114 1209 2171 de
1251 2112 1368 2181 ipso
1412 2104 1553 2160 dicta
1595 2104 1754 2159 sunt,
1798 2090 2079 2159 diligenter

1199 2205 1211 2208 -
1508 2194 1520 2208 ·
1564 2192 1597 2208 υ
1626 2202 1728 2208 γη-
1802 2180 1932 2208 ...ιι-ε
1965 2175 2079 2208 ...ἀρ

493 2175 1032 2293 mimicam,
1062 2209 1107 2264 si
1133 2175 1363 2278 primum
1395 2194 1522 2252 illud
1547 2192 1768 2252 dixero,
1802 2180 1934 2238 mihi
1965 2175 2080 2247 qui.

494 2321 619 2377 dem
642 2267 833 2373 eoi-un;
855 2352 872 2376 ,
901 2319 1022 2378 quas
1051 2267 1328 2356 humiliter
1353 2291 1421 2345 de
1446 2288 1562 2358 ipso
1590 2289 1717 2338 sunt
1737 2276 1877 2332 dicta
1896 2314 1912 2339 ,
1941 2267 2079 2323 mul-

496 2425 580 2470 tas
598 2418 660 2467 et
681 2369 1219 2479 justas'profercndas
1247 2395 1437 2443 causas
1462 2382 1749 2447 suppetere
1768 2410 1784 2435 ,
1813 2376 1865 2422 te
1905 2369 2081 2417 autem

1617 2465 1632 2479 ‘
1702 2464 1714 2475 '
1732 2477 1743 2479 λ
1766 2475 1806 2479 ι-
1884 2454 2081 2479 null...“

498 2454 724 2569 eorum‘,
761 2454 894 2569 qua;
933 2484 1182 2547 sublimia
1233 2486 1359 2535 sunt
1385 2483 1544 2543 atque
1583 2464 1850 2537 gloriosa,
1883 2454 2084 2510 nullam

1324 2567 1353 2569 Α-
1786 2547 1882 2569 ΛΔ
1936 2555 2084 2569 ψη*

501 2547 683 2564 μνη...
706 2547 724 2569 ,
765 2547 875 2569 γ--

501 2598 656 2654 aliam
700 2601 858 2662 posse
899 2578 1234 2636 occasionem
1278 2567 1504 2626 afferre,
1531 2570 1690 2630 quam
1743 2547 1884 2622 quod
1935 2555 2085 2599 suam

1280 2659 1289 2662 ‘
1352 2655 1384 2662 “
1662 2661 1673 2662 κ
1693 2660 1715 2662 Α
1734 2637 2009 2662 λρ---ειιιηνι
2035 2631 2085 2662 :A

677 2631 1255 2734 vbluerit'nobilitatem
1276 2655 1513 2713 indicare
1534 2667 1547 2703 :
1582 2637 2011 2717 quandoquidem
2023 2631 2088 2736 .id

505 2779 559 2834 ni
585 2778 655 2831 ita
673 2787 735 2827 se
763 2768 988 2828 habeat,
1013 2770 1187 2830 pugna
1213 2751 1318 2808 erit
1339 2755 1395 2803 et
1412 2753 1681 2800 certamen
1701 2736 1758 2789 in
1780 2724 2089 2798 Scripturis.

508 2870 641 2926 Nam
665 2860 808 2934 quod
830 2859 939 2921 ait,
976 2816 1122 2909 Sicut
1153 2845 1308 2900 Pater
1328 2836 1535 2895 suscitat
1591 2837 1821 2884 mortuos
1840 2863 1854 2890 ,
1894 2829 1942 2874 et
1970 2816 2094 2872 uiui-

657 2916 814 3030 (jloan
842 2952 893 3008 5.
926 2916 1019 3014 ﬁt)
1041 2961 1058 3012 ;
1080 2943 1153 2998 sic
1179 2947 1225 2994 et
1252 2934 1419 2990 Filius
1444 2943 1568 3002 quos
1608 2920 1719 2979 uult
1763 2916 1981 2985 vivi/icat
2001 2954 2017 2979 ,
2042 2918 2096 2964 et

1389 3026 1404 3033 -
1714 3023 1752 3033 ς-
1828 3025 1941 3033 --η-
1970 3003 2095 3033 mna

512 3003 629 3033 ιη’·-
658 3003 699 3030 v
717 3003 812 3011 v—v—
847 3003 893 3008 τ-
1004 3003 1015 3014 .
1045 3003 1057 3012 .

512 3063 858 3131 quaecumque
887 3044 989 3100 alia
1016 3039 1123 3096 dixi
1143 3078 1159 3103 ,
1185 3043 1239 3089 et
1265 3026 1406 3102 quod
1427 3035 1612 3080 rursus
1640 3023 1757 3072 oret
1778 3055 1795 3080 ,
1823 3025 1942 3067 cum
1970 3003 2097 3061 illud

1378 3122 1389 3131 .
1680 3108 1769 3131 η,
1824 3105 1865 3131 Α,
1913 3111 2097 3131 MM“

514 3105 564 3210 2i
597 3148 755 3205 fuerit
803 3138 1101 3213 agendum,
1158 3122 1486 3186 contrarium
1532 3122 1650 3171 est;
1677 3108 1773 3165 sed
1814 3105 1869 3167 ,si
1912 3111 2100 3157 causas

517 3254 777 3315 aperuero
796 3277 812 3302 ,
837 3193 1052 3291 Zublata
1079 3220 1254 3278 omnis
1280 3215 1380 3272 erit
1400 3206 1612 3267 occasio
1637 3193 1934 3258 dubitandi.

1343 3304 1374 3315 ··
1411 3310 1422 3315 -
1511 3302 1531 3315 ι
1577 3295 1693 3315 ML--
1848 3286 1928 3315 n..

588 3286 812 3389 iiii-nde,
836 3286 1037 3380 illiristo
1066 3309 1281 3369 humilia
1321 3304 1457 3358 dicta
1505 3295 1712 3370 fuerint.
1740 3317 1812 3330 --
1848 3286 2102 3389 Quaenam

589 3369 681 3389 υἱ..
740 3369 799 3381 κν
840 3369 926 3380 νιν-υ
945 3369 1026 3374 ν---
1506 3369 1511 3370 7

522 3426 681 3498 igitur
726 3424 849 3472 sunt
887 3423 1097 3471 causae,
1125 3417 1222 3459 cur
1264 3410 1385 3452 cum
1425 3393 1573 3462 ipse,
1605 3396 1716 3440 tum
1766 3373 1994 3449 apostoli
2039 3369 2108 3424 de

1147 3493 1178 3498 h
1286 3488 1299 3498 ’
1348 3485 1400 3498 ’““
1430 3481 1600 3498 “⁴’*“
1631 3471 1840 3498 --δΛιι-ηι
1872 3476 2026 3498 Annua
2054 3466 2107 3498 ορ

525 3466 644 3588 ipso
673 3506 893 3567 humilia
931 3466 1096 3555 multa
1130 3485 1400 3548 dixerint?
1430 3481 1604 3537 Prima
1627 3471 1841 3545 quidem
1872 3476 2028 3521 causa
2054 3466 2112 3515 et

1411 3575 1422 3587 .
1482 3571 1497 3588 .
1651 3563 1802 3588 ,____,,
1886 3572 1947 3588 ,η
2000 3563 2108 3588 ,"m

528 3563 793 3665 maxima,
838 3592 980 3666 quod
1033 3589 1148 3658 ipse
1199 3592 1362 3636 carne
1411 3571 1624 3628 indutus
1651 3563 1840 3628 fuerit,
1885 3572 1949 3611 ac
2000 3563 2111 3608 tum

530 3698 664 3763 illis,
715 3643 803 3762 qu’i
840 3643 986 3741 ‘itunc
1028 3643 1215 3742 erant,
1269 3680 1381 3725 tum
1428 3664 1749 3736 quicumque
1788 3659 1908 3723 post
1949 3643 2113 3701 futuri

1465 3755 1497 3763 -·
1806 3743 1991 3763 .-ι-μ-..-
2021 3737 2087 3763 ..ιε

532 3737 664 3763 IIIIa,
715 3737 727 3746 π
756 3737 803 3745 υ.-
863 3737 952 3741 -“__
973 3737 979 3738 ,
1203 3737 1212 3742 ⁷

531 3796 712 3852 crant,
735 3737 988 3838 Iomnibus
1017 3771 1174 3827 fidem
1198 3765 1374 3820 facere
1397 3755 1557 3812 vellet
1575 3794 1591 3820 ,
1619 3765 1723 3804 non
1754 3743 1994 3800 umbram
2020 3737 2118 3791 ali-

1598 3845 1610 3852 ⁵
1633 3843 1645 3852 “
1800 3839 1813 3852 ⁸
1880 3850 1889 3852 μ
1910 3851 1917 3852 κ
1932 3849 1953 3852 -
1966 3850 1984 3852 γ-
2002 3831 2088 3852 Δὶ--

533 3831 712 3852 υι“11-’
744 3831 899 3838 ν---νκκν

533 3896 691 3953 quam
718 3890 868 3939 esse,
896 3882 1069 3939 neque
1097 3864 1317 3932 figuram
1343 3859 1549 3907 tantum
1597 3843 1648 3898 id
1674 3839 1816 3912 quod
1867 3831 2119 3891 cerneba-

1363 3944 1415 3953 "‘
1533 3939 1545 3950 '
1584 3952 1593 3953 κ
1652 3947 1758 3953 -η-ι
1788 3937 1860 3953 ι..-
1901 3921 2117 3953 ιηηηηῖσι

537 3921 643 4040 ιιυν,
680 3967 774 4026 sed
801 3921 1077 4021 veritatem
1106 3962 1333 4007 naturae.
1362 3944 1419 3998 Si
1461 3939 1603 3995 enim
1643 3947 1763 3989 cum
1788 3937 1867 3984 tot
1901 3921 2120 3980 humilia

538 4078 595 4125 et
622 4016 850 4121 humana
877 4050 1108 4109 dixerint
1131 4037 1385 4113 apostoli,
1413 4041 1467 4089 et
1494 4032 1611 4100 ipse
1636 4026 1704 4081 de
1729 4021 1927 4091 seipse,
1952 4014 2125 4086 potuit

542 4170 717 4214 tamen
757 4144 997 4206 diabolus
1025 4135 1235 4195 miseris
1259 4131 1461 4198 aliquot
1504 4116 1809 4177 hominibus
1833 4120 1888 4167 et
1927 4120 2124 4163 mrum-

542 4249 689 4307 nosis
718 4235 1039 4315 persuadere
1061 4271 1076 4295 ,
1108 4236 1168 4282 ut
1205 4211 1615 4291 dispensationis
1660 4206 1921 4262 rationem
1970 4210 2129 4266 nega-

1521 4305 1534 4315 .
1848 4291 2100 4315 “Lm”

545 4349 662 4399 rent
681 4381 696 4406 ,
719 4291 779 4392 lci
808 4346 928 4401 eum
952 4336 1165 4382 carnem
1192 4331 1298 4372 non
1329 4305 1627 4377 suscepisse
1649 4299 1827 4356 dicere
1846 4291 2127 4377 auderent,

547 4381 696 4406 IUIII,
728 4381 778 4392 ν-
812 4381 926 4401 ν-,τ

547 4443 706 4503 atque
752 4438 912 4482 omne
952 4409 1295 4475 humanitatis
1337 4401 1737 4460 fundamentum
1770 4388 2044 4445 tollerent:
2086 4381 2130 4435 si

1580 4489 1593 4503 .
1626 4486 1649 4503 .
1682 4487 1841 4503 "“-“
1913 4477 1996 4503 ---:
2027 4489 2130 4503 nni-

554 4477 706 4503 μην.-

554 4523 685 4580 nihil
730 4521 948 4573 istorum
976 4509 1230 4569 dixisset,
1262 4512 1419 4571 quam
1442 4489 1597 4564 pauci
1625 4486 1883 4549 fuissent,
1909 4477 1999 4550 qui
2027 4489 2132 4529 non

555 4620 609 4671 in
636 4610 946 4671 barathrum
974 4602 1077 4656 hoc
1096 4588 1435 4653 ineidissent?

2177 1640 2444 1699 tamquam
2468 1626 2667 1681 nudum
2697 1623 2964 1679 hominem
2987 1619 3161 1675 allecti
3188 1616 3404 1671 essent?
3433 1613 3570 1681 Quid
3599 1612 3751 1681 igitur

2177 1723 2337 1794 ipse?
2366 1724 2647 1789 Antequam
2678 1717 2933 1772 Abraham
2977 1714 3138 1782 ﬁeret,
3166 1709 3366 1778 inquit,
3399 1723 3488 1777 ego
3513 1719 3668 1759 sum:
3711 1712 3756 1756 et

2179 1816 2401 1870 tulerunt
2446 1812 2663 1882 lapides,
2703 1818 2761 1864 ut
2794 1810 3025 1881 jacerent
3072 1804 3126 1858 in
3154 1818 3267 1856 eum
3317 1798 3421 1871 (Ib.
3452 1815 3500 1852 υ.
3526 1798 3616 1853 58.
3644 1794 3756 1865 59):

2179 1921 2403 1976 cumque
2426 1904 2494 1959 de
2520 1900 2785 1975 mysteriis
2814 1898 3016 1968 prolixe
3035 1894 3344 1956 dissereret,
3366 1905 3430 1945 ac
3440 1889 3673 1943 diceret:
3698 1884 3763 1939 Et

2182 2000 2329 2072 panis
2379 2012 2525 2068 quem
2556 2010 2645 2065 ego
2670 1991 2800 2046 dabo
2833 2004 2926 2059 pro
2969 1985 3147 2040 mundi
3185 1984 3306 2044 vita,
3349 1995 3470 2035 caro
3513 1994 3623 2032 mea
3670 1986 3762 2039 est,

2181 2067 2429 2149 aiebant:
2457 2089 2632 2143 Durus
2662 2095 2734 2141 est
2759 2085 2840 2153 hic
2860 2095 3043 2147 sermo,
3074 2080 3187 2149 quis
3212 2084 3371 2148 potest
3411 2088 3527 2126 eum
3551 2067 3768 2123 audire!

2187 2185 2254 2239 Et
2303 2182 2450 2237 ntulti
2472 2178 2837 2250 discipularum
2863 2174 2972 2244 ejus
3016 2170 3246 2224 abierunt
3273 2175 3425 2231 retro,
3464 2172 3511 2216 et
3528 2162 3645 2233 jam
3671 2176 3768 2213 non

2190 2295 2305 2333 cum
2328 2277 2420 2331 illo
2446 2272 2768 2328 ambulabant
2813 2266 2926 2340 (Id.
2955 2265 3011 2320 6.
3057 2262 3147 2318 52.
3180 2260 3269 2315 61.
3301 2256 3417 2329 67).
3466 2253 3606 2324 Quid
3645 2264 3770 2322 ergo

2191 2383 2375 2439 quteso
2415 2362 2714 2449 faciendum
2754 2359 2830 2415 illi
2864 2356 3001 2412 fuit?
3029 2355 3112 2409 An
3158 2346 3558 2405 sublimioribus
3583 2355 3770 2413 perpe-

2194 2473 2285 2519 tuo
2320 2460 2499 2517 verbis
2525 2441 2941 2519 immorandum,
2970 2458 3028 2505 ut
3051 2445 3286 2520 praedam
3309 2441 3633 2495 absterrert-t
3651 2478 3665 2499 ,
3693 2443 3771 2487 at-

2200 2570 2305 2627 que
2332 2565 2519 2609 omnes
2557 2564 2586 2602 a
2639 2544 2881 2603 doctrina
2926 2554 3021 2595 sua
3046 2532 3385 2607 repelleret?
3429 2532 3499 2585 At
3545 2527 3646 2580 hoc
3686 2522 3774 2578 Dei

2196 2645 2537 2718 benignitatis
2581 2657 2686 2697 non
2738 2637 2855 2693 fuit.
2886 2634 3018 2689 Nam
3047 2639 3103 2685 et
3141 2641 3326 2683 rursus
3371 2637 3491 2677 cum
3535 2618 3772 2677 dixisset,

2202 2742 2303 2808 Qui
2342 2750 2619 2793 sermonem
2648 2744 2813 2785 meum
2853 2725 3032 2789 audit,
3061 2728 3272 2774 mortem
3311 2731 3419 2769 non
3465 2710 3683 2784 gustabit
3718 2710 3768 2758 in

2199 2841 2476 2893 retentum,
2526 2823 2766 2884 aiebant,
2830 2815 3014 2871 Nonne
3062 2811 3184 2865 bene
3237 2806 3459 2861 diximus
3502 2817 3623 2866 nos,
3667 2798 3778 2866 quia

2201 2888 2505 2978 dwmonium
2531 2912 2719 2969 habes?
2746 2907 3003 2963 Abraham
3047 2909 3274 2956 mortuus
3302 2904 3405 2960 est,
3444 2903 3494 2946 et
3530 2888 3780 2961 prophetc

2204 3015 2392 3070 mortui
2425 3018 2580 3065 sunt:
2608 3015 2657 3060 et
2695 3014 2750 3058 tu
2790 3000 2934 3063 dicis,
2965 2995 3064 3061 Qui
3116 3003 3393 3047 sermonem
3422 2999 3587 3039 meum
3624 2977 3781 3037 audit,

2205 3117 2416 3162 mortem
2454 3117 2557 3156 non
2599 3094 2817 3171 gustabit
2858 3088 2970 3162 (Id.
2993 3087 3047 3143 8.
3075 3086 3166 3141 Si.
3196 3081 3309 3149 52).
3345 3079 3411 3134 Et
3433 3073 3558 3146 quid
3576 3072 3782 3132 mirum,

2208 3200 2253 3255 si
2306 3160 2715 3252 niultitudovsic
2754 3160 2940 3238 affecta
2981 3187 3129 3241 erat,
3180 3186 3302 3227 cum
3352 3169 3406 3223 in
3432 3182 3493 3222 ea
3532 3160 3788 3219 sententia

2211 3288 2479 3361 principes
2510 3282 2607 3352 ipsi
2636 3276 2839 3333 essent?
2870 3269 3187 3327 Nicodemus
3214 3261 3450 3333 quidem,
3482 3256 3573 3327 qui
3601 3264 3658 3308 et
3682 3254 3791 3321 ipse

2210 3348 2459 3452 princeps
2475 3348 2612 3434 erat,
2636 3377 2690 3424 et
2710 3367 2875 3421 multa
2893 3375 3015 3418 cum
3037 3351 3404 3415 benevolentia
3423 3349 3490 3403 ad
3513 3348 3685 3417 ipsum
3704 3357 3789 3396 ve-

2215 3436 2368 3528 iierat
2394 3436 2705 3533 dixeratque
2727 3500 2743 3526 ,
2775 3457 2979 3513 Scimus
3003 3452 3121 3521 quia
3153 3465 3185 3501 a
3213 3445 3322 3500 Deo
3351 3439 3531 3496 venisti
3568 3436 3795 3507 magister

2218 3564 2342 3637 (Id.
2379 3562 2434 3617 '5.
2464 3558 2519 3612 2.
2551 3566 2599 3610 et
2627 3551 2812 3623 seqq.),
2841 3556 3145 3603 sermonem
3174 3539 3242 3593 de
3266 3533 3589 3604 baptismate
3615 3539 3797 3595 capere

2219 3656 2438 3713 minime
2463 3649 2631 3723 potuit
2653 3645 2817 3700 multo
2843 3640 2984 3695 illius
3008 3625 3663 3694 imbecillitatemajorem:
3686 3633 3795 3672 cum

2221 3751 2364 3804 enim
2396 3716 2616 3800 dii-(isset
2655 3735 2920 3794 Christus,
2946 3728 3067 3782 Nisi
3089 3724 3200 3796 quis
3229 3730 3378 3775 natus
3405 3716 3556 3785 fuerit
3581 3728 3649 3766 es:
3676 3721 3800 3777 aqua

2223 3851 2271 3895 et
2300 3837 2499 3909 Spiritu
2518 3876 2532 3900 ,
2562 3847 2659 3885 non
2685 3833 2844 3899 potest
2863 3822 3030 3877 videre
3051 3829 3259 3887 regnum
3288 3810 3381 3863 Dei
3401 3850 3414 3871 ,
3447 3809 3527 3860 sic
3550 3806 3603 3857 in
3626 3802 3803 3855 huma-

2228 3895 2549 3987 nas'incidit
2598 3895 2947 3989 suspiciones,
2976 3920 3031 3965 ut
3071 3908 3302 3968 diceret,
3338 3895 3605 3965 Quomodo
3654 3897 3804 3961 potest

2231 4023 2380 4075 homo
2406 4016 2573 4080 nasci,
2602 4027 2717 4065 cum
2740 4009 2804 4063 sit
2828 4002 3017 4060 senex?
3047 3993 3308 4067 Numquid
3329 3997 3491 4061 potest
3519 3989 3571 4038 in
3596 3989 3807 4037 ventrem

2231 4112 2408 4168 matris
2457 4121 2564 4161 sure
2600 4107 2778 4158 iterum
2825 4096 3037 4152 introire
3083 4100 3126 4145 et
3169 4083 3408 4142 renasci?
3460 4077 3600 4148 Quid
3654 4074 3806 4144 igitur

2235 4198 2514 4262 Christus?
2545 4197 2603 4252 Si
2645 4206 2841 4248 terrena
2868 4188 2977 4243 dixi
3017 4183 3184 4247 vobis,
3217 4187 3262 4233 et
3287 4192 3388 4230 non
3435 4171 3660 4233 creditis,
3687 4179 3806 4236 quo-

2237 4293 2388 4349 modo
2416 4291 2458 4344 si
2485 4289 2661 4342 dixero
2686 4281 2820 4337 vobis
2845 4275 3065 4333 cwlestia
3089 4268 3298 4325 credetis
3319 4266 3342 4321 .7
3363 4262 3518 4335 quasi
3547 4274 3609 4315 se
3626 4254 3809 4313 defen-

2238 4388 2422 4449 deret,
2451 4396 2513 4436 ac
2552 4378 2811 4434 rationem
2856 4369 3137 4429 redderet,
3161 4377 3257 4417 cur
3295 4374 3401 4415 non
3446 4360 3713 4426 perpetuo
3747 4345 3809 4400 de

2243 4489 2474 4546 superna
2526 4467 2799 4524 nativitate
2825 4460 2986 4516 verba
3012 4457 3231 4510 faceret.
3261 4450 3372 4506 Sub
3414 4448 3589 4516 ipsum
3639 4449 3809 4496 rursm

2242 4563 2505 4640 passionis
2534 4569 2742 4629 tempus
2764 4598 2778 4622 ,
2812 4563 2930 4624 post
2953 4555 3200 4605 sexcenta
3234 4538 3512 4604 miracula,
3538 4542 3659 4607 post
3680 4528 3808 4587 mul-

2247 4670 2353 4712 tam
2385 4656 2524 4709 illam
2547 4647 2796 4721 potentia:
2815 4623 2934 4697 ﬁsuze
2960 4634 3411 4695 declarationem,
3440 4642 3563 4682 cum
3584 4623 3808 4678 diceret.

2256 4707 2498 4801 Videbitis
2542 4707 2707 4811 [ilium
2749 4733 2963 4789 hominis
2989 4729 3261 4784 venientem
3289 4723 3343 4775 in
3372 4718 3591 4774 nubibus
3616 4707 3811 4784 (Matth.

2248 4841 2339 4895 26.
2367 4835 2481 4907 64),
2510 4805 2617 4888 non
2646 4829 2823 4885 ferens
2860 4825 3058 4881 dictum
3092 4817 3221 4873 illud
3248 4810 3489 4870 Pontifex
3507 4851 3523 4874 ,
3559 4805 3713 4861 scidit
3730 4812 3808 4907 ve-l

2252 4885 2339 4895 _-.
2373 4885 2481 4907 -_,,
2512 4885 2541 4888 ρ
2588 4885 2597 4886 ,

2252 4936 2501 4990 stimeuta
2527 4941 2654 4982 sua:
2681 4934 2911 4993 quonam
2940 4914 3098 4985 igitur
3137 4908 3296 4964 modo
3322 4903 3483 4958 verba
3540 4898 3652 4953 ﬁeri
3689 4885 3812 4960 apud

2256 5028 2384 5081 istos
2428 5018 2661 5090 oportuit
2683 4976 2819 5083 ,lqui
2874 4976 3000 5061 nihil
3055 5001 3280 5057 sublime
3328 4988 3662 5049 tolerarent?
3689 4976 3815 5038 Nihil

2255 5120 2449 5191 quippe
2492 5112 2707 5172 mirum,
2733 5106 2775 5160 si
2803 5098 3107 5159 hominibus
3136 5093 3224 5163 qui
3270 5087 3417 5143 humi
3443 5082 3744 5152 serpebant,
3773 5079 3819 5123 et

2256 5210 2391 5265 adeo
2435 5200 2728 5260 imbecilles
2752 5202 2935 5257 erant,
2967 5189 3095 5244 nihil
3125 5181 3342 5240 omnino
3369 5175 3438 5231 de
3485 5189 3546 5228 se
3593 5173 3822 5235 magnum

2260 5310 2350 5356 aut
2378 5295 2604 5354 sublime
2640 5288 2922 5361 proferret.

2333 5394 2387 5448 4.
2426 5391 2571 5446 Sane
2622 5353 2834 5454 quidem
2886 5375 3195 5433 sufﬁcerent
3238 5381 3301 5423 ea
3343 5377 3462 5434 qua:
3499 5358 3635 5413 dicta
3680 5353 3829 5404 sunt.

2264 5483 2331 5537 ad
2358 5469 2909 5537 ostendendumbanc
2936 5465 3100 5520 fuisse
3144 5471 3361 5515 causam
3387 5463 3441 5508 et
3472 5444 3798 5505 occasionem
3817 5472 3832 5495 .

2266 5588 2361 5628 cur
2391 5572 2523 5626 adeo
2553 5567 2674 5622 vilia
2719 5572 2843 5618 tunc
2883 5568 2937 5615 et
2963 5555 3168 5625 abjecta
3196 5550 3548 5621 proponeret:
3578 5535 3836 5590 verumta'

2273 5685 2395 5725 men
2423 5682 2487 5722 cx
2516 5665 2681 5719 altera
2716 5663 2862 5728 parte
2885 5649 3120 5709 conabor
3150 5644 3375 5718 idipsum
3402 5632 3626 5693 reddere
3670 5617 3834 5677 mani.

633 4700 898 4762 Marcion,
948 4688 1265 4746 Manichwus
1295 4690 1341 4736 et
1394 4674 1689 4731 Valentinus
1730 4660 2139 4721 Incarnationem

560 4795 829 4871 negabant.
853 4817 923 4829 -—
943 4784 1058 4840 Non
1084 4777 1234 4834 audis
1263 4773 1549 4829 etiamnum
1579 4760 1898 4817 Marcioncm
1923 4752 2140 4820 dispen-

1499 4857 1544 4871 "
1622 4856 1634 4869 '
1675 4854 1686 4871 ¹
1720 4868 1747 4871 η
1761 4865 1844 4871 η...
1906 4841 2113 4871 Ital-..“

560 4841 828 4871 ...νη-πη--

558 4897 821 4949 sationem
864 4884 917 4937 in
964 4888 1124 4933 carne
1153 4875 1457 4938 negantem,
1499 4854 1880 4915 Manichaaum,
1906 4841 2142 4900 Valenti-

565 4999 691 5040 uum
711 5023 728 5046 ,
760 4985 816 5033 et
840 4970 1035 5028 multos
1061 4964 1194 5020 alios
1208 4933 1376 5014 ?'ldeo
1426 4946 1591 5007 multa
1628 4945 1859 4999 humana
1890 4933 2141 5006 loquitur,

1620 5035 1649 5046 Α·
1746 5031 1805 5046 νγ
1866 5044 1877 5046 -
1953 5034 2005 5046 --ι
2043 5023 2119 5046 ΛΞ-

565 5023 817 5134 humiiia,
849 5060 905 5119 et
929 5059 997 5116 ab
1042 5056 1129 5111 illa
1172 5043 1422 5106 ineffabili
1454 5035 1686 5095 essentia
1713 5031 1884 5087 aliena
1907 5068 1922 5094 ,
1953 5034 2011 5080 ut
2037 5023 2147 5078 dis-

571 5157 898 5239 pensationis
925 5147 1116 5208 rationi
1148 5144 1306 5197 [idem
1334 5139 1538 5191 astruat
1569 5148 1583 5186 :
1616 5124 1741 5183 inid
1767 5121 1909 5176 enim
1938 5128 2148 5171 summo

1219 5233 1232 5239 ’
1289 5231 1302 5239 ⁵
1359 5235 1370 5239 ’
1482 5232 1493 5239 -
1530 5221 1615 5239 ιη
1643 5233 1664 5239 Α
1693 5213 1846 5239 (ξιιμ-η-
1887 5216 1945 5239 Διί
1979 5205 2148 5239 ιιηηεῖ,

568 5205 745 5313 'Istndio
770 5243 1013 5305 diabolus
1039 5231 1413 5295 incumbebat,
1444 5232 1501 5278 ut
1530 5221 1668 5275 hanc
1692 5213 1848 5270 fidem
1886 5216 1953 5265 ex
1979 5205 2151 5261 homi—

575 5361 700 5404 num
730 5337 996 5399 mentibus
1024 5327 1307 5388 evelleret,
1337 5333 1459 5375 cum
1488 5312 1657 5387 probe
1678 5313 1896 5371 nosset,
1924 5300 1969 5357 si
1995 5296 2153 5353 ﬁdem

576 5429 988 5511 dispensationis
1016 5420 1352 5481 sustulisset,
1376 5411 1443 5468 de
1468 5407 1736 5481 plerisque
1771 5398 1933 5456 rebus
1958 5391 2157 5448 nostris

1572 5501 1583 5511 ·
1625 5507 1633 5511 -
1788 5509 1799 5511 ς
1816 5505 1928 5511 μη--
1999 5484 2125 5511 ..:....:

579 5484 755 5585 actiim
788 5526 921 5580 fore.
954 5521 1050 5575 Est
1072 5524 1128 5571 et
1152 5513 1318 5568 altera
1348 5514 1544 5579 praater
1572 5501 1728 5556 istam
1776 5505 1966 5554 causa,
1999 5484 2158 5541 nimi-

584 5636 699 5676 rum
723 5616 1002 5673 iniirmitas
1039 5577 1373 5669 auditorum,
1409 5596 1652 5668 quodque
1675 5590 1746 5645 illi
1777 5588 1864 5659 qui
1912 5594 2020 5638 tum
2054 5577 2163 5649 pri-

584 5729 730 5770 mum
760 5713 930 5780 ipsum
973 5703 1254 5764 videbant,
1288 5712 1349 5752 ac
1396 5703 1504 5748 tum
1557 5688 1782 5759 primum
1831 5674 2157 5737 audiebant,
