  <div class='ocr_page' id='page_1' title='image "/cluster/home/n/w/nwhite01/storage/ocr_20150623/48/hvd.32044073501892/240.png"; bbox 0 0 3980 6184; ppageno 0'>
   <div class='ocr_carea' id='block_1_1' title="bbox 279 425 2731 491">
    <p class='ocr_par' dir='ltr' id='par_1_1' title="bbox 279 425 2731 491">
     <span class='ocr_line' id='line_1_1' title="bbox 279 425 2731 491; baseline -0.002 0"><span class='ocrx_word' id='word_1_1' title='bbox 279 434 365 491; x_wconf 70' lang='grc'><strong>764</strong></span> <span class='ocrx_word' id='word_1_2' title='bbox 1079 432 1170 488; x_wconf 86' lang='lat' dir='ltr'><strong>DE</strong></span> <span class='ocrx_word' id='word_1_3' title='bbox 1206 426 1852 491; x_wconf 65' lang='lat' dir='ltr'><strong>CONSUBSTANTIALI&#39;,</strong></span> <span class='ocrx_word' id='word_1_4' title='bbox 1894 425 2163 483; x_wconf 74' lang='lat' dir='ltr'><strong>CONTRA</strong></span> <span class='ocrx_word' id='word_1_5' title='bbox 2205 427 2576 486; x_wconf 71' lang='lat' dir='ltr'><strong>ANOMGSOS.</strong></span> <span class='ocrx_word' id='word_1_6' title='bbox 2620 427 2731 485; x_wconf 86' lang='lat' dir='ltr'><strong>Vll.</strong></span> 
     </span>
    </p>
   </div>
   <div class='ocr_carea' id='block_1_2' title="bbox 275 541 1842 616">
    <p class='ocr_par' dir='ltr' id='par_1_2' title="bbox 275 541 1842 616">
     <span class='ocr_line' id='line_1_2' title="bbox 275 541 1842 616; baseline -0.007 -11"><span class='ocrx_word' id='word_1_7' title='bbox 275 552 475 605; x_wconf 55' lang='lat' dir='ltr'><strong>(tntum.</strong></span> <span class='ocrx_word' id='word_1_8' title='bbox 501 547 570 604; x_wconf 85' lang='lat' dir='ltr'><strong>Ut</strong></span> <span class='ocrx_word' id='word_1_9' title='bbox 612 547 754 603; x_wconf 86' lang='lat' dir='ltr'><strong>enim</strong></span> <span class='ocrx_word' id='word_1_10' title='bbox 784 546 828 602; x_wconf 89' lang='lat' dir='ltr'><strong>si</strong></span> <span class='ocrx_word' id='word_1_11' title='bbox 858 545 1336 616; x_wconf 77' lang='lat' dir='ltr'><strong>quandoniagnum</strong></span> <span class='ocrx_word' id='word_1_12' title='bbox 1366 543 1490 614; x_wconf 90' lang='lat' dir='ltr'><strong>quid</strong></span> <span class='ocrx_word' id='word_1_13' title='bbox 1518 553 1570 597; x_wconf 89' lang='lat' dir='ltr'><strong>et</strong></span> <span class='ocrx_word' id='word_1_14' title='bbox 1616 541 1842 596; x_wconf 99' lang='lat' dir='ltr'><strong>sublime</strong></span> 
     </span>
    </p>
   </div>
   <div class='ocr_carea' id='block_1_3' title="bbox 276 632 1838 711">
    <p class='ocr_par' dir='ltr' id='par_1_3' title="bbox 276 632 1838 711">
     <span class='ocr_line' id='line_1_3' title="bbox 276 632 1838 711; baseline -0.006 -15"><span class='ocrx_word' id='word_1_15' title='bbox 276 641 671 711; x_wconf 89' lang='lat' dir='ltr'><strong>pronunciasset</strong></span> <span class='ocrx_word' id='word_1_16' title='bbox 722 639 1002 704; x_wconf 75' lang='lat' dir='ltr'><strong>Christus,</strong></span> <span class='ocrx_word' id='word_1_17' title='bbox 1059 636 1253 692; x_wconf 83' lang='lat' dir='ltr'><strong>offendi</strong></span> <span class='ocrx_word' id='word_1_18' title='bbox 1307 637 1454 701; x_wconf 92' lang='lat' dir='ltr'><strong>illos,</strong></span> <span class='ocrx_word' id='word_1_19' title='bbox 1513 632 1838 703; x_wconf 83' lang='lat' dir='ltr'><strong>perturbari,</strong></span> 
     </span>
    </p>
   </div>
   <div class='ocr_carea' id='block_1_4' title="bbox 274 725 1842 800">
    <p class='ocr_par' dir='ltr' id='par_1_4' title="bbox 274 725 1842 800">
     <span class='ocr_line' id='line_1_4' title="bbox 274 725 1842 800; baseline -0.009 -9"><span class='ocrx_word' id='word_1_20' title='bbox 274 733 496 800; x_wconf 81' lang='lat' dir='ltr'><strong>resilire,</strong></span> <span class='ocrx_word' id='word_1_21' title='bbox 526 732 833 796; x_wconf 87' lang='lat' dir='ltr'><strong>conviciari,</strong></span> <span class='ocrx_word' id='word_1_22' title='bbox 864 746 926 786; x_wconf 89' lang='lat' dir='ltr'><strong>ac</strong></span> <span class='ocrx_word' id='word_1_23' title='bbox 955 730 1195 799; x_wconf 80' lang='lat' dir='ltr'><strong>refugere</strong></span> <span class='ocrx_word' id='word_1_24' title='bbox 1215 728 1439 792; x_wconf 79' lang='lat' dir='ltr'><strong>vidistis,</strong></span> <span class='ocrx_word' id='word_1_25' title='bbox 1468 727 1540 781; x_wconf 87' lang='lat' dir='ltr'><strong>ita</strong></span> <span class='ocrx_word' id='word_1_26' title='bbox 1567 727 1609 780; x_wconf 92' lang='lat' dir='ltr'><strong>si</strong></span> <span class='ocrx_word' id='word_1_27' title='bbox 1631 725 1842 794; x_wconf 84' lang='lat' dir='ltr'><strong>quando</strong></span> 
     </span>
    </p>
   </div>
   <div class='ocr_carea' id='block_1_5' title="bbox 273 815 1843 892">
    <p class='ocr_par' dir='ltr' id='par_1_5' title="bbox 273 815 1843 892">
     <span class='ocr_line' id='line_1_5' title="bbox 273 815 1843 892; baseline -0.006 -15"><span class='ocrx_word' id='word_1_28' title='bbox 273 823 389 892; x_wconf 87' lang='lat' dir='ltr'><strong>quid</strong></span> <span class='ocrx_word' id='word_1_29' title='bbox 419 823 621 877; x_wconf 86' lang='lat' dir='ltr'><strong>humile</strong></span> <span class='ocrx_word' id='word_1_30' title='bbox 652 821 1018 891; x_wconf 87' lang='lat' dir='ltr'><strong>ahjectumqne</strong></span> <span class='ocrx_word' id='word_1_31' title='bbox 1047 819 1285 881; x_wconf 78' lang='lat' dir='ltr'><strong>dixisset,</strong></span> <span class='ocrx_word' id='word_1_32' title='bbox 1308 819 1602 871; x_wconf 89' lang='lat' dir='ltr'><strong>accurrisse</strong></span> <span class='ocrx_word' id='word_1_33' title='bbox 1623 815 1763 880; x_wconf 77' lang='lat' dir='ltr'><strong>illos,</strong></span> <span class='ocrx_word' id='word_1_34' title='bbox 1789 823 1843 867; x_wconf 91' lang='lat' dir='ltr'><strong>et</strong></span> 
     </span>
    </p>
   </div>
   <div class='ocr_carea' id='block_1_6' title="bbox 273 907 1839 970">
    <p class='ocr_par' dir='ltr' id='par_1_6' title="bbox 273 907 1839 970">
     <span class='ocr_line' id='line_1_6' title="bbox 273 907 1839 970; baseline -0.006 -2"><span class='ocrx_word' id='word_1_35' title='bbox 273 914 562 970; x_wconf 73' lang='lat' dir='ltr'><strong>doctrinam</strong></span> <span class='ocrx_word' id='word_1_36' title='bbox 615 913 896 967; x_wconf 81' lang='lat' dir='ltr'><strong>admisisse</strong></span> <span class='ocrx_word' id='word_1_37' title='bbox 942 913 1179 965; x_wconf 87' lang='lat' dir='ltr'><strong>conabor</strong></span> <span class='ocrx_word' id='word_1_38' title='bbox 1224 908 1528 964; x_wconf 77' lang='lat' dir='ltr'><strong>ostendere.</strong></span> <span class='ocrx_word' id='word_1_39' title='bbox 1576 907 1652 960; x_wconf 86' lang='lat' dir='ltr'><strong>llli</strong></span> <span class='ocrx_word' id='word_1_40' title='bbox 1698 908 1839 960; x_wconf 89' lang='lat' dir='ltr'><strong>enim</strong></span> 
     </span>
    </p>
   </div>
   <div class='ocr_carea' id='block_1_7' title="bbox 271 1000 1839 1077">
    <p class='ocr_par' dir='ltr' id='par_1_7' title="bbox 271 1000 1839 1077">
     <span class='ocr_line' id='line_1_7' title="bbox 271 1000 1839 1077; baseline -0.008 -15"><span class='ocrx_word' id='word_1_41' title='bbox 271 1008 362 1077; x_wconf 82' lang='lat' dir='ltr'><strong>ipsi</strong></span> <span class='ocrx_word' id='word_1_42' title='bbox 388 1008 477 1076; x_wconf 85' lang='lat' dir='ltr'><strong>qui</strong></span> <span class='ocrx_word' id='word_1_43' title='bbox 510 1005 835 1068; x_wconf 76' lang='lat' dir='ltr'><strong>resiliebant,</strong></span> <span class='ocrx_word' id='word_1_44' title='bbox 859 1020 980 1058; x_wconf 91' lang='lat' dir='ltr'><strong>cum</strong></span> <span class='ocrx_word' id='word_1_45' title='bbox 1009 1019 1192 1058; x_wconf 83' lang='lat' dir='ltr'><strong>rursus</strong></span> <span class='ocrx_word' id='word_1_46' title='bbox 1212 1003 1446 1056; x_wconf 73' lang='lat' dir='ltr'><strong>diceret:</strong></span> <span class='ocrx_word' id='word_1_47' title='bbox 1480 1000 1523 1053; x_wconf 87' lang='grc' dir='ltr'><em>Α</em></span> <span class='ocrx_word' id='word_1_48' title='bbox 1549 1000 1737 1067; x_wconf 84' lang='lat' dir='ltr'><strong>meipso</strong></span> <span class='ocrx_word' id='word_1_49' title='bbox 1760 1003 1839 1069; x_wconf 77' lang='lat' dir='ltr'><strong>fa-</strong></span> 
     </span>
    </p>
   </div>
   <div class='ocr_carea' id='block_1_8' title="bbox 267 1091 1840 1164">
    <p class='ocr_par' dir='ltr' id='par_1_8' title="bbox 267 1091 1840 1164">
     <span class='ocr_line' id='line_1_8' title="bbox 267 1091 1840 1164; baseline -0.004 -14"><span class='ocrx_word' id='word_1_50' title='bbox 267 1100 337 1152; x_wconf 79' lang='lat' dir='ltr'><strong>cio</strong></span> <span class='ocrx_word' id='word_1_51' title='bbox 358 1097 524 1160; x_wconf 83' lang='lat' dir='ltr'><strong>nihil,</strong></span> <span class='ocrx_word' id='word_1_52' title='bbox 550 1098 641 1152; x_wconf 75' lang='lat' dir='ltr'><strong>sed</strong></span> <span class='ocrx_word' id='word_1_53' title='bbox 662 1098 794 1150; x_wconf 77' lang='lat' dir='ltr'><strong>sicut</strong></span> <span class='ocrx_word' id='word_1_54' title='bbox 816 1096 984 1148; x_wconf 84' lang='lat' dir='ltr'><strong>docuit</strong></span> <span class='ocrx_word' id='word_1_55' title='bbox 1009 1111 1086 1148; x_wconf 89' lang='lat' dir='ltr'><strong>me</strong></span> <span class='ocrx_word' id='word_1_56' title='bbox 1120 1093 1271 1147; x_wconf 88' lang='lat' dir='ltr'><strong>Pater</strong></span> <span class='ocrx_word' id='word_1_57' title='bbox 1296 1111 1433 1147; x_wconf 87' lang='lat' dir='ltr'><strong>meus</strong></span> <span class='ocrx_word' id='word_1_58' title='bbox 1461 1094 1635 1163; x_wconf 78' lang='lat' dir='ltr'><strong>loquor</strong></span> <span class='ocrx_word' id='word_1_59' title='bbox 1662 1091 1840 1164; x_wconf 83' lang='lat' dir='ltr'><strong>(Joan.</strong></span> 
     </span>
    </p>
   </div>
   <div class='ocr_carea' id='block_1_9' title="bbox 266 1182 1844 1256">
    <p class='ocr_par' dir='ltr' id='par_1_9' title="bbox 266 1182 1844 1256">
     <span class='ocr_line' id='line_1_9' title="bbox 266 1182 1844 1256; baseline -0.004 -15"><span class='ocrx_word' id='word_1_60' title='bbox 266 1189 296 1241; x_wconf 83' lang='grc'>8</span> <span class='ocrx_word' id='word_1_61' title='bbox 353 1188 480 1256; x_wconf 74' lang='lat'><strong>28),</strong></span> <span class='ocrx_word' id='word_1_62' title='bbox 523 1188 699 1241; x_wconf 83' lang='lat' dir='ltr'><strong>statim</strong></span> <span class='ocrx_word' id='word_1_63' title='bbox 729 1194 1112 1251; x_wconf 88' lang='lat' dir='ltr'><strong>accurrerunt,</strong></span> <span class='ocrx_word' id='word_1_64' title='bbox 1141 1193 1194 1240; x_wconf 89' lang='lat' dir='ltr'><strong>et</strong></span> <span class='ocrx_word' id='word_1_65' title='bbox 1231 1199 1352 1238; x_wconf 90' lang='lat' dir='ltr'><strong>cum</strong></span> <span class='ocrx_word' id='word_1_66' title='bbox 1409 1183 1642 1238; x_wconf 88' lang='lat' dir='ltr'><strong>indicare</strong></span> <span class='ocrx_word' id='word_1_67' title='bbox 1686 1182 1844 1235; x_wconf 85' lang='lat' dir='ltr'><strong>vellet</strong></span> 
     </span>
    </p>
   </div>
   <div class='ocr_carea' id='block_1_10' title="bbox 268 1273 1844 1348">
    <p class='ocr_par' dir='ltr' id='par_1_10' title="bbox 268 1273 1844 1348">
     <span class='ocr_line' id='line_1_10' title="bbox 268 1273 1844 1348; baseline -0.003 -17"><span class='ocrx_word' id='word_1_68' title='bbox 268 1278 596 1348; x_wconf 81' lang='lat' dir='ltr'><strong>Evangelista</strong></span> <span class='ocrx_word' id='word_1_69' title='bbox 622 1286 840 1346; x_wconf 85' lang='lat' dir='ltr'><strong>propter</strong></span> <span class='ocrx_word' id='word_1_70' title='bbox 868 1275 1152 1329; x_wconf 87' lang='lat' dir='ltr'><strong>verborum</strong></span> <span class='ocrx_word' id='word_1_71' title='bbox 1180 1275 1526 1328; x_wconf 79' lang='lat' dir='ltr'><strong>humilitatem</strong></span> <span class='ocrx_word' id='word_1_72' title='bbox 1577 1273 1693 1326; x_wconf 87' lang='lat' dir='ltr'><strong>illos</strong></span> <span class='ocrx_word' id='word_1_73' title='bbox 1722 1287 1844 1326; x_wconf 85' lang='lat' dir='ltr'><strong>cre-</strong></span> 
     </span>
    </p>
   </div>
   <div class='ocr_carea' id='block_1_11' title="bbox 264 1363 1842 1435">
    <p class='ocr_par' dir='ltr' id='par_1_11' title="bbox 264 1363 1842 1435">
     <span class='ocr_line' id='line_1_11' title="bbox 264 1363 1842 1435; baseline -0.005 -11"><span class='ocrx_word' id='word_1_74' title='bbox 264 1370 496 1434; x_wconf 83' lang='lat' dir='ltr'><strong>didisse,</strong></span> <span class='ocrx_word' id='word_1_75' title='bbox 539 1369 786 1423; x_wconf 82' lang='lat' dir='ltr'><strong>indicium</strong></span> <span class='ocrx_word' id='word_1_76' title='bbox 814 1367 1058 1435; x_wconf 80' lang='lat' dir='ltr'><strong>adjunxit</strong></span> <span class='ocrx_word' id='word_1_77' title='bbox 1083 1366 1300 1428; x_wconf 90' lang='lat' dir='ltr'><strong>dicens,</strong></span> <span class='ocrx_word' id='word_1_78' title='bbox 1338 1363 1460 1418; x_wconf 72' lang='lat' dir='ltr'><strong>Haec</strong></span> <span class='ocrx_word' id='word_1_79' title='bbox 1489 1365 1578 1417; x_wconf 88' lang='lat' dir='ltr'><strong>illo</strong></span> <span class='ocrx_word' id='word_1_80' title='bbox 1611 1364 1842 1431; x_wconf 82' lang='lat' dir='ltr'><strong>loquente</strong></span> 
     </span>
    </p>
   </div>
   <div class='ocr_carea' id='block_1_12' title="bbox 263 1454 1843 1527">
    <p class='ocr_par' dir='ltr' id='par_1_12' title="bbox 263 1454 1843 1527">
     <span class='ocr_line' id='line_1_12' title="bbox 263 1454 1843 1527; baseline -0.004 -14"><span class='ocrx_word' id='word_1_81' title='bbox 263 1462 406 1515; x_wconf 76' lang='lat' dir='ltr'><strong>inulti</strong></span> <span class='ocrx_word' id='word_1_82' title='bbox 431 1461 751 1514; x_wconf 78' lang='lat' dir='ltr'><strong>crediderunt</strong></span> <span class='ocrx_word' id='word_1_83' title='bbox 777 1461 829 1512; x_wconf 85' lang='lat' dir='ltr'><strong>in</strong></span> <span class='ocrx_word' id='word_1_84' title='bbox 855 1475 971 1513; x_wconf 88' lang='lat' dir='ltr'><strong>eum</strong></span> <span class='ocrx_word' id='word_1_85' title='bbox 999 1457 1104 1527; x_wconf 88' lang='lat' dir='ltr'><strong>(lb.</strong></span> <span class='ocrx_word' id='word_1_86' title='bbox 1127 1474 1175 1510; x_wconf 88' lang='lat' dir='ltr'><strong>v.</strong></span> <span class='ocrx_word' id='word_1_87' title='bbox 1205 1456 1298 1524; x_wconf 80' lang='lat'><strong>&#39;50)</strong></span> <span class='ocrx_word' id='word_1_88' title='bbox 1321 1473 1332 1508; x_wconf 93' lang='lat'><strong>:</strong></span> <span class='ocrx_word' id='word_1_89' title='bbox 1362 1465 1520 1524; x_wconf 88' lang='lat' dir='ltr'><strong>atque</strong></span> <span class='ocrx_word' id='word_1_90' title='bbox 1539 1454 1656 1508; x_wconf 89' lang='lat' dir='ltr'><strong>aliis</strong></span> <span class='ocrx_word' id='word_1_91' title='bbox 1678 1455 1843 1524; x_wconf 89' lang='lat' dir='ltr'><strong>pluri-</strong></span> 
     </span>
    </p>
   </div>
   <div class='ocr_carea' id='block_1_13' title="bbox 262 1545 1843 1617">
    <p class='ocr_par' dir='ltr' id='par_1_13' title="bbox 262 1545 1843 1617">
     <span class='ocr_line' id='line_1_13' title="bbox 262 1545 1843 1617; baseline -0.006 -11"><span class='ocrx_word' id='word_1_92' title='bbox 262 1554 354 1606; x_wconf 88' lang='lat' dir='ltr'><strong>bus</strong></span> <span class='ocrx_word' id='word_1_93' title='bbox 383 1554 440 1605; x_wconf 93' lang='lat' dir='ltr'><strong>in</strong></span> <span class='ocrx_word' id='word_1_94' title='bbox 469 1552 598 1605; x_wconf 87' lang='lat' dir='ltr'><strong>locis</strong></span> <span class='ocrx_word' id='word_1_95' title='bbox 652 1553 722 1604; x_wconf 91' lang='lat' dir='ltr'><strong>ita</strong></span> <span class='ocrx_word' id='word_1_96' title='bbox 771 1550 1013 1605; x_wconf 83' lang='lat' dir='ltr'><strong>evenisse</strong></span> <span class='ocrx_word' id='word_1_97' title='bbox 1041 1548 1462 1617; x_wconf 87' lang='lat' dir='ltr'><strong>compcriemus:</strong></span> <span class='ocrx_word' id='word_1_98' title='bbox 1509 1546 1630 1600; x_wconf 85' lang='lat' dir='ltr'><strong>ideo</strong></span> <span class='ocrx_word' id='word_1_99' title='bbox 1682 1545 1843 1598; x_wconf 88' lang='lat' dir='ltr'><strong>multa</strong></span> 
     </span>
    </p>
   </div>
   <div class='ocr_carea' id='block_1_14' title="bbox 262 1635 1847 1712">
    <p class='ocr_par' dir='ltr' id='par_1_14' title="bbox 262 1635 1847 1712">
     <span class='ocr_line' id='line_1_14' title="bbox 262 1635 1847 1712; baseline -0.005 -15"><span class='ocrx_word' id='word_1_100' title='bbox 262 1658 403 1712; x_wconf 65' lang='lat' dir='ltr'><strong>saepe</strong></span> <span class='ocrx_word' id='word_1_101' title='bbox 448 1642 754 1696; x_wconf 78' lang='lat' dir='ltr'><strong>humanitus</strong></span> <span class='ocrx_word' id='word_1_102' title='bbox 784 1640 1114 1710; x_wconf 80' lang='lat' dir='ltr'><strong>loquebatur,</strong></span> <span class='ocrx_word' id='word_1_103' title='bbox 1145 1648 1198 1692; x_wconf 91' lang='lat' dir='ltr'><strong>et</strong></span> <span class='ocrx_word' id='word_1_104' title='bbox 1223 1651 1408 1692; x_wconf 91' lang='lat' dir='ltr'><strong>rursus</strong></span> <span class='ocrx_word' id='word_1_105' title='bbox 1454 1652 1558 1690; x_wconf 88' lang='lat' dir='ltr'><strong>non</strong></span> <span class='ocrx_word' id='word_1_106' title='bbox 1604 1635 1847 1689; x_wconf 83' lang='lat' dir='ltr'><strong>Immani-</strong></span> 
     </span>
    </p>
   </div>
   <div class='ocr_carea' id='block_1_15' title="bbox 262 1726 1843 1799">
    <p class='ocr_par' dir='ltr' id='par_1_15' title="bbox 262 1726 1843 1799">
     <span class='ocr_line' id='line_1_15' title="bbox 262 1726 1843 1799; baseline -0.006 -12"><span class='ocrx_word' id='word_1_107' title='bbox 262 1743 358 1796; x_wconf 88' lang='lat' dir='ltr'><strong>tus,</strong></span> <span class='ocrx_word' id='word_1_108' title='bbox 391 1733 490 1787; x_wconf 89' lang='lat' dir='ltr'><strong>sed</strong></span> <span class='ocrx_word' id='word_1_109' title='bbox 519 1743 576 1786; x_wconf 92' lang='lat' dir='ltr'><strong>ut</strong></span> <span class='ocrx_word' id='word_1_110' title='bbox 607 1733 768 1786; x_wconf 86' lang='lat' dir='ltr'><strong>Deum</strong></span> <span class='ocrx_word' id='word_1_111' title='bbox 789 1729 1034 1796; x_wconf 80' lang='lat' dir='ltr'><strong>decebat,</strong></span> <span class='ocrx_word' id='word_1_112' title='bbox 1061 1740 1218 1799; x_wconf 88' lang='lat' dir='ltr'><strong>atque</strong></span> <span class='ocrx_word' id='word_1_113' title='bbox 1243 1728 1407 1798; x_wconf 61' lang='lat' dir='ltr'><strong>ipsine</strong></span> <span class='ocrx_word' id='word_1_114' title='bbox 1459 1727 1704 1780; x_wconf 84' lang='lat' dir='ltr'><strong>nobilitas</strong></span> <span class='ocrx_word' id='word_1_115' title='bbox 1727 1726 1843 1780; x_wconf 80' lang='lat' dir='ltr'><strong>exi-</strong></span> 
     </span>
    </p>
   </div>
   <div class='ocr_carea' id='block_1_16' title="bbox 257 1818 1842 1891">
    <p class='ocr_par' dir='ltr' id='par_1_16' title="bbox 257 1818 1842 1891">
     <span class='ocr_line' id='line_1_16' title="bbox 257 1818 1842 1891; baseline -0.006 -13"><span class='ocrx_word' id='word_1_116' title='bbox 257 1823 436 1891; x_wconf 85' lang='lat' dir='ltr'><strong>gebat:</strong></span> <span class='ocrx_word' id='word_1_117' title='bbox 455 1837 574 1877; x_wconf 89' lang='lat' dir='ltr'><strong>cum</strong></span> <span class='ocrx_word' id='word_1_118' title='bbox 599 1821 972 1876; x_wconf 88' lang='lat' dir='ltr'><strong>utauditornm</strong></span> <span class='ocrx_word' id='word_1_119' title='bbox 996 1818 1337 1874; x_wconf 89' lang='lat' dir='ltr'><strong>imbecillitati</strong></span> <span class='ocrx_word' id='word_1_120' title='bbox 1360 1833 1420 1870; x_wconf 87' lang='lat' dir='ltr'><strong>se</strong></span> <span class='ocrx_word' id='word_1_121' title='bbox 1446 1825 1842 1886; x_wconf 67' lang='lat' dir='ltr'><strong>attemperarct,</strong></span> 
     </span>
    </p>
   </div>
   <div class='ocr_carea' id='block_1_17' title="bbox 259 1909 1845 1981">
    <p class='ocr_par' dir='ltr' id='par_1_17' title="bbox 259 1909 1845 1981">
     <span class='ocr_line' id='line_1_17' title="bbox 259 1909 1845 1981; baseline -0.003 -15"><span class='ocrx_word' id='word_1_122' title='bbox 259 1928 364 1967; x_wconf 85' lang='lat' dir='ltr'><strong>tum</strong></span> <span class='ocrx_word' id='word_1_123' title='bbox 413 1922 473 1967; x_wconf 81' lang='lat' dir='ltr'><strong>ut</strong></span> <span class='ocrx_word' id='word_1_124' title='bbox 501 1913 805 1981; x_wconf 81' lang='lat' dir='ltr'><strong>dogmatum</strong></span> <span class='ocrx_word' id='word_1_125' title='bbox 835 1911 1126 1965; x_wconf 75' lang='lat' dir='ltr'><strong>sinceritati</strong></span> <span class='ocrx_word' id='word_1_126' title='bbox 1173 1910 1491 1980; x_wconf 80' lang='lat' dir='ltr'><strong>provideret.</strong></span> <span class='ocrx_word' id='word_1_127' title='bbox 1524 1909 1733 1963; x_wconf 89' lang='lat' dir='ltr'><strong>Etenim</strong></span> <span class='ocrx_word' id='word_1_128' title='bbox 1778 1925 1845 1962; x_wconf 90' lang='lat' dir='ltr'><strong>ne</strong></span> 
     </span>
    </p>
   </div>
   <div class='ocr_carea' id='block_1_18' title="bbox 259 1999 1844 2071">
    <p class='ocr_par' dir='ltr' id='par_1_18' title="bbox 259 1999 1844 2071">
     <span class='ocr_line' id='line_1_18' title="bbox 259 1999 1844 2071; baseline -0.003 -14"><span class='ocrx_word' id='word_1_129' title='bbox 259 2004 430 2067; x_wconf 82' lang='lat' dir='ltr'><strong>forte,</strong></span> <span class='ocrx_word' id='word_1_130' title='bbox 462 2004 505 2057; x_wconf 89' lang='lat' dir='ltr'><strong>si</strong></span> <span class='ocrx_word' id='word_1_131' title='bbox 555 2018 768 2071; x_wconf 84' lang='lat' dir='ltr'><strong>semper</strong></span> <span class='ocrx_word' id='word_1_132' title='bbox 799 2003 868 2056; x_wconf 89' lang='lat' dir='ltr'><strong>ita</strong></span> <span class='ocrx_word' id='word_1_133' title='bbox 898 2016 957 2056; x_wconf 89' lang='lat' dir='ltr'><strong>se</strong></span> <span class='ocrx_word' id='word_1_134' title='bbox 1001 2001 1336 2065; x_wconf 86' lang='lat' dir='ltr'><strong>demitteret,</strong></span> <span class='ocrx_word' id='word_1_135' title='bbox 1359 2015 1516 2070; x_wconf 88' lang='lat' dir='ltr'><strong>quam</strong></span> <span class='ocrx_word' id='word_1_136' title='bbox 1563 1999 1632 2054; x_wconf 91' lang='lat' dir='ltr'><strong>de</strong></span> <span class='ocrx_word' id='word_1_137' title='bbox 1679 2000 1844 2068; x_wconf 88' lang='lat' dir='ltr'><strong>ipsius</strong></span> 
     </span>
    </p>
   </div>
   <div class='ocr_carea' id='block_1_19' title="bbox 256 2091 1842 2169">
    <p class='ocr_par' dir='ltr' id='par_1_19' title="bbox 256 2091 1842 2169">
     <span class='ocr_line' id='line_1_19' title="bbox 256 2091 1842 2169; baseline -0.002 -20"><span class='ocrx_word' id='word_1_138' title='bbox 256 2098 518 2166; x_wconf 74' lang='lat' dir='ltr'><strong>dignitate</strong></span> <span class='ocrx_word' id='word_1_139' title='bbox 544 2095 749 2163; x_wconf 87' lang='lat' dir='ltr'><strong>concipi</strong></span> <span class='ocrx_word' id='word_1_140' title='bbox 780 2109 873 2162; x_wconf 89' lang='lat' dir='ltr'><strong>par</strong></span> <span class='ocrx_word' id='word_1_141' title='bbox 897 2101 978 2148; x_wconf 88' lang='lat' dir='ltr'><strong>est</strong></span> <span class='ocrx_word' id='word_1_142' title='bbox 999 2135 1014 2158; x_wconf 91' lang='lat'><strong>,</strong></span> <span class='ocrx_word' id='word_1_143' title='bbox 1043 2092 1179 2161; x_wconf 89' lang='lat' dir='ltr'><strong>apud</strong></span> <span class='ocrx_word' id='word_1_144' title='bbox 1209 2101 1449 2169; x_wconf 86' lang='lat' dir='ltr'><strong>posteros</strong></span> <span class='ocrx_word' id='word_1_145' title='bbox 1475 2092 1657 2161; x_wconf 85' lang='lat' dir='ltr'><strong>opinio</strong></span> <span class='ocrx_word' id='word_1_146' title='bbox 1679 2091 1842 2146; x_wconf 67' lang='lat' dir='ltr'><strong>laede-</strong></span> 
     </span>
    </p>
   </div>
   <div class='ocr_carea' id='block_1_20' title="bbox 256 2181 1842 2253">
    <p class='ocr_par' dir='ltr' id='par_1_20' title="bbox 256 2181 1842 2253">
     <span class='ocr_line' id='line_1_20' title="bbox 256 2181 1842 2253; baseline -0.001 -15"><span class='ocrx_word' id='word_1_147' title='bbox 256 2196 427 2249; x_wconf 85' lang='lat' dir='ltr'><strong>retur,</strong></span> <span class='ocrx_word' id='word_1_148' title='bbox 463 2201 528 2238; x_wconf 91' lang='lat' dir='ltr'><strong>ne</strong></span> <span class='ocrx_word' id='word_1_149' title='bbox 549 2184 695 2238; x_wconf 88' lang='lat' dir='ltr'><strong>illam</strong></span> <span class='ocrx_word' id='word_1_150' title='bbox 718 2183 930 2253; x_wconf 87' lang='lat' dir='ltr'><strong>quidem</strong></span> <span class='ocrx_word' id='word_1_151' title='bbox 975 2191 1176 2252; x_wconf 86' lang='lat' dir='ltr'><strong>partem</strong></span> <span class='ocrx_word' id='word_1_152' title='bbox 1208 2183 1470 2252; x_wconf 80' lang='lat' dir='ltr'><strong>neglexit,</strong></span> <span class='ocrx_word' id='word_1_153' title='bbox 1503 2181 1595 2237; x_wconf 90' lang='lat' dir='ltr'><strong>sed</strong></span> <span class='ocrx_word' id='word_1_154' title='bbox 1635 2183 1842 2236; x_wconf 80' lang='lat' dir='ltr'><strong>tametsi</strong></span> 
     </span>
    </p>
   </div>
   <div class='ocr_carea' id='block_1_21' title="bbox 257 2274 1842 2346">
    <p class='ocr_par' dir='ltr' id='par_1_21' title="bbox 257 2274 1842 2346">
     <span class='ocr_line' id='line_1_21' title="bbox 257 2274 1842 2346; baseline 0.001 -19"><span class='ocrx_word' id='word_1_155' title='bbox 257 2278 362 2332; x_wconf 83' lang='lat' dir='ltr'><strong>fore</strong></span> <span class='ocrx_word' id='word_1_156' title='bbox 408 2275 739 2346; x_wconf 67' lang='lat' dir='ltr'><strong>praevidebat</strong></span> <span class='ocrx_word' id='word_1_157' title='bbox 760 2316 775 2342; x_wconf 90' lang='lat'><strong>,</strong></span> <span class='ocrx_word' id='word_1_158' title='bbox 807 2284 866 2328; x_wconf 91' lang='lat' dir='ltr'><strong>ut</strong></span> <span class='ocrx_word' id='word_1_159' title='bbox 893 2275 1111 2328; x_wconf 91' lang='lat' dir='ltr'><strong>minime</strong></span> <span class='ocrx_word' id='word_1_160' title='bbox 1137 2275 1236 2329; x_wconf 87' lang='lat' dir='ltr'><strong>sibi</strong></span> <span class='ocrx_word' id='word_1_161' title='bbox 1265 2274 1715 2344; x_wconf 89' lang='lat' dir='ltr'><strong>obtemperarent,</strong></span> <span class='ocrx_word' id='word_1_162' title='bbox 1749 2274 1842 2328; x_wconf 88' lang='lat' dir='ltr'><strong>sed</strong></span> 
     </span>
    </p>
   </div>
   <div class='ocr_carea' id='block_1_22' title="bbox 254 2366 1846 2430">
    <p class='ocr_par' dir='ltr' id='par_1_22' title="bbox 254 2366 1846 2430">
     <span class='ocr_line' id='line_1_22' title="bbox 254 2366 1846 2430; baseline 0.002 -10"><span class='ocrx_word' id='word_1_163' title='bbox 254 2367 682 2421; x_wconf 73' lang='lat' dir='ltr'><strong>conviciarentur</strong></span> <span class='ocrx_word' id='word_1_164' title='bbox 733 2381 796 2420; x_wconf 90' lang='lat' dir='ltr'><strong>ac</strong></span> <span class='ocrx_word' id='word_1_165' title='bbox 839 2367 1131 2429; x_wconf 85' lang='lat' dir='ltr'><strong>resilirent,</strong></span> <span class='ocrx_word' id='word_1_166' title='bbox 1181 2366 1314 2420; x_wconf 82' lang='lat' dir='ltr'><strong>dixit</strong></span> <span class='ocrx_word' id='word_1_167' title='bbox 1364 2375 1562 2430; x_wconf 88' lang='lat' dir='ltr'><strong>tamen,</strong></span> <span class='ocrx_word' id='word_1_168' title='bbox 1610 2382 1731 2421; x_wconf 89' lang='lat' dir='ltr'><strong>cum</strong></span> <span class='ocrx_word' id='word_1_169' title='bbox 1787 2376 1846 2423; x_wconf 90' lang='lat' dir='ltr'><strong>ut</strong></span> 
     </span>
    </p>
   </div>
   <div class='ocr_carea' id='block_1_23' title="bbox 254 2456 1836 2526">
    <p class='ocr_par' dir='ltr' id='par_1_23' title="bbox 254 2456 1836 2526">
     <span class='ocr_line' id='line_1_23' title="bbox 254 2456 1836 2526; baseline 0.003 -18"><span class='ocrx_word' id='word_1_170' title='bbox 254 2457 379 2511; x_wconf 86' lang='lat' dir='ltr'><strong>illud</strong></span> <span class='ocrx_word' id='word_1_171' title='bbox 437 2456 578 2526; x_wconf 85' lang='lat' dir='ltr'><strong>quod</strong></span> <span class='ocrx_word' id='word_1_172' title='bbox 619 2456 868 2511; x_wconf 91' lang='lat' dir='ltr'><strong>indicavit</strong></span> <span class='ocrx_word' id='word_1_173' title='bbox 915 2457 1303 2524; x_wconf 91' lang='lat' dir='ltr'><strong>constitueret,</strong></span> <span class='ocrx_word' id='word_1_174' title='bbox 1351 2466 1462 2512; x_wconf 92' lang='lat' dir='ltr'><strong>tum</strong></span> <span class='ocrx_word' id='word_1_175' title='bbox 1522 2468 1582 2512; x_wconf 91' lang='lat' dir='ltr'><strong>ut</strong></span> <span class='ocrx_word' id='word_1_176' title='bbox 1623 2473 1836 2514; x_wconf 82' lang='lat' dir='ltr'><strong>causam</strong></span> 
     </span>
    </p>
   </div>
   <div class='ocr_carea' id='block_1_24' title="bbox 253 2547 1839 2617">
    <p class='ocr_par' dir='ltr' id='par_1_24' title="bbox 253 2547 1839 2617">
     <span class='ocr_line' id='line_1_24' title="bbox 253 2547 1839 2617; baseline 0.004 -19"><span class='ocrx_word' id='word_1_177' title='bbox 253 2547 528 2616; x_wconf 82' lang='lat' dir='ltr'><strong>aperiret,</strong></span> <span class='ocrx_word' id='word_1_178' title='bbox 557 2547 626 2602; x_wconf 93' lang='lat' dir='ltr'><strong>ob</strong></span> <span class='ocrx_word' id='word_1_179' title='bbox 646 2562 802 2617; x_wconf 91' lang='lat' dir='ltr'><strong>quam</strong></span> <span class='ocrx_word' id='word_1_180' title='bbox 832 2549 934 2602; x_wconf 90' lang='lat' dir='ltr'><strong>illis</strong></span> <span class='ocrx_word' id='word_1_181' title='bbox 959 2556 1016 2602; x_wconf 90' lang='lat' dir='ltr'><strong>et</strong></span> <span class='ocrx_word' id='word_1_182' title='bbox 1042 2547 1262 2602; x_wconf 89' lang='lat' dir='ltr'><strong>humilia</strong></span> <span class='ocrx_word' id='word_1_183' title='bbox 1291 2548 1450 2604; x_wconf 90' lang='lat' dir='ltr'><strong>verba</strong></span> <span class='ocrx_word' id='word_1_184' title='bbox 1487 2551 1839 2605; x_wconf 89' lang='lat' dir='ltr'><strong>commiscuit:</strong></span> 
     </span>
    </p>
   </div>
   <div class='ocr_carea' id='block_1_25' title="bbox 254 2636 1841 2710">
    <p class='ocr_par' dir='ltr' id='par_1_25' title="bbox 254 2636 1841 2710">
     <span class='ocr_line' id='line_1_25' title="bbox 254 2636 1841 2710; baseline 0.003 -20"><span class='ocrx_word' id='word_1_185' title='bbox 254 2637 362 2692; x_wconf 68' lang='lat' dir='ltr'><strong>haec</strong></span> <span class='ocrx_word' id='word_1_186' title='bbox 422 2636 677 2691; x_wconf 88' lang='lat' dir='ltr'><strong>nimirum</strong></span> <span class='ocrx_word' id='word_1_187' title='bbox 731 2646 877 2704; x_wconf 89' lang='lat' dir='ltr'><strong>erat,</strong></span> <span class='ocrx_word' id='word_1_188' title='bbox 918 2638 1058 2708; x_wconf 89' lang='lat' dir='ltr'><strong>quod</strong></span> <span class='ocrx_word' id='word_1_189' title='bbox 1107 2638 1372 2694; x_wconf 89' lang='lat' dir='ltr'><strong>dictorum</strong></span> <span class='ocrx_word' id='word_1_190' title='bbox 1427 2640 1841 2710; x_wconf 82' lang='lat' dir='ltr'><strong>magnitudinem</strong></span> 
     </span>
    </p>
   </div>
   <div class='ocr_carea' id='block_1_26' title="bbox 252 2731 1843 2801">
    <p class='ocr_par' dir='ltr' id='par_1_26' title="bbox 252 2731 1843 2801">
     <span class='ocr_line' id='line_1_26' title="bbox 252 2731 1843 2801; baseline 0.003 -18"><span class='ocrx_word' id='word_1_191' title='bbox 252 2747 453 2801; x_wconf 77' lang='lat' dir='ltr'><strong>capere</strong></span> <span class='ocrx_word' id='word_1_192' title='bbox 481 2731 718 2785; x_wconf 90' lang='lat' dir='ltr'><strong>nondum</strong></span> <span class='ocrx_word' id='word_1_193' title='bbox 745 2741 981 2801; x_wconf 89' lang='lat' dir='ltr'><strong>possent.</strong></span> <span class='ocrx_word' id='word_1_194' title='bbox 1009 2731 1078 2785; x_wconf 89' lang='lat' dir='ltr'><strong>Et</strong></span> <span class='ocrx_word' id='word_1_195' title='bbox 1097 2745 1226 2787; x_wconf 89' lang='lat' dir='ltr'><strong>sane</strong></span> <span class='ocrx_word' id='word_1_196' title='bbox 1252 2733 1353 2788; x_wconf 90' lang='lat' dir='ltr'><strong>nisi</strong></span> <span class='ocrx_word' id='word_1_197' title='bbox 1391 2734 1492 2788; x_wconf 90' lang='lat' dir='ltr'><strong>hoc</strong></span> <span class='ocrx_word' id='word_1_198' title='bbox 1519 2734 1843 2788; x_wconf 87' lang='lat' dir='ltr'><strong>constituere</strong></span> 
     </span>
    </p>
   </div>
   <div class='ocr_carea' id='block_1_27' title="bbox 251 2820 1844 2894">
    <p class='ocr_par' dir='ltr' id='par_1_27' title="bbox 251 2820 1844 2894">
     <span class='ocr_line' id='line_1_27' title="bbox 251 2820 1844 2894; baseline 0.001 -19"><span class='ocrx_word' id='word_1_199' title='bbox 251 2821 300 2876; x_wconf 91' lang='lat' dir='ltr'><strong>in</strong></span> <span class='ocrx_word' id='word_1_200' title='bbox 349 2821 544 2876; x_wconf 86' lang='lat' dir='ltr'><strong>animo</strong></span> <span class='ocrx_word' id='word_1_201' title='bbox 591 2820 882 2886; x_wconf 86' lang='lat' dir='ltr'><strong>habuisset,</strong></span> <span class='ocrx_word' id='word_1_202' title='bbox 907 2837 1362 2891; x_wconf 87' lang='lat' dir='ltr'><strong>supervacanequ</strong></span> <span class='ocrx_word' id='word_1_203' title='bbox 1393 2822 1579 2879; x_wconf 81' lang='lat' dir='ltr'><strong>fuisset</strong></span> <span class='ocrx_word' id='word_1_204' title='bbox 1621 2824 1844 2894; x_wconf 89' lang='lat' dir='ltr'><strong>dogma-</strong></span> 
     </span>
    </p>
   </div>
   <div class='ocr_carea' id='block_1_28' title="bbox 251 2912 1842 2986">
    <p class='ocr_par' dir='ltr' id='par_1_28' title="bbox 251 2912 1842 2986">
     <span class='ocr_line' id='line_1_28' title="bbox 251 2912 1842 2986; baseline 0.003 -20"><span class='ocrx_word' id='word_1_205' title='bbox 251 2923 356 2968; x_wconf 88' lang='lat' dir='ltr'><strong>tnm</strong></span> <span class='ocrx_word' id='word_1_206' title='bbox 391 2913 710 2968; x_wconf 85' lang='lat' dir='ltr'><strong>sublimium</strong></span> <span class='ocrx_word' id='word_1_207' title='bbox 739 2912 1031 2968; x_wconf 90' lang='lat' dir='ltr'><strong>doctrinam</strong></span> <span class='ocrx_word' id='word_1_208' title='bbox 1060 2913 1166 2968; x_wconf 89' lang='lat' dir='ltr'><strong>illis</strong></span> <span class='ocrx_word' id='word_1_209' title='bbox 1191 2929 1488 2984; x_wconf 81' lang='lat' dir='ltr'><strong>pr0ponere</strong></span> <span class='ocrx_word' id='word_1_210' title='bbox 1509 2955 1522 2977; x_wconf 90' lang='lat'><strong>,</strong></span> <span class='ocrx_word' id='word_1_211' title='bbox 1552 2915 1644 2984; x_wconf 89' lang='lat' dir='ltr'><strong>qui</strong></span> <span class='ocrx_word' id='word_1_212' title='bbox 1671 2931 1842 2986; x_wconf 90' lang='lat' dir='ltr'><strong>neque</strong></span> 
     </span>
    </p>
   </div>
   <div class='ocr_carea' id='block_1_29' title="bbox 248 3007 1838 3078">
    <p class='ocr_par' dir='ltr' id='par_1_29' title="bbox 248 3007 1838 3078">
     <span class='ocr_line' id='line_1_29' title="bbox 248 3007 1838 3078; baseline -0.001 -18"><span class='ocrx_word' id='word_1_213' title='bbox 248 3024 410 3064; x_wconf 83' lang='lat' dir='ltr'><strong>aures</strong></span> <span class='ocrx_word' id='word_1_214' title='bbox 459 3007 697 3078; x_wconf 64' lang='lat' dir='ltr'><strong>praebere</strong></span> <span class='ocrx_word' id='word_1_215' title='bbox 721 3049 737 3075; x_wconf 94' lang='lat'><strong>,</strong></span> <span class='ocrx_word' id='word_1_216' title='bbox 761 3023 932 3078; x_wconf 89' lang='lat' dir='ltr'><strong>neque</strong></span> <span class='ocrx_word' id='word_1_217' title='bbox 956 3008 1193 3062; x_wconf 89' lang='lat' dir='ltr'><strong>animum</strong></span> <span class='ocrx_word' id='word_1_218' title='bbox 1224 3007 1478 3063; x_wconf 90' lang='lat' dir='ltr'><strong>adhibere</strong></span> <span class='ocrx_word' id='word_1_219' title='bbox 1508 3007 1838 3062; x_wconf 87' lang='lat' dir='ltr'><strong>voluissent:</strong></span> 
     </span>
    </p>
   </div>
   <div class='ocr_carea' id='block_1_30' title="bbox 245 3099 1839 3168">
    <p class='ocr_par' dir='ltr' id='par_1_30' title="bbox 245 3099 1839 3168">
     <span class='ocr_line' id='line_1_30' title="bbox 245 3099 1839 3168; baseline 0 -14"><span class='ocrx_word' id='word_1_220' title='bbox 245 3100 351 3167; x_wconf 82' lang='lat' dir='ltr'><strong>jam</strong></span> <span class='ocrx_word' id='word_1_221' title='bbox 375 3114 516 3152; x_wconf 80' lang='lat' dir='ltr'><strong>vero</strong></span> <span class='ocrx_word' id='word_1_222' title='bbox 543 3099 751 3153; x_wconf 90' lang='lat' dir='ltr'><strong>tametsi</strong></span> <span class='ocrx_word' id='word_1_223' title='bbox 774 3100 995 3154; x_wconf 90' lang='lat' dir='ltr'><strong>minime</strong></span> <span class='ocrx_word' id='word_1_224' title='bbox 1021 3099 1131 3154; x_wconf 87' lang='lat' dir='ltr'><strong>illis</strong></span> <span class='ocrx_word' id='word_1_225' title='bbox 1158 3099 1470 3168; x_wconf 89' lang='lat' dir='ltr'><strong>prodesset,</strong></span> <span class='ocrx_word' id='word_1_226' title='bbox 1501 3115 1602 3154; x_wconf 91' lang='lat' dir='ltr'><strong>nos</strong></span> <span class='ocrx_word' id='word_1_227' title='bbox 1625 3101 1839 3168; x_wconf 89' lang='lat' dir='ltr'><strong>quidem</strong></span> 
     </span>
    </p>
   </div>
   <div class='ocr_carea' id='block_1_31' title="bbox 244 3188 1842 3260">
    <p class='ocr_par' dir='ltr' id='par_1_31' title="bbox 244 3188 1842 3260">
     <span class='ocr_line' id='line_1_31' title="bbox 244 3188 1842 3260; baseline 0.001 -16"><span class='ocrx_word' id='word_1_228' title='bbox 244 3195 396 3245; x_wconf 68' lang='lat' dir='ltr'><strong>Certe</strong></span> <span class='ocrx_word' id='word_1_229' title='bbox 449 3188 763 3256; x_wconf 75' lang='lat' dir='ltr'><strong>erudiebat,</strong></span> <span class='ocrx_word' id='word_1_230' title='bbox 789 3199 844 3244; x_wconf 88' lang='lat' dir='ltr'><strong>et</strong></span> <span class='ocrx_word' id='word_1_231' title='bbox 871 3198 930 3244; x_wconf 91' lang='lat' dir='ltr'><strong>ut</strong></span> <span class='ocrx_word' id='word_1_232' title='bbox 972 3191 1308 3245; x_wconf 91' lang='lat' dir='ltr'><strong>convenienti</strong></span> <span class='ocrx_word' id='word_1_233' title='bbox 1353 3190 1602 3260; x_wconf 89' lang='lat' dir='ltr'><strong>opinione</strong></span> <span class='ocrx_word' id='word_1_234' title='bbox 1647 3189 1715 3245; x_wconf 90' lang='lat' dir='ltr'><strong>de</strong></span> <span class='ocrx_word' id='word_1_235' title='bbox 1750 3190 1842 3245; x_wconf 90' lang='lat' dir='ltr'><strong>illo</strong></span> 
     </span>
    </p>
   </div>
   <div class='ocr_carea' id='block_1_32' title="bbox 248 3280 1841 3352">
    <p class='ocr_par' dir='ltr' id='par_1_32' title="bbox 248 3280 1841 3352">
     <span class='ocr_line' id='line_1_32' title="bbox 248 3280 1841 3352; baseline -0.001 -15"><span class='ocrx_word' id='word_1_236' title='bbox 248 3281 623 3337; x_wconf 82' lang='lat' dir='ltr'><strong>imbueremur</strong></span> <span class='ocrx_word' id='word_1_237' title='bbox 651 3280 946 3346; x_wconf 83' lang='lat' dir='ltr'><strong>efﬁciebat;</strong></span> <span class='ocrx_word' id='word_1_238' title='bbox 972 3281 1206 3352; x_wconf 89' lang='lat' dir='ltr'><strong>illudque</strong></span> <span class='ocrx_word' id='word_1_239' title='bbox 1227 3280 1574 3351; x_wconf 89' lang='lat' dir='ltr'><strong>persuadebat</strong></span> <span class='ocrx_word' id='word_1_240' title='bbox 1601 3281 1653 3336; x_wconf 93' lang='lat' dir='ltr'><strong>in</strong></span> <span class='ocrx_word' id='word_1_241' title='bbox 1681 3295 1841 3336; x_wconf 86' lang='lat' dir='ltr'><strong>causa</strong></span> 
     </span>
    </p>
   </div>
   <div class='ocr_carea' id='block_1_33' title="bbox 245 3373 1838 3442">
    <p class='ocr_par' dir='ltr' id='par_1_33' title="bbox 245 3373 1838 3442">
     <span class='ocr_line' id='line_1_33' title="bbox 245 3373 1838 3442; baseline -0.001 -12"><span class='ocrx_word' id='word_1_242' title='bbox 245 3374 443 3440; x_wconf 81' lang='lat' dir='ltr'><strong>fuisse,</strong></span> <span class='ocrx_word' id='word_1_243' title='bbox 463 3385 519 3429; x_wconf 91' lang='lat' dir='ltr'><strong>ut</strong></span> <span class='ocrx_word' id='word_1_244' title='bbox 536 3375 603 3429; x_wconf 90' lang='lat' dir='ltr'><strong>ad</strong></span> <span class='ocrx_word' id='word_1_245' title='bbox 620 3383 817 3429; x_wconf 84' lang='lat' dir='ltr'><strong>tantam</strong></span> <span class='ocrx_word' id='word_1_246' title='bbox 835 3373 1182 3429; x_wconf 89' lang='lat' dir='ltr'><strong>humilitatem</strong></span> <span class='ocrx_word' id='word_1_247' title='bbox 1200 3374 1491 3429; x_wconf 89' lang='lat' dir='ltr'><strong>orationem</strong></span> <span class='ocrx_word' id='word_1_248' title='bbox 1517 3374 1838 3442; x_wconf 88' lang='lat' dir='ltr'><strong>traduceret,</strong></span> 
     </span>
    </p>
   </div>
   <div class='ocr_carea' id='block_1_34' title="bbox 241 3465 1840 3538">
    <p class='ocr_par' dir='ltr' id='par_1_34' title="bbox 241 3465 1840 3538">
     <span class='ocr_line' id='line_1_34' title="bbox 241 3465 1840 3538; baseline -0.002 -15"><span class='ocrx_word' id='word_1_249' title='bbox 241 3469 387 3538; x_wconf 88' lang='lat' dir='ltr'><strong>quod</strong></span> <span class='ocrx_word' id='word_1_250' title='bbox 442 3467 783 3522; x_wconf 88' lang='lat' dir='ltr'><strong>sublimitatis</strong></span> <span class='ocrx_word' id='word_1_251' title='bbox 838 3481 1023 3522; x_wconf 91' lang='lat' dir='ltr'><strong>eorum</strong></span> <span class='ocrx_word' id='word_1_252' title='bbox 1075 3481 1195 3536; x_wconf 84' lang='lat' dir='ltr'><strong>quae</strong></span> <span class='ocrx_word' id='word_1_253' title='bbox 1246 3465 1557 3522; x_wconf 85' lang='lat' dir='ltr'><strong>dicebantur</strong></span> <span class='ocrx_word' id='word_1_254' title='bbox 1605 3465 1840 3521; x_wconf 90' lang='lat' dir='ltr'><strong>nondum</strong></span> 
     </span>
    </p>
   </div>
   <div class='ocr_carea' id='block_1_35' title="bbox 243 3557 1837 3630">
    <p class='ocr_par' dir='ltr' id='par_1_35' title="bbox 243 3557 1837 3630">
     <span class='ocr_line' id='line_1_35' title="bbox 243 3557 1837 3630; baseline -0.001 -16"><span class='ocrx_word' id='word_1_255' title='bbox 243 3574 482 3630; x_wconf 77' lang='lat' dir='ltr'><strong>capaces</strong></span> <span class='ocrx_word' id='word_1_256' title='bbox 501 3567 699 3614; x_wconf 83' lang='lat' dir='ltr'><strong>essent.</strong></span> <span class='ocrx_word' id='word_1_257' title='bbox 722 3558 855 3613; x_wconf 90' lang='lat' dir='ltr'><strong>Cum</strong></span> <span class='ocrx_word' id='word_1_258' title='bbox 882 3559 1040 3628; x_wconf 88' lang='lat' dir='ltr'><strong>igitur</strong></span> <span class='ocrx_word' id='word_1_259' title='bbox 1065 3573 1184 3612; x_wconf 92' lang='lat' dir='ltr'><strong>eum</strong></span> <span class='ocrx_word' id='word_1_260' title='bbox 1211 3557 1408 3612; x_wconf 87' lang='lat' dir='ltr'><strong>videris</strong></span> <span class='ocrx_word' id='word_1_261' title='bbox 1431 3557 1650 3613; x_wconf 90' lang='lat' dir='ltr'><strong>humilia</strong></span> <span class='ocrx_word' id='word_1_262' title='bbox 1672 3558 1837 3628; x_wconf 90' lang='lat' dir='ltr'><strong>loqui,</strong></span> 
     </span>
    </p>
   </div>
   <div class='ocr_carea' id='block_1_36' title="bbox 243 3647 1838 3714">
    <p class='ocr_par' dir='ltr' id='par_1_36' title="bbox 243 3647 1838 3714">
     <span class='ocr_line' id='line_1_36' title="bbox 243 3647 1838 3714; baseline -0.001 -11"><span class='ocrx_word' id='word_1_263' title='bbox 243 3666 310 3704; x_wconf 88' lang='lat' dir='ltr'><strong>ne</strong></span> <span class='ocrx_word' id='word_1_264' title='bbox 328 3650 403 3704; x_wconf 87' lang='lat' dir='ltr'><strong>ad</strong></span> <span class='ocrx_word' id='word_1_265' title='bbox 438 3649 688 3705; x_wconf 69' lang='lat' dir='ltr'><strong>essentia:</strong></span> <span class='ocrx_word' id='word_1_266' title='bbox 717 3649 1008 3714; x_wconf 87' lang='lat' dir='ltr'><strong>vilitatem,</strong></span> <span class='ocrx_word' id='word_1_267' title='bbox 1039 3648 1133 3702; x_wconf 89' lang='lat' dir='ltr'><strong>sed</strong></span> <span class='ocrx_word' id='word_1_268' title='bbox 1174 3647 1240 3702; x_wconf 89' lang='lat' dir='ltr'><strong>ad</strong></span> <span class='ocrx_word' id='word_1_269' title='bbox 1282 3647 1696 3703; x_wconf 84' lang='lat' dir='ltr'><strong>imbecillitatem</strong></span> <span class='ocrx_word' id='word_1_270' title='bbox 1742 3664 1838 3702; x_wconf 87' lang='lat' dir='ltr'><strong>au-</strong></span> 
     </span>
    </p>
   </div>
   <div class='ocr_carea' id='block_1_37' title="bbox 244 3737 1841 3809">
    <p class='ocr_par' dir='ltr' id='par_1_37' title="bbox 244 3737 1841 3809">
     <span class='ocr_line' id='line_1_37' title="bbox 244 3737 1841 3809; baseline 0 -15"><span class='ocrx_word' id='word_1_271' title='bbox 244 3741 487 3798; x_wconf 83' lang='lat' dir='ltr'><strong>ditorum</strong></span> <span class='ocrx_word' id='word_1_272' title='bbox 519 3740 691 3809; x_wconf 88' lang='lat' dir='ltr'><strong>ipsum</strong></span> <span class='ocrx_word' id='word_1_273' title='bbox 716 3754 835 3794; x_wconf 91' lang='lat' dir='ltr'><strong>sese</strong></span> <span class='ocrx_word' id='word_1_274' title='bbox 862 3749 1216 3807; x_wconf 87' lang='lat' dir='ltr'><strong>attemperare</strong></span> <span class='ocrx_word' id='word_1_275' title='bbox 1245 3746 1388 3808; x_wconf 91' lang='lat' dir='ltr'><strong>puta.</strong></span> <span class='ocrx_word' id='word_1_276' title='bbox 1422 3737 1593 3792; x_wconf 82' lang='lat' dir='ltr'><strong>Vultis</strong></span> <span class='ocrx_word' id='word_1_277' title='bbox 1635 3746 1690 3793; x_wconf 88' lang='lat' dir='ltr'><strong>et</strong></span> <span class='ocrx_word' id='word_1_278' title='bbox 1735 3747 1841 3794; x_wconf 89' lang='lat' dir='ltr'><strong>ter-</strong></span> 
     </span>
    </p>
   </div>
   <div class='ocr_carea' id='block_1_38' title="bbox 243 3832 1838 3888">
    <p class='ocr_par' dir='ltr' id='par_1_38' title="bbox 243 3832 1838 3888">
     <span class='ocr_line' id='line_1_38' title="bbox 243 3832 1838 3888; baseline 0 0"><span class='ocrx_word' id='word_1_279' title='bbox 243 3835 376 3888; x_wconf 83' lang='lat' dir='ltr'><strong>tiam</strong></span> <span class='ocrx_word' id='word_1_280' title='bbox 429 3848 646 3888; x_wconf 86' lang='lat' dir='ltr'><strong>causam</strong></span> <span class='ocrx_word' id='word_1_281' title='bbox 675 3834 933 3888; x_wconf 83' lang='lat' dir='ltr'><strong>at&#39;feram?</strong></span> <span class='ocrx_word' id='word_1_282' title='bbox 959 3833 1073 3887; x_wconf 87' lang='lat' dir='ltr'><strong>Non</strong></span> <span class='ocrx_word' id='word_1_283' title='bbox 1114 3833 1255 3888; x_wconf 90' lang='lat' dir='ltr'><strong>enim</strong></span> <span class='ocrx_word' id='word_1_284' title='bbox 1286 3841 1488 3887; x_wconf 91' lang='lat' dir='ltr'><strong>tantum</strong></span> <span class='ocrx_word' id='word_1_285' title='bbox 1518 3832 1586 3887; x_wconf 92' lang='lat' dir='ltr'><strong>ob</strong></span> <span class='ocrx_word' id='word_1_286' title='bbox 1624 3847 1838 3888; x_wconf 90' lang='lat' dir='ltr'><strong>carnem</strong></span> 
     </span>
    </p>
   </div>
   <div class='ocr_carea' id='block_1_39' title="bbox 243 3925 1842 3995">
    <p class='ocr_par' dir='ltr' id='par_1_39' title="bbox 243 3925 1842 3995">
     <span class='ocr_line' id='line_1_39' title="bbox 243 3925 1842 3995; baseline -0.001 -14"><span class='ocrx_word' id='word_1_287' title='bbox 243 3941 349 3995; x_wconf 84' lang='lat' dir='ltr'><strong>qua</strong></span> <span class='ocrx_word' id='word_1_288' title='bbox 424 3927 784 3980; x_wconf 88' lang='lat' dir='ltr'><strong>circumdatus</strong></span> <span class='ocrx_word' id='word_1_289' title='bbox 839 3935 984 3991; x_wconf 88' lang='lat' dir='ltr'><strong>erat,</strong></span> <span class='ocrx_word' id='word_1_290' title='bbox 1039 3940 1211 3995; x_wconf 88' lang='lat' dir='ltr'><strong>neque</strong></span> <span class='ocrx_word' id='word_1_291' title='bbox 1269 3925 1338 3980; x_wconf 90' lang='lat' dir='ltr'><strong>ob</strong></span> <span class='ocrx_word' id='word_1_292' title='bbox 1389 3925 1688 3980; x_wconf 90' lang='lat' dir='ltr'><strong>auditorum</strong></span> <span class='ocrx_word' id='word_1_293' title='bbox 1742 3925 1842 3980; x_wconf 92' lang='lat' dir='ltr'><strong>im-</strong></span> 
     </span>
    </p>
   </div>
   <div class='ocr_carea' id='block_1_40' title="bbox 239 4017 1840 4086">
    <p class='ocr_par' dir='ltr' id='par_1_40' title="bbox 239 4017 1840 4086">
     <span class='ocr_line' id='line_1_40' title="bbox 239 4017 1840 4086; baseline 0 -13"><span class='ocrx_word' id='word_1_294' title='bbox 239 4017 632 4080; x_wconf 84' lang='lat' dir='ltr'><strong>becillitatem,</strong></span> <span class='ocrx_word' id='word_1_295' title='bbox 658 4018 751 4073; x_wconf 87' lang='lat' dir='ltr'><strong>sed</strong></span> <span class='ocrx_word' id='word_1_296' title='bbox 789 4017 931 4086; x_wconf 92' lang='lat' dir='ltr'><strong>quod</strong></span> <span class='ocrx_word' id='word_1_297' title='bbox 985 4017 1252 4072; x_wconf 87' lang='lat' dir='ltr'><strong>auditores</strong></span> <span class='ocrx_word' id='word_1_298' title='bbox 1309 4017 1499 4073; x_wconf 90' lang='lat' dir='ltr'><strong>docere</strong></span> <span class='ocrx_word' id='word_1_299' title='bbox 1541 4019 1732 4084; x_wconf 88' lang='lat' dir='ltr'><strong>vellet,</strong></span> <span class='ocrx_word' id='word_1_300' title='bbox 1783 4028 1840 4073; x_wconf 91' lang='lat' dir='ltr'><strong>ut</strong></span> 
     </span>
    </p>
   </div>
   <div class='ocr_carea' id='block_1_41' title="bbox 239 4107 1840 4171">
    <p class='ocr_par' dir='ltr' id='par_1_41' title="bbox 239 4107 1840 4171">
     <span class='ocr_line' id='line_1_41' title="bbox 239 4107 1840 4171; baseline 0.003 -13"><span class='ocrx_word' id='word_1_301' title='bbox 239 4109 436 4162; x_wconf 87' lang='lat' dir='ltr'><strong>animo</strong></span> <span class='ocrx_word' id='word_1_302' title='bbox 484 4107 720 4162; x_wconf 88' lang='lat' dir='ltr'><strong>demisso</strong></span> <span class='ocrx_word' id='word_1_303' title='bbox 749 4117 805 4163; x_wconf 89' lang='lat' dir='ltr'><strong>et</strong></span> <span class='ocrx_word' id='word_1_304' title='bbox 841 4107 1026 4162; x_wconf 90' lang='lat' dir='ltr'><strong>humili</strong></span> <span class='ocrx_word' id='word_1_305' title='bbox 1067 4117 1276 4171; x_wconf 91' lang='lat' dir='ltr'><strong>essent,</strong></span> <span class='ocrx_word' id='word_1_306' title='bbox 1305 4107 1468 4162; x_wconf 88' lang='lat' dir='ltr'><strong>multa</strong></span> <span class='ocrx_word' id='word_1_307' title='bbox 1496 4109 1768 4163; x_wconf 88' lang='lat' dir='ltr'><strong>humiliter</strong></span> <span class='ocrx_word' id='word_1_308' title='bbox 1785 4119 1840 4163; x_wconf 88' lang='lat' dir='ltr'><strong>et</strong></span> 
     </span>
    </p>
   </div>
   <div class='ocr_carea' id='block_1_42' title="bbox 236 4197 1833 4267">
    <p class='ocr_par' dir='ltr' id='par_1_42' title="bbox 236 4197 1833 4267">
     <span class='ocr_line' id='line_1_42' title="bbox 236 4197 1833 4267; baseline -0.001 -15"><span class='ocrx_word' id='word_1_309' title='bbox 236 4199 416 4265; x_wconf 81' lang='lat' dir='ltr'><strong>gessit</strong></span> <span class='ocrx_word' id='word_1_310' title='bbox 458 4205 516 4251; x_wconf 89' lang='lat' dir='ltr'><strong>et</strong></span> <span class='ocrx_word' id='word_1_311' title='bbox 567 4197 735 4253; x_wconf 81' lang='lat' dir='ltr'><strong>dixit:</strong></span> <span class='ocrx_word' id='word_1_312' title='bbox 761 4209 919 4267; x_wconf 89' lang='lat' dir='ltr'><strong>atque</strong></span> <span class='ocrx_word' id='word_1_313' title='bbox 970 4198 1084 4252; x_wconf 64' lang='lat' dir='ltr'><strong>base</strong></span> <span class='ocrx_word' id='word_1_314' title='bbox 1127 4197 1282 4252; x_wconf 89' lang='lat' dir='ltr'><strong>tertia</strong></span> <span class='ocrx_word' id='word_1_315' title='bbox 1313 4213 1495 4252; x_wconf 87' lang='lat' dir='ltr'><strong>rursus</strong></span> <span class='ocrx_word' id='word_1_316' title='bbox 1537 4206 1619 4252; x_wconf 90' lang='lat' dir='ltr'><strong>est</strong></span> <span class='ocrx_word' id='word_1_317' title='bbox 1654 4214 1833 4253; x_wconf 89' lang='lat' dir='ltr'><strong>causa.</strong></span> 
     </span>
    </p>
   </div>
   <div class='ocr_carea' id='block_1_43' title="bbox 237 4287 1832 4358">
    <p class='ocr_par' dir='ltr' id='par_1_43' title="bbox 237 4287 1832 4358">
     <span class='ocr_line' id='line_1_43' title="bbox 237 4287 1832 4358; baseline 0.001 -17"><span class='ocrx_word' id='word_1_318' title='bbox 237 4287 380 4342; x_wconf 80' lang='lat' dir='ltr'><strong>Nam</strong></span> <span class='ocrx_word' id='word_1_319' title='bbox 415 4289 506 4358; x_wconf 92' lang='lat' dir='ltr'><strong>qui</strong></span> <span class='ocrx_word' id='word_1_320' title='bbox 539 4288 809 4343; x_wconf 88' lang='lat' dir='ltr'><strong>humiliter</strong></span> <span class='ocrx_word' id='word_1_321' title='bbox 832 4289 1030 4345; x_wconf 90' lang='lat' dir='ltr'><strong>sentire</strong></span> <span class='ocrx_word' id='word_1_322' title='bbox 1057 4288 1246 4352; x_wconf 90' lang='lat' dir='ltr'><strong>docet,</strong></span> <span class='ocrx_word' id='word_1_323' title='bbox 1273 4303 1380 4342; x_wconf 89' lang='lat' dir='ltr'><strong>non</strong></span> <span class='ocrx_word' id='word_1_324' title='bbox 1402 4289 1578 4343; x_wconf 90' lang='lat' dir='ltr'><strong>verbis</strong></span> <span class='ocrx_word' id='word_1_325' title='bbox 1610 4299 1832 4356; x_wconf 90' lang='lat' dir='ltr'><strong>tantum,</strong></span> 
     </span>
    </p>
   </div>
   <div class='ocr_carea' id='block_1_44' title="bbox 234 4378 1834 4443">
    <p class='ocr_par' dir='ltr' id='par_1_44' title="bbox 234 4378 1834 4443">
     <span class='ocr_line' id='line_1_44' title="bbox 234 4378 1834 4443; baseline 0.003 -11"><span class='ocrx_word' id='word_1_326' title='bbox 234 4378 339 4432; x_wconf 83' lang='lat' dir='ltr'><strong>sed</strong></span> <span class='ocrx_word' id='word_1_327' title='bbox 382 4387 441 4432; x_wconf 88' lang='lat' dir='ltr'><strong>et</strong></span> <span class='ocrx_word' id='word_1_328' title='bbox 487 4378 641 4432; x_wconf 88' lang='lat' dir='ltr'><strong>factis</strong></span> <span class='ocrx_word' id='word_1_329' title='bbox 679 4379 744 4433; x_wconf 89' lang='lat' dir='ltr'><strong>ad</strong></span> <span class='ocrx_word' id='word_1_330' title='bbox 791 4379 895 4434; x_wconf 91' lang='lat' dir='ltr'><strong>hoc</strong></span> <span class='ocrx_word' id='word_1_331' title='bbox 937 4395 1034 4434; x_wconf 91' lang='lat' dir='ltr'><strong>nos</strong></span> <span class='ocrx_word' id='word_1_332' title='bbox 1071 4380 1275 4443; x_wconf 87' lang='lat' dir='ltr'><strong>erudit,</strong></span> <span class='ocrx_word' id='word_1_333' title='bbox 1303 4393 1549 4433; x_wconf 90' lang='lat' dir='ltr'><strong>sermone</strong></span> <span class='ocrx_word' id='word_1_334' title='bbox 1595 4379 1754 4434; x_wconf 89' lang='lat' dir='ltr'><strong>simul</strong></span> <span class='ocrx_word' id='word_1_335' title='bbox 1783 4391 1834 4436; x_wconf 89' lang='lat' dir='ltr'><strong>et</strong></span> 
     </span>
    </p>
   </div>
   <div class='ocr_carea' id='block_1_45' title="bbox 239 4468 1832 4540">
    <p class='ocr_par' dir='ltr' id='par_1_45' title="bbox 239 4468 1832 4540">
     <span class='ocr_line' id='line_1_45' title="bbox 239 4468 1832 4540; baseline 0.001 -18"><span class='ocrx_word' id='word_1_336' title='bbox 239 4483 416 4537; x_wconf 86' lang='lat' dir='ltr'><strong>opere</strong></span> <span class='ocrx_word' id='word_1_337' title='bbox 440 4468 758 4523; x_wconf 86' lang='lat' dir='ltr'><strong>modestiam</strong></span> <span class='ocrx_word' id='word_1_338' title='bbox 781 4487 889 4539; x_wconf 74' lang='lat' dir='ltr'><strong>pra:</strong></span> <span class='ocrx_word' id='word_1_339' title='bbox 915 4487 974 4525; x_wconf 90' lang='lat' dir='ltr'><strong>se</strong></span> <span class='ocrx_word' id='word_1_340' title='bbox 995 4471 1192 4525; x_wconf 72' lang='lat' dir='ltr'><strong>ferens.</strong></span> <span class='ocrx_word' id='word_1_341' title='bbox 1224 4469 1418 4525; x_wconf 80' lang='lat' dir='ltr'><strong>Discite</strong></span> <span class='ocrx_word' id='word_1_342' title='bbox 1443 4470 1583 4524; x_wconf 90' lang='lat' dir='ltr'><strong>enim</strong></span> <span class='ocrx_word' id='word_1_343' title='bbox 1604 4513 1619 4536; x_wconf 95' lang='lat'><strong>,</strong></span> <span class='ocrx_word' id='word_1_344' title='bbox 1645 4471 1832 4540; x_wconf 88' lang='lat' dir='ltr'><strong>inquit,</strong></span> 
     </span>
    </p>
   </div>
   <div class='ocr_carea' id='block_1_46' title="bbox 240 4561 1831 4632">
    <p class='ocr_par' dir='ltr' id='par_1_46' title="bbox 240 4561 1831 4632">
     <span class='ocr_line' id='line_1_46' title="bbox 240 4561 1831 4632; baseline 0.003 -20"><span class='ocrx_word' id='word_1_345' title='bbox 240 4576 278 4611; x_wconf 76' lang='grc' dir='ltr'><em>α</em></span> <span class='ocrx_word' id='word_1_346' title='bbox 306 4576 412 4622; x_wconf 78' lang='lat' dir='ltr'><strong>sne,</strong></span> <span class='ocrx_word' id='word_1_347' title='bbox 438 4562 562 4632; x_wconf 82' lang='lat' dir='ltr'><strong>quia</strong></span> <span class='ocrx_word' id='word_1_348' title='bbox 587 4562 723 4616; x_wconf 86' lang='lat' dir='ltr'><strong>mitis</strong></span> <span class='ocrx_word' id='word_1_349' title='bbox 751 4579 862 4616; x_wconf 88' lang='lat' dir='ltr'><strong>sum</strong></span> <span class='ocrx_word' id='word_1_350' title='bbox 883 4571 928 4616; x_wconf 90' lang='lat' dir='ltr'><strong>et</strong></span> <span class='ocrx_word' id='word_1_351' title='bbox 949 4561 1153 4616; x_wconf 78' lang='lat' dir='ltr'><strong>humilis</strong></span> <span class='ocrx_word' id='word_1_352' title='bbox 1177 4562 1330 4615; x_wconf 84' lang='lat' dir='ltr'><strong>corde</strong></span> <span class='ocrx_word' id='word_1_353' title='bbox 1358 4561 1568 4632; x_wconf 75' lang='lat' dir='ltr'><strong>(Matth.</strong></span> <span class='ocrx_word' id='word_1_354' title='bbox 1601 4563 1687 4616; x_wconf 81' lang='lat' dir='ltr'><strong>ll.</strong></span> <span class='ocrx_word' id='word_1_355' title='bbox 1715 4561 1831 4628; x_wconf 78' lang='lat'><strong>‘29),</strong></span> 
     </span>
    </p>
   </div>
   <div class='ocr_carea' id='block_1_47' title="bbox 240 4652 1833 4716">
    <p class='ocr_par' dir='ltr' id='par_1_47' title="bbox 240 4652 1833 4716">
     <span class='ocr_line' id='line_1_47' title="bbox 240 4652 1833 4716; baseline 0.001 -11"><span class='ocrx_word' id='word_1_356' title='bbox 240 4661 302 4705; x_wconf 75' lang='lat' dir='ltr'><strong>et</strong></span> <span class='ocrx_word' id='word_1_357' title='bbox 334 4652 462 4705; x_wconf 74' lang='lat' dir='ltr'><strong>alibi</strong></span> <span class='ocrx_word' id='word_1_358' title='bbox 484 4667 669 4707; x_wconf 87' lang='lat' dir='ltr'><strong>rursus</strong></span> <span class='ocrx_word' id='word_1_359' title='bbox 689 4693 703 4716; x_wconf 93' lang='lat'><strong>,</strong></span> <span class='ocrx_word' id='word_1_360' title='bbox 731 4652 896 4706; x_wconf 78' lang='lat' dir='ltr'><strong>Filius</strong></span> <span class='ocrx_word' id='word_1_361' title='bbox 925 4654 1141 4707; x_wconf 78' lang='lat' dir='ltr'><strong>hominis</strong></span> <span class='ocrx_word' id='word_1_362' title='bbox 1166 4670 1267 4706; x_wconf 85' lang='lat' dir='ltr'><strong>non</strong></span> <span class='ocrx_word' id='word_1_363' title='bbox 1293 4653 1423 4707; x_wconf 82' lang='lat' dir='ltr'><strong>venit</strong></span> <span class='ocrx_word' id='word_1_364' title='bbox 1449 4665 1501 4705; x_wconf 88' lang='lat' dir='ltr'><strong>ut</strong></span> <span class='ocrx_word' id='word_1_365' title='bbox 1523 4655 1833 4707; x_wconf 85' lang='lat' dir='ltr'><strong>ministrare-</strong></span> 
     </span>
    </p>
   </div>
   <div class='ocr_carea' id='block_1_48' title="bbox 238 4743 1834 4816">
    <p class='ocr_par' dir='ltr' id='par_1_48' title="bbox 238 4743 1834 4816">
     <span class='ocr_line' id='line_1_48' title="bbox 238 4743 1834 4816; baseline 0.001 -19"><span class='ocrx_word' id='word_1_366' title='bbox 238 4754 334 4798; x_wconf 72' lang='grc' dir='ltr'><strong>ια·</strong></span> <span class='ocrx_word' id='word_1_367' title='bbox 384 4745 460 4810; x_wconf 85' lang='lat' dir='ltr'><strong>ei,</strong></span> <span class='ocrx_word' id='word_1_368' title='bbox 515 4745 605 4799; x_wconf 86' lang='lat' dir='ltr'><strong>sed</strong></span> <span class='ocrx_word' id='word_1_369' title='bbox 660 4756 716 4798; x_wconf 89' lang='lat' dir='ltr'><strong>ut</strong></span> <span class='ocrx_word' id='word_1_370' title='bbox 749 4747 1053 4800; x_wconf 80' lang='lat' dir='ltr'><strong>ministraret</strong></span> <span class='ocrx_word' id='word_1_371' title='bbox 1096 4744 1206 4815; x_wconf 85' lang='lat' dir='ltr'><strong>(Id.</strong></span> <span class='ocrx_word' id='word_1_372' title='bbox 1236 4745 1326 4800; x_wconf 74' lang='lat'><strong>20.</strong></span> <span class='ocrx_word' id='word_1_373' title='bbox 1383 4743 1498 4816; x_wconf 74' lang='lat'><strong>28).</strong></span> <span class='ocrx_word' id='word_1_374' title='bbox 1557 4745 1697 4815; x_wconf 86' lang='lat' dir='ltr'><strong>Ergo</strong></span> <span class='ocrx_word' id='word_1_375' title='bbox 1747 4743 1834 4815; x_wconf 90' lang='lat' dir='ltr'><strong>qui</strong></span> 
     </span>
    </p>
   </div>
   <div class='ocr_carea' id='block_1_49' title="bbox 230 4837 1833 4908">
    <p class='ocr_par' dir='ltr' id='par_1_49' title="bbox 230 4837 1833 4908">
     <span class='ocr_line' id='line_1_49' title="bbox 230 4837 1833 4908; baseline -0.001 -16"><span class='ocrx_word' id='word_1_376' title='bbox 230 4837 482 4892; x_wconf 80' lang='lat' dir='ltr'><strong>docebat</strong></span> <span class='ocrx_word' id='word_1_377' title='bbox 507 4851 639 4904; x_wconf 89' lang='lat' dir='ltr'><strong>nos,</strong></span> <span class='ocrx_word' id='word_1_378' title='bbox 669 4847 729 4893; x_wconf 92' lang='lat' dir='ltr'><strong>ut</strong></span> <span class='ocrx_word' id='word_1_379' title='bbox 767 4839 994 4893; x_wconf 90' lang='lat' dir='ltr'><strong>humiles</strong></span> <span class='ocrx_word' id='word_1_380' title='bbox 1024 4837 1273 4894; x_wconf 86' lang='lat' dir='ltr'><strong>ﬁeremus</strong></span> <span class='ocrx_word' id='word_1_381' title='bbox 1297 4878 1312 4904; x_wconf 92' lang='lat'><strong>,</strong></span> <span class='ocrx_word' id='word_1_382' title='bbox 1343 4853 1514 4908; x_wconf 89' lang='lat' dir='ltr'><strong>neque</strong></span> <span class='ocrx_word' id='word_1_383' title='bbox 1545 4838 1833 4907; x_wconf 87' lang='lat' dir='ltr'><strong>principem</strong></span> 
     </span>
    </p>
   </div>
   <div class='ocr_carea' id='block_1_50' title="bbox 225 4930 1834 5002">
    <p class='ocr_par' dir='ltr' id='par_1_50' title="bbox 225 4930 1834 5002">
     <span class='ocr_line' id='line_1_50' title="bbox 225 4930 1834 5002; baseline -0.002 -15"><span class='ocrx_word' id='word_1_384' title='bbox 225 4932 431 4987; x_wconf 85' lang='lat' dir='ltr'><strong>locum</strong></span> <span class='ocrx_word' id='word_1_385' title='bbox 482 4945 705 5002; x_wconf 89' lang='lat' dir='ltr'><strong>usquam</strong></span> <span class='ocrx_word' id='word_1_386' title='bbox 749 4945 1166 5001; x_wconf 88' lang='lat' dir='ltr'><strong>occuparemus,</strong></span> <span class='ocrx_word' id='word_1_387' title='bbox 1199 4931 1291 4986; x_wconf 91' lang='lat' dir='ltr'><strong>sed</strong></span> <span class='ocrx_word' id='word_1_388' title='bbox 1323 4930 1603 4986; x_wconf 89' lang='lat' dir='ltr'><strong>inferiores</strong></span> <span class='ocrx_word' id='word_1_389' title='bbox 1643 4931 1834 5000; x_wconf 85' lang='lat' dir='ltr'><strong>ubique</strong></span> 
     </span>
    </p>
   </div>
   <div class='ocr_carea' id='block_1_51' title="bbox 221 5023 1836 5095">
    <p class='ocr_par' dir='ltr' id='par_1_51' title="bbox 221 5023 1836 5095">
     <span class='ocr_line' id='line_1_51' title="bbox 221 5023 1836 5095; baseline -0.002 -16"><span class='ocrx_word' id='word_1_390' title='bbox 221 5023 463 5079; x_wconf 79' lang='lat' dir='ltr'><strong>censeri</strong></span> <span class='ocrx_word' id='word_1_391' title='bbox 490 5024 728 5079; x_wconf 84' lang='lat' dir='ltr'><strong>contenti</strong></span> <span class='ocrx_word' id='word_1_392' title='bbox 752 5038 1024 5089; x_wconf 87' lang='lat' dir='ltr'><strong>essemus,</strong></span> <span class='ocrx_word' id='word_1_393' title='bbox 1054 5039 1118 5079; x_wconf 91' lang='lat' dir='ltr'><strong>ac</strong></span> <span class='ocrx_word' id='word_1_394' title='bbox 1146 5024 1322 5079; x_wconf 89' lang='lat' dir='ltr'><strong>verbis</strong></span> <span class='ocrx_word' id='word_1_395' title='bbox 1348 5023 1608 5095; x_wconf 83' lang='lat' dir='ltr'><strong>factisque</strong></span> <span class='ocrx_word' id='word_1_396' title='bbox 1647 5039 1744 5078; x_wconf 91' lang='lat' dir='ltr'><strong>nos</strong></span> <span class='ocrx_word' id='word_1_397' title='bbox 1768 5023 1836 5076; x_wconf 89' lang='lat' dir='ltr'><strong>ad</strong></span> 
     </span>
    </p>
   </div>
   <div class='ocr_carea' id='block_1_52' title="bbox 218 5112 1837 5185">
    <p class='ocr_par' dir='ltr' id='par_1_52' title="bbox 218 5112 1837 5185">
     <span class='ocr_line' id='line_1_52' title="bbox 218 5112 1837 5185; baseline -0.001 -15"><span class='ocrx_word' id='word_1_398' title='bbox 218 5117 345 5170; x_wconf 81' lang='lat' dir='ltr'><strong>hoc</strong></span> <span class='ocrx_word' id='word_1_399' title='bbox 404 5112 698 5180; x_wconf 85' lang='lat' dir='ltr'><strong>incitabat,</strong></span> <span class='ocrx_word' id='word_1_400' title='bbox 730 5115 779 5169; x_wconf 87' lang='lat' dir='ltr'><strong>ei</strong></span> <span class='ocrx_word' id='word_1_401' title='bbox 827 5115 1009 5170; x_wconf 68' lang='lat' dir='ltr'><strong>multa:</strong></span> <span class='ocrx_word' id='word_1_402' title='bbox 1062 5113 1411 5185; x_wconf 85' lang='lat' dir='ltr'><strong>suppetebant</strong></span> <span class='ocrx_word' id='word_1_403' title='bbox 1463 5114 1733 5170; x_wconf 89' lang='lat' dir='ltr'><strong>humiliter</strong></span> <span class='ocrx_word' id='word_1_404' title='bbox 1761 5114 1837 5169; x_wconf 86' lang='lat' dir='ltr'><strong>lo-</strong></span> 
     </span>
    </p>
   </div>
   <div class='ocr_carea' id='block_1_53' title="bbox 215 5206 1841 5279">
    <p class='ocr_par' dir='ltr' id='par_1_53' title="bbox 215 5206 1841 5279">
     <span class='ocr_line' id='line_1_53' title="bbox 215 5206 1841 5279; baseline -0.002 -14"><span class='ocrx_word' id='word_1_405' title='bbox 215 5207 449 5279; x_wconf 82' lang='lat' dir='ltr'><strong>quendi</strong></span> <span class='ocrx_word' id='word_1_406' title='bbox 479 5207 806 5263; x_wconf 86' lang='lat' dir='ltr'><strong>occasiones.</strong></span> <span class='ocrx_word' id='word_1_407' title='bbox 836 5207 985 5263; x_wconf 86' lang='lat' dir='ltr'><strong>Licet</strong></span> <span class='ocrx_word' id='word_1_408' title='bbox 1007 5215 1062 5263; x_wconf 92' lang='lat' dir='ltr'><strong>et</strong></span> <span class='ocrx_word' id='word_1_409' title='bbox 1089 5215 1330 5276; x_wconf 86' lang='lat' dir='ltr'><strong>quartam</strong></span> <span class='ocrx_word' id='word_1_410' title='bbox 1357 5206 1596 5276; x_wconf 86' lang='lat' dir='ltr'><strong>proferre</strong></span> <span class='ocrx_word' id='word_1_411' title='bbox 1621 5221 1841 5262; x_wconf 84' lang='lat' dir='ltr'><strong>causam</strong></span> 
     </span>
    </p>
   </div>
   <div class='ocr_carea' id='block_1_54' title="bbox 217 5297 1837 5369">
    <p class='ocr_par' dir='ltr' id='par_1_54' title="bbox 217 5297 1837 5369">
     <span class='ocr_line' id='line_1_54' title="bbox 217 5297 1837 5369; baseline -0.003 -13"><span class='ocrx_word' id='word_1_412' title='bbox 217 5299 422 5356; x_wconf 83' lang='lat' dir='ltr'><strong>nihilo</strong></span> <span class='ocrx_word' id='word_1_413' title='bbox 450 5297 755 5355; x_wconf 88' lang='lat' dir='ltr'><strong>inferiorem</strong></span> <span class='ocrx_word' id='word_1_414' title='bbox 795 5299 1003 5355; x_wconf 87' lang='lat' dir='ltr'><strong>allatis:</strong></span> <span class='ocrx_word' id='word_1_415' title='bbox 1031 5313 1275 5369; x_wconf 83' lang='lat' dir='ltr'><strong>quaenam</strong></span> <span class='ocrx_word' id='word_1_416' title='bbox 1319 5307 1402 5352; x_wconf 89' lang='lat' dir='ltr'><strong>est</strong></span> <span class='ocrx_word' id='word_1_417' title='bbox 1438 5297 1528 5352; x_wconf 89' lang='lat' dir='ltr'><strong>illa</strong></span> <span class='ocrx_word' id='word_1_418' title='bbox 1580 5297 1837 5352; x_wconf 84' lang='lat' dir='ltr'><strong>tandem?</strong></span> 
     </span>
    </p>
   </div>
   <div class='ocr_carea' id='block_1_55' title="bbox 213 5387 1839 5461">
    <p class='ocr_par' dir='ltr' id='par_1_55' title="bbox 213 5387 1839 5461">
     <span class='ocr_line' id='line_1_55' title="bbox 213 5387 1839 5461; baseline -0.004 -13"><span class='ocrx_word' id='word_1_419' title='bbox 213 5393 306 5448; x_wconf 75' lang='lat' dir='ltr'><strong>Ne</strong></span> <span class='ocrx_word' id='word_1_420' title='bbox 341 5389 496 5445; x_wconf 80' lang='lat' dir='ltr'><strong>forte</strong></span> <span class='ocrx_word' id='word_1_421' title='bbox 523 5398 745 5459; x_wconf 86' lang='lat' dir='ltr'><strong>propter</strong></span> <span class='ocrx_word' id='word_1_422' title='bbox 772 5405 1018 5461; x_wconf 88' lang='lat' dir='ltr'><strong>magnam</strong></span> <span class='ocrx_word' id='word_1_423' title='bbox 1045 5397 1098 5444; x_wconf 90' lang='lat' dir='ltr'><strong>et</strong></span> <span class='ocrx_word' id='word_1_424' title='bbox 1127 5391 1440 5444; x_wconf 88' lang='lat' dir='ltr'><strong>immensam</strong></span> <span class='ocrx_word' id='word_1_425' title='bbox 1469 5387 1839 5460; x_wconf 86' lang='lat' dir='ltr'><strong>hypostasium</strong></span> 
     </span>
    </p>
   </div>
   <div class='ocr_carea' id='block_1_56' title="bbox 219 5479 1837 5551">
    <p class='ocr_par' dir='ltr' id='par_1_56' title="bbox 219 5479 1837 5551">
     <span class='ocr_line' id='line_1_56' title="bbox 219 5479 1837 5551; baseline -0.002 -16"><span class='ocrx_word' id='word_1_426' title='bbox 219 5480 702 5551; x_wconf 49' lang='lat' dir='ltr'><strong>propinquitatem</strong></span> <span class='ocrx_word' id='word_1_427' title='bbox 737 5495 836 5536; x_wconf 91' lang='lat' dir='ltr'><strong>nos</strong></span> <span class='ocrx_word' id='word_1_428' title='bbox 866 5481 918 5534; x_wconf 93' lang='lat' dir='ltr'><strong>in</strong></span> <span class='ocrx_word' id='word_1_429' title='bbox 947 5480 1104 5535; x_wconf 89' lang='lat' dir='ltr'><strong>unius</strong></span> <span class='ocrx_word' id='word_1_430' title='bbox 1137 5494 1378 5550; x_wconf 68' lang='lat' dir='ltr'><strong>persona:</strong></span> <span class='ocrx_word' id='word_1_431' title='bbox 1407 5479 1712 5548; x_wconf 89' lang='lat' dir='ltr'><strong>opinionem</strong></span> <span class='ocrx_word' id='word_1_432' title='bbox 1751 5479 1837 5533; x_wconf 86' lang='lat' dir='ltr'><strong>in-</strong></span> 
     </span>
    </p>
   </div>
   <div class='ocr_carea' id='block_1_57' title="bbox 214 5563 1836 5635">
    <p class='ocr_par' dir='ltr' id='par_1_57' title="bbox 214 5563 1836 5635">
     <span class='ocr_line' id='line_1_57' title="bbox 214 5563 1836 5635; baseline -0.004 -12"><span class='ocrx_word' id='word_1_433' title='bbox 214 5568 586 5623; x_wconf 71' lang='lat' dir='ltr'><strong>cides-emus:</strong></span> <span class='ocrx_word' id='word_1_434' title='bbox 610 5565 710 5618; x_wconf 88' lang='lat' dir='ltr'><strong>etsi</strong></span> <span class='ocrx_word' id='word_1_435' title='bbox 727 5565 869 5621; x_wconf 88' lang='lat' dir='ltr'><strong>enim</strong></span> <span class='ocrx_word' id='word_1_436' title='bbox 893 5580 1016 5619; x_wconf 88' lang='lat' dir='ltr'><strong>raro</strong></span> <span class='ocrx_word' id='word_1_437' title='bbox 1028 5565 1130 5620; x_wconf 86' lang='lat' dir='ltr'><strong>tale</strong></span> <span class='ocrx_word' id='word_1_438' title='bbox 1149 5563 1274 5635; x_wconf 89' lang='lat' dir='ltr'><strong>quid</strong></span> <span class='ocrx_word' id='word_1_439' title='bbox 1288 5563 1499 5624; x_wconf 72' lang='lat' dir='ltr'><strong>dixerit,</strong></span> <span class='ocrx_word' id='word_1_440' title='bbox 1519 5563 1628 5632; x_wconf 89' lang='lat' dir='ltr'><strong>jam</strong></span> <span class='ocrx_word' id='word_1_441' title='bbox 1653 5563 1706 5616; x_wconf 89' lang='lat' dir='ltr'><strong>in</strong></span> <span class='ocrx_word' id='word_1_442' title='bbox 1719 5578 1836 5618; x_wconf 89' lang='lat' dir='ltr'><strong>eam</strong></span> 
     </span>
    </p>
   </div>
   <div class='ocr_carea' id='block_1_58' title="bbox 220 5654 1836 5728">
    <p class='ocr_par' dir='ltr' id='par_1_58' title="bbox 220 5654 1836 5728">
     <span class='ocr_line' id='line_1_58' title="bbox 220 5654 1836 5728; baseline -0.003 -15"><span class='ocrx_word' id='word_1_443' title='bbox 220 5659 493 5714; x_wconf 77' lang='lat' dir='ltr'><strong>nonnulli</strong></span> <span class='ocrx_word' id='word_1_444' title='bbox 522 5657 752 5728; x_wconf 85' lang='lat' dir='ltr'><strong>prolapsi</strong></span> <span class='ocrx_word' id='word_1_445' title='bbox 786 5671 912 5714; x_wconf 87' lang='lat' dir='ltr'><strong>sunt</strong></span> <span class='ocrx_word' id='word_1_446' title='bbox 949 5658 1294 5727; x_wconf 87' lang='lat' dir='ltr'><strong>impietatem.</strong></span> <span class='ocrx_word' id='word_1_447' title='bbox 1323 5655 1588 5712; x_wconf 89' lang='lat' dir='ltr'><strong>Sabellius</strong></span> <span class='ocrx_word' id='word_1_448' title='bbox 1625 5654 1836 5725; x_wconf 89' lang='lat' dir='ltr'><strong>quidem</strong></span> 
     </span>
    </p>
   </div>
   <div class='ocr_carea' id='block_1_59' title="bbox 212 5750 1841 5822">
    <p class='ocr_par' dir='ltr' id='par_1_59' title="bbox 212 5750 1841 5822">
     <span class='ocr_line' id='line_1_59' title="bbox 212 5750 1841 5822; baseline -0.004 -14"><span class='ocrx_word' id='word_1_449' title='bbox 212 5761 404 5808; x_wconf 72' lang='lat' dir='ltr'><strong>certe</strong></span> <span class='ocrx_word' id='word_1_450' title='bbox 430 5750 554 5806; x_wconf 76' lang='lat' dir='ltr'><strong>Afer</strong></span> <span class='ocrx_word' id='word_1_451' title='bbox 569 5766 690 5806; x_wconf 90' lang='lat' dir='ltr'><strong>cum</strong></span> <span class='ocrx_word' id='word_1_452' title='bbox 712 5751 976 5808; x_wconf 90' lang='lat' dir='ltr'><strong>dicentem</strong></span> <span class='ocrx_word' id='word_1_453' title='bbox 1004 5751 1270 5818; x_wconf 87' lang='lat' dir='ltr'><strong>audisset,</strong></span> <span class='ocrx_word' id='word_1_454' title='bbox 1301 5751 1411 5822; x_wconf 83' lang='lat' dir='ltr'><strong>Ego</strong></span> <span class='ocrx_word' id='word_1_455' title='bbox 1435 5761 1480 5805; x_wconf 88' lang='lat' dir='ltr'><strong>et</strong></span> <span class='ocrx_word' id='word_1_456' title='bbox 1501 5750 1659 5805; x_wconf 87' lang='lat' dir='ltr'><strong>Pater</strong></span> <span class='ocrx_word' id='word_1_457' title='bbox 1683 5767 1841 5804; x_wconf 85' lang='lat' dir='ltr'><strong>unum</strong></span> 
     </span>
    </p>
   </div>
   <div class='ocr_carea' id='block_1_60' title="bbox 214 5843 1838 5916">
    <p class='ocr_par' dir='ltr' id='par_1_60' title="bbox 214 5843 1838 5916">
     <span class='ocr_line' id='line_1_60' title="bbox 214 5843 1838 5916; baseline -0.002 -16"><span class='ocrx_word' id='word_1_458' title='bbox 214 5861 432 5901; x_wconf 70' lang='lat' dir='ltr'><strong>sumus</strong></span> <span class='ocrx_word' id='word_1_459' title='bbox 473 5845 647 5916; x_wconf 73' lang='lat' dir='ltr'><strong>(1m.</strong></span> <span class='ocrx_word' id='word_1_460' title='bbox 695 5845 780 5901; x_wconf 76' lang='grc'><strong>10.</strong></span> <span class='ocrx_word' id='word_1_461' title='bbox 826 5846 941 5915; x_wconf 78' lang='lat'><strong>50),</strong></span> <span class='ocrx_word' id='word_1_462' title='bbox 974 5854 1061 5914; x_wconf 84' lang='lat' dir='ltr'><strong>et,</strong></span> <span class='ocrx_word' id='word_1_463' title='bbox 1104 5844 1224 5899; x_wconf 66' lang='lat' dir='ltr'><strong>ridi!</strong></span> <span class='ocrx_word' id='word_1_464' title='bbox 1261 5861 1354 5910; x_wconf 84' lang='lat' dir='ltr'><strong>me,</strong></span> <span class='ocrx_word' id='word_1_465' title='bbox 1407 5845 1506 5914; x_wconf 85' lang='lat' dir='ltr'><strong>Qui</strong></span> <span class='ocrx_word' id='word_1_466' title='bbox 1555 5845 1676 5900; x_wconf 76' lang='lat' dir='ltr'><strong>vidit</strong></span> <span class='ocrx_word' id='word_1_467' title='bbox 1725 5843 1838 5899; x_wconf 79' lang='lat' dir='ltr'><strong>Pa-</strong></span> 
     </span>
    </p>
   </div>
   <div class='ocr_carea' id='block_1_61' title="bbox 3431 431 3542 486">
    <p class='ocr_par' dir='ltr' id='par_1_61' title="bbox 3431 431 3542 486">
     <span class='ocr_line' id='line_1_61' title="bbox 3431 431 3542 486; baseline 0.009 -1"><span class='ocrx_word' id='word_1_468' title='bbox 3431 431 3542 486; x_wconf 67' lang='lat'><strong>762</strong></span> 
     </span>
    </p>
   </div>
   <div class='ocr_carea' id='block_1_62' title="bbox 1948 540 3535 616">
    <p class='ocr_par' dir='ltr' id='par_1_62' title="bbox 1948 540 3535 616">
     <span class='ocr_line' id='line_1_62' title="bbox 1948 540 3535 616; baseline 0.004 -24"><span class='ocrx_word' id='word_1_469' title='bbox 1948 548 2071 594; x_wconf 83' lang='lat' dir='ltr'><strong>trem</strong></span> <span class='ocrx_word' id='word_1_470' title='bbox 2099 540 2276 611; x_wconf 82' lang='lat' dir='ltr'><strong>(Joan.</strong></span> <span class='ocrx_word' id='word_1_471' title='bbox 2315 542 2396 596; x_wconf 76' lang='grc'><strong>14.</strong></span> <span class='ocrx_word' id='word_1_472' title='bbox 2431 542 2508 605; x_wconf 91' lang='lat'><strong>9).</strong></span> <span class='ocrx_word' id='word_1_473' title='bbox 2551 559 2616 597; x_wconf 84' lang='lat' dir='ltr'><strong>ex</strong></span> <span class='ocrx_word' id='word_1_474' title='bbox 2650 543 2750 598; x_wconf 89' lang='lat' dir='ltr'><strong>hac</strong></span> <span class='ocrx_word' id='word_1_475' title='bbox 2783 543 3066 598; x_wconf 85' lang='lat' dir='ltr'><strong>verborum</strong></span> <span class='ocrx_word' id='word_1_476' title='bbox 3103 541 3535 616; x_wconf 77' lang='lat' dir='ltr'><strong>propinquitate,</strong></span> 
     </span>
    </p>
   </div>
   <div class='ocr_carea' id='block_1_63' title="bbox 1951 633 3562 703">
    <p class='ocr_par' dir='ltr' id='par_1_63' title="bbox 1951 633 3562 703">
     <span class='ocr_line' id='line_1_63' title="bbox 1951 633 3562 703; baseline 0.003 -17"><span class='ocrx_word' id='word_1_477' title='bbox 1951 642 2051 701; x_wconf 85' lang='lat' dir='ltr'><strong>qua</strong></span> <span class='ocrx_word' id='word_1_478' title='bbox 2102 633 2168 687; x_wconf 90' lang='lat' dir='ltr'><strong>ad</strong></span> <span class='ocrx_word' id='word_1_479' title='bbox 2215 634 2518 703; x_wconf 81' lang='lat' dir='ltr'><strong>genitorem</strong></span> <span class='ocrx_word' id='word_1_480' title='bbox 2559 634 2814 689; x_wconf 87' lang='lat' dir='ltr'><strong>accedere</strong></span> <span class='ocrx_word' id='word_1_481' title='bbox 2861 634 3157 698; x_wconf 88' lang='lat' dir='ltr'><strong>videbatur,</strong></span> <span class='ocrx_word' id='word_1_482' title='bbox 3203 635 3562 693; x_wconf 64' lang='lat' dir='ltr'><strong>occasionem:~</strong></span> 
     </span>
    </p>
   </div>
   <div class='ocr_carea' id='block_1_64' title="bbox 1955 723 3536 794">
    <p class='ocr_par' dir='ltr' id='par_1_64' title="bbox 1955 723 3536 794">
     <span class='ocr_line' id='line_1_64' title="bbox 1955 723 3536 794; baseline 0.004 -19"><span class='ocrx_word' id='word_1_483' title='bbox 1955 723 2242 792; x_wconf 88' lang='lat' dir='ltr'><strong>impietatis</strong></span> <span class='ocrx_word' id='word_1_484' title='bbox 2291 725 2544 794; x_wconf 89' lang='lat' dir='ltr'><strong>arripuit,</strong></span> <span class='ocrx_word' id='word_1_485' title='bbox 2575 726 2644 778; x_wconf 91' lang='lat' dir='ltr'><strong>ita</strong></span> <span class='ocrx_word' id='word_1_486' title='bbox 2695 737 2751 780; x_wconf 91' lang='lat' dir='ltr'><strong>ut</strong></span> <span class='ocrx_word' id='word_1_487' title='bbox 2779 741 2939 780; x_wconf 89' lang='lat' dir='ltr'><strong>unam</strong></span> <span class='ocrx_word' id='word_1_488' title='bbox 2988 740 3108 780; x_wconf 89' lang='lat' dir='ltr'><strong>esse</strong></span> <span class='ocrx_word' id='word_1_489' title='bbox 3153 741 3436 794; x_wconf 89' lang='lat' dir='ltr'><strong>personam</strong></span> <span class='ocrx_word' id='word_1_490' title='bbox 3485 734 3536 782; x_wconf 90' lang='lat' dir='ltr'><strong>et</strong></span> 
     </span>
    </p>
   </div>
   <div class='ocr_carea' id='block_1_65' title="bbox 1955 813 3537 886">
    <p class='ocr_par' dir='ltr' id='par_1_65' title="bbox 1955 813 3537 886">
     <span class='ocr_line' id='line_1_65' title="bbox 1955 813 3537 886; baseline 0.004 -20"><span class='ocrx_word' id='word_1_491' title='bbox 1955 813 2282 884; x_wconf 87' lang='lat' dir='ltr'><strong>hypostasim</strong></span> <span class='ocrx_word' id='word_1_492' title='bbox 2307 830 2462 869; x_wconf 88' lang='lat' dir='ltr'><strong>unam</strong></span> <span class='ocrx_word' id='word_1_493' title='bbox 2485 825 2746 871; x_wconf 84' lang='lat' dir='ltr'><strong>censeret.</strong></span> <span class='ocrx_word' id='word_1_494' title='bbox 2771 817 2951 886; x_wconf 84' lang='lat' dir='ltr'><strong>Neque</strong></span> <span class='ocrx_word' id='word_1_495' title='bbox 2973 832 3101 871; x_wconf 85' lang='lat' dir='ltr'><strong>vero</strong></span> <span class='ocrx_word' id='word_1_496' title='bbox 3121 817 3248 872; x_wconf 74' lang='lat' dir='ltr'><strong>sola:</strong></span> <span class='ocrx_word' id='word_1_497' title='bbox 3270 826 3394 872; x_wconf 87' lang='lat' dir='ltr'><strong>sunt</strong></span> <span class='ocrx_word' id='word_1_498' title='bbox 3421 817 3537 874; x_wconf 68' lang='lat' dir='ltr'><strong>ista</strong></span> 
     </span>
    </p>
   </div>
   <div class='ocr_carea' id='block_1_66' title="bbox 1949 905 3548 979">
    <p class='ocr_par' dir='ltr' id='par_1_66' title="bbox 1949 905 3548 979">
     <span class='ocr_line' id='line_1_66' title="bbox 1949 905 3548 979; baseline 0.004 -21"><span class='ocrx_word' id='word_1_499' title='bbox 1949 918 2147 969; x_wconf 68' lang='lat' dir='ltr'><strong>cansm,</strong></span> <span class='ocrx_word' id='word_1_500' title='bbox 2181 905 2275 960; x_wconf 92' lang='lat' dir='ltr'><strong>sed</strong></span> <span class='ocrx_word' id='word_1_501' title='bbox 2299 921 2365 961; x_wconf 89' lang='lat' dir='ltr'><strong>ne</strong></span> <span class='ocrx_word' id='word_1_502' title='bbox 2393 907 2512 976; x_wconf 91' lang='lat' dir='ltr'><strong>quis</strong></span> <span class='ocrx_word' id='word_1_503' title='bbox 2542 923 2662 961; x_wconf 91' lang='lat' dir='ltr'><strong>eum</strong></span> <span class='ocrx_word' id='word_1_504' title='bbox 2709 907 2932 977; x_wconf 89' lang='lat' dir='ltr'><strong>primam</strong></span> <span class='ocrx_word' id='word_1_505' title='bbox 2964 908 3108 962; x_wconf 90' lang='lat' dir='ltr'><strong>illam</strong></span> <span class='ocrx_word' id='word_1_506' title='bbox 3144 918 3199 964; x_wconf 91' lang='lat' dir='ltr'><strong>et</strong></span> <span class='ocrx_word' id='word_1_507' title='bbox 3242 909 3548 979; x_wconf 78' lang='lat' dir='ltr'><strong>ingenitam</strong></span> 
     </span>
    </p>
   </div>
   <div class='ocr_carea' id='block_1_67' title="bbox 1951 999 3542 1074">
    <p class='ocr_par' dir='ltr' id='par_1_67' title="bbox 1951 999 3542 1074">
     <span class='ocr_line' id='line_1_67' title="bbox 1951 999 3542 1074; baseline 0.006 -23"><span class='ocrx_word' id='word_1_508' title='bbox 1951 1013 2070 1052; x_wconf 81' lang='lat' dir='ltr'><strong>esse</strong></span> <span class='ocrx_word' id='word_1_509' title='bbox 2094 999 2442 1054; x_wconf 88' lang='lat' dir='ltr'><strong>substantiam</strong></span> <span class='ocrx_word' id='word_1_510' title='bbox 2465 1001 2830 1068; x_wconf 82' lang='lat' dir='ltr'><strong>arbitraretur,</strong></span> <span class='ocrx_word' id='word_1_511' title='bbox 2859 1011 2951 1056; x_wconf 85' lang='lat' dir='ltr'><strong>aut</strong></span> <span class='ocrx_word' id='word_1_512' title='bbox 2977 1001 3232 1074; x_wconf 85' lang='lat' dir='ltr'><strong>majorem</strong></span> <span class='ocrx_word' id='word_1_513' title='bbox 3257 1019 3354 1059; x_wconf 89' lang='lat' dir='ltr'><strong>suo</strong></span> <span class='ocrx_word' id='word_1_514' title='bbox 3372 1005 3542 1074; x_wconf 80' lang='lat' dir='ltr'><strong>ipsius</strong></span> 
     </span>
    </p>
   </div>
   <div class='ocr_carea' id='block_1_68' title="bbox 1951 1088 3539 1161">
    <p class='ocr_par' dir='ltr' id='par_1_68' title="bbox 1951 1088 3539 1161">
     <span class='ocr_line' id='line_1_68' title="bbox 1951 1088 3539 1161; baseline 0.006 -21"><span class='ocrx_word' id='word_1_515' title='bbox 1951 1088 2190 1155; x_wconf 81' lang='lat' dir='ltr'><strong>genitore</strong></span> <span class='ocrx_word' id='word_1_516' title='bbox 2219 1098 2501 1144; x_wconf 89' lang='lat' dir='ltr'><strong>censeret:</strong></span> <span class='ocrx_word' id='word_1_517' title='bbox 2533 1105 2653 1144; x_wconf 91' lang='lat' dir='ltr'><strong>nam</strong></span> <span class='ocrx_word' id='word_1_518' title='bbox 2685 1102 2738 1144; x_wconf 89' lang='lat' dir='ltr'><strong>et</strong></span> <span class='ocrx_word' id='word_1_519' title='bbox 2773 1091 2873 1146; x_wconf 92' lang='lat' dir='ltr'><strong>hoc</strong></span> <span class='ocrx_word' id='word_1_520' title='bbox 2904 1092 3074 1161; x_wconf 90' lang='lat' dir='ltr'><strong>ipsum</strong></span> <span class='ocrx_word' id='word_1_521' title='bbox 3121 1093 3359 1150; x_wconf 89' lang='lat' dir='ltr'><strong>timuisse</strong></span> <span class='ocrx_word' id='word_1_522' title='bbox 3404 1095 3539 1150; x_wconf 86' lang='lat' dir='ltr'><strong>Pau-</strong></span> 
     </span>
    </p>
   </div>
   <div class='ocr_carea' id='block_1_69' title="bbox 1953 1178 3542 1256">
    <p class='ocr_par' dir='ltr' id='par_1_69' title="bbox 1953 1178 3542 1256">
     <span class='ocr_line' id='line_1_69' title="bbox 1953 1178 3542 1256; baseline 0.008 -26"><span class='ocrx_word' id='word_1_523' title='bbox 1953 1178 2062 1232; x_wconf 89' lang='lat' dir='ltr'><strong>lum</strong></span> <span class='ocrx_word' id='word_1_524' title='bbox 2091 1189 2345 1249; x_wconf 89' lang='lat' dir='ltr'><strong>apparet,</strong></span> <span class='ocrx_word' id='word_1_525' title='bbox 2379 1196 2446 1236; x_wconf 91' lang='lat' dir='ltr'><strong>ne</strong></span> <span class='ocrx_word' id='word_1_526' title='bbox 2471 1181 2589 1250; x_wconf 90' lang='lat' dir='ltr'><strong>quis</strong></span> <span class='ocrx_word' id='word_1_527' title='bbox 2633 1181 2770 1236; x_wconf 84' lang='lat' dir='ltr'><strong>forte</strong></span> <span class='ocrx_word' id='word_1_528' title='bbox 2823 1182 2924 1237; x_wconf 90' lang='lat' dir='ltr'><strong>hoc</strong></span> <span class='ocrx_word' id='word_1_529' title='bbox 2965 1184 3182 1253; x_wconf 90' lang='lat' dir='ltr'><strong>impium</strong></span> <span class='ocrx_word' id='word_1_530' title='bbox 3214 1200 3542 1256; x_wconf 76' lang='lat' dir='ltr'><strong>pravumque</strong></span> 
     </span>
    </p>
   </div>
   <div class='ocr_carea' id='block_1_70' title="bbox 1951 1270 3560 1348">
    <p class='ocr_par' dir='ltr' id='par_1_70' title="bbox 1951 1270 3560 1348">
     <span class='ocr_line' id='line_1_70' title="bbox 1951 1270 3560 1348; baseline 0.005 -25"><span class='ocrx_word' id='word_1_531' title='bbox 1951 1270 2144 1340; x_wconf 83' lang='lat' dir='ltr'><strong>dogma</strong></span> <span class='ocrx_word' id='word_1_532' title='bbox 2194 1273 2576 1340; x_wconf 77' lang='lat' dir='ltr'><strong>suspicaretur.</strong></span> <span class='ocrx_word' id='word_1_533' title='bbox 2626 1273 2784 1330; x_wconf 86' lang='lat' dir='ltr'><strong>Certe</strong></span> <span class='ocrx_word' id='word_1_534' title='bbox 2841 1291 2963 1330; x_wconf 89' lang='lat' dir='ltr'><strong>cum</strong></span> <span class='ocrx_word' id='word_1_535' title='bbox 3017 1275 3264 1332; x_wconf 84' lang='lat' dir='ltr'><strong>dixisset:</strong></span> <span class='ocrx_word' id='word_1_536' title='bbox 3325 1275 3560 1348; x_wconf 52' lang='lat' dir='ltr'><strong>Oportet‘</strong></span> 
     </span>
    </p>
   </div>
   <div class='ocr_carea' id='block_1_71' title="bbox 1949 1364 3541 1440">
    <p class='ocr_par' dir='ltr' id='par_1_71' title="bbox 1949 1364 3541 1440">
     <span class='ocr_line' id='line_1_71' title="bbox 1949 1364 3541 1440; baseline 0.007 -26"><span class='ocrx_word' id='word_1_537' title='bbox 1949 1364 2084 1417; x_wconf 81' lang='lat' dir='ltr'><strong>enim</strong></span> <span class='ocrx_word' id='word_1_538' title='bbox 2122 1365 2265 1418; x_wconf 88' lang='lat' dir='ltr'><strong>illum</strong></span> <span class='ocrx_word' id='word_1_539' title='bbox 2294 1383 2534 1436; x_wconf 84' lang='lat' dir='ltr'><strong>regnare,</strong></span> <span class='ocrx_word' id='word_1_540' title='bbox 2564 1367 2722 1421; x_wconf 86' lang='lat' dir='ltr'><strong>donec</strong></span> <span class='ocrx_word' id='word_1_541' title='bbox 2749 1377 2903 1436; x_wconf 83' lang='lat' dir='ltr'><strong>ponat</strong></span> <span class='ocrx_word' id='word_1_542' title='bbox 2929 1370 3160 1424; x_wconf 84' lang='lat' dir='ltr'><strong>inimicos</strong></span> <span class='ocrx_word' id='word_1_543' title='bbox 3202 1371 3292 1424; x_wconf 88' lang='lat' dir='ltr'><strong>sub</strong></span> <span class='ocrx_word' id='word_1_544' title='bbox 3332 1371 3541 1440; x_wconf 80' lang='lat' dir='ltr'><strong>pedibus</strong></span> 
     </span>
    </p>
   </div>
   <div class='ocr_carea' id='block_1_72' title="bbox 1910 1453 3540 1536">
    <p class='ocr_par' dir='ltr' id='par_1_72' title="bbox 1910 1453 3540 1536">
     <span class='ocr_line' id='line_1_72' title="bbox 1910 1453 3540 1536; baseline 0.007 -29"><span class='ocrx_word' id='word_1_545' title='bbox 1910 1463 1919 1472; x_wconf 89' lang='lat'><strong><em>‘</em></strong></span> <span class='ocrx_word' id='word_1_546' title='bbox 1952 1453 1997 1523; x_wconf 88' lang='lat' dir='ltr'><strong>(l</strong></span> <span class='ocrx_word' id='word_1_547' title='bbox 2015 1497 2029 1510; x_wconf 94' lang='lat'><strong>.</strong></span> <span class='ocrx_word' id='word_1_548' title='bbox 2055 1455 2171 1510; x_wconf 88' lang='lat' dir='ltr'><strong>Cor.</strong></span> <span class='ocrx_word' id='word_1_549' title='bbox 2200 1459 2286 1511; x_wconf 81' lang='lat' dir='ltr'><strong>l5.</strong></span> <span class='ocrx_word' id='word_1_550' title='bbox 2310 1458 2400 1512; x_wconf 75' lang='lat'><strong>25.</strong></span> <span class='ocrx_word' id='word_1_551' title='bbox 2429 1469 2474 1512; x_wconf 88' lang='lat' dir='ltr'><strong>et</strong></span> <span class='ocrx_word' id='word_1_552' title='bbox 2502 1458 2594 1528; x_wconf 72' lang='lat'><strong>27)</strong></span> <span class='ocrx_word' id='word_1_553' title='bbox 2622 1477 2634 1511; x_wconf 93' lang='lat'><strong>:</strong></span> <span class='ocrx_word' id='word_1_554' title='bbox 2664 1469 2720 1514; x_wconf 89' lang='lat' dir='ltr'><strong>et</strong></span> <span class='ocrx_word' id='word_1_555' title='bbox 2746 1460 3071 1526; x_wconf 87' lang='lat' dir='ltr'><strong>addidisset,</strong></span> <span class='ocrx_word' id='word_1_556' title='bbox 3107 1463 3292 1518; x_wconf 86' lang='lat' dir='ltr'><strong>Omnia</strong></span> <span class='ocrx_word' id='word_1_557' title='bbox 3330 1464 3540 1536; x_wconf 78' lang='lat' dir='ltr'><strong>subjecit</strong></span> 
     </span>
    </p>
   </div>
   <div class='ocr_carea' id='block_1_73' title="bbox 1951 1545 3544 1626">
    <p class='ocr_par' dir='ltr' id='par_1_73' title="bbox 1951 1545 3544 1626">
     <span class='ocr_line' id='line_1_73' title="bbox 1951 1545 3544 1626; baseline 0.008 -28"><span class='ocrx_word' id='word_1_558' title='bbox 1951 1545 2042 1598; x_wconf 85' lang='lat' dir='ltr'><strong>sub</strong></span> <span class='ocrx_word' id='word_1_559' title='bbox 2086 1547 2295 1616; x_wconf 78' lang='lat' dir='ltr'><strong>pedibus</strong></span> <span class='ocrx_word' id='word_1_560' title='bbox 2324 1551 2433 1619; x_wconf 85' lang='lat' dir='ltr'><strong>ejus</strong></span> <span class='ocrx_word' id='word_1_561' title='bbox 2453 1591 2466 1614; x_wconf 92' lang='lat'><strong>,</strong></span> <span class='ocrx_word' id='word_1_562' title='bbox 2498 1551 2766 1618; x_wconf 80' lang='lat' dir='ltr'><strong>adjunxit,</strong></span> <span class='ocrx_word' id='word_1_563' title='bbox 2807 1550 3002 1607; x_wconf 80' lang='lat' dir='ltr'><strong>Prteter</strong></span> <span class='ocrx_word' id='word_1_564' title='bbox 3025 1571 3170 1621; x_wconf 80' lang='lat' dir='ltr'><strong>eum,</strong></span> <span class='ocrx_word' id='word_1_565' title='bbox 3199 1558 3287 1626; x_wconf 84' lang='lat' dir='ltr'><strong>qui</strong></span> <span class='ocrx_word' id='word_1_566' title='bbox 3331 1557 3544 1626; x_wconf 79' lang='lat' dir='ltr'><strong>subjecit</strong></span> 
     </span>
    </p>
   </div>
   <div class='ocr_carea' id='block_1_74' title="bbox 1951 1638 3542 1712">
    <p class='ocr_par' dir='ltr' id='par_1_74' title="bbox 1951 1638 3542 1712">
     <span class='ocr_line' id='line_1_74' title="bbox 1951 1638 3542 1712; baseline 0.008 -22"><span class='ocrx_word' id='word_1_567' title='bbox 1951 1638 2028 1691; x_wconf 84' lang='lat' dir='ltr'><strong>illi</strong></span> <span class='ocrx_word' id='word_1_568' title='bbox 2047 1640 2219 1693; x_wconf 86' lang='lat' dir='ltr'><strong>omnia</strong></span> <span class='ocrx_word' id='word_1_569' title='bbox 2239 1657 2257 1693; x_wconf 89' lang='lat'><strong>:</strong></span> <span class='ocrx_word' id='word_1_570' title='bbox 2284 1656 2388 1694; x_wconf 92' lang='lat' dir='ltr'><strong>non</strong></span> <span class='ocrx_word' id='word_1_571' title='bbox 2419 1642 2604 1712; x_wconf 77' lang='lat' dir='ltr'><strong>utique</strong></span> <span class='ocrx_word' id='word_1_572' title='bbox 2637 1643 2982 1712; x_wconf 86' lang='lat' dir='ltr'><strong>adjuncturus</strong></span> <span class='ocrx_word' id='word_1_573' title='bbox 3001 1687 3014 1708; x_wconf 91' lang='lat'><strong>,</strong></span> <span class='ocrx_word' id='word_1_574' title='bbox 3050 1646 3150 1700; x_wconf 89' lang='lat' dir='ltr'><strong>nisi</strong></span> <span class='ocrx_word' id='word_1_575' title='bbox 3178 1647 3445 1703; x_wconf 90' lang='lat' dir='ltr'><strong>timuisset</strong></span> <span class='ocrx_word' id='word_1_576' title='bbox 3473 1663 3542 1702; x_wconf 89' lang='lat' dir='ltr'><strong>ne</strong></span> 
     </span>
    </p>
   </div>
   <div class='ocr_carea' id='block_1_75' title="bbox 1948 1729 3539 1808">
    <p class='ocr_par' dir='ltr' id='par_1_75' title="bbox 1948 1729 3539 1808">
     <span class='ocr_line' id='line_1_75' title="bbox 1948 1729 3539 1808; baseline 0.007 -26"><span class='ocrx_word' id='word_1_577' title='bbox 1948 1745 2047 1798; x_wconf 89' lang='lat' dir='ltr'><strong>qua</strong></span> <span class='ocrx_word' id='word_1_578' title='bbox 2081 1729 2218 1786; x_wconf 86' lang='lat' dir='ltr'><strong>forte</strong></span> <span class='ocrx_word' id='word_1_579' title='bbox 2245 1731 2502 1787; x_wconf 89' lang='lat' dir='ltr'><strong>diabolica</strong></span> <span class='ocrx_word' id='word_1_580' title='bbox 2549 1733 2670 1786; x_wconf 89' lang='lat' dir='ltr'><strong>talis</strong></span> <span class='ocrx_word' id='word_1_581' title='bbox 2718 1735 2977 1789; x_wconf 88' lang='lat' dir='ltr'><strong>sententia</strong></span> <span class='ocrx_word' id='word_1_582' title='bbox 3023 1737 3341 1792; x_wconf 79' lang='lat' dir='ltr'><strong>exoriretur.</strong></span> <span class='ocrx_word' id='word_1_583' title='bbox 3384 1737 3539 1808; x_wconf 64' lang='lat' dir='ltr'><strong>Saepe</strong></span> 
     </span>
    </p>
   </div>
   <div class='ocr_carea' id='block_1_76' title="bbox 1949 1821 3540 1890">
    <p class='ocr_par' dir='ltr' id='par_1_76' title="bbox 1949 1821 3540 1890">
     <span class='ocr_line' id='line_1_76' title="bbox 1949 1821 3540 1890; baseline 0.008 -19"><span class='ocrx_word' id='word_1_584' title='bbox 1949 1834 2158 1890; x_wconf 88' lang='lat' dir='ltr'><strong>quoque</strong></span> <span class='ocrx_word' id='word_1_585' title='bbox 2188 1821 2314 1876; x_wconf 89' lang='lat' dir='ltr'><strong>dum</strong></span> <span class='ocrx_word' id='word_1_586' title='bbox 2349 1822 2662 1878; x_wconf 65' lang='lat' dir='ltr'><strong>J&#39;udmorum</strong></span> <span class='ocrx_word' id='word_1_587' title='bbox 2693 1824 2942 1879; x_wconf 88' lang='lat' dir='ltr'><strong>invidiam</strong></span> <span class='ocrx_word' id='word_1_588' title='bbox 2969 1825 3128 1890; x_wconf 90' lang='lat' dir='ltr'><strong>lenit,</strong></span> <span class='ocrx_word' id='word_1_589' title='bbox 3158 1826 3228 1882; x_wconf 92' lang='lat' dir='ltr'><strong>de</strong></span> <span class='ocrx_word' id='word_1_590' title='bbox 3256 1827 3540 1883; x_wconf 82' lang='lat' dir='ltr'><strong>verborum</strong></span> 
     </span>
    </p>
   </div>
   <div class='ocr_carea' id='block_1_77' title="bbox 1947 1913 3543 1990">
    <p class='ocr_par' dir='ltr' id='par_1_77' title="bbox 1947 1913 3543 1990">
     <span class='ocr_line' id='line_1_77' title="bbox 1947 1913 3543 1990; baseline 0.006 -24"><span class='ocrx_word' id='word_1_591' title='bbox 1947 1913 2274 1969; x_wconf 67' lang='lat' dir='ltr'><strong>Sublimitate</strong></span> <span class='ocrx_word' id='word_1_592' title='bbox 2332 1915 2574 1971; x_wconf 88' lang='lat' dir='ltr'><strong>nonnihil</strong></span> <span class='ocrx_word' id='word_1_593' title='bbox 2635 1916 2893 1982; x_wconf 90' lang='lat' dir='ltr'><strong>remittit,</strong></span> <span class='ocrx_word' id='word_1_594' title='bbox 2948 1929 3004 1972; x_wconf 91' lang='lat' dir='ltr'><strong>ut</strong></span> <span class='ocrx_word' id='word_1_595' title='bbox 3055 1934 3240 1974; x_wconf 89' lang='lat' dir='ltr'><strong>eorum</strong></span> <span class='ocrx_word' id='word_1_596' title='bbox 3282 1921 3370 1990; x_wconf 89' lang='lat' dir='ltr'><strong>qui</strong></span> <span class='ocrx_word' id='word_1_597' title='bbox 3422 1935 3543 1976; x_wconf 88' lang='lat' dir='ltr'><strong>cum</strong></span> 
     </span>
    </p>
   </div>
   <div class='ocr_carea' id='block_1_78' title="bbox 1950 2005 3569 2078">
    <p class='ocr_par' dir='ltr' id='par_1_78' title="bbox 1950 2005 3569 2078">
     <span class='ocr_line' id='line_1_78' title="bbox 1950 2005 3569 2078; baseline 0.007 -20"><span class='ocrx_word' id='word_1_598' title='bbox 1950 2005 2066 2074; x_wconf 90' lang='lat' dir='ltr'><strong>ipso</strong></span> <span class='ocrx_word' id='word_1_599' title='bbox 2103 2007 2617 2074; x_wconf 89' lang='lat' dir='ltr'><strong>sermocinabantur,</strong></span> <span class='ocrx_word' id='word_1_600' title='bbox 2646 2010 2933 2078; x_wconf 88' lang='lat' dir='ltr'><strong>suspicioni</strong></span> <span class='ocrx_word' id='word_1_601' title='bbox 2961 2011 3251 2067; x_wconf 85' lang='lat' dir='ltr'><strong>satisfaciat</strong></span> <span class='ocrx_word' id='word_1_602' title='bbox 3286 2032 3299 2067; x_wconf 93' lang='lat'><strong>:</strong></span> <span class='ocrx_word' id='word_1_603' title='bbox 3334 2023 3390 2069; x_wconf 90' lang='lat' dir='ltr'><strong>ut</strong></span> <span class='ocrx_word' id='word_1_604' title='bbox 3419 2030 3569 2070; x_wconf 78' lang='lat' dir='ltr'><strong>cum.</strong></span> 
     </span>
    </p>
   </div>
   <div class='ocr_carea' id='block_1_79' title="bbox 1948 2095 3539 2172">
    <p class='ocr_par' dir='ltr' id='par_1_79' title="bbox 1948 2095 3539 2172">
     <span class='ocr_line' id='line_1_79' title="bbox 1948 2095 3539 2172; baseline 0.008 -26"><span class='ocrx_word' id='word_1_605' title='bbox 1948 2095 2022 2148; x_wconf 92' lang='lat' dir='ltr'><strong>ait</strong></span> <span class='ocrx_word' id='word_1_606' title='bbox 2051 2113 2063 2147; x_wconf 94' lang='lat'><strong>:</strong></span> <span class='ocrx_word' id='word_1_607' title='bbox 2095 2095 2158 2150; x_wconf 90' lang='lat' dir='ltr'><strong>Si</strong></span> <span class='ocrx_word' id='word_1_608' title='bbox 2199 2113 2289 2165; x_wconf 86' lang='lat' dir='ltr'><strong>ego</strong></span> <span class='ocrx_word' id='word_1_609' title='bbox 2318 2098 2658 2151; x_wconf 85' lang='lat' dir='ltr'><strong>testimonium</strong></span> <span class='ocrx_word' id='word_1_610' title='bbox 2702 2099 2934 2167; x_wconf 83' lang='lat' dir='ltr'><strong>perhibeo</strong></span> <span class='ocrx_word' id='word_1_611' title='bbox 2965 2101 3028 2154; x_wconf 85' lang='lat' dir='ltr'><strong>de</strong></span> <span class='ocrx_word' id='word_1_612' title='bbox 3070 2103 3290 2172; x_wconf 84' lang='lat' dir='ltr'><strong>meipso,</strong></span> <span class='ocrx_word' id='word_1_613' title='bbox 3315 2105 3539 2159; x_wconf 62' lang='lat' dir='ltr'><strong>testimm</strong></span> 
     </span>
    </p>
   </div>
   <div class='ocr_carea' id='block_1_80' title="bbox 1949 2186 3561 2265">
    <p class='ocr_par' dir='ltr' id='par_1_80' title="bbox 1949 2186 3561 2265">
     <span class='ocr_line' id='line_1_80' title="bbox 1949 2186 3561 2265; baseline 0.008 -26"><span class='ocrx_word' id='word_1_614' title='bbox 1949 2187 2090 2240; x_wconf 85' lang='lat' dir='ltr'><strong>nium</strong></span> <span class='ocrx_word' id='word_1_615' title='bbox 2111 2204 2274 2242; x_wconf 82' lang='lat' dir='ltr'><strong>meum</strong></span> <span class='ocrx_word' id='word_1_616' title='bbox 2291 2205 2393 2243; x_wconf 86' lang='lat' dir='ltr'><strong>non</strong></span> <span class='ocrx_word' id='word_1_617' title='bbox 2414 2199 2486 2244; x_wconf 85' lang='lat' dir='ltr'><strong>est</strong></span> <span class='ocrx_word' id='word_1_618' title='bbox 2511 2186 2682 2245; x_wconf 82' lang='lat' dir='ltr'><strong>verum</strong></span> <span class='ocrx_word' id='word_1_619' title='bbox 2701 2191 2879 2260; x_wconf 81' lang='lat' dir='ltr'><strong>(Joan.</strong></span> <span class='ocrx_word' id='word_1_620' title='bbox 2905 2193 2957 2248; x_wconf 86' lang='lat'><strong>5.</strong></span> <span class='ocrx_word' id='word_1_621' title='bbox 2983 2192 3094 2265; x_wconf 78' lang='lat' dir='ltr'><strong>3i).</strong></span> <span class='ocrx_word' id='word_1_622' title='bbox 3119 2193 3252 2258; x_wconf 86' lang='lat' dir='ltr'><strong>Nam</strong></span> <span class='ocrx_word' id='word_1_623' title='bbox 3281 2205 3561 2252; x_wconf 46' lang='lat' dir='ltr'><strong>ut&#39;eorum;</strong></span> 
     </span>
    </p>
   </div>
   <div class='ocr_carea' id='block_1_81' title="bbox 1948 2279 3536 2356">
    <p class='ocr_par' dir='ltr' id='par_1_81' title="bbox 1948 2279 3536 2356">
     <span class='ocr_line' id='line_1_81' title="bbox 1948 2279 3536 2356; baseline 0.008 -25"><span class='ocrx_word' id='word_1_624' title='bbox 1948 2279 2305 2348; x_wconf 90' lang='lat' dir='ltr'><strong>suspicionem</strong></span> <span class='ocrx_word' id='word_1_625' title='bbox 2356 2281 2659 2349; x_wconf 84' lang='lat' dir='ltr'><strong>refelleret,</strong></span> <span class='ocrx_word' id='word_1_626' title='bbox 2687 2283 2758 2337; x_wconf 91' lang='lat' dir='ltr'><strong>ita</strong></span> <span class='ocrx_word' id='word_1_627' title='bbox 2801 2283 2934 2338; x_wconf 80' lang='lat' dir='ltr'><strong>dixit</strong></span> <span class='ocrx_word' id='word_1_628' title='bbox 2973 2301 2985 2338; x_wconf 90' lang='lat'><strong>:</strong></span> <span class='ocrx_word' id='word_1_629' title='bbox 3042 2301 3215 2356; x_wconf 90' lang='lat' dir='ltr'><strong>neque</strong></span> <span class='ocrx_word' id='word_1_630' title='bbox 3261 2288 3404 2342; x_wconf 91' lang='lat' dir='ltr'><strong>enim</strong></span> <span class='ocrx_word' id='word_1_631' title='bbox 3435 2292 3536 2344; x_wconf 90' lang='lat' dir='ltr'><strong>hoc</strong></span> 
     </span>
    </p>
   </div>
   <div class='ocr_carea' id='block_1_82' title="bbox 1948 2373 3536 2446">
    <p class='ocr_par' dir='ltr' id='par_1_82' title="bbox 1948 2373 3536 2446">
     <span class='ocr_line' id='line_1_82' title="bbox 1948 2373 3536 2446; baseline 0.007 -21"><span class='ocrx_word' id='word_1_632' title='bbox 1948 2386 2131 2426; x_wconf 85' lang='lat' dir='ltr'><strong>verum</strong></span> <span class='ocrx_word' id='word_1_633' title='bbox 2164 2387 2267 2427; x_wconf 91' lang='lat' dir='ltr'><strong>non</strong></span> <span class='ocrx_word' id='word_1_634' title='bbox 2294 2389 2413 2428; x_wconf 88' lang='lat' dir='ltr'><strong>esse</strong></span> <span class='ocrx_word' id='word_1_635' title='bbox 2442 2373 2606 2428; x_wconf 90' lang='lat' dir='ltr'><strong>voluit</strong></span> <span class='ocrx_word' id='word_1_636' title='bbox 2648 2374 2880 2436; x_wconf 83' lang='lat' dir='ltr'><strong>indicare</strong></span> <span class='ocrx_word' id='word_1_637' title='bbox 2900 2418 2914 2440; x_wconf 94' lang='lat'><strong>,</strong></span> <span class='ocrx_word' id='word_1_638' title='bbox 2945 2377 3069 2445; x_wconf 87' lang='lat' dir='ltr'><strong>quin</strong></span> <span class='ocrx_word' id='word_1_639' title='bbox 3095 2379 3269 2446; x_wconf 83' lang='lat' dir='ltr'><strong>potius</strong></span> <span class='ocrx_word' id='word_1_640' title='bbox 3289 2421 3304 2444; x_wconf 93' lang='lat'><strong>,</strong></span> <span class='ocrx_word' id='word_1_641' title='bbox 3339 2390 3392 2433; x_wconf 87' lang='lat' dir='ltr'><strong>ut</strong></span> <span class='ocrx_word' id='word_1_642' title='bbox 3441 2396 3536 2436; x_wconf 89' lang='lat' dir='ltr'><strong>vos</strong></span> 
     </span>
    </p>
   </div>
   <div class='ocr_carea' id='block_1_83' title="bbox 1949 2463 3542 2536">
    <p class='ocr_par' dir='ltr' id='par_1_83' title="bbox 1949 2463 3542 2536">
     <span class='ocr_line' id='line_1_83' title="bbox 1949 2463 3542 2536; baseline 0.006 -21"><span class='ocrx_word' id='word_1_643' title='bbox 1949 2463 2277 2518; x_wconf 86' lang='lat' dir='ltr'><strong>arbitramini</strong></span> <span class='ocrx_word' id='word_1_644' title='bbox 2327 2474 2383 2518; x_wconf 89' lang='lat' dir='ltr'><strong>et</strong></span> <span class='ocrx_word' id='word_1_645' title='bbox 2431 2464 2807 2534; x_wconf 84' lang='lat' dir='ltr'><strong>suspicamini,</strong></span> <span class='ocrx_word' id='word_1_646' title='bbox 2840 2467 3042 2536; x_wconf 91' lang='lat' dir='ltr'><strong>inquit,</strong></span> <span class='ocrx_word' id='word_1_647' title='bbox 3073 2482 3196 2522; x_wconf 89' lang='lat' dir='ltr'><strong>cum</strong></span> <span class='ocrx_word' id='word_1_648' title='bbox 3243 2484 3331 2526; x_wconf 88' lang='lat' dir='ltr'><strong>me</strong></span> <span class='ocrx_word' id='word_1_649' title='bbox 3357 2469 3542 2526; x_wconf 86' lang='lat' dir='ltr'><strong>nolitis</strong></span> 
     </span>
    </p>
   </div>
   <div class='ocr_carea' id='block_1_84' title="bbox 1951 2553 3048 2625">
    <p class='ocr_par' dir='ltr' id='par_1_84' title="bbox 1951 2553 3048 2625">
     <span class='ocr_line' id='line_1_84' title="bbox 1951 2553 3048 2625; baseline 0.005 -19"><span class='ocrx_word' id='word_1_650' title='bbox 1951 2553 2185 2624; x_wconf 90' lang='lat' dir='ltr'><strong>recipere</strong></span> <span class='ocrx_word' id='word_1_651' title='bbox 2211 2555 2280 2610; x_wconf 92' lang='lat' dir='ltr'><strong>de</strong></span> <span class='ocrx_word' id='word_1_652' title='bbox 2307 2571 2392 2610; x_wconf 92' lang='lat' dir='ltr'><strong>me</strong></span> <span class='ocrx_word' id='word_1_653' title='bbox 2417 2555 2534 2625; x_wconf 90' lang='lat' dir='ltr'><strong>ipso</strong></span> <span class='ocrx_word' id='word_1_654' title='bbox 2557 2555 2718 2611; x_wconf 89' lang='lat' dir='ltr'><strong>verba</strong></span> <span class='ocrx_word' id='word_1_655' title='bbox 2743 2555 3048 2612; x_wconf 85' lang='lat' dir='ltr'><strong>facientem.</strong></span> 
     </span>
    </p>
   </div>
   <div class='ocr_carea' id='block_1_85' title="bbox 2017 2647 3555 2722">
    <p class='ocr_par' dir='ltr' id='par_1_85' title="bbox 2017 2647 3555 2722">
     <span class='ocr_line' id='line_1_85' title="bbox 2017 2647 3555 2722; baseline 0.006 -21"><span class='ocrx_word' id='word_1_656' title='bbox 2017 2647 2070 2701; x_wconf 84' lang='lat'><strong>5.</strong></span> <span class='ocrx_word' id='word_1_657' title='bbox 2113 2647 2181 2701; x_wconf 90' lang='lat' dir='ltr'><strong>Et</strong></span> <span class='ocrx_word' id='word_1_658' title='bbox 2203 2663 2332 2702; x_wconf 82' lang='lat' dir='ltr'><strong>vero</strong></span> <span class='ocrx_word' id='word_1_659' title='bbox 2357 2648 2539 2718; x_wconf 89' lang='lat' dir='ltr'><strong>plures</strong></span> <span class='ocrx_word' id='word_1_660' title='bbox 2567 2648 2686 2703; x_wconf 71' lang='lat' dir='ltr'><strong>alia:</strong></span> <span class='ocrx_word' id='word_1_661' title='bbox 2714 2649 2939 2719; x_wconf 87' lang='lat' dir='ltr'><strong>reperiri</strong></span> <span class='ocrx_word' id='word_1_662' title='bbox 2976 2665 3152 2706; x_wconf 68' lang='lat' dir='ltr'><strong>causa:</strong></span> <span class='ocrx_word' id='word_1_663' title='bbox 3185 2663 3402 2722; x_wconf 89' lang='lat' dir='ltr'><strong>possent</strong></span> <span class='ocrx_word' id='word_1_664' title='bbox 3433 2669 3446 2706; x_wconf 92' lang='lat'><strong>:</strong></span> <span class='ocrx_word' id='word_1_665' title='bbox 3477 2669 3555 2710; x_wconf 87' lang='lat' dir='ltr'><strong>ac-</strong></span> 
     </span>
    </p>
   </div>
   <div class='ocr_carea' id='block_1_86' title="bbox 1948 2738 3537 2814">
    <p class='ocr_par' dir='ltr' id='par_1_86' title="bbox 1948 2738 3537 2814">
     <span class='ocr_line' id='line_1_86' title="bbox 1948 2738 3537 2814; baseline 0.008 -25"><span class='ocrx_word' id='word_1_666' title='bbox 1948 2738 2229 2792; x_wconf 80' lang='lat' dir='ltr'><strong>verbornm</strong></span> <span class='ocrx_word' id='word_1_667' title='bbox 2260 2739 2475 2811; x_wconf 89' lang='lat' dir='ltr'><strong>quidem</strong></span> <span class='ocrx_word' id='word_1_668' title='bbox 2520 2739 2836 2795; x_wconf 89' lang='lat' dir='ltr'><strong>humilitatis</strong></span> <span class='ocrx_word' id='word_1_669' title='bbox 2876 2742 3068 2797; x_wconf 89' lang='lat' dir='ltr'><strong>multas</strong></span> <span class='ocrx_word' id='word_1_670' title='bbox 3109 2743 3264 2798; x_wconf 90' lang='lat' dir='ltr'><strong>nobis</strong></span> <span class='ocrx_word' id='word_1_671' title='bbox 3294 2745 3537 2814; x_wconf 86' lang='lat' dir='ltr'><strong>proferre</strong></span> 
     </span>
    </p>
   </div>
   <div class='ocr_carea' id='block_1_87' title="bbox 1947 2831 3543 2902">
    <p class='ocr_par' dir='ltr' id='par_1_87' title="bbox 1947 2831 3543 2902">
     <span class='ocr_line' id='line_1_87' title="bbox 1947 2831 3543 2902; baseline 0.007 -22"><span class='ocrx_word' id='word_1_672' title='bbox 1947 2831 2254 2885; x_wconf 87' lang='lat' dir='ltr'><strong>occasiones</strong></span> <span class='ocrx_word' id='word_1_673' title='bbox 2274 2832 2456 2886; x_wconf 90' lang='lat' dir='ltr'><strong>liceret</strong></span> <span class='ocrx_word' id='word_1_674' title='bbox 2477 2850 2488 2884; x_wconf 93' lang='lat'><strong>:</strong></span> <span class='ocrx_word' id='word_1_675' title='bbox 2511 2839 2566 2886; x_wconf 90' lang='lat' dir='ltr'><strong>at</strong></span> <span class='ocrx_word' id='word_1_676' title='bbox 2592 2840 2648 2886; x_wconf 90' lang='lat' dir='ltr'><strong>tu</strong></span> <span class='ocrx_word' id='word_1_677' title='bbox 2673 2831 2979 2902; x_wconf 86' lang='lat' dir='ltr'><strong>dogmatum</strong></span> <span class='ocrx_word' id='word_1_678' title='bbox 3001 2833 3368 2889; x_wconf 89' lang='lat' dir='ltr'><strong>sublimiorum</strong></span> <span class='ocrx_word' id='word_1_679' title='bbox 3385 2836 3543 2892; x_wconf 88' lang='lat' dir='ltr'><strong>aliam</strong></span> 
     </span>
    </p>
   </div>
   <div class='ocr_carea' id='block_1_88' title="bbox 1950 2920 3544 2994">
    <p class='ocr_par' dir='ltr' id='par_1_88' title="bbox 1950 2920 3544 2994">
     <span class='ocr_line' id='line_1_88' title="bbox 1950 2920 3544 2994; baseline 0.006 -22"><span class='ocrx_word' id='word_1_680' title='bbox 1950 2920 2083 2976; x_wconf 81' lang='lat' dir='ltr'><strong>affer</strong></span> <span class='ocrx_word' id='word_1_681' title='bbox 2104 2923 2438 2977; x_wconf 91' lang='lat' dir='ltr'><strong>occasionem</strong></span> <span class='ocrx_word' id='word_1_682' title='bbox 2464 2931 2664 2992; x_wconf 81' lang='lat' dir='ltr'><strong>praeter</strong></span> <span class='ocrx_word' id='word_1_683' title='bbox 2682 2938 2823 2986; x_wconf 90' lang='lat' dir='ltr'><strong>eam,</strong></span> <span class='ocrx_word' id='word_1_684' title='bbox 2850 2939 3008 2994; x_wconf 90' lang='lat' dir='ltr'><strong>quam</strong></span> <span class='ocrx_word' id='word_1_685' title='bbox 3037 2923 3292 2982; x_wconf 75' lang='lat' dir='ltr'><strong>diximus.</strong></span> <span class='ocrx_word' id='word_1_686' title='bbox 3319 2926 3390 2980; x_wconf 85' lang='lat' dir='ltr'><strong>Ea</strong></span> <span class='ocrx_word' id='word_1_687' title='bbox 3419 2941 3544 2982; x_wconf 82' lang='lat' dir='ltr'><strong>vero</strong></span> 
     </span>
    </p>
   </div>
   <div class='ocr_carea' id='block_1_89' title="bbox 1948 3011 3540 3083">
    <p class='ocr_par' dir='ltr' id='par_1_89' title="bbox 1948 3011 3540 3083">
     <span class='ocr_line' id='line_1_89' title="bbox 1948 3011 3540 3083; baseline 0.005 -18"><span class='ocrx_word' id='word_1_688' title='bbox 1948 3011 2046 3065; x_wconf 85' lang='lat' dir='ltr'><strong>fuit</strong></span> <span class='ocrx_word' id='word_1_689' title='bbox 2065 3053 2080 3074; x_wconf 88' lang='lat'><strong>,</strong></span> <span class='ocrx_word' id='word_1_690' title='bbox 2106 3012 2247 3082; x_wconf 89' lang='lat' dir='ltr'><strong>quod</strong></span> <span class='ocrx_word' id='word_1_691' title='bbox 2278 3029 2428 3068; x_wconf 89' lang='lat' dir='ltr'><strong>suam</strong></span> <span class='ocrx_word' id='word_1_692' title='bbox 2466 3013 2619 3067; x_wconf 92' lang='lat' dir='ltr'><strong>nobis</strong></span> <span class='ocrx_word' id='word_1_693' title='bbox 2650 3014 2809 3068; x_wconf 86' lang='lat' dir='ltr'><strong>vellet</strong></span> <span class='ocrx_word' id='word_1_694' title='bbox 2849 3013 3146 3083; x_wconf 82' lang='lat' dir='ltr'><strong>patefacere</strong></span> <span class='ocrx_word' id='word_1_695' title='bbox 3174 3016 3498 3072; x_wconf 82' lang='lat' dir='ltr'><strong>nobilitatem</strong></span> <span class='ocrx_word' id='word_1_696' title='bbox 3525 3036 3540 3083; x_wconf 86' lang='lat'><strong>;</strong></span> 
     </span>
    </p>
   </div>
   <div class='ocr_carea' id='block_1_90' title="bbox 1948 3101 3552 3180">
    <p class='ocr_par' dir='ltr' id='par_1_90' title="bbox 1948 3101 3552 3180">
     <span class='ocr_line' id='line_1_90' title="bbox 1948 3101 3552 3180; baseline 0.003 -24"><span class='ocrx_word' id='word_1_697' title='bbox 1948 3101 2042 3156; x_wconf 88' lang='lat' dir='ltr'><strong>sed</strong></span> <span class='ocrx_word' id='word_1_698' title='bbox 2067 3103 2222 3156; x_wconf 90' lang='lat' dir='ltr'><strong>aliam</strong></span> <span class='ocrx_word' id='word_1_699' title='bbox 2253 3103 2445 3157; x_wconf 74' lang='lat' dir='ltr'><strong>allerre</strong></span> <span class='ocrx_word' id='word_1_700' title='bbox 2483 3104 2680 3158; x_wconf 91' lang='lat' dir='ltr'><strong>nullam</strong></span> <span class='ocrx_word' id='word_1_701' title='bbox 2727 3119 2934 3174; x_wconf 89' lang='lat' dir='ltr'><strong>posses.</strong></span> <span class='ocrx_word' id='word_1_702' title='bbox 2976 3105 3107 3160; x_wconf 84' lang='lat' dir='ltr'><strong>Nam</strong></span> <span class='ocrx_word' id='word_1_703' title='bbox 3141 3107 3184 3161; x_wconf 88' lang='lat' dir='ltr'><strong>is</strong></span> <span class='ocrx_word' id='word_1_704' title='bbox 3211 3107 3422 3178; x_wconf 87' lang='lat' dir='ltr'><strong>quidem</strong></span> <span class='ocrx_word' id='word_1_705' title='bbox 3449 3112 3552 3180; x_wconf 31' lang='lat' dir='ltr'><strong>qui.</strong></span> 
     </span>
    </p>
   </div>
   <div class='ocr_carea' id='block_1_91' title="bbox 1949 3195 3543 3267">
    <p class='ocr_par' dir='ltr' id='par_1_91' title="bbox 1949 3195 3543 3267">
     <span class='ocr_line' id='line_1_91' title="bbox 1949 3195 3543 3267; baseline 0.006 -20"><span class='ocrx_word' id='word_1_706' title='bbox 1949 3209 2172 3264; x_wconf 88' lang='lat' dir='ltr'><strong>magnus</strong></span> <span class='ocrx_word' id='word_1_707' title='bbox 2193 3204 2295 3260; x_wconf 89' lang='lat' dir='ltr'><strong>est,</strong></span> <span class='ocrx_word' id='word_1_708' title='bbox 2319 3195 2570 3264; x_wconf 80' lang='lat' dir='ltr'><strong>exiguum</strong></span> <span class='ocrx_word' id='word_1_709' title='bbox 2599 3195 2798 3266; x_wconf 91' lang='lat' dir='ltr'><strong>aliquid</strong></span> <span class='ocrx_word' id='word_1_710' title='bbox 2827 3196 3018 3265; x_wconf 89' lang='lat' dir='ltr'><strong>poterit</strong></span> <span class='ocrx_word' id='word_1_711' title='bbox 3041 3196 3108 3252; x_wconf 90' lang='lat' dir='ltr'><strong>de</strong></span> <span class='ocrx_word' id='word_1_712' title='bbox 3136 3211 3196 3253; x_wconf 83' lang='lat' dir='ltr'><strong>se</strong></span> <span class='ocrx_word' id='word_1_713' title='bbox 3215 3198 3416 3267; x_wconf 88' lang='lat' dir='ltr'><strong>dicere,</strong></span> <span class='ocrx_word' id='word_1_714' title='bbox 3443 3217 3543 3257; x_wconf 86' lang='lat' dir='ltr'><strong>nec</strong></span> 
     </span>
    </p>
   </div>
   <div class='ocr_carea' id='block_1_92' title="bbox 1948 3285 3550 3357">
    <p class='ocr_par' dir='ltr' id='par_1_92' title="bbox 1948 3285 3550 3357">
     <span class='ocr_line' id='line_1_92' title="bbox 1948 3285 3550 3357; baseline 0.006 -18"><span class='ocrx_word' id='word_1_715' title='bbox 1948 3285 2113 3339; x_wconf 91' lang='lat' dir='ltr'><strong>ullum</strong></span> <span class='ocrx_word' id='word_1_716' title='bbox 2144 3285 2194 3338; x_wconf 93' lang='lat' dir='ltr'><strong>id</strong></span> <span class='ocrx_word' id='word_1_717' title='bbox 2221 3285 2422 3340; x_wconf 89' lang='lat' dir='ltr'><strong>crimen</strong></span> <span class='ocrx_word' id='word_1_718' title='bbox 2463 3286 2600 3350; x_wconf 90' lang='lat' dir='ltr'><strong>erit,</strong></span> <span class='ocrx_word' id='word_1_719' title='bbox 2633 3286 2894 3357; x_wconf 90' lang='lat' dir='ltr'><strong>siquidem</strong></span> <span class='ocrx_word' id='word_1_720' title='bbox 2937 3287 3074 3342; x_wconf 90' lang='lat' dir='ltr'><strong>istud</strong></span> <span class='ocrx_word' id='word_1_721' title='bbox 3105 3299 3189 3344; x_wconf 90' lang='lat' dir='ltr'><strong>est</strong></span> <span class='ocrx_word' id='word_1_722' title='bbox 3221 3290 3497 3349; x_wconf 69' lang='lat' dir='ltr'><strong>modestiae</strong></span> <span class='ocrx_word' id='word_1_723' title='bbox 3525 3312 3550 3348; x_wconf 92' lang='lat'><strong>:-</strong></span> 
     </span>
    </p>
   </div>
   <div class='ocr_carea' id='block_1_93' title="bbox 1947 3367 3542 3445">
    <p class='ocr_par' dir='ltr' id='par_1_93' title="bbox 1947 3367 3542 3445">
     <span class='ocr_line' id='line_1_93' title="bbox 1947 3367 3542 3445; baseline 0.006 -24"><span class='ocrx_word' id='word_1_724' title='bbox 1947 3367 1990 3422; x_wconf 90' lang='lat' dir='ltr'><strong>si</strong></span> <span class='ocrx_word' id='word_1_725' title='bbox 2017 3368 2136 3438; x_wconf 91' lang='lat' dir='ltr'><strong>quis</strong></span> <span class='ocrx_word' id='word_1_726' title='bbox 2162 3376 2338 3423; x_wconf 90' lang='lat' dir='ltr'><strong>autem</strong></span> <span class='ocrx_word' id='word_1_727' title='bbox 2370 3368 2459 3438; x_wconf 89' lang='lat' dir='ltr'><strong>qui</strong></span> <span class='ocrx_word' id='word_1_728' title='bbox 2489 3383 2682 3438; x_wconf 87' lang='lat' dir='ltr'><strong>parvus</strong></span> <span class='ocrx_word' id='word_1_729' title='bbox 2710 3369 2798 3432; x_wconf 87' lang='lat' dir='ltr'><strong>sit,</strong></span> <span class='ocrx_word' id='word_1_730' title='bbox 2829 3385 3078 3440; x_wconf 84' lang='lat' dir='ltr'><strong>magnum</strong></span> <span class='ocrx_word' id='word_1_731' title='bbox 3103 3370 3170 3427; x_wconf 85' lang='lat' dir='ltr'><strong>de</strong></span> <span class='ocrx_word' id='word_1_732' title='bbox 3191 3387 3250 3428; x_wconf 82' lang='lat' dir='ltr'><strong>se</strong></span> <span class='ocrx_word' id='word_1_733' title='bbox 3271 3374 3542 3445; x_wconf 81' lang='lat' dir='ltr'><strong>quidpiam</strong></span> 
     </span>
    </p>
   </div>
   <div class='ocr_carea' id='block_1_94' title="bbox 1947 3461 3543 3534">
    <p class='ocr_par' dir='ltr' id='par_1_94' title="bbox 1947 3461 3543 3534">
     <span class='ocr_line' id='line_1_94' title="bbox 1947 3461 3543 3534; baseline 0.006 -18"><span class='ocrx_word' id='word_1_734' title='bbox 1947 3461 2108 3520; x_wconf 86' lang='lat' dir='ltr'><strong>dicat.</strong></span> <span class='ocrx_word' id='word_1_735' title='bbox 2135 3462 2561 3517; x_wconf 88' lang='lat' dir='ltr'><strong>criminationem</strong></span> <span class='ocrx_word' id='word_1_736' title='bbox 2590 3479 2695 3518; x_wconf 92' lang='lat' dir='ltr'><strong>non</strong></span> <span class='ocrx_word' id='word_1_737' title='bbox 2726 3464 2940 3534; x_wconf 69' lang='lat' dir='ltr'><strong>effugiet</strong></span> <span class='ocrx_word' id='word_1_738' title='bbox 2971 3483 2986 3520; x_wconf 96' lang='lat'><strong>:</strong></span> <span class='ocrx_word' id='word_1_739' title='bbox 3013 3475 3094 3520; x_wconf 89' lang='lat' dir='ltr'><strong>est</strong></span> <span class='ocrx_word' id='word_1_740' title='bbox 3120 3468 3260 3522; x_wconf 90' lang='lat' dir='ltr'><strong>enim</strong></span> <span class='ocrx_word' id='word_1_741' title='bbox 3291 3469 3418 3524; x_wconf 92' lang='lat' dir='ltr'><strong>illud</strong></span> <span class='ocrx_word' id='word_1_742' title='bbox 3451 3487 3512 3526; x_wconf 88' lang='lat' dir='ltr'><strong>ar</strong></span> <span class='ocrx_word' id='word_1_743' title='bbox 3540 3509 3543 3512; x_wconf 88' lang='lat'><strong><em>-</em></strong></span> 
     </span>
    </p>
   </div>
   <div class='ocr_carea' id='block_1_95' title="bbox 1947 3553 3541 3625">
    <p class='ocr_par' dir='ltr' id='par_1_95' title="bbox 1947 3553 3541 3625">
     <span class='ocr_line' id='line_1_95' title="bbox 1947 3553 3541 3625; baseline 0.008 -22"><span class='ocrx_word' id='word_1_744' title='bbox 1947 3555 2240 3621; x_wconf 69' lang='lat' dir='ltr'><strong>rogantim:</strong></span> <span class='ocrx_word' id='word_1_745' title='bbox 2273 3563 2596 3622; x_wconf 89' lang='lat' dir='ltr'><strong>quapropter</strong></span> <span class='ocrx_word' id='word_1_746' title='bbox 2636 3553 2917 3610; x_wconf 92' lang='lat' dir='ltr'><strong>sublimem</strong></span> <span class='ocrx_word' id='word_1_747' title='bbox 2948 3556 3163 3625; x_wconf 90' lang='lat' dir='ltr'><strong>quidem</strong></span> <span class='ocrx_word' id='word_1_748' title='bbox 3195 3574 3382 3616; x_wconf 89' lang='lat' dir='ltr'><strong>omnes</strong></span> <span class='ocrx_word' id='word_1_749' title='bbox 3422 3562 3541 3616; x_wconf 79' lang='lat' dir='ltr'><strong>lau-</strong></span> 
     </span>
    </p>
   </div>
   <div class='ocr_carea' id='block_1_96' title="bbox 1945 3641 3550 3707">
    <p class='ocr_par' dir='ltr' id='par_1_96' title="bbox 1945 3641 3550 3707">
     <span class='ocr_line' id='line_1_96' title="bbox 1945 3641 3550 3707; baseline 0.008 -12"><span class='ocrx_word' id='word_1_750' title='bbox 1945 3641 2167 3705; x_wconf 87' lang='lat' dir='ltr'><strong>damus,</strong></span> <span class='ocrx_word' id='word_1_751' title='bbox 2204 3657 2324 3697; x_wconf 91' lang='lat' dir='ltr'><strong>cum</strong></span> <span class='ocrx_word' id='word_1_752' title='bbox 2371 3642 2588 3697; x_wconf 86' lang='lat' dir='ltr'><strong>humilia</strong></span> <span class='ocrx_word' id='word_1_753' title='bbox 2617 3643 2684 3698; x_wconf 92' lang='lat' dir='ltr'><strong>de</strong></span> <span class='ocrx_word' id='word_1_754' title='bbox 2727 3659 2785 3699; x_wconf 89' lang='lat' dir='ltr'><strong>se</strong></span> <span class='ocrx_word' id='word_1_755' title='bbox 2812 3645 3007 3700; x_wconf 80' lang='lat' dir='ltr'><strong>dixerit</strong></span> <span class='ocrx_word' id='word_1_756' title='bbox 3038 3664 3051 3700; x_wconf 92' lang='lat'><strong>:</strong></span> <span class='ocrx_word' id='word_1_757' title='bbox 3085 3645 3339 3704; x_wconf 90' lang='lat' dir='ltr'><strong>humilem</strong></span> <span class='ocrx_word' id='word_1_758' title='bbox 3365 3661 3550 3707; x_wconf 80' lang='lat' dir='ltr'><strong>autem</strong></span> 
     </span>
    </p>
   </div>
   <div class='ocr_carea' id='block_1_97' title="bbox 1947 3735 3537 3805">
    <p class='ocr_par' dir='ltr' id='par_1_97' title="bbox 1947 3735 3537 3805">
     <span class='ocr_line' id='line_1_97' title="bbox 1947 3735 3537 3805; baseline 0.008 -20"><span class='ocrx_word' id='word_1_759' title='bbox 1947 3749 2105 3789; x_wconf 89' lang='lat' dir='ltr'><strong>nemo</strong></span> <span class='ocrx_word' id='word_1_760' title='bbox 2131 3735 2399 3799; x_wconf 89' lang='lat' dir='ltr'><strong>laudabit,</strong></span> <span class='ocrx_word' id='word_1_761' title='bbox 2433 3735 2478 3790; x_wconf 87' lang='lat' dir='ltr'><strong>si</strong></span> <span class='ocrx_word' id='word_1_762' title='bbox 2507 3735 2632 3805; x_wconf 92' lang='lat' dir='ltr'><strong>quid</strong></span> <span class='ocrx_word' id='word_1_763' title='bbox 2675 3735 2811 3790; x_wconf 90' lang='lat' dir='ltr'><strong>forte</strong></span> <span class='ocrx_word' id='word_1_764' title='bbox 2849 3753 3096 3805; x_wconf 84' lang='lat' dir='ltr'><strong>magnum</strong></span> <span class='ocrx_word' id='word_1_765' title='bbox 3137 3741 3206 3794; x_wconf 91' lang='lat' dir='ltr'><strong>de</strong></span> <span class='ocrx_word' id='word_1_766' title='bbox 3233 3756 3292 3795; x_wconf 89' lang='lat' dir='ltr'><strong>se</strong></span> <span class='ocrx_word' id='word_1_767' title='bbox 3321 3742 3537 3798; x_wconf 82' lang='lat' dir='ltr'><strong>dixerit.</strong></span> 
     </span>
    </p>
   </div>
   <div class='ocr_carea' id='block_1_98' title="bbox 1949 3825 3538 3893">
    <p class='ocr_par' dir='ltr' id='par_1_98' title="bbox 1949 3825 3538 3893">
     <span class='ocr_line' id='line_1_98' title="bbox 1949 3825 3538 3893; baseline 0.006 -15"><span class='ocrx_word' id='word_1_768' title='bbox 1949 3825 2130 3893; x_wconf 86' lang='lat' dir='ltr'><strong>Itaque</strong></span> <span class='ocrx_word' id='word_1_769' title='bbox 2154 3825 2198 3879; x_wconf 92' lang='lat' dir='ltr'><strong>si</strong></span> <span class='ocrx_word' id='word_1_770' title='bbox 2231 3827 2398 3880; x_wconf 91' lang='lat' dir='ltr'><strong>multo</strong></span> <span class='ocrx_word' id='word_1_771' title='bbox 2428 3825 2648 3880; x_wconf 86' lang='lat' dir='ltr'><strong>inferior</strong></span> <span class='ocrx_word' id='word_1_772' title='bbox 2677 3825 2836 3882; x_wconf 78' lang='lat' dir='ltr'><strong>Patre</strong></span> <span class='ocrx_word' id='word_1_773' title='bbox 2865 3827 3032 3881; x_wconf 75' lang='lat' dir='ltr'><strong>Filius</strong></span> <span class='ocrx_word' id='word_1_774' title='bbox 3058 3838 3219 3891; x_wconf 85' lang='lat' dir='ltr'><strong>esset,</strong></span> <span class='ocrx_word' id='word_1_775' title='bbox 3252 3841 3306 3884; x_wconf 89' lang='lat' dir='ltr'><strong>ut</strong></span> <span class='ocrx_word' id='word_1_776' title='bbox 3331 3847 3424 3886; x_wconf 81' lang='lat' dir='ltr'><strong>vos</strong></span> <span class='ocrx_word' id='word_1_777' title='bbox 3452 3833 3538 3887; x_wconf 89' lang='lat' dir='ltr'><strong>di-</strong></span> 
     </span>
    </p>
   </div>
   <div class='ocr_carea' id='block_1_99' title="bbox 1947 3919 3540 3994">
    <p class='ocr_par' dir='ltr' id='par_1_99' title="bbox 1947 3919 3540 3994">
     <span class='ocr_line' id='line_1_99' title="bbox 1947 3919 3540 3994; baseline 0.006 -23"><span class='ocrx_word' id='word_1_778' title='bbox 1947 3919 2086 3983; x_wconf 89' lang='lat' dir='ltr'><strong>citis,</strong></span> <span class='ocrx_word' id='word_1_779' title='bbox 2115 3935 2220 3974; x_wconf 92' lang='lat' dir='ltr'><strong>non</strong></span> <span class='ocrx_word' id='word_1_780' title='bbox 2251 3919 2578 3989; x_wconf 83' lang='lat' dir='ltr'><strong>Oportuisset</strong></span> <span class='ocrx_word' id='word_1_781' title='bbox 2603 3935 2724 3974; x_wconf 89' lang='lat' dir='ltr'><strong>eum</strong></span> <span class='ocrx_word' id='word_1_782' title='bbox 2746 3920 2906 3975; x_wconf 88' lang='lat' dir='ltr'><strong>verba</strong></span> <span class='ocrx_word' id='word_1_783' title='bbox 2938 3921 3178 3991; x_wconf 91' lang='lat' dir='ltr'><strong>proloqui</strong></span> <span class='ocrx_word' id='word_1_784' title='bbox 3203 3964 3217 3985; x_wconf 87' lang='lat'><strong>,</strong></span> <span class='ocrx_word' id='word_1_785' title='bbox 3247 3938 3311 3978; x_wconf 79' lang='lat' dir='ltr'><strong>ex</strong></span> <span class='ocrx_word' id='word_1_786' title='bbox 3348 3927 3540 3994; x_wconf 89' lang='lat' dir='ltr'><strong>quibus</strong></span> 
     </span>
    </p>
   </div>
   <div class='ocr_carea' id='block_1_100' title="bbox 1947 4011 3538 4082">
    <p class='ocr_par' dir='ltr' id='par_1_100' title="bbox 1947 4011 3538 4082">
     <span class='ocr_line' id='line_1_100' title="bbox 1947 4011 3538 4082; baseline 0.004 -17"><span class='ocrx_word' id='word_1_787' title='bbox 1947 4011 2117 4080; x_wconf 91' lang='lat' dir='ltr'><strong>ipsum</strong></span> <span class='ocrx_word' id='word_1_788' title='bbox 2141 4011 2368 4082; x_wconf 76' lang='lat' dir='ltr'><strong>genitori</strong></span> <span class='ocrx_word' id='word_1_789' title='bbox 2396 4026 2494 4065; x_wconf 90' lang='lat' dir='ltr'><strong>suo</strong></span> <span class='ocrx_word' id='word_1_790' title='bbox 2519 4011 2777 4080; x_wconf 64' lang='lat' dir='ltr'><strong>aqualem</strong></span> <span class='ocrx_word' id='word_1_791' title='bbox 2813 4027 2934 4067; x_wconf 89' lang='lat' dir='ltr'><strong>esse</strong></span> <span class='ocrx_word' id='word_1_792' title='bbox 2967 4022 3238 4068; x_wconf 89' lang='lat' dir='ltr'><strong>constaret</strong></span> <span class='ocrx_word' id='word_1_793' title='bbox 3265 4033 3279 4068; x_wconf 89' lang='lat'><strong>:</strong></span> <span class='ocrx_word' id='word_1_794' title='bbox 3309 4016 3361 4071; x_wconf 91' lang='lat' dir='ltr'><strong>id</strong></span> <span class='ocrx_word' id='word_1_795' title='bbox 3394 4030 3538 4072; x_wconf 72' lang='lat' dir='ltr'><strong>enrm</strong></span> 
     </span>
    </p>
   </div>
   <div class='ocr_carea' id='block_1_101' title="bbox 1947 4103 3548 4175">
    <p class='ocr_par' dir='ltr' id='par_1_101' title="bbox 1947 4103 3548 4175">
     <span class='ocr_line' id='line_1_101' title="bbox 1947 4103 3548 4175; baseline 0.004 -19"><span class='ocrx_word' id='word_1_796' title='bbox 1947 4103 2264 4172; x_wconf 66' lang='lat' dir='ltr'><strong>arrogantiae</strong></span> <span class='ocrx_word' id='word_1_797' title='bbox 2291 4103 2495 4157; x_wconf 86' lang='lat' dir='ltr'><strong>fuisset.</strong></span> <span class='ocrx_word' id='word_1_798' title='bbox 2527 4103 2676 4170; x_wconf 84' lang='lat' dir='ltr'><strong>Quod</strong></span> <span class='ocrx_word' id='word_1_799' title='bbox 2705 4114 2879 4159; x_wconf 89' lang='lat' dir='ltr'><strong>autem</strong></span> <span class='ocrx_word' id='word_1_800' title='bbox 2910 4105 2954 4158; x_wconf 90' lang='lat' dir='ltr'><strong>is</strong></span> <span class='ocrx_word' id='word_1_801' title='bbox 2979 4106 3067 4173; x_wconf 91' lang='lat' dir='ltr'><strong>qui</strong></span> <span class='ocrx_word' id='word_1_802' title='bbox 3097 4107 3322 4175; x_wconf 82' lang='lat' dir='ltr'><strong>genitori</strong></span> <span class='ocrx_word' id='word_1_803' title='bbox 3350 4124 3448 4160; x_wconf 89' lang='lat' dir='ltr'><strong>suo</strong></span> <span class='ocrx_word' id='word_1_804' title='bbox 3468 4111 3548 4162; x_wconf 80' lang='lat' dir='ltr'><strong>sit</strong></span> 
     </span>
    </p>
   </div>
   <div class='ocr_carea' id='block_1_102' title="bbox 1943 4195 3538 4264">
    <p class='ocr_par' dir='ltr' id='par_1_102' title="bbox 1943 4195 3538 4264">
     <span class='ocr_line' id='line_1_102' title="bbox 1943 4195 3538 4264; baseline 0.004 -17"><span class='ocrx_word' id='word_1_805' title='bbox 1943 4196 2161 4264; x_wconf 74' lang='lat' dir='ltr'><strong>aequalis</strong></span> <span class='ocrx_word' id='word_1_806' title='bbox 2181 4236 2196 4259; x_wconf 95' lang='lat'><strong>,</strong></span> <span class='ocrx_word' id='word_1_807' title='bbox 2227 4195 2445 4249; x_wconf 91' lang='lat' dir='ltr'><strong>humilia</strong></span> <span class='ocrx_word' id='word_1_808' title='bbox 2481 4195 2722 4264; x_wconf 65' lang='lat' dir='ltr'><strong>quaedam</strong></span> <span class='ocrx_word' id='word_1_809' title='bbox 2749 4204 2804 4249; x_wconf 91' lang='lat' dir='ltr'><strong>et</strong></span> <span class='ocrx_word' id='word_1_810' title='bbox 2831 4195 3036 4264; x_wconf 89' lang='lat' dir='ltr'><strong>abjecta</strong></span> <span class='ocrx_word' id='word_1_811' title='bbox 3083 4197 3273 4264; x_wconf 83' lang='lat' dir='ltr'><strong>dicat,</strong></span> <span class='ocrx_word' id='word_1_812' title='bbox 3296 4200 3423 4254; x_wconf 91' lang='lat' dir='ltr'><strong>nulli</strong></span> <span class='ocrx_word' id='word_1_813' title='bbox 3453 4212 3538 4254; x_wconf 82' lang='lat' dir='ltr'><strong>est</strong></span> 
     </span>
    </p>
   </div>
   <div class='ocr_carea' id='block_1_103' title="bbox 1943 4285 3536 4354">
    <p class='ocr_par' dir='ltr' id='par_1_103' title="bbox 1943 4285 3536 4354">
     <span class='ocr_line' id='line_1_103' title="bbox 1943 4285 3536 4354; baseline 0.004 -15"><span class='ocrx_word' id='word_1_814' title='bbox 1943 4286 2227 4339; x_wconf 82' lang='lat' dir='ltr'><strong>olmoxium</strong></span> <span class='ocrx_word' id='word_1_815' title='bbox 2279 4285 2717 4354; x_wconf 86' lang='lat' dir='ltr'><strong>reprehensioni,</strong></span> <span class='ocrx_word' id='word_1_816' title='bbox 2771 4287 2849 4340; x_wconf 78' lang='lat' dir='ltr'><strong>vel</strong></span> <span class='ocrx_word' id='word_1_817' title='bbox 2904 4286 3150 4350; x_wconf 82' lang='lat' dir='ltr'><strong>crimini;</strong></span> <span class='ocrx_word' id='word_1_818' title='bbox 3209 4304 3328 4343; x_wconf 90' lang='lat' dir='ltr'><strong>cum</strong></span> <span class='ocrx_word' id='word_1_819' title='bbox 3379 4291 3536 4347; x_wconf 88' lang='lat' dir='ltr'><strong>laude</strong></span> 
     </span>
    </p>
   </div>
   <div class='ocr_carea' id='block_1_104' title="bbox 1943 4375 3536 4452">
    <p class='ocr_par' dir='ltr' id='par_1_104' title="bbox 1943 4375 3536 4452">
     <span class='ocr_line' id='line_1_104' title="bbox 1943 4375 3536 4452; baseline 0.007 -28"><span class='ocrx_word' id='word_1_820' title='bbox 1943 4376 2117 4443; x_wconf 86' lang='lat' dir='ltr'><strong>potius</strong></span> <span class='ocrx_word' id='word_1_821' title='bbox 2139 4383 2193 4428; x_wconf 88' lang='lat' dir='ltr'><strong>et</strong></span> <span class='ocrx_word' id='word_1_822' title='bbox 2215 4376 2448 4428; x_wconf 79' lang='lat' dir='ltr'><strong>maxima</strong></span> <span class='ocrx_word' id='word_1_823' title='bbox 2473 4375 2609 4429; x_wconf 89' lang='lat' dir='ltr'><strong>istud</strong></span> <span class='ocrx_word' id='word_1_824' title='bbox 2637 4375 2988 4430; x_wconf 86' lang='lat' dir='ltr'><strong>admiratione</strong></span> <span class='ocrx_word' id='word_1_825' title='bbox 3008 4379 3077 4432; x_wconf 84' lang='lat' dir='ltr'><strong>sit</strong></span> <span class='ocrx_word' id='word_1_826' title='bbox 3099 4377 3336 4448; x_wconf 87' lang='lat' dir='ltr'><strong>dignum.</strong></span> <span class='ocrx_word' id='word_1_827' title='bbox 3362 4381 3536 4452; x_wconf 81' lang='lat' dir='ltr'><strong>Atque</strong></span> 
     </span>
    </p>
   </div>
   <div class='ocr_carea' id='block_1_105' title="bbox 1941 4467 3536 4545">
    <p class='ocr_par' dir='ltr' id='par_1_105' title="bbox 1941 4467 3536 4545">
     <span class='ocr_line' id='line_1_105' title="bbox 1941 4467 3536 4545; baseline 0.006 -22"><span class='ocrx_word' id='word_1_828' title='bbox 1941 4478 1997 4523; x_wconf 91' lang='lat' dir='ltr'><strong>ut</strong></span> <span class='ocrx_word' id='word_1_829' title='bbox 2021 4467 2382 4522; x_wconf 82' lang='lat' dir='ltr'><strong>manifestiora</strong></span> <span class='ocrx_word' id='word_1_830' title='bbox 2413 4469 2558 4528; x_wconf 75' lang='lat' dir='ltr'><strong>fiant,</strong></span> <span class='ocrx_word' id='word_1_831' title='bbox 2586 4486 2704 4535; x_wconf 69' lang='lat' dir='ltr'><strong>qua:</strong></span> <span class='ocrx_word' id='word_1_832' title='bbox 2734 4469 2985 4533; x_wconf 79' lang='lat' dir='ltr'><strong>diximus,</strong></span> <span class='ocrx_word' id='word_1_833' title='bbox 3011 4480 3065 4525; x_wconf 89' lang='lat' dir='ltr'><strong>et</strong></span> <span class='ocrx_word' id='word_1_834' title='bbox 3106 4473 3414 4545; x_wconf 77' lang='lat' dir='ltr'><strong>intelligetis</strong></span> <span class='ocrx_word' id='word_1_835' title='bbox 3439 4492 3536 4532; x_wconf 85' lang='lat' dir='ltr'><strong>vos</strong></span> 
     </span>
    </p>
   </div>
   <div class='ocr_carea' id='block_1_106' title="bbox 1939 4561 3534 4636">
    <p class='ocr_par' dir='ltr' id='par_1_106' title="bbox 1939 4561 3534 4636">
     <span class='ocr_line' id='line_1_106' title="bbox 1939 4561 3534 4636; baseline 0.005 -21"><span class='ocrx_word' id='word_1_836' title='bbox 1939 4576 2146 4628; x_wconf 77' lang='lat' dir='ltr'><strong>onitics,</strong></span> <span class='ocrx_word' id='word_1_837' title='bbox 2181 4577 2277 4614; x_wconf 88' lang='lat' dir='ltr'><strong>nos</strong></span> <span class='ocrx_word' id='word_1_838' title='bbox 2305 4561 2499 4615; x_wconf 87' lang='lat' dir='ltr'><strong>divinis</strong></span> <span class='ocrx_word' id='word_1_839' title='bbox 2531 4577 2633 4614; x_wconf 92' lang='lat' dir='ltr'><strong>non</strong></span> <span class='ocrx_word' id='word_1_840' title='bbox 2661 4561 2932 4615; x_wconf 72' lang='lat' dir='ltr'><strong>adversari</strong></span> <span class='ocrx_word' id='word_1_841' title='bbox 2955 4561 3263 4632; x_wconf 87' lang='lat' dir='ltr'><strong>Scripturis,</strong></span> <span class='ocrx_word' id='word_1_842' title='bbox 3294 4581 3390 4636; x_wconf 83' lang='lat' dir='ltr'><strong>age</strong></span> <span class='ocrx_word' id='word_1_843' title='bbox 3423 4569 3534 4634; x_wconf 85' lang='lat' dir='ltr'><strong>pri-</strong></span> 
     </span>
    </p>
   </div>
   <div class='ocr_carea' id='block_1_107' title="bbox 1942 4652 3539 4727">
    <p class='ocr_par' dir='ltr' id='par_1_107' title="bbox 1942 4652 3539 4727">
     <span class='ocr_line' id='line_1_107' title="bbox 1942 4652 3539 4727; baseline 0.004 -22"><span class='ocrx_word' id='word_1_844' title='bbox 1942 4668 2080 4706; x_wconf 75' lang='lat' dir='ltr'><strong>niam</strong></span> <span class='ocrx_word' id='word_1_845' title='bbox 2107 4668 2387 4707; x_wconf 70' lang='lat' dir='ltr'><strong>causarum</strong></span> <span class='ocrx_word' id='word_1_846' title='bbox 2430 4652 2647 4706; x_wconf 82' lang='lat' dir='ltr'><strong>istarum</strong></span> <span class='ocrx_word' id='word_1_847' title='bbox 2670 4694 2684 4716; x_wconf 96' lang='lat'><strong>,</strong></span> <span class='ocrx_word' id='word_1_848' title='bbox 2709 4668 2841 4722; x_wconf 91' lang='lat' dir='ltr'><strong>quas</strong></span> <span class='ocrx_word' id='word_1_849' title='bbox 2869 4655 3142 4709; x_wconf 90' lang='lat' dir='ltr'><strong>attulimus</strong></span> <span class='ocrx_word' id='word_1_850' title='bbox 3161 4699 3174 4722; x_wconf 88' lang='lat'><strong>,</strong></span> <span class='ocrx_word' id='word_1_851' title='bbox 3197 4657 3307 4726; x_wconf 88' lang='lat' dir='ltr'><strong>jam</strong></span> <span class='ocrx_word' id='word_1_852' title='bbox 3337 4670 3539 4727; x_wconf 84' lang='lat' dir='ltr'><strong>pertra-</strong></span> 
     </span>
    </p>
   </div>
   <div class='ocr_carea' id='block_1_108' title="bbox 1940 4743 3555 4814">
    <p class='ocr_par' dir='ltr' id='par_1_108' title="bbox 1940 4743 3555 4814">
     <span class='ocr_line' id='line_1_108' title="bbox 1940 4743 3555 4814; baseline 0.004 -17"><span class='ocrx_word' id='word_1_853' title='bbox 1940 4753 2144 4798; x_wconf 91' lang='lat' dir='ltr'><strong>ctemus</strong></span> <span class='ocrx_word' id='word_1_854' title='bbox 2164 4787 2178 4808; x_wconf 92' lang='lat'><strong>,</strong></span> <span class='ocrx_word' id='word_1_855' title='bbox 2211 4752 2263 4797; x_wconf 90' lang='lat' dir='ltr'><strong>et</strong></span> <span class='ocrx_word' id='word_1_856' title='bbox 2291 4757 2521 4813; x_wconf 90' lang='lat' dir='ltr'><strong>quonam</strong></span> <span class='ocrx_word' id='word_1_857' title='bbox 2552 4743 2604 4798; x_wconf 91' lang='lat' dir='ltr'><strong>in</strong></span> <span class='ocrx_word' id='word_1_858' title='bbox 2633 4743 2753 4798; x_wconf 90' lang='lat' dir='ltr'><strong>loco</strong></span> <span class='ocrx_word' id='word_1_859' title='bbox 2783 4753 2998 4814; x_wconf 88' lang='lat' dir='ltr'><strong>pr0pter</strong></span> <span class='ocrx_word' id='word_1_860' title='bbox 3029 4745 3394 4803; x_wconf 88' lang='lat' dir='ltr'><strong>indumentum</strong></span> <span class='ocrx_word' id='word_1_861' title='bbox 3414 4764 3555 4803; x_wconf 83' lang='lat' dir='ltr'><strong>car--</strong></span> 
     </span>
    </p>
   </div>
   <div class='ocr_carea' id='block_1_109' title="bbox 1942 4836 3540 4910">
    <p class='ocr_par' dir='ltr' id='par_1_109' title="bbox 1942 4836 3540 4910">
     <span class='ocr_line' id='line_1_109' title="bbox 1942 4836 3540 4910; baseline 0.002 -20"><span class='ocrx_word' id='word_1_862' title='bbox 1942 4837 2024 4890; x_wconf 84' lang='lat' dir='ltr'><strong>nis</strong></span> <span class='ocrx_word' id='word_1_863' title='bbox 2043 4846 2227 4906; x_wconf 89' lang='lat' dir='ltr'><strong>aperte</strong></span> <span class='ocrx_word' id='word_1_864' title='bbox 2252 4852 2348 4890; x_wconf 90' lang='lat' dir='ltr'><strong>sua</strong></span> <span class='ocrx_word' id='word_1_865' title='bbox 2371 4837 2602 4893; x_wconf 87' lang='lat' dir='ltr'><strong>essentia</strong></span> <span class='ocrx_word' id='word_1_866' title='bbox 2627 4836 2884 4892; x_wconf 88' lang='lat' dir='ltr'><strong>inferiora</strong></span> <span class='ocrx_word' id='word_1_867' title='bbox 2907 4837 3068 4893; x_wconf 77' lang='lat' dir='ltr'><strong>verba</strong></span> <span class='ocrx_word' id='word_1_868' title='bbox 3095 4839 3326 4910; x_wconf 85' lang='lat' dir='ltr'><strong>proferat</strong></span> <span class='ocrx_word' id='word_1_869' title='bbox 3347 4849 3540 4895; x_wconf 74' lang='lat' dir='ltr'><strong>osten-</strong></span> 
     </span>
    </p>
   </div>
   <div class='ocr_carea' id='block_1_110' title="bbox 1943 4928 3556 4999">
    <p class='ocr_par' dir='ltr' id='par_1_110' title="bbox 1943 4928 3556 4999">
     <span class='ocr_line' id='line_1_110' title="bbox 1943 4928 3556 4999; baseline 0.002 -17"><span class='ocrx_word' id='word_1_870' title='bbox 1943 4929 2148 4984; x_wconf 87' lang='lat' dir='ltr'><strong>damus.</strong></span> <span class='ocrx_word' id='word_1_871' title='bbox 2197 4931 2274 4984; x_wconf 78' lang='lat' dir='ltr'><strong>Ac</strong></span> <span class='ocrx_word' id='word_1_872' title='bbox 2311 4929 2356 4983; x_wconf 83' lang='lat' dir='ltr'><strong>si</strong></span> <span class='ocrx_word' id='word_1_873' title='bbox 2396 4929 2606 4984; x_wconf 91' lang='lat' dir='ltr'><strong>videtur</strong></span> <span class='ocrx_word' id='word_1_874' title='bbox 2644 4928 2941 4984; x_wconf 90' lang='lat' dir='ltr'><strong>orationem</strong></span> <span class='ocrx_word' id='word_1_875' title='bbox 2987 4929 3156 4999; x_wconf 89' lang='lat' dir='ltr'><strong>ipsam</strong></span> <span class='ocrx_word' id='word_1_876' title='bbox 3206 4930 3258 4984; x_wconf 92' lang='lat' dir='ltr'><strong>in</strong></span> <span class='ocrx_word' id='word_1_877' title='bbox 3299 4931 3556 4986; x_wconf 67' lang='lat' dir='ltr'><strong>medium~</strong></span> 
     </span>
    </p>
   </div>
   <div class='ocr_carea' id='block_1_111' title="bbox 1943 5021 3540 5093">
    <p class='ocr_par' dir='ltr' id='par_1_111' title="bbox 1943 5021 3540 5093">
     <span class='ocr_line' id='line_1_111' title="bbox 1943 5021 3540 5093; baseline 0.003 -19"><span class='ocrx_word' id='word_1_878' title='bbox 1943 5022 2292 5088; x_wconf 88' lang='lat' dir='ltr'><strong>adducamus,</strong></span> <span class='ocrx_word' id='word_1_879' title='bbox 2314 5037 2416 5092; x_wconf 88' lang='lat' dir='ltr'><strong>qua</strong></span> <span class='ocrx_word' id='word_1_880' title='bbox 2446 5031 2648 5092; x_wconf 84' lang='lat' dir='ltr'><strong>patrem</strong></span> <span class='ocrx_word' id='word_1_881' title='bbox 2679 5023 2870 5077; x_wconf 87' lang='lat' dir='ltr'><strong>oravit.</strong></span> <span class='ocrx_word' id='word_1_882' title='bbox 2895 5021 3000 5078; x_wconf 90' lang='lat' dir='ltr'><strong>Sed</strong></span> <span class='ocrx_word' id='word_1_883' title='bbox 3023 5021 3300 5088; x_wconf 87' lang='lat' dir='ltr'><strong>attendite,</strong></span> <span class='ocrx_word' id='word_1_884' title='bbox 3327 5039 3540 5093; x_wconf 57' lang='lat' dir='ltr'><strong>quamq,</strong></span> 
     </span>
    </p>
   </div>
   <div class='ocr_carea' id='block_1_112' title="bbox 1943 5111 3554 5184">
    <p class='ocr_par' dir='ltr' id='par_1_112' title="bbox 1943 5111 3554 5184">
     <span class='ocr_line' id='line_1_112' title="bbox 1943 5111 3554 5184; baseline 0.002 -17"><span class='ocrx_word' id='word_1_885' title='bbox 1943 5112 2224 5183; x_wconf 87' lang='lat' dir='ltr'><strong>diligenter</strong></span> <span class='ocrx_word' id='word_1_886' title='bbox 2253 5129 2268 5167; x_wconf 74' lang='grc' dir='ltr'><strong>ι</strong></span> <span class='ocrx_word' id='word_1_887' title='bbox 2297 5128 2408 5167; x_wconf 89' lang='lat' dir='ltr'><strong>rem</strong></span> <span class='ocrx_word' id='word_1_888' title='bbox 2453 5112 2594 5168; x_wconf 91' lang='lat' dir='ltr'><strong>enim</strong></span> <span class='ocrx_word' id='word_1_889' title='bbox 2637 5127 2850 5167; x_wconf 87' lang='lat' dir='ltr'><strong>omnem</strong></span> <span class='ocrx_word' id='word_1_890' title='bbox 2883 5111 3040 5181; x_wconf 91' lang='lat' dir='ltr'><strong>paulo</strong></span> <span class='ocrx_word' id='word_1_891' title='bbox 3068 5112 3226 5167; x_wconf 85' lang='lat' dir='ltr'><strong>altius</strong></span> <span class='ocrx_word' id='word_1_892' title='bbox 3255 5114 3554 5184; x_wconf 55' lang='lat' dir='ltr'><strong>repetitas!»</strong></span> 
     </span>
    </p>
   </div>
   <div class='ocr_carea' id='block_1_113' title="bbox 1943 5205 3616 5277">
    <p class='ocr_par' dir='ltr' id='par_1_113' title="bbox 1943 5205 3616 5277">
     <span class='ocr_line' id='line_1_113' title="bbox 1943 5205 3616 5277; baseline 0.005 -18"><span class='ocrx_word' id='word_1_893' title='bbox 1943 5206 2101 5259; x_wconf 84' lang='lat' dir='ltr'><strong>statui</strong></span> <span class='ocrx_word' id='word_1_894' title='bbox 2126 5220 2362 5260; x_wconf 89' lang='lat' dir='ltr'><strong>narrare.</strong></span> <span class='ocrx_word' id='word_1_895' title='bbox 2387 5205 2606 5259; x_wconf 89' lang='lat' dir='ltr'><strong>Peracta</strong></span> <span class='ocrx_word' id='word_1_896' title='bbox 2627 5213 2708 5259; x_wconf 88' lang='lat' dir='ltr'><strong>est</strong></span> <span class='ocrx_word' id='word_1_897' title='bbox 2727 5205 2853 5258; x_wconf 91' lang='lat' dir='ltr'><strong>olim</strong></span> <span class='ocrx_word' id='word_1_898' title='bbox 2875 5220 3047 5268; x_wconf 78' lang='lat' dir='ltr'><strong>ctena,</strong></span> <span class='ocrx_word' id='word_1_899' title='bbox 3069 5219 3220 5259; x_wconf 86' lang='lat' dir='ltr'><strong>sacra</strong></span> <span class='ocrx_word' id='word_1_900' title='bbox 3245 5205 3332 5261; x_wconf 88' lang='lat' dir='ltr'><strong>illa</strong></span> <span class='ocrx_word' id='word_1_901' title='bbox 3353 5216 3531 5277; x_wconf 83' lang='lat' dir='ltr'><strong>nocte,</strong></span> <span class='ocrx_word' id='word_1_902' title='bbox 3614 5266 3616 5268; x_wconf 74' lang='grc'>,</span> 
     </span>
    </p>
   </div>
   <div class='ocr_carea' id='block_1_114' title="bbox 1944 5295 3528 5370">
    <p class='ocr_par' dir='ltr' id='par_1_114' title="bbox 1944 5295 3528 5370">
     <span class='ocr_line' id='line_1_114' title="bbox 1944 5295 3528 5370; baseline 0.004 -20"><span class='ocrx_word' id='word_1_903' title='bbox 1944 5313 2044 5366; x_wconf 88' lang='lat' dir='ltr'><strong>qua</strong></span> <span class='ocrx_word' id='word_1_904' title='bbox 2073 5295 2364 5351; x_wconf 89' lang='lat' dir='ltr'><strong>tradendus</strong></span> <span class='ocrx_word' id='word_1_905' title='bbox 2391 5295 2488 5349; x_wconf 89' lang='lat' dir='ltr'><strong>fuit</strong></span> <span class='ocrx_word' id='word_1_906' title='bbox 2517 5313 2532 5349; x_wconf 93' lang='lat'><strong>:</strong></span> <span class='ocrx_word' id='word_1_907' title='bbox 2559 5310 2764 5350; x_wconf 86' lang='lat' dir='ltr'><strong>sacram</strong></span> <span class='ocrx_word' id='word_1_908' title='bbox 2795 5297 2936 5351; x_wconf 90' lang='lat' dir='ltr'><strong>enim</strong></span> <span class='ocrx_word' id='word_1_909' title='bbox 2968 5297 3112 5352; x_wconf 86' lang='lat' dir='ltr'><strong>illam</strong></span> <span class='ocrx_word' id='word_1_910' title='bbox 3143 5297 3372 5367; x_wconf 86' lang='lat' dir='ltr'><strong>appello,</strong></span> <span class='ocrx_word' id='word_1_911' title='bbox 3404 5301 3528 5370; x_wconf 84' lang='lat' dir='ltr'><strong>quia</strong></span> 
     </span>
    </p>
   </div>
   <div class='ocr_carea' id='block_1_115' title="bbox 1945 5388 3536 5457">
    <p class='ocr_par' dir='ltr' id='par_1_115' title="bbox 1945 5388 3536 5457">
     <span class='ocr_line' id='line_1_115' title="bbox 1945 5388 3536 5457; baseline 0.004 -14"><span class='ocrx_word' id='word_1_912' title='bbox 1945 5389 2223 5444; x_wconf 86' lang='lat' dir='ltr'><strong>innumera</strong></span> <span class='ocrx_word' id='word_1_913' title='bbox 2266 5388 2357 5443; x_wconf 85' lang='lat' dir='ltr'><strong>illa</strong></span> <span class='ocrx_word' id='word_1_914' title='bbox 2400 5388 2572 5451; x_wconf 88' lang='lat' dir='ltr'><strong>bona,</strong></span> <span class='ocrx_word' id='word_1_915' title='bbox 2602 5402 2722 5457; x_wconf 68' lang='lat' dir='ltr'><strong>qua:</strong></span> <span class='ocrx_word' id='word_1_916' title='bbox 2766 5388 2821 5442; x_wconf 91' lang='lat' dir='ltr'><strong>in</strong></span> <span class='ocrx_word' id='word_1_917' title='bbox 2850 5388 3033 5444; x_wconf 90' lang='lat' dir='ltr'><strong>orbem</strong></span> <span class='ocrx_word' id='word_1_918' title='bbox 3064 5397 3326 5444; x_wconf 89' lang='lat' dir='ltr'><strong>terrarum</strong></span> <span class='ocrx_word' id='word_1_919' title='bbox 3365 5391 3536 5450; x_wconf 76' lang='lat' dir='ltr'><strong>en‘usa</strong></span> 
     </span>
    </p>
   </div>
   <div class='ocr_carea' id='block_1_116' title="bbox 1944 5477 3538 5550">
    <p class='ocr_par' dir='ltr' id='par_1_116' title="bbox 1944 5477 3538 5550">
     <span class='ocr_line' id='line_1_116' title="bbox 1944 5477 3538 5550; baseline 0.003 -16"><span class='ocrx_word' id='word_1_920' title='bbox 1944 5489 2069 5534; x_wconf 90' lang='lat' dir='ltr'><strong>sunt</strong></span> <span class='ocrx_word' id='word_1_921' title='bbox 2090 5520 2105 5543; x_wconf 93' lang='lat'><strong>,</strong></span> <span class='ocrx_word' id='word_1_922' title='bbox 2140 5479 2346 5533; x_wconf 83' lang='lat' dir='ltr'><strong>initium</strong></span> <span class='ocrx_word' id='word_1_923' title='bbox 2381 5478 2504 5533; x_wconf 89' lang='lat' dir='ltr'><strong>inde</strong></span> <span class='ocrx_word' id='word_1_924' title='bbox 2537 5477 2824 5533; x_wconf 84' lang='lat' dir='ltr'><strong>duxerunt.</strong></span> <span class='ocrx_word' id='word_1_925' title='bbox 2864 5480 3013 5534; x_wconf 83' lang='lat' dir='ltr'><strong>Tunc</strong></span> <span class='ocrx_word' id='word_1_926' title='bbox 3041 5478 3200 5550; x_wconf 89' lang='lat' dir='ltr'><strong>igitur</strong></span> <span class='ocrx_word' id='word_1_927' title='bbox 3226 5495 3346 5536; x_wconf 91' lang='lat' dir='ltr'><strong>cum</strong></span> <span class='ocrx_word' id='word_1_928' title='bbox 3371 5481 3538 5538; x_wconf 87' lang='lat' dir='ltr'><strong>disci-</strong></span> 
     </span>
    </p>
   </div>
   <div class='ocr_carea' id='block_1_117' title="bbox 1945 5569 3556 5640">
    <p class='ocr_par' dir='ltr' id='par_1_117' title="bbox 1945 5569 3556 5640">
     <span class='ocr_line' id='line_1_117' title="bbox 1945 5569 3556 5640; baseline 0.006 -15"><span class='ocrx_word' id='word_1_929' title='bbox 1945 5571 2082 5640; x_wconf 86' lang='lat' dir='ltr'><strong>pulis</strong></span> <span class='ocrx_word' id='word_1_930' title='bbox 2120 5570 2363 5625; x_wconf 90' lang='lat' dir='ltr'><strong>undecim</strong></span> <span class='ocrx_word' id='word_1_931' title='bbox 2410 5569 2650 5639; x_wconf 89' lang='lat' dir='ltr'><strong>proditor</strong></span> <span class='ocrx_word' id='word_1_932' title='bbox 2679 5569 3059 5634; x_wconf 84' lang='lat' dir='ltr'><strong>recumbebat,</strong></span> <span class='ocrx_word' id='word_1_933' title='bbox 3105 5581 3159 5626; x_wconf 90' lang='lat' dir='ltr'><strong>et</strong></span> <span class='ocrx_word' id='word_1_934' title='bbox 3203 5573 3556 5634; x_wconf 62' lang='lat' dir='ltr'><strong>coenantibus</strong></span> 
     </span>
    </p>
   </div>
   <div class='ocr_carea' id='block_1_118' title="bbox 1944 5659 3535 5734">
    <p class='ocr_par' dir='ltr' id='par_1_118' title="bbox 1944 5659 3535 5734">
     <span class='ocr_line' id='line_1_118' title="bbox 1944 5659 3535 5734; baseline 0.003 -18"><span class='ocrx_word' id='word_1_935' title='bbox 1944 5661 2048 5716; x_wconf 91' lang='lat' dir='ltr'><strong>illis</strong></span> <span class='ocrx_word' id='word_1_936' title='bbox 2077 5661 2150 5715; x_wconf 88' lang='lat' dir='ltr'><strong>ait</strong></span> <span class='ocrx_word' id='word_1_937' title='bbox 2175 5660 2438 5728; x_wconf 87' lang='lat' dir='ltr'><strong>Christus,</strong></span> <span class='ocrx_word' id='word_1_938' title='bbox 2470 5659 2615 5716; x_wconf 79' lang='lat' dir='ltr'><strong>Unus</strong></span> <span class='ocrx_word' id='word_1_939' title='bbox 2641 5676 2707 5714; x_wconf 82' lang='lat' dir='ltr'><strong>ea:</strong></span> <span class='ocrx_word' id='word_1_940' title='bbox 2731 5661 2864 5714; x_wconf 79' lang='lat' dir='ltr'><strong>vobis</strong></span> <span class='ocrx_word' id='word_1_941' title='bbox 2895 5661 3058 5715; x_wconf 83' lang='lat' dir='ltr'><strong>tradet</strong></span> <span class='ocrx_word' id='word_1_942' title='bbox 3083 5678 3160 5715; x_wconf 86' lang='lat' dir='ltr'><strong>me</strong></span> <span class='ocrx_word' id='word_1_943' title='bbox 3189 5660 3414 5734; x_wconf 76' lang='lat' dir='ltr'><strong>(Matth.</strong></span> <span class='ocrx_word' id='word_1_944' title='bbox 3443 5665 3535 5722; x_wconf 75' lang='lat'><strong>26.</strong></span> 
     </span>
    </p>
   </div>
   <div class='ocr_carea' id='block_1_119' title="bbox 1943 5752 3548 5822">
    <p class='ocr_par' dir='ltr' id='par_1_119' title="bbox 1943 5752 3548 5822">
     <span class='ocr_line' id='line_1_119' title="bbox 1943 5752 3548 5822; baseline 0.004 -16"><span class='ocrx_word' id='word_1_945' title='bbox 1943 5752 2009 5807; x_wconf 76' lang='lat' dir='ltr'><strong>2t</strong></span> <span class='ocrx_word' id='word_1_946' title='bbox 2037 5753 2076 5822; x_wconf 91' lang='lat'><strong>).</strong></span> <span class='ocrx_word' id='word_1_947' title='bbox 2111 5752 2306 5807; x_wconf 90' lang='lat' dir='ltr'><strong>llornm</strong></span> <span class='ocrx_word' id='word_1_948' title='bbox 2335 5753 2463 5809; x_wconf 90' lang='lat' dir='ltr'><strong>mihi</strong></span> <span class='ocrx_word' id='word_1_949' title='bbox 2496 5768 2760 5809; x_wconf 88' lang='lat' dir='ltr'><strong>memores</strong></span> <span class='ocrx_word' id='word_1_950' title='bbox 2781 5762 2952 5809; x_wconf 89' lang='lat' dir='ltr'><strong>estote</strong></span> <span class='ocrx_word' id='word_1_951' title='bbox 2977 5752 3260 5809; x_wconf 81' lang='lat' dir='ltr'><strong>verborum</strong></span> <span class='ocrx_word' id='word_1_952' title='bbox 3282 5796 3298 5820; x_wconf 94' lang='lat'><strong>,</strong></span> <span class='ocrx_word' id='word_1_953' title='bbox 3329 5765 3390 5811; x_wconf 90' lang='lat' dir='ltr'><strong>nt</strong></span> <span class='ocrx_word' id='word_1_954' title='bbox 3414 5769 3548 5813; x_wconf 79' lang='lat' dir='ltr'><strong>cum.</strong></span> 
     </span>
    </p>
   </div>
   <div class='ocr_carea' id='block_1_120' title="bbox 1954 5844 3540 5916">
    <p class='ocr_par' dir='ltr' id='par_1_120' title="bbox 1954 5844 3540 5916">
     <span class='ocr_line' id='line_1_120' title="bbox 1954 5844 3540 5916; baseline 0 -16"><span class='ocrx_word' id='word_1_955' title='bbox 1954 5844 2018 5900; x_wconf 87' lang='lat' dir='ltr'><strong>ad</strong></span> <span class='ocrx_word' id='word_1_956' title='bbox 2044 5845 2338 5901; x_wconf 87' lang='lat' dir='ltr'><strong>orationem</strong></span> <span class='ocrx_word' id='word_1_957' title='bbox 2363 5854 2576 5902; x_wconf 76' lang='lat' dir='ltr'><strong>ventum</strong></span> <span class='ocrx_word' id='word_1_958' title='bbox 2602 5845 2775 5914; x_wconf 89' lang='lat' dir='ltr'><strong>luerit,</strong></span> <span class='ocrx_word' id='word_1_959' title='bbox 2802 5860 2904 5916; x_wconf 89' lang='lat' dir='ltr'><strong>qua</strong></span> <span class='ocrx_word' id='word_1_960' title='bbox 2931 5844 2996 5900; x_wconf 91' lang='lat' dir='ltr'><strong>de</strong></span> <span class='ocrx_word' id='word_1_961' title='bbox 3016 5859 3174 5902; x_wconf 88' lang='lat' dir='ltr'><strong>causa</strong></span> <span class='ocrx_word' id='word_1_962' title='bbox 3199 5847 3276 5902; x_wconf 85' lang='lat' dir='ltr'><strong>sic</strong></span> <span class='ocrx_word' id='word_1_963' title='bbox 3299 5854 3437 5911; x_wconf 75' lang='lat' dir='ltr'><strong>oret,</strong></span> <span class='ocrx_word' id='word_1_964' title='bbox 3456 5846 3540 5900; x_wconf 75' lang='lat' dir='ltr'><strong>vi-</strong></span> 
     </span>
    </p>
   </div>
  </div>
