3980 6184
472 423 578 477 763

469 538 708 591 dcaiuns.
740 531 819 585 Ac
855 527 984 583 mihi
1025 523 1439 582 sollicitudinem
1479 517 1692 574 Domini
1723 513 2002 571 considera
2033 530 2047 565 :

469 640 573 680 non
597 621 748 684 dixit,
776 618 940 674 ludas
964 632 1052 672 me
1081 614 1288 680 tradet,
1316 628 1383 667 ne
1403 610 1563 666 editis
1597 605 1927 664 evidentibus
1952 600 2058 658 cri-

470 714 629 769 minis
664 710 873 766 indiciis
901 706 1347 778 impndentiorem
1398 703 1547 757 illum
1586 698 1838 755 redderet
1875 711 1891 748 :
1933 709 2055 749 cum

466 815 645 861 autem
675 803 765 858 ille
792 802 1099 858 stimulante
1138 795 1465 854 conscientia
1506 793 1761 855 dixisset,
1792 785 2057 857 Numquid

468 915 559 970 ego
582 914 724 962 sum,
753 893 1010 949 Domine?
1033 893 1104 946 ait
1130 892 1237 956 illi,
1259 887 1337 942 Tu
1356 888 1526 943 dixiin
1548 884 1777 956 (Matth.
1806 881 1897 937 26.
1923 880 1993 934 25
2013 879 2054 947 ),

469 999 523 1044 et
552 1004 619 1042 ne
649 996 759 1040 tum
791 984 1006 1055 quidem
1045 981 1232 1037 adduci
1273 978 1476 1049 potuit,
1514 985 1574 1032 ut
1597 990 1718 1031 eum
1748 979 2053 1035 accusaret,
2120 1022 2131 1037 ,

470 1079 565 1136 sed
597 1081 770 1148 ipsum
813 1076 1042 1131 indicem
1085 1073 1323 1128 criminis
1366 1072 1446 1125 sui
1491 1067 1788 1124 constituit.
1829 1064 2054 1120 Verum-

472 1183 648 1226 tamen
668 1184 735 1225 ne
752 1169 828 1224 sic
848 1168 1060 1239 quidem
1085 1166 1273 1221 melior
1291 1163 1485 1229 evasit,
1507 1161 1601 1216 sed
1622 1176 1743 1216 cum
1763 1156 2057 1226 accepisset

471 1263 765 1320 buccellam
808 1262 992 1317 exivit.
1020 1260 1150 1314 Cum
1179 1272 1306 1328 ergo
1346 1256 1565 1310 exiisset
1592 1250 1880 1321 assumptis
1902 1248 2058 1303 Jesns

470 1354 744 1425 discipulis
772 1354 846 1406 ait
867 1394 883 1420 ,
918 1351 1104 1407 Omnes
1143 1365 1228 1403 vos
1268 1346 1562 1402 scandalum
1604 1341 1859 1415 patiemini
1900 1340 1953 1393 in
1981 1354 2060 1392 me

472 1447 651 1517 (Ibid.
707 1463 756 1501 υ.
811 1442 1031 1515 {il-34).
1076 1441 1359 1497 Renitente
1400 1448 1578 1492 autem
1639 1436 1797 1490 Petro
1857 1448 1920 1487 ac
1971 1431 2055 1485 di-

474 1548 631 1595 cente
650 1579 665 1602 ,
700 1536 810 1590 Etsi
838 1551 1008 1589 omnes
1033 1530 1365 1587 scandalizati
1402 1528 1622 1598 fuerint,
1663 1541 1754 1595 ego
1783 1536 2058 1592 numquam

473 1620 857 1677 scandalizabor
874 1636 893 1674 :
919 1619 993 1673 ait
1018 1630 1204 1671 rursus
1227 1614 1383 1670 Iesus
1417 1630 1430 1664 :
1460 1613 1620 1665 Amen
1644 1610 1755 1663 dico
1781 1608 1891 1675 tibi,
1912 1614 2058 1660 ante-

473 1732 624 1787 quam
648 1715 815 1785 gallus
837 1720 1019 1776 cantet,
1052 1720 1125 1763 ter
1153 1724 1232 1761 me
1257 1705 1478 1776 negabis.
1506 1703 1639 1758 Cum
1668 1712 1849 1755 autent
1875 1712 2059 1753 rursus

473 1806 883 1870 contradiceret,
912 1800 1163 1869 deinceps
1193 1798 1338 1853 illum
1368 1793 1603 1864 reliquit.
1633 1791 1753 1846 Non
1778 1799 1948 1860 potes.
1978 1790 2061 1842 in.

475 1899 610 1969 quit,
631 1896 812 1952 verbis
834 1892 1161 1964 persuaderi,
1184 1889 1278 1946 sed
1308 1886 1648 1949 contradicis,
1671 1899 1733 1938 ac
1750 1881 1909 1937 rebus
1931 1880 2061 1950 ipsis

476 1990 567 2044 tibi
597 1985 1003 2059 persnadebitur
1026 1998 1130 2037 non
1161 1996 1282 2035 esse
1311 1978 1537 2034 Domino
1566 1971 2055 2030 contradicendum.

477 2082 648 2149 Atque
689 2077 879 2132 horum
929 2073 1060 2129 mihi
1106 2074 1299 2128 iterum
1354 2081 1623 2124 memores
1664 2073 1835 2120 estote
1869 2062 2060 2118 verbo-

475 2186 592 2226 rum
617 2169 693 2241 (a)
721 2188 733 2222 :
759 2169 902 2223 utilis
922 2168 1062 2222 enim
1081 2180 1266 2221 eorum
1291 2163 1395 2219 erit
1413 2160 1690 2223 memoria,
1715 2157 1841 2214 dum
1863 2155 2060 2211 oratio-

477 2278 596 2319 nem
628 2259 1081 2332 perscrutabimur
1109 2273 1124 2310 :
1152 2255 1410 2311 indicavit
1434 2251 1781 2324 proditorem,
1813 2246 2061 2319 przedixit

473 2356 709 2411 omnium
728 2353 935 2433 iugem,
963 2360 1018 2407 et
1041 2359 1269 2406 mortem
1296 2363 1449 2403 suam
1480 2362 1494 2399 :
1529 2342 1843 2406 Percutiam,
1864 2339 2058 2409 inquit,

474 2430 743 2518 pastorem,
776 2456 821 2500 et
856 2444 1206 2513 dispergentur
1241 2437 1531 2508 oves(lbid.
1559 2452 1607 2488 υ.
1638 2435 1730 2504 51)
1751 2451 1765 2488 :
1787 2430 2056 2502 praedixit,

473 2545 561 2615 qui
576 2559 634 2598 se
648 2543 1005 2611 abnegaturus
1021 2545 1183 2601 esset,
1208 2543 1262 2590 et
1279 2531 1509 2604 quando,
1525 2539 1579 2585 et
1593 2528 1820 2599 quoties,
1834 2535 1889 2581 et
1905 2538 2062 2593 accu-

474 2646 588 2691 rate
601 2632 798 2689 omnia.
814 2632 939 2686 Post
952 2630 1067 2685 htec
1077 2639 1135 2683 ut
1146 2627 1388 2682 idoneam
1401 2620 1748 2695 prmscientiae
1761 2617 2061 2672 futurorum

474 2728 658 2783 alierat
677 2724 1067 2794 probationem,
1086 2734 1206 2774 cum
1229 2716 1294 2772 ad
1312 2716 1489 2769 villam
1507 2710 1787 2782 quamdam
1806 2706 2060 2772 venisset,

476 2828 591 2876 orat
616 2834 630 2873 :
659 2826 714 2873 et
740 2816 817 2871 illi
844 2813 1060 2886 quidem
1089 2806 1379 2865 divinitatis
1404 2804 1697 2859 orationem
1719 2814 1838 2855 esse
1857 2798 2059 2861 dicunt,

476 2930 574 2971 nos
585 2920 765 2969 autem
782 2925 901 2967 esse
916 2907 1141 2964 dicimus
1157 2897 1585 2972 dispensationis.
1608 2894 1848 2950 iudicate
1862 2892 2061 2960 itaque,

477 3024 536 3064 ac
560 3023 656 3079 per
681 3005 847 3076 ipsius
871 2998 1128 3072 unigeniti
1157 2995 1380 3068 gloriam
1424 2993 1493 3046 ita
1540 2986 1856 3045 sententiam
1888 2982 2023 3037 ferte
2044 3020 2061 3047 ,

477 3109 534 3155 ut
559 3070 1042 3166 nihil-cujusquam
1084 3087 1269 3160 gratiae
1298 3083 1459 3139 detis.
1502 3079 1635 3134 Nam
1681 3073 1894 3130 tametsi
1922 3070 2064 3141 apud

475 3190 675 3245 amicos
699 3162 916 3243 causam
941 3183 1081 3247 dico,
1118 3191 1306 3249 precor
1337 3185 1514 3227 tamen
1543 3177 1597 3224 et
1625 3167 1869 3227 obsecro,
1896 3171 1955 3217 ut
1979 3162 2063 3217 in—

478 3288 783 3350 corruptum
815 3274 1099 3347 judicium,
1125 3284 1225 3324 nec
1251 3267 1416 3321 vel'in
1436 3261 1659 3333 gratiam
1686 3256 1873 3320 nostri,
1896 3253 1983 3309 vel
2011 3253 2064 3307 in

479 3345 687 3426 illorum
738 3345 924 3421 odium
966 3362 1080 3416 ﬁat.
1125 3358 1413 3413 Enimvero
1450 3367 1520 3407 ex
1549 3349 1652 3404 hoc
1692 3348 1807 3417 ipso
1835 3345 2066 3398 maxime

479 3469 687 3519 constat
705 3456 1003 3513 orationem
1025 3447 1316 3505 divinitatis
1343 3459 1449 3500 non
1471 3456 1612 3507 esse,
1638 3440 1778 3493 Deus
1797 3436 1940 3492 enim
1958 3448 2063 3487 non

480 3561 598 3611 urat
625 3570 641 3607 :
670 3549 764 3606 Dei
793 3557 876 3604 est
899 3543 1109 3600 adorari
1137 3584 1153 3608 ,
1189 3540 1284 3595 Dei
1313 3547 1397 3594 est
1434 3535 1729 3591 orationem
1757 3530 2029 3598 suscipere
2047 3567 2064 3593 ,

482 3664 588 3704 non
615 3644 912 3702 orationem
943 3638 1154 3694 offerre.
1180 3635 1427 3690 Attamen
1457 3628 1709 3700 quoniam
1732 3622 2069 3694 impudentes

482 3748 625 3804 sunt,
647 3752 715 3791 ex
744 3734 873 3806 ipsis
896 3727 1156 3787 orationis
1175 3725 1353 3781 verbis
1372 3721 1710 3777 manifestum
1730 3715 1956 3772 reddere
1970 3726 2067 3767 co-

484 3830 747 3894 nabimur,
763 3804 933 3881 totum
956 3819 1085 3876 illud
1105 3812 1518 3887 dispensationis
1537 3825 1676 3876 esse,
1694 3824 1757 3862 ac
1776 3804 2066 3863 secundum

483 3937 699 3980 carnem
724 3913 1070 3974 inﬁrmitatis.
1092 3907 1316 3977 Quando
1339 3906 1483 3962 enim
1510 3900 1714 3956 humile
1742 3897 1870 3969 quid
1900 3894 2072 3965 loqui-

486 4026 571 4070 tur
593 4011 871 4072 Christus,
903 4006 983 4061 sic
1023 4001 1224 4058 humile
1252 3997 1487 4068 loquitur
1514 4009 1578 4048 ac
1609 3991 1744 4055 vile,
1777 3998 1837 4045 ut
1863 4001 2070 4044 sunnna

486 4108 747 4162 dictorum
770 4098 1037 4156 humilitas
1058 4093 1144 4150 vel
1169 4089 1454 4147 admodum
1481 4082 1828 4141 contentiosis
1855 4093 2074 4150 persua-

488 4203 619 4258 dere
642 4204 824 4270 queat,
861 4193 953 4248 illa
980 4188 1141 4246 verba
1168 4185 1391 4240 multum
1421 4181 1488 4236 ab
1516 4179 1605 4235 illa
1636 4173 1885 4232 ineffabili
1915 4180 2074 4241 atque

486 4266 830 4349 inenarrabili
869 4281 1100 4339 essentia
1141 4275 1422 4334 dissidere.
1467 4270 1547 4326 Ad
1601 4270 1716 4339 ipsa
1758 4266 1918 4337 igitur
1954 4277 2075 4316 ora.

491 4384 653 4440 tionis
671 4379 832 4436 verba
860 4375 1156 4432 veniamus.
1182 4368 1360 4433 Pater,
1388 4365 1432 4421 si
1460 4362 1695 4435 possibile
1721 4369 1828 4422 est,
1855 4363 2075 4411 transeat

490 4496 523 4531 a
542 4493 621 4530 me
641 4474 778 4528 calin:
791 4472 903 4524 iste.
938 4465 1292 4521 Verumtamen
1311 4475 1412 4513 non
1432 4457 1558 4511 sicut
1575 4470 1665 4525 ego
1685 4454 1815 4516 volo,
1840 4449 1930 4506 sed
1948 4450 2077 4504 sicut

493 4579 548 4622 tu
573 4563 734 4636 (Ibid.
766 4577 814 4614 υ.
836 4555 966 4628 39).
1011 4555 1111 4610 Hic
1149 4552 1309 4623 igitur
1354 4563 1450 4605 eos
1485 4548 1892 4615 interrogemus,
1930 4542 2076 4612 igno-

494 4633 647 4713 ratne
671 4695 686 4713 .
715 4665 839 4706 num
871 4645 1124 4719 possibile
1149 4644 1253 4707 sit,
1281 4647 1372 4695 aut
1408 4636 1738 4709 impossibile
1757 4677 1771 4701 ,
1798 4634 1887 4705 qui
1921 4633 2077 4703 paulo

494 4757 618 4802 ante
632 4746 772 4800 inter
785 4736 1101 4796 cmuandum
1122 4733 1354 4796 dicebat,
1377 4729 1520 4785 Unus
1540 4746 1604 4783 ea:
1618 4728 1753 4782 vobis
1773 4725 1936 4779 tradet
1956 4740 2035 4777 me
2054 4722 2078 4776 i

494 4839 584 4910 qui
606 4836 762 4908 paulo
787 4842 912 4887 ante
936 4826 1165 4889 dicebat,
1196 4822 1458 4891 Scriptum
1486 4827 1579 4885 est,
1595 4815 1882 4870 Percutiam
1904 4824 2078 4885 pasto-

653 4938 700 4982 et
727 4926 1076 4996 dispergenlur
1100 4933 1213 4972 oves
1236 4958 1251 4981 ,
1279 4923 1351 4979 et,
1388 4913 1573 4967 Omnes
1600 4909 1897 4963 scandalum
1923 4906 2081 4977 patie-

497 5021 620 5075 mini
646 5019 702 5072 in
742 5016 859 5070 me?
883 5013 975 5083 qui
1015 5011 1175 5065 Petro
1201 5007 1354 5068 dixit,
1385 5002 1473 5058 Mc
1498 5001 1724 5071 negabis,
1766 5009 1840 5065 et,
1869 4997 1970 5052 Ter
2003 5014 2081 5052 me

499 5112 700 5183 negabis
728 5124 749 5164 :
776 5106 984 5162 hiccine
1002 5115 1184 5172 quaeso
1214 5113 1355 5153 nunc
1379 5093 1620 5166 ignorat?
1645 5092 1773 5159 Quis
1803 5091 1903 5146 hos
1928 5090 2084 5146 dixe-

501 5206 608 5271 rit,
635 5197 1025 5274 quantumlibet
1050 5194 1331 5249 adversum
1358 5186 1592 5245 sentiat?
1620 5185 1749 5241 Nam
1789 5200 1911 5239 cum
1953 5184 2081 5239 illud

500 5295 713 5367 quidem
738 5332 754 5360 ,
794 5289 937 5363 quod
970 5288 1246 5358 ignoratur
1264 5324 1280 5348 ,
1312 5280 1440 5367 nulli
1470 5293 1641 5367 neque
1667 5276 2044 5367 prophetarum
2065 5315 2083 5343 ,

503 5359 676 5451 neque
703 5359 1035 5448 angelorum,
1064 5382 1240 5439 neque
1265 5364 1727 5435 archangelorum,
1759 5372 1942 5416 notum
1971 5359 2088 5415 fue-

506 5472 611 5537 rit,
639 5483 824 5524 ansam
853 5467 1083 5535 aliquam
1125 5456 1475 5516 contentiosis
1522 5452 1747 5509 fortasse
1775 5452 2037 5522 praebebit
2068 5470 2082 5506 :

503 5578 626 5619 cum
646 5570 822 5616 autem
846 5556 974 5612 illud
999 5553 1141 5626 quod
1168 5552 1462 5622 ignoratur,
1490 5547 1562 5601 ita
1590 5546 1794 5602 clarum
1823 5553 1877 5599 et
1899 5543 2085 5612 explo-

507 5663 685 5710 ratum
702 5650 949 5706 omnibus
967 5646 1144 5711 fuerit,
1163 5654 1221 5699 ut
1242 5644 1402 5700 etiam
1429 5640 1671 5695 homines
1691 5648 1937 5694 accurate
1957 5636 2087 5691 illud

513 5743 788 5807 noverint,
817 5756 920 5809 qua
948 5736 1286 5794 excusatione
1306 5777 1321 5801 ,
1352 5749 1454 5805 qua
1482 5733 1639 5787 venia
1675 5730 1820 5801 digni
1853 5730 2044 5785 iuerint
2067 5771 2084 5796 ,

577 5843 651 5904 (a)
673 5840 758 5888 llic
775 5838 911 5889 locus
932 5839 983 5887 in
1004 5835 1177 5884 Concil.
1198 5841 1250 5882 Vl
1281 5830 1653 5882 exUlicumenio
1669 5832 1861 5895 citetur,
1890 5840 1986 5883 Act.
2010 5834 2084 5885 1ο.

1179 412 1234 468 s.
1270 407 1545 468 JOANNIS
1580 400 2064 462 cnnvsosrom
2102 397 2419 455 ARCHIEP.
2459 392 2997 454 CONS'I‘AN'I‘INOP.
3588 401 3673 457 ω

2168 510 2258 579 qui
2280 516 2589 564 asseverant
2603 522 2750 573 eum,
2769 506 2909 577 quod
2932 506 3217 576 ignoraret,
3242 505 3333 560 ista
3348 506 3552 564 dixisse?
3567 511 3681 571 san.

2164 599 2376 669 quidem
2402 598 2542 653 hunc
2562 598 2628 653 de
2646 613 2754 668 quo
2774 597 2980 668 agimus
2998 612 3293 651 sermonem
3317 599 3332 628 ί
3352 609 3517 656 exacte
3532 616 3683 661 servos

2165 691 2281 760 ejus
2314 689 2528 745 novisse
2554 689 2752 759 liquet,
2780 699 2836 744 et
2872 705 2965 759 per
2984 703 3198 743 crucem
3240 689 3358 743 illud
3396 692 3682 762 patiendum,

2162 798 2224 837 ac
2271 792 2376 836 tam
2425 782 2608 835 multis
2660 789 2785 835 ante
2821 779 2975 835 annis
3013 778 3202 832 horum
3252 789 3510 850 utrumque
3542 782 3686 838 decla-

2165 888 2289 927 rans
2320 870 2485 926 David
2518 887 2586 926 ex
2612 865 2842 940 persona
2866 867 3060 924 Christi
3092 867 3320 932 dicebat,
3350 866 3687 925 Fodemntma-

2162 981 2258 1019 nus
2272 979 2429 1027 meas,
2446 973 2491 1017 et
2512 962 2661 1033 pedes
2678 977 2814 1015 meos
2833 958 3002 1032 (Psal.
3020 960 3111 1015 21.
3137 960 3200 1013 1⁸7
3219 959 3258 1029 ),
3279 970 3330 1013 et
3348 960 3476 1028 quod
3497 962 3688 1017 iuturqu

2162 1065 2277 1111 erat
2302 1065 2569 1125 tamquam
2596 1054 2924 1125 prmteritum
2963 1053 3323 1118 annuneiavit,
3356 1054 3450 1108 hoc
3481 1054 3689 1109 nimirum

2162 1149 2428 1212 indicans,
2464 1146 2911 1217 quemadmodum
2943 1143 3058 1199 ﬁeri
3086 1145 3300 1213 nequit,
3328 1152 3382 1197 ut
3400 1158 3457 1198 ea
3481 1159 3585 1213 quae
3603 1144 3691 1213 jam

2161 1250 2455 1297 evenerunt
2479 1244 2612 1295 facta
2631 1255 2736 1293 non
2760 1238 2957 1294 fuerint
2973 1240 3016 1302 ¹,
3034 1237 3111 1291 sic
3132 1250 3230 1290 nec
3249 1250 3399 1305 posse
3415 1234 3537 1301 ﬁeri,
3554 1246 3603 1290 ut
3613 1237 3695 1292 hoc

2162 1348 2267 1387 non
2289 1332 2513 1387 accidat.
2538 1331 2741 1385 Rursus
2763 1329 2981 1384 Hesaias
3017 1327 3117 1381 hoc
3138 1327 3305 1395 ipsum
3328 1325 3592 1395 praedicens
3607 1326 3696 1380 aie-

2161 1425 2250 1480 bat
2272 1466 2287 1490 ,
2322 1425 2464 1481 Sicut
2490 1427 2592 1478 ovis
2617 1424 2684 1476 ad
2703 1422 3001 1477 occisionem
3023 1420 3204 1473 ductus
3227 1429 3295 1472 est
3317 1456 3334 1482 ,
3356 1429 3400 1472 et
3430 1419 3543 1473 sicut
3566 1435 3698 1488 agnas

2161 1532 2333 1570 coram
2360 1517 2595 1569 tondente
2620 1530 2673 1569 se
2720 1522 2890 1567 mutus
2930 1512 2948 1583 (
2972 1511 3146 1566 Hesai.
3174 1510 3353 1574 53.7).
3386 1509 3524 1564 llunc
3548 1523 3698 1562 rursus

2162 1625 2354 1681 agnum
2380 1623 2608 1664 cernens
2634 1607 2869 1663 Joannes
2893 1606 3048 1673 dixit,
3078 1603 3212 1659 Ecce
3238 1620 3397 1674 agnus
3420 1602 3511 1657 Dei
3530 1605 3604 1673 qui
3620 1603 3700 1655 tol-

2163 1701 2219 1754 lit
2239 1710 2499 1769 peccatum
2524 1698 2703 1752 mundi
2729 1696 2919 1770 (Joan.
2949 1699 3000 1751 1.
3026 1694 3133 1767 29)
3154 1737 3171 1762 ,
3200 1695 3293 1751 ille
3333 1695 3568 1749 nimirum
3592 1709 3702 1763 prai-

2162 1792 2373 1856 dictus,
2409 1790 2604 1860 inquit.
2640 1790 2717 1844 Ac
2756 1789 2878 1844 vide
2902 1829 2919 1855 ,
2950 1805 3056 1843 non
3103 1787 3414 1857 simpliciter
3438 1787 3616 1840 dictum
3638 1795 3707 1840 est

2162 1896 2331 1951 agnus
2350 1922 2366 1945 ,
2397 1879 2491 1936 sed
2525 1881 2764 1936 additum
2808 1890 2925 1945 est,
2958 1880 3073 1934 Dei.
3102 1878 3236 1934 Nam
3265 1879 3505 1949 quoniam
3529 1885 3579 1931 et
3597 1877 3707 1931 alter

2162 1980 2277 2026 erat
2298 1986 2467 2041 agnus
2492 1970 2767 2037 Judaicus,
2797 1980 2855 2025 ut
2885 1971 3027 2026 hunc
3051 1986 3172 2026 esse
3201 1970 3294 2025 Dei
3319 1968 3623 2034 ostenderet,
3644 1968 3709 2022 sic

2164 2063 2409 2133 loquutus
2432 2071 2535 2118 est.
2579 2061 2672 2117 Ille
2702 2077 2799 2132 pro
2836 2063 2947 2116 sola
2977 2070 3135 2132 gente
3163 2060 3500 2127 oﬁ‘erehatnr,
3532 2058 3610 2112 hic
3632 2071 3710 2126 pro

2165 2165 2276 2211 toto
2304 2166 2564 2212 terrarum
2593 2156 2723 2211 orbe
2753 2157 2854 2210 fuit
2892 2156 3104 2210 oblatus
3135 2171 3149 2208 :
3179 2164 3343 2223 atque
3370 2152 3505 2207 illius
3529 2150 3711 2221 quidem

2163 2247 2380 2317 sanguis
2405 2248 2737 2317 corporalem
2781 2247 2986 2317 plagam
3027 2244 3303 2315 prohibuit
3336 2259 3364 2296 a
3392 2242 3606 2305 Judteis,
3631 2240 3713 2292 hn-

2161 2341 2253 2410 jus
2281 2356 2410 2396 vero
2447 2341 2663 2411 sanguis
2708 2340 3075 2410 purgationem
3116 2338 3239 2393 orbi
3274 2336 3443 2391 attulit
3478 2333 3711 2387 universo.

2165 2434 2234 2489 Et
2263 2448 2391 2489 vero
2421 2432 2508 2488 hic
2541 2433 2791 2503 sanguis,
2819 2431 3025 2486 Judaiei
3049 2473 3063 2496 ,
3096 2430 3316 2500 inquam
3337 2470 3355 2495 ,
3379 2426 3494 2498 agni
3512 2467 3528 2491 ,
3550 2441 3640 2480 non
3660 2441 3712 2480 ex

2165 2537 2260 2577 sua
2301 2524 2472 2593 potuit
2509 2532 2731 2589 natura,
2763 2522 2907 2593 quod
2942 2522 3150 2592 potuit,
3179 2521 3280 2577 sed
3312 2520 3552 2592 quoniam
3585 2516 3715 2587 hujus

2163 2622 2280 2669 erat
2307 2613 2493 2683 figura,
2524 2614 2631 2668 vim
2656 2612 2800 2668 illam
2826 2612 3074 2668 obtinuit.

2235 2694 2289 2759 6.
2322 2705 2422 2760 Ubi
2449 2717 2572 2759 sunt
2602 2705 2758 2774 igitur
2784 2704 2878 2769 illi,
2907 2706 2994 2774 qui
3020 2704 3237 2769 dicunt,
3268 2711 3325 2759 et
3358 2702 3444 2756 ille
3468 2699 3621 2754 Filius
3644 2695 3719 2751 di-

2165 2797 2326 2862 citur,
2354 2808 2408 2852 et
2428 2812 2525 2851 nos
2550 2797 2663 2864 lilii,
2688 2807 2741 2851 et
2764 2796 2835 2852 ob
2861 2796 2997 2850 hanc
3022 2795 3402 2866 appellationis
3420 2790 3719 2848 communio-

2167 2904 2289 2942 nem
2314 2887 2380 2941 ad
2414 2898 2646 2941 nostram
2679 2887 2701 2918 ³
2726 2895 2988 2942 conantur
3030 2901 3154 2941 eum
3198 2885 3431 2956 dejicere
3466 2879 3723 2937 vilitatem?

2168 2981 2307 3036 Ecce
2337 2996 2568 3051 namque
2601 2994 2769 3051 agnus
2788 3021 2804 3044 ,
2847 2987 2902 3035 et
2927 2993 3124 3049 agnus.
3168 2987 3333 3049 atque
3359 2992 3515 3032 unum
3543 2973 3725 3044 quidem

2168 3082 2252 3128 est
2280 3087 2497 3137 nomen,
2524 3073 2800 3142 utriusque
2825 3086 2951 3126 vero
2980 3081 3188 3126 natura
3219 3070 3503 3124 discrimen
3532 3067 3726 3119 innuen-

2167 3180 2307 3220 snm.
2336 3165 2410 3221 Ut
2434 3180 2560 3235 ergo
2583 3180 2703 3220 cum
2727 3162 3095 3234 appellationis
3121 3163 3235 3218 illic
3260 3162 3413 3216 audis
3432 3156 3729 3215 communio-

2168 3271 2322 3323 nem,
2366 3256 2500 3313 nihil
2541 3255 2748 3324 :equale
2784 3264 2964 3310 mente
2999 3254 3280 3322 concipis:
3315 3254 3385 3306 ita
3424 3251 3651 3305 nimirum
3684 3253 3729 3300 et

2170 3347 2287 3411 hic,
2319 3346 2446 3401 dum
2483 3345 2647 3401 ﬁlium
2681 3346 2833 3399 audis
2870 3353 2925 3400 et
2962 3343 3160 3408 lilium,
3203 3344 3312 3398 noli
3341 3340 3650 3409 unigenitum
3674 3333 3731 3389 ad

2169 3438 2421 3493 vilitatem
2454 3446 2596 3491 tuam
2625 3436 2944 3506 deprimere.
2974 3435 3111 3502 Quid
3142 3450 3277 3491 vero
3305 3433 3374 3488 de
3396 3432 3560 3487 servis
3578 3428 3733 3483 dicea-

2171 3531 2295 3584 dutn
2324 3530 2445 3585 est?
2470 3530 2525 3585 Si
2561 3530 2706 3584 enim
2743 3527 3040 3583 divinitatis
3067 3528 3137 3582 sit
3176 3527 3390 3592 oratio,
3433 3537 3607 3579 secum
3640 3519 3736 3589 ipse

2172 3636 2408 3691 pugnare
2435 3620 2720 3683 videbitur,
2744 3619 2950 3689 sibique
2971 3618 3369 3681 contradicere,
3397 3626 3451 3671 et
3474 3608 3734 3668 adversari.

2173 3712 2277 3766 lste
2306 3712 2445 3766 enim
2487 3710 2577 3781 qui
2620 3709 2723 3765 hoc
2764 3710 2885 3765 loco
2922 3708 3084 3776 dixit,
3134 3708 3301 3763 Pater
3327 3709 3373 3762 si
3401 3703 3623 3778 possibile
3645 3707 3735 3765 est,

2173 3812 2394 3859 transeat
2418 3820 2450 3855 a
2475 3818 2555 3856 me
2580 3801 2716 3855 calix
2744 3802 2835 3855 iste
2863 3800 2881 3871 (
2903 3800 3088 3855 Matth.
3117 3799 3215 3855 26.
3249 3799 3344 3869 59)
3373 3817 3389 3853 :
3418 3796 3606 3867 quique
3625 3805 3737 3845 cun-

2173 3905 2367 3956 ctatur,
2395 3909 2463 3948 ac
2480 3891 2676 3963 refugit
2704 3892 3028 3962 passionem,
3052 3889 3179 3945 alibi
3208 3905 3335 3944 cum
3361 3887 3581 3943 dixisset
3603 3894 3739 3952 opor-

2176 3996 2292 4042 tere
2320 3984 2482 4039 lilinm
2523 3983 2755 4038 hominis
2791 3981 2928 4036 tradi
2949 4022 2963 4047 ,
2999 3990 3054 4037 et
3088 3979 3320 4051 ﬂagellis
3349 3978 3513 4041 caedi,
3541 3984 3740 4041 cumque

2172 4082 2394 4137 Petrum
2417 4081 2687 4135 dicentem
2714 4077 2999 4133 audiisset.
3038 4075 3321 4143 Propitius
3356 4073 3457 4127 tibi
3481 4079 3609 4134 esto,
3642 4064 3737 4120 Do-

2175 4175 2347 4228 mine:
2375 4189 2476 4225 non
2500 4172 2602 4225 erit
2632 4170 2728 4224 tibi
2755 4170 2873 4231 hoc,
2911 4168 2986 4222 ita
3010 4167 3377 4222 vehementer
3408 4164 3558 4218 illum
3584 4162 3742 4215 increo

2176 4263 2343 4333 pavit,
2370 4269 2430 4315 ut
2458 4260 2695 4315 diceret:
2744 4258 2883 4313 Vade
2906 4265 3025 4327 post
3052 4272 3156 4320 me,
3188 4254 3428 4317 Satana,
3456 4252 3742 4307 scandalum

2174 4373 2230 4410 es
2259 4354 2422 4416 mihi;
2454 4353 2580 4423 quia
2605 4368 2709 4406 non
2729 4352 2873 4418 sapis
2895 4366 2979 4415 ea,
3005 4364 3120 4419 quae
3146 4347 3251 4402 Dei
3272 4360 3423 4407 sunt.
3454 4344 3543 4399 sed
3565 4359 3623 4397 ea
3646 4354 3745 4410 qua:

2176 4446 2448 4502 hominum
2481 4443 2676 4516 (Marc.
2701 4444 2754 4499 8.
2776 4442 2867 4508 εἴη
2893 4440 3090 4495 Matth.
3124 4441 3221 4495 16.
3253 4443 3349 4494 22.
3382 4440 3519 4509 25)ε
3554 4426 3744 4491 tametsi

2182 4533 2337 4604 paulo
2361 4540 2485 4586 ante
2510 4531 2684 4601 ipsum
2710 4529 3050 4595 laudaverat,
3079 4529 3419 4598 beatumque
3446 4523 3745 4595 praedicarant.

2182 4623 2530 4678 nihilominus
2556 4621 2810 4677 Satanam
2834 4635 2956 4675 eum
2988 4620 3225 4683 vocavit,
3258 4634 3371 4673 non
3398 4616 3539 4688 quod
3562 4618 3746 4684 aposto-

2185 4718 2292 4771 lum
2326 4714 2613 4786 ignominia
2652 4714 2810 4767 vellet
2839 4712 3052 4767 al‘licere
3073 4754 3086 4777 ,
3131 4712 3232 4769 sed
3262 4712 3409 4782 quod
3442 4712 3543 4764 hoc
3583 4704 3749 4776 probro

2182 4816 2405 4878 cuperet
2433 4804 2692 4870 indicare,
2720 4819 2826 4858 non
2852 4819 2921 4858 ex
2949 4803 3111 4857 animi
3139 4803 3267 4872 ejus
3287 4801 3554 4857 sententia
3581 4795 3746 4850 dictum

2184 4898 2313 4953 illud
2343 4898 2603 4967 prolatum
2631 4894 2825 4958 fuisse,
2862 4894 2955 4949 sed
2978 4894 3112 4948 adeo
3140 4896 3387 4948 alienum
3410 4937 3426 4960 ,
3456 4903 3512 4946 ut
3537 4889 3620 4961 qni
3648 4879 3750 4940 illud

2189 4989 2489 5059 protulerit,
2522 4988 2646 5042 licet
2674 4987 2859 5041 Petrus
2886 4995 3049 5052 esset,
3077 4985 3343 5041 Satanam
3373 5001 3479 5038 non
3505 4980 3749 5036 dubitaveo

2187 5082 2259 5136 rit
2281 5079 2569 5150 appellare.
2594 5077 2732 5132 Alibi
2755 5093 2940 5132 rursus
2967 5077 3060 5141 ait,
3092 5074 3373 5131 Desiderio
3399 5070 3663 5130 desideravi
3680 5066 3753 5118 hoc

2191 5174 2393 5230 Pascha
2419 5172 2726 5226 manducare
2753 5170 3004 5225 uobiscum
3044 5168 3215 5238 (Luc.
3248 5170 3343 5225 22.
3373 5167 3494 5239 15).
3527 5167 3677 5234 Quam
3699 5156 3752 5209 ob

2190 5279 2405 5320 causam
2447 5263 2541 5316 hoc
2582 5261 2784 5314 Pascha
2811 5261 2976 5316 dicit?
3016 5261 3235 5315 tametsi
3266 5262 3377 5316 alio
3407 5273 3612 5331 quoque
3644 5263 3753 5307 lent-

2193 5371 2323 5425 pore
2362 5356 2554 5410 festum
2593 5352 2733 5407 istud
2772 5368 2893 5407 cum
2936 5353 3062 5421 ipsis
3096 5354 3353 5423 peregit:
3387 5366 3546 5422 quam
3575 5342 3755 5401 tandem

2191 5448 2261 5503 ob
2286 5445 2541 5503 causam?
2577 5444 2839 5512 Quoniam
2885 5443 3014 5499 illud
3054 5454 3358 5511 sequntura
3395 5459 3527 5499 crux
3557 5443 3679 5495 erat.
3705 5429 3760 5485 Ει

2193 5556 2378 5596 rursus
2396 5581 2411 5606 ,
2442 5538 2599 5592 Pater
2631 5537 2859 5607 clariﬁca
2884 5535 3078 5591 Filium
3105 5545 3289 5602 tuum,
3320 5547 3377 5590 ut
3404 5546 3453 5591 et
3486 5533 3645 5588 Filias
3665 5536 3762 5579 tua:

2257 5652 2274 5683 ι
2310 5657 2438 5708 Mss.,
2464 5656 2596 5699 Nunc
2620 5647 2682 5698 de
2705 5660 2849 5697 cruce
2870 5659 2961 5710 ago
2983 5658 3276 5710 sermonem.

2254 5714 2278 5784 ξ
2309 5713 2381 5784 sic
2397 5701 2571 5784 omnes
2588 5717 2766 5784 printer:
2785 5701 2928 5784 more]
2940 5711 3116 5784 .in_quo
3139 5708 3255 5759 haec
3273 5708 3491 5784 clausula
3514 5701 3669 5784 mutila

2196 5774 2382 5885 degit!
2397 5771 2562 5823 Morel.
2577 5770 2628 5821 et
2644 5770 2805 5832 savil.;
2829 5771 2918 5821 sed
2938 5771 2985 5819 in
3002 5770 3109 5820 Mss.
3133 5783 3274 5831 pene
3298 5772 3540 5829 omnibus,
3555 5771 3761 5815 nostram.
