3980 6184
227 340 322 397 763

220 454 349 509 ὅτιό
381 452 583 517 Ἰούδας
629 451 947 523 παραδώσει
979 465 1004 492 α
1050 470 1139 523 με,
1177 452 1318 506 ὥστε
1360 450 1437 524 μὴ
1471 453 1537 522 τῇ
1578 467 1805 521 περιφα-

221 539 339 602 νείᾳ
363 537 469 590 τῶν
494 536 732 606 ἐλέγχων
756 537 1242 608 ἀναισχυντότερον
1263 536 1427 589 αὐτὸν
1448 535 1816 604 ἐργάσασθαι·

222 626 294 684 ὡς
322 620 381 674 δὲ
405 621 613 682 ἐκεῖνος
654 619 759 671 ὑπὸ
794 618 890 672 τοῦ
932 620 1235 683 συνειδότος
1267 617 1625 689 κεντούμενός
1656 634 1811 687 φησι,

224 698 319 766 Μή
352 720 407 755 τι
438 701 555 772 ἐγώ
578 704 717 769 ειμι,
746 702 923 769 Κύριε
943 719 960 767 ;
983 701 1147 771 λέγει
1183 700 1363 767 αὐτῷ,
1388 702 1474 755 Σὺ
1497 698 1704 767 εἴπως’
1723 700 1817 753 καὶ

220 787 341 837 οὑδέ
390 784 512 838 τότε
560 784 725 837 αὑτοῦ
762 789 1138 856 κατηγορῆσαι
1175 785 1435 854 ἠνέσχετο
1463 824 1477 847 ,
1512 784 1626 837 ἀλλ’
1655 782 1816 837 αὑτὸν

220 866 414 922 ἑαυτοῦ
436 868 768 937 κατέστησεν
793 867 1011 938 ἔλεγχον
1033 885 1045 896 ·
1063 868 1176 920 ἀλλ’
1199 869 1347 938 ὅμως
1363 867 1485 921 οὺδέ
1511 867 1686 929 οὔτως
1698 865 1820 935 ἐγέ-

220 968 341 1005 νετο
368 949 622 1019 βελτίων,
645 948 780 1003 ἀλλά
808 949 986 1003 λαϐὼν
1010 951 1073 1004 τὸ
1089 950 1300 1022 ψωμίον
1338 950 1582 1021 ἐξῆλθεν.
1599 947 1816 1019 Ἐπειδὴ

219 1037 403 1089 τοίνυν
432 1033 651 1104 ἐξῆλθε,
674 1032 856 1087 λαϐὼν
887 1036 916 1087 6
961 1033 1172 1103 Ἰησοῦς
1210 1034 1336 1097 τοὺς
1380 1033 1629 1105 μαθητάς
1656 1049 1812 1104 φησι·

220 1117 453 1183 Πάντες
481 1116 653 1185 ὑμεῖς
681 1115 1295 1181 σκανδαλισθήσεσθε
1322 1116 1539 1183 ἐνέμοί
1556 1132 1570 1145 ·
1588 1113 1683 1168 τοῦ
1713 1115 1819 1167 Πέ-

217 1218 352 1271 τρου
396 1201 454 1252 δὲ
494 1199 866 1268 ἀντιλέγοντος
898 1199 928 1238 b
958 1198 1056 1251 καὶ
1102 1198 1385 1266 λέγοντος,
1417 1195 1545 1252 Κᾶν
1595 1196 1819 1262 πάντες

217 1283 894 1348 σκανδαλισθήσωνται,
918 1282 1056 1335 ἀλλ’
1079 1280 1194 1349 ἐγὼ
1230 1279 1516 1336 οὐδέποτε
1557 1279 1818 1334 σκανδα-

214 1366 620 1434 λισθήσομαι,
671 1364 836 1418 πάλιν
867 1366 897 1418 6
943 1363 1156 1434 Ἰησοῦς
1201 1380 1403 1434 φησιν,
1448 1363 1629 1433 Ἀμὴν
1662 1362 1818 1433 λέγω

216 1466 343 1511 σοι,
369 1450 517 1515 πρὶν
543 1448 845 1516 ἀλέκτορα
868 1445 1169 1517 φωνῆσαι,
1206 1446 1334 1515 τρίς
1365 1443 1692 1513 ἀπαρνήσῃ
1717 1461 1814 1514 με.

224 1532 319 1595 '0;
372 1531 431 1583 δὲ
483 1530 647 1583 πάλιν
697 1529 1020 1597 ἀντέλεγεν,
1066 1531 1248 1583 είασεν
1291 1528 1454 1581 αὐτὸν
1492 1527 1699 1582 λοιπόν.
1740 1528 1815 1581 Οὐ

216 1614 413 1687 πείθῃ.
444 1614 600 1684 φησὶ,
624 1613 714 1667 διὰ
748 1612 859 1666 τῶν
888 1611 1171 1684 ῥημάτων.
1190 1611 1304 1664 ἀλλ’
1321 1609 1625 1678 ἀντιλέγεις
1646 1626 1661 1641 ο
1700 1626 1819 1663 πει-

214 1698 400 1768 σθήσῃ
431 1696 523 1749 διά
542 1697 652 1749 τῶν
680 1696 1026 1766 πραγμάτων
1055 1695 1256 1759 αὐτῶν,
1282 1695 1365 1748 ὅτι
1401 1695 1645 1767 Δεσπότη
1670 1694 1819 1747 ἀντι-

216 1780 407 1847 λέγειν
430 1779 495 1831 οὐ
525 1780 656 1850 χρή.
687 1779 798 1833 Καὶ
822 1779 1027 1833 τούτων
1060 1796 1149 1849 μοι
1178 1777 1459 1849 μέμνησθε
1497 1776 1606 1830 τῶν
1641 1775 1822 1848 ῥημά-

217 1880 333 1916 των
362 1861 532 1916 πάλιν
565 1879 578 1893 ο
609 1864 879 1934 χρήσιμος
909 1861 1017 1933 γὰρ
1047 1860 1229 1916 αὐτῶν
1256 1862 1387 1932 ἡμῖν
1423 1861 1457 1931 ἡ
1489 1861 1676 1931 μνήμη
1720 1861 1819 1931 τὴν

217 1946 389 2017 εὐχὴν
417 1945 769 2010 ἐξετάζουσιν
787 1945 960 1998 ἔσται.
984 1940 1118 1997 Εἷπε
1154 1943 1243 1997 τὸν
1275 1942 1559 2014 προδότην,
1592 1946 1819 2014 προεῖπε

215 2028 319 2100 τὴν
349 2030 574 2082 πάντων
616 2028 827 2099 φυγὴν,
857 2028 951 2082 καὶ
996 2027 1088 2081 τὸν
1126 2025 1293 2081 αὐτοῦ
1346 2025 1570 2079 θάνατον
1592 2042 1606 2055 ’
1634 2024 1822 2079 Πατά-

217 2112 303 2176 ξω
325 2151 343 2175 ,
379 2112 539 2182 φησὶ,
582 2113 689 2165 τὸν
735 2110 1019 2180 ποιμένα,
1066 2109 1167 2163 καὶ
1202 2106 1821 2175 διασκορπισθήσεται

216 2197 288 2250 τὰ
333 2196 604 2263 πρόϐατα
640 2209 654 2224 ·
703 2197 933 2267 προεῖπε
983 2193 1075 2246 τὸν
1125 2192 1389 2264 μέλλοντα
1442 2191 1604 2244 αὑτὸν
1655 2192 1824 2263 ἀρνή-

219 2278 572 2340 σασθαι,καί
611 2278 741 2331 πότε
778 2278 872 2330 καὶ
911 2276 1165 2340 ποσάκις,
1206 2279 1300 2331 καὶ
1348 2277 1488 2349 μετά
1538 2275 1823 2347 ἀκριϐείας

221 2362 472 2416 ἃπαντα.
508 2360 619 2413 Καὶ
663 2360 799 2432 μετά
845 2360 1018 2413 ταῦτα
1068 2360 1247 2413 πάντα
1293 2359 1481 2431 ἱκανὴν
1514 2356 1677 2411 αὐτοῦ
1724 2358 1823 2427 τῆς

222 2442 593 2515 προγνώσεως
643 2443 754 2496 τῶν
803 2443 1107 2515 μελλόντων
1157 2442 1431 2509 ἀπόδειξιν
1478 2442 1621 2505 δοὺς,
1654 2440 1822 2493 ἐλθὼν

222 2527 318 2579 ἐπί
347 2544 409 2579 τι
437 2527 637 2597 χωρίον
671 2524 890 2597 εὔχεται
912 2527 1053 2580 ἰκαὶ
1096 2526 1291 2579 ἐκεῖνοι
1317 2525 1414 2596 μὲν
1443 2525 1714 2594 λέγουσιν,
1740 2523 1822 2575 ὅτι

222 2611 318 2679 τῆς
342 2609 607 2679 θεότητός
632 2610 780 2661 ἐστιν
809 2610 842 2680 ἡ
874 2609 1031 2680 εὐχὴ,
1057 2610 1220 2680 ἡμεῖς
1244 2609 1301 2661 δέ
1329 2608 1584 2678 λέγομεν,
1606 2609 1691 2661 ὅτι
1723 2605 1824 2676 τῆς

221 2693 563 2763 οἰκονομίας.
595 2692 865 2746 Δικάσατε
897 2692 1101 2758 τοίνυν,
1120 2693 1217 2745 καὶ
1245 2692 1384 2763 πρὸς
1412 2690 1584 2760 αὐτῆς
1611 2690 1710 2760 τῆς
1728 2688 1823 2742 τοῦ

220 2777 575 2846 Μονογενοῦς
603 2775 763 2848 δόξης
818 2775 1010 2847 μηδενὶ
1052 2776 1459 2847 κεχαρισμένην
1502 2776 1603 2846 τὴν
1644 2773 1825 2844 ψῆφον

224 2861 519 2929 ἐνέγκητε.
558 2860 622 2912 Εἰ
651 2859 758 2929 γὰρ
802 2859 899 2912 καί⁵
927 2860 987 2912 ἐν
1023 2858 1198 2928 φίλοις
1240 2858 1532 2929 δικάζομαι
1560 2855 1676 2921 νῦν,
1708 2855 1822 2908 ἀλλ’

224 2943 500 2997 ἀντιϐολῶ
525 2943 623 2996 καὶ
643 2942 852 3011 δέομαι,
883 2942 1179 2995 ἀδέκαστον
1207 2940 1459 3010 γενέσθαι
1487 2940 1587 3011 τὴν
1621 2939 1823 3009 κρίσιν.

223 3029 319 3080 καὶ
358 3027 505 3097 μήτε
543 3025 680 3096 πρὸς
721 3025 859 3096 ἐμὴν
882 3026 1063 3096 χάριν,
1109 3026 1243 3096 μήτε
1278 3023 1415 3096 πρὸς
1455 3023 1677 3077 ἐκείνων
1720 3024 1824 3076 ἀπ-

226 3107 474 3182 ἐχθειαν.
512 3110 762 3163 Μάλιστα
788 3110 885 3179 μὲν
908 3109 1016 3179 γάρ
1049 3110 1144 3162 κει)⁵
1171 3108 1393 3162 αὐτόθεν
1421 3107 1595 3179 δῆλον,
1625 3106 1706 3159 ὅτι
1727 3106 1824 3159 οὐκ

226 3195 344 3247 ἐστι
379 3195 486 3263 τῆς
540 3191 791 3260 θεότητος
824 3193 858 3262 ἡ
890 3192 1036 3263 ,εὐχή
1059 3208 1072 3222 ·
1105 3191 1239 3254 Θεὸς
1283 3190 1391 3261 γὰρ
1434 3191 1534 3243 οὐκ
1580 3189 1822 3259 εὔχεται,

225 3276 505 3347 Θεοῦ.γάρ
531 3274 592 3327 τὸ
622 3275 1046 3346 προσκυνεῖσθαί
1073 3277 1189 3328 ἐστι
1213 3292 1228 3308 ⁸
1259 3274 1393 3328 Θεοῦ
1415 3274 1475 3326 τὸ
1500 3273 1662 3343 εύχὴν
1676 3272 1826 3342 δέχε-

229 3361 381 3424 τθαι,
409 3359 474 3412 οὐ
505 3357 569 3410 τὸ
590 3357 755 3427 εὐχὴν
789 3358 1078 3430 ἀναφέρειν
1100 3375 1113 3388 ’
1142 3357 1255 3411 ἀλλ’
1277 3359 1425 3428 ὅμως
1461 3355 1647 3425 ἐπειδὴ
1675 3356 1827 3408 ἀναι-

231 3440 583 3513 σχυντοῦσιν,
624 3441 719 3494 ἀπ’
742 3441 921 3494 αὐτῶν
957 3441 1067 3494 τῶν
1092 3441 1354 3512 ῥημάτων
1378 3440 1478 3510 τῆς
1509 3441 1674 3512 εὐχῆς
1698 3439 1825 3510 ὑμῖν

229 3526 465 3596 ποιῆσαι
507 3524 841 3594 πειράσομαι
880 3523 1134 3595 φανερὸν,
1157 3525 1239 3577 ὃτι
1268 3524 1329 3577 τὸ
1352 3524 1469 3577 ὅλον
1494 3525 1596 3594 τῆς
1620 3526 1826 3577 οἱκονο·

234 3610 368 3680 μίας
396 3606 541 3672 ἐστὶ,
571 3606 789 3675 καὶτῆς
820 3606 961 3659 κατά
996 3605 1094 3677 τὴν
1118 3606 1297 3677 σάρκα
1327 3605 1629 3668 ἀσθενείας.
1660 3607 1827 3658 Ὀταν

232 3691 342 3763 γάρ
368 3688 682 3759 φθέγγηται
704 3705 757 3740 τι
774 3687 1027 3741 ταπεινὸν
1047 3691 1075 3741 6
1097 3688 1349 3758 Χριστὸς,
1367 3687 1511 3742 οὕτω
1534 3688 1826 3758 φθέγγεται

232 3772 493 3827 ταπεινὸν
511 3771 609 3826 καὶ
624 3771 855 3835 εὐτελὲς,
877 3772 952 3835 ὡς
967 3772 1066 3843 τὴν
1085 3771 1386 3844 ὑπερϐολὴν
1405 3772 1503 3842 τῆς
1516 3770 1830 3842 ταπεινότη-

232 3872 323 3920 τος
344 3854 458 3909 τῶν
470 3853 779 3925 λεγομένων
802 3858 896 3907 καὶ
916 3855 1042 3917 τοὺς
1068 3853 1270 3925 σφόδρα
1289 3852 1722 3923 φιλονεικοῦντας
1738 3853 1829 3905 δυ-

232 3939 474 4010 νηθῆναι
492 3938 797 3999 πεῖσαιβτι
820 3936 953 3991 πολὺ
978 3940 1075 4008 τῆς
1096 3938 1406 4008 ἀπορρήτου
1430 3939 1523 3990 καὶ
1549 3937 1826 4007 ἀφράστου

231 4024 430 4086 οὐσίας
459 4020 678 4091 ἐκείνης
701 4021 892 4074 ἀποδεῖ
912 4020 981 4074 τὰ
1004 4031 1025 4057 ο
1048 4021 1286 4090 ῥήματα.
1314 4021 1513 4090 Ἴωμεν
1537 4019 1713 4072 τοίνυν
1741 4020 1828 4071 ἐπ’

232 4106 378 4159 αύτά
400 4105 470 4158 τά
494 4106 712 4175 ῥήματα
735 4104 833 4174 τῆς
863 4103 1026 4173 εὐχῆς
1043 4120 1054 4133 ·
1074 4101 1285 4172 Πάτερ,
1313 4105 1367 4157 εί
1386 4103 1668 4168 δυνατὸν,
1682 4119 1827 4171 παρ-

233 4190 463 4244 αθέτω
512 4188 615 4242 ἀπ’
647 4187 793 4255 ἐμοῦ
845 4185 913 4240 τὸ
961 4184 1248 4253 ποτήριον
1278 4185 1485 4241 τοῦτο·
1518 4185 1688 4253 πλὴν
1714 4188 1827 4255 οὐχ

234 4274 319 4340 ὡς
337 4272 458 4337 ἐγὼ
473 4272 647 4337 θέλω,
659 4272 795 4324 ἀλλ’
807 4271 888 4335 ὠς
907 4270 1009 4324 σύ.
1024 4269 1419 4341 Ἐρωτήσωμεν
1433 4269 1614 4321 τοίνυν
1632 4268 1828 4332 αὐτοὺς

237 4353 480 4409 ἐνταῦθα
505 4370 518 4383 ·
540 4352 741 4421 ἀγνοεῖ,
770 4353 879 4405 εἴτε
904 4351 1149 4417 δυνατὸν,
1173 4353 1279 4404 εῐτε
1300 4352 1360 4403 ού
1393 4351 1636 4417 δυνατὸν,
1662 4353 1690 4404 6
1723 4351 1830 4421 πρὸ

245 4436 447 4509 μικροῦ
472 4436 646 4504 λέγων
672 4437 728 4488 ἐν
756 4433 834 4504 τῷ
853 4434 1074 4505 δείπνῳ,
1091 4429 1193 4501 Εἷς
1218 4434 1288 4497 ἐξ
1308 4433 1473 4503 ὑμῶν
1490 4432 1829 4501 παραδώσει

238 4536 352 4589 pe;
382 4522 412 4572 6
443 4518 553 4590 πρὸ
576 4517 775 4589 μικροῦ
809 4516 1004 4585 λέγων,
1044 4516 1378 4586 Γέγραπται
1397 4557 1412 4580 ,
1447 4515 1695 4581 Πατάξω
1722 4515 1829 4569 τὸν

246 4602 525 4671 ποιμένα,
548 4601 646 4654 καί
662 4599 1280 4670 διασκορπισθήσεται
1300 4598 1374 4653 τὰ
1391 4601 1655 4668 πρόϐατα
1674 4616 1686 4628 ·
1712 4600 1825 4661 καὶ,

246 4686 338 4739 ὅτι
363 4681 513 4755 [389]
532 4682 762 4748 Πάντες
777 4681 947 4752 ὑμεῖς
966 4681 1577 4749 σκανδαλισθήσεσθε
1590 4682 1659 4735 ἐν
1674 4682 1824 4751 ἐμοί·

234 4773 267 4824 ὁ
284 4767 366 4838 τῷ
384 4767 577 4838 Πέτρῳ
607 4764 892 4829 εἰπὼν,ὅτι
920 4764 1182 4833 Ἀρνήσῃ
1204 4781 1301 4834 με,
1329 4766 1443 4829 καὶ,
1477 4764 1731 4834 Ἀρνήσῃ
1752 4783 1830 4835 με

234 4852 375 4921 τρίς
393 4868 405 4879 ·
432 4842 591 4911 οὗτος
620 4849 807 4916 ἀγνοεῖ
832 4847 951 4909 νῦν,
985 4847 1106 4900 εἰπέ
1155 4863 1244 4917 μοι
1273 4863 1288 4911 ;
1318 4847 1429 4901 Kal
1464 4853 1547 4911 τίς
1579 4847 1645 4902 ἃν
1671 4848 1830 4902 τοῦτο

233 4937 394 4991 εἴποι
421 4936 517 4988 καὶ
542 4932 652 4987 τῶν
674 4931 923 4987 ὁπωσοῦν
949 4931 1363 5002 καθεστηκότων
1389 4949 1403 4998 ;
1443 4933 1551 4986 Καὶ
1576 4933 1682 5005 γὰρ
1700 4934 1828 4988 ὅταν

240 5020 354 5092 μὲν
448 5018 512 5070 τὸ
537 5016 897 5087 ἀγνοούμενον
921 5014 1107 5087 μηδενί
1138 5015 1298 5086 δῆλον
1333 5018 1473 5087 μήτε
1512 5017 1825 5089 προφητῶν,

236 5104 390 5174 μήτε
420 5099 696 5169 ἀγγέλων.
722 5100 863 5170 μήτε
886 5098 1267 5170 ἀρχαγγέλων,
1295 5099 1425 5162 ἴσως
1457 5100 1683 5170 παρέξει
1707 5103 1828 5154 τινὰ

230 5188 360 5248 τοῖς
407 5181 772 5253 φιλονεικοῦσι
811 5180 983 5251 λαϐήν
1007 5197 1022 5211 ·
1049 5181 1178 5233 ὅταν
1213 5180 1397 5250 μέντοι
1434 5180 1497 5233 τὸ
1529 5182 1827 5253 ἀγνοούμε-

231 5286 335 5321 νον
375 5266 549 5329 οὕτως
653 5263 885 5335 φανερὸν
928 5265 1022 5317 καὶ
1057 5263 1331 5335 γνώριμον
1376 5261 1600 5327 ἅπασιν,
1627 5264 1703 5329 ώς
1734 5266 1828 5319 καὶ

232 5349 574 5419 ἀνθρώπους
611 5347 744 5401 αὐτὸ
784 5346 983 5400 εἰδέναι
1017 5345 1156 5415 μετά
1181 5344 1488 5415 ἀκριϐείας,
1520 5346 1647 5399 ποία
1688 5347 1827 5401 ἀπο-

233 5433 405 5501 λογία
448 5432 544 5485 καὶ
583 5430 711 5483 ποία
747 5429 1042 5499 συγγνώμη
1077 5430 1188 5490 τοῖς
1228 5427 1494 5497 λέγουσιν,
1536 5428 1619 5481 ὃτι
1666 5430 1828 5494 αὐτὸς

234 5514 457 5578 ἀγνοῶν
483 5511 657 5567 ταῦτα
681 5512 863 5581 ἔλεγες
895 5511 1093 5565 Τοῦτον
1125 5510 1303 5564 τοίνυν
1338 5508 1428 5563 τὸν
1449 5511 1574 5581 περί
1606 5502 1668 5563 οὗ
1688 5511 1828 5581 λέγω

310 5665 337 5689 ει
365 5660 447 5710 Sic
467 5674 645 5711 omnes
666 5673 799 5716 mss...
827 5658 993 5709 Morel.
1016 5669 1136 5706 vero
1161 5658 1474 5721 παραδίδωσι.

312 5722 343 5757 ιν
369 5725 449 5770 Sic
464 5735 638 5771 omnes
655 5735 792 5781 mm,
815 5721 985 5771 Morel.
1014 5733 1133 5769 vero
1155 5719 1502 5776 ἀντιτείνοντος.

313 5790 334 5813 ⁸
366 5786 458 5833 Alii
484 5784 748 5836 ἀποόεἷται.

1026 339 1115 395 DE
1152 337 1818 402 CONSUBSTANTIALI,
1860 337 2136 393 CONTRA
2168 341 2555 400 ANODKEOS.
2600 345 2716 401 νυ.

3384 348 3488 402 ’ῖίίί

1921 451 2119 519 λόγονεί
2154 455 2247 507 καί
2279 455 2452 509 δοῦλοι
2484 455 2651 510 αὑτοῦ
2693 458 2973 528 φαίνονται
3019 459 3156 532 μετά
3204 459 3488 531 ἀκριϐείας

1919 535 2138 600 εἰδότες,
2161 539 2254 591 καὶ
2301 540 2381 591 ὅτι
2406 538 2716 607 ἀποθανεῖν,
2745 542 2841 594 καὶ
2856 543 2938 595 ὅτι
2965 542 3053 596 διά
3084 544 3315 612 σταυροῦ
3331 544 3489 597 τοῦτο

1918 618 2111 672 παθεῖν
2130 620 2292 672 αὐτὸν
2316 621 2443 684 ἔδει,
2470 622 2565 675 καὶ
2591 623 2697 695 πρὸ
2729 624 3000 679 τοσούτων
3034 626 3170 679 ἐτῶν
3204 626 3490 698 ἀμφότερα

1915 699 2090 753 ταῦτα
2112 702 2286 771 δηλῶν
2316 705 2343 756 6
2376 703 2536 756 Δαυῖδ
2574 704 2757 773 ἔλεγεν
2794 707 2857 759 ἐκ
2884 707 3174 777 προσώπου
3206 706 3300 760 τοῦ
3348 706 3486 778 Χρι-

1922 783 2067 834 στοῦ·
2098 784 2360 853 "apvt-jar
2384 786 2585 854 xz»:de
2603 805 2722 857 μου
2762 789 2856 842 καὶ
2888 790 3074 856 πόδας
3110 808 3228 859 μου
3257 806 3271 820 ο
3305 791 3399 844 καὶ
3429 790 3491 843 τὸ

1921 865 2114 933 μέλλον
2158 866 2233 930 ὡς
2277 870 2641 939 γεγενημένον
2681 882 2704 909 ο
2741 872 3041 942 ἀπήγγειλε
3064 913 3079 937 ,
3123 873 3335 936 δεικνὺς
3368 873 3450 925 ὅτι
3474 910 3491 935 ,

1919 947 2168 1021 καθάπερ
2195 949 2264 1002 τά
2319 953 2601 1022 συμϐάντα
2633 954 2911 1024 ἀμήχανον
2984 955 3058 1025 μὴ
3084 955 3335 1025 γενέσθαι
3354 994 3368 1016 ,
3395 955 3488 1009 οὖ-

1918 1048 1995 1084 τω
2036 1033 2131 1084 καὶ
2188 1032 2349 1086 τοῦτο
2397 1036 2678 1105 ἀμήχανον
2736 1037 2809 1107 μὴ
2864 1038 3211 1106 γεγενῆσθαι.
3248 1038 3419 1092 Πάλιν
3463 1039 3492 1090 6

1930 1115 2158 1177 Ἡσαΐας
2190 1115 2322 1169 αὐτὸ
2349 1117 2506 1170 τοῦτο
2533 1120 2937 1190 προαναφωνῶν
2967 1121 3150 1190 ἔλεγεν
3169 1139 3181 1152 ο
3221 1122 3318 1186 Ὡς
3349 1122 3491 1189 πρό-
3528 1116 3539 1137 ⁸

1918 1196 2100 1250 ϐαῖνον
2130 1197 2228 1263 ἐπὶ
2267 1201 2517 1269 σφαγὴν
2548 1201 2725 1270 ἢχθη,
2759 1202 2856 1255 καί
2886 1203 2966 1269 ὡς
2992 1204 3180 1271 ἀμνὸς
3213 1204 3493 1258 ἐναντίον

1916 1278 2023 1332 τοῦ
2090 1280 2395 1350 κείροντος
2447 1283 2634 1337 αὐτὸν
2687 1282 2945 1353 ἄφωνος.
3000 1284 3201 1340 Τοῦτον
3259 1286 3419 1340 πάλιν
3464 1287 3495 1338 ό

1930 1361 2181 1431 Ἰωάννης
2224 1364 2315 1417 τὸν
2364 1365 2534 1435 ἀμνὸν
2574 1365 2695 1420 ἰδὼν
2741 1366 2945 1435 ἔλεγεν,
2980 1368 3093 1423 Ἴδε
3121 1373 3153 1423 ό
3179 1368 3365 1438 ἀμνὸς
3387 1368 3494 1423 τοῦ

1919 1443 2067 1496 Θεοῦ
2092 1448 2123 1498 ό
2151 1446 2335 1513 αἴρων
2359 1447 2475 1514 τὴν
2495 1449 2791 1516 ἁμαρτίαν
2816 1450 2924 1504 τοῦ
2954 1454 3208 1520 κόσμου,
3237 1452 3441 1515 ἐκεῖνος
3465 1452 3495 1503 6

1922 1527 2278 1597 προρῤηθεὶς,
2336 1529 2490 1600 φησί.
2529 1530 2639 1583 Καὶ
2681 1533 2805 1602 ὅρα,
2845 1534 2943 1603 οὐχ
2980 1534 3165 1597 ἁπλῶς
3216 1535 3430 1606 εἴρηται
3464 1535 3495 1587 6

1920 1608 2111 1678 ἀμνὸς,
2138 1610 2284 1689 ἀλλά
2316 1613 2637 1682 πρόσκειται
2663 1614 2758 1667 τοῦ
2793 1614 2948 1670 Θεοῦ.
2998 1617 3216 1688 Ἐπειδὴ
3254 1617 3365 1689 γὰρ
3401 1618 3495 1671 καὶ

1921 1690 2106 1762 ἓτερος
2131 1687 2199 1762 ἦν
2230 1694 2401 1762 ἀμνὸς
2446 1695 2475 1746 6
2532 1697 2841 1762 Ἰουδαῖκὸς,
2890 1697 3066 1769 δηλῶν
3102 1700 3185 1753 ὅτι
3208 1687 3365 1764 οὗτος
3396 1700 3491 1755 τοῦ

1920 1772 2055 1826 Θεοῦ
2096 1777 2212 1828 ἐστι
2253 1775 2297 1843 ί,
2331 1777 2420 1830 διὰ
2459 1778 2617 1830 τοῦτο
2653 1778 2828 1840 οὕτως
2853 1776 3025 1835 εἶπεν.
3077 1783 3316 1847 Ἐκεῖνος
3358 1784 3497 1855 ὑπὲρ

1919 1856 2014 1908 τοῦ
2067 1855 2255 1921 ἔθνους
2295 1860 2664 1932 προσεφέρετο
2703 1862 2883 1932 μόνον,
2918 1857 3074 1927 οὗτος
3121 1866 3261 1937 ὑπὲρ
3298 1868 3395 1937 τῆς
3422 1869 3497 1919 οἰ-

1920 1955 2018 1993 κου
2029 1939 2197 2010 μένης
2224 1944 2571 2015 προσηνέχθη
2599 1945 2780 2015 πάσης
2798 1963 2812 1978 ο
2848 1946 3104 2000 κάκείνου
3148 1949 3247 2019 μέν
3277 1949 3336 2003 τὸ
3358 1945 3499 2021 αἷμα

1922 2022 2137 2095 πληγὴν
2189 2026 2509 2103 σωματικὴν
2569 2026 2838 2081 ἐκώλυσεν
2890 2029 2950 2094 ἐξ
3009 2031 3277 2086 Ἰουδαίων
3318 2033 3496 2103 μόνον,

1919 2105 2113 2158 τούτου
2156 2106 2211 2159 δὲ
2258 2106 2320 2158 τὸ
2360 2102 2502 2179 αἷμα
2533 2108 2632 2177 τῆς
2669 2112 2997 2182 οἰκουμένης
3051 2114 3267 2183 ἁπάσης
3322 2102 3497 2181 κοινὸς

1921 2188 2113 2256 γέγονε
2144 2188 2447 2259 καθαρμός.
2483 2191 2592 2244 Καὶ
2620 2191 2779 2246 τοῦτο
2808 2194 2864 2246 δέ
2885 2195 2944 2247 τὸ
2966 2190 3106 2266 αἷμα
3133 2198 3194 2249 τὸ
3230 2197 3324 2251 τοῦ
3368 2199 3500 2253 Ἰου-

1921 2270 2108 2323 δαῖκοῦ
2142 2272 2317 2342 ἀμνοῦ
2362 2273 2581 2343 ἴσχυσεν
2616 2274 2754 2345 ὅπερ
2798 2277 3050 2346 ίσχυσεν,
3091 2280 3153 2332 οὐ
3200 2280 3353 2352 παρὰ
3400 2282 3499 2353 τὴν

1921 2353 2131 2406 οἰκείαν
2159 2353 2343 2422 φύσιν,
2372 2355 2491 2407 ἀλλ’
2526 2356 2713 2427 ἐπειδὴ
2743 2357 2933 2412 τούτου
2970 2360 3139 2426 τύπος
3166 2357 3254 2432 ἦν,
3282 2364 3381 2435 τὴν
3410 2364 3501 2419 δύ-

1922 2453 2085 2506 ναμιν
2104 2436 2259 2505 ἔσχεν
2285 2437 2522 2509 ἐκείνην.

1995 2532 2068 2584 ς’.
2090 2519 2200 2572 Ποῦ
2234 2521 2415 2573 τοίνυν
2449 2523 2585 2575 εἰσὶν
2601 2525 2648 2576 οἰ
2670 2523 2939 2592 λέγοντες,
2959 2526 3039 2579 ὅτι
3068 2528 3161 2580 καὶ
3181 2529 3343 2593 αὐτὸς
3373 2530 3500 2594 Υἱὸς

1923 2602 2156 2670 λέγεται,
2181 2603 2451 2674 καὶὴμεῖς
2481 2606 2608 2669 υἱοὶ,
2642 2606 2737 2659 καὶ
2762 2606 2870 2659 ἀπὸ
2903 2608 3006 2677 τῆς
3046 2611 3185 2664 κατά
3213 2612 3313 2681 τὴν
3339 2629 3504 2683 προσ·

1923 2686 2150 2756 ηγορίαν
2174 2687 2459 2750 κοινωνίας
2493 2690 2574 2751 είς
2604 2690 2883 2745 εὐτέλειαν
2927 2692 3089 2745 αὐτὸν
3128 2694 3280 2763 ἄγειν
3305 2697 3502 2767 ἡμετέ-

1927 2787 2028 2839 ραν
2082 2779 2106 2816 8
2161 2768 2599 2840 ἐπιχειροῦντες;
2664 2773 2796 2826 Ἰδοὺ
2848 2775 2955 2846 γάρ
3013 2775 3106 2828 καὶ
3161 2777 3351 2848 ἀμνὸς,
3408 2780 3503 2833 καὶ

1924 2851 2111 2920 ἀμνὸς,
2145 2852 2241 2905 καὶ
2267 2852 2323 2905 ἓν
2354 2853 2453 2921 μὲν
2486 2853 2548 2906 τὸ
2572 2854 2766 2925 ὄνομα,
2793 2855 2854 2909 τὸ
2876 2857 2933 2909 δέ
2968 2858 3132 2927 μέσον
3159 2862 3258 2929 τῆς
3289 2861 3502 2931 φύσεως

1924 2934 2189 3005 ἑκατέρας
2210 2935 2456 3005 ἄπειρον.
2489 2937 2700 3008 Ὥσπερ
2716 2934 2809 2990 οὖν
2834 2938 3048 2992 ἀκούων
3069 2941 3304 2997 ἐνταῦθα
3334 2961 3504 3015 προσ-

1924 3017 2150 3087 ηγορίας
2185 3018 2507 3101 κοινωνίαν,
2554 3020 2707 3073 οὐδὲν
2753 3021 2864 3075 ἴσον
2927 3024 3204 3096 φαντάζῃ,
3251 3026 3396 3080 οὕτω
3438 3028 3502 3101 δὴ

1925 3098 2283 3183 καὶένταῦθα
2318 3100 2532 3155 ἀκούων
2560 3103 2674 3155 υἱὸν
2706 3104 2801 3156 καὶ
2827 3105 2964 3169 υἱὸν,
2992 3107 3067 3178 μὴ
3098 3108 3237 3180 πρὸς
3267 3109 3367 3177 τὴν
3402 3098 3502 3183 σὴν

1924 3181 2198 3235 εὐτέλειαν
2224 3184 2427 3251 κάταγε
2455 3184 2546 3237 τὸν
2573 3187 2874 3259 Μονογενῆ.
2916 3188 3077 3243 Ἀλλά
3099 3190 3151 3243 τί
3182 3192 3289 3263 χρὴ
3324 3181 3502 3262 λέγειν

1925 3263 2175 3350 περὶτῶν
2193 3264 2369 3335 δήλων
2396 3267 2422 3305 ιι
2445 3282 2460 3331 ;
2484 3267 2547 3319 Εἰ
2569 3268 2678 3338 γάρ
2706 3271 2805 3339 τῆς
2827 3270 3094 3337 Θεότητός
3126 3275 3272 3328 ἐστιν
3293 3277 3325 3347 ἠ
3344 3277 3498 3350 εὐχὴ,

1925 3348 2279 3418 εὑρεθήσεται
2306 3350 2400 3402 καὶ
2432 3351 2594 3414 αὐτὸς
2626 3352 2804 3424 ἐαυτῷ
2834 3355 3182 3426 περιπίπτων
3220 3359 3315 3412 καὶ
3343 3348 3501 3413 ἐναν-

1924 3429 2184 3498 τιολογῶν
2207 3431 2303 3484 καὶ
2337 3432 2664 3504 μαχόμενος.
2692 3428 2860 3500 οὗτος
2876 3437 2986 3508 γάρ
3004 3440 3032 3491 6
3054 3439 3289 3493 ἐνταῦθα
3309 3442 3499 3508 εἰπὼν,

1925 3512 2138 3579 Πάτερ,
2171 3516 2224 3566 εἰ
2243 3514 2527 3579 δυνατὸν,
2556 3518 2898 3585 παρελθέτω
2920 3522 3021 3574 ἀπ’
3049 3521 3196 3591 ἐμοῦ
3223 3524 3289 3577 τὸ
3314 3526 3502 3594 ποτή-

1918 3612 2058 3679 ριον
2097 3595 2291 3662 τοῦτο,
2340 3597 2434 3651 καὶ
2477 3599 2653 3653 ὀκνῶν
2707 3602 2799 3653 καὶ
2851 3602 3217 3675 ἀναδυόμενος
3248 3608 3387 3679 πρὸς
3442 3609 3504 3664 τὸ

1928 3678 2120 3741 πάθος,
2159 3678 2392 3763 ἀλλαχοῦ
2430 3679 2620 3747 εἰπὼν,
2656 3683 2737 3736 ὄτι
2775 3685 2857 3737 δεῖ
2880 3686 2971 3739 τὸν
3007 3686 3138 3741 Υἰὸν
3165 3691 3259 3743 τοῦ
3289 3678 3499 3763 ἀνθρώ.

1929 3777 2034 3847 που
2068 3762 2437 3847 παραδοθῆναι
2469 3766 2565 3817 καὶ
2601 3768 3032 3840 μαστιγωθῆναι,
3064 3772 3250 3845 ἐπειδὴ
3293 3762 3502 3847 Πέτρου

1929 3846 2130 3928 ἤκουσε
2158 3845 2427 3928 λέγοντος,
2460 3847 2665 3915 Ἵλεώς
2679 3866 2799 3914 σοι,
2818 3854 2890 3905 οὐ
2900 3852 2987 3920 μὴ
3003 3854 3174 3908 ἔσται
3188 3873 3287 3911 σοι
3301 3845 3500 3928 τοῦτο,

1931 3925 2076 3980 οὕτω
2105 3927 2313 3999 σφόδρα
2346 3930 2700 4002 ἐπετίμησεν,
2734 3933 2810 3997 ώς
2832 3936 3027 4002 εἰπεῖν,
3062 3938 3292 4010 "utare
3309 3925 3502 3995 ὀπίσω

1922 4027 2063 4078 μου,
2100 4012 2370 4067 Σατανᾶ’
2408 4013 2759 4071 σκάνδαλόν
2786 4036 2906 4086 μου
2930 4016 3003 4082 εἷ,
3038 4020 3128 4075 ὅτι
3159 4027 3232 4077 οὐ
3262 4024 3502 4092 φρονεῖς

1931 4093 2001 4146 τὰ
2051 4095 2157 4147 τοῦ
2191 4095 2359 4175 Θεοῦ,
2387 4096 2550 4151 ἀλλὰ
2589 4102 2660 4152 τὰ
2689 4099 2807 4154 τῶν
2843 4102 3187 4170 ἀνθρώπων.
3221 4105 3412 4159 Καίτοι
3437 4124 3502 4175 γε

1931 4177 2038 4248 πρὸ
2068 4176 2296 4247 βραχέος
2319 4173 2388 4248 ἦν
2413 4179 2575 4232 αὐτὸν
2597 4182 2889 4248 ἐπαινέσας
2910 4186 3002 4237 καὶ
3025 4188 3356 4257 μακαρίσας,
3384 4173 3499 4241 ἀλλ’

1929 4258 2076 4328 ὅμως
2107 4260 2351 4312 Σατανᾶν
2393 4262 2556 4314 αὐτὸν
2587 4263 2867 4324 ἐκάλεσεν,
2896 4267 3017 4335 οὐχὶ
3047 4268 3137 4322 τὸν
3180 4269 3500 4325 Ἀπόστολον

1929 4342 2150 4413 ὑϐρίσαι
2192 4343 2534 4413 βουλόμενος,
2570 4345 2705 4400 ἀλλά
2732 4348 2821 4400 διά
2848 4349 2947 4418 τῆς
2977 4348 3185 4421 ῦϐρεως
3215 4352 3383 4420 δεῖξαι
3411 4352 3501 4409 θέο

1930 4425 2056 4508 λων,
2173 4424 2393 4508 [5101ού
2426 4428 2565 4479 κατά
2586 4428 2812 4499 γνώμην
2835 4431 2985 4502 αὐτῷ
3011 4433 3072 4485 τὸ
3096 4435 3383 4504 εἰρημένον
3406 4431 3496 4508 ἦν,

1930 4505 2045 4558 ἀλλ’
2071 4505 2243 4570 οὕτως
2266 4507 2565 4579 ἀλλότριον,
2596 4510 2672 4573 ώς
2700 4512 2792 4567 τὸν
2821 4513 2995 4567 ταῦτα
3017 4516 3299 4587 εἰρηκότα,
3324 4505 3499 4575 καίτοι

1931 4588 2134 4661 Πέτρον
2164 4590 2313 4651 ὄντα,
2364 4591 2439 4661 μὴ
2475 4592 2702 4663 ὀκνῆσαι
2737 4595 2982 4649 Σατανᾶν
3011 4598 3296 4667 ὀνομάσαι.
3331 4600 3500 4659 Πάλιν

1930 4672 2162 4743 ἀλλαχοῦ
2202 4691 2395 4744 φησιν·
2444 4676 2753 4746 Ἐπιθυμίᾳ
2782 4679 3135 4750 ἐπεθύμησα
3173 4683 3239 4735 τὸ
3284 4683 3500 4753 Πάσχα

1930 4755 2106 4809 τοῦτο
2124 4758 2336 4826 φαγεῖν
2359 4760 2487 4827 μεθ’
2512 4758 2697 4829 ὑμῶν.
2719 4762 2878 4826 Τίνος
2891 4759 2984 4817 οὖν
3010 4764 3196 4817 ’ἑνεκεν
3220 4764 3282 4817 τὸ
3307 4767 3498 4837 Πάσχα

1930 4838 2089 4893 τοῦτό
2133 4858 2299 4910 φησι;
2342 4844 2518 4898 καίτοι
2558 4845 2652 4898 καὶ
2703 4845 2891 4900 ἄλλοτε
2939 4848 3038 4917 τὴν
3078 4846 3271 4919 ἑορτὴν
3296 4848 3500 4921 ταύτην

1930 4922 2213 4976 ἐπετέλεσε
2267 4927 2385 4995 μετ’
2420 4928 2629 4980 αὐτῶνο
2673 4928 2819 4992 τίνος
2868 4924 2961 4982 οὖν
3005 4928 3220 4995 ἕνεκεν;
3282 4929 3502 5004 Ἐπειδὴ

1933 5005 2052 5074 μετ’
2081 5005 2215 5058 αὐτὸ
2234 5008 2263 5059 6
2291 5008 2523 5080 σταυρὸς
2543 5006 2630 5080 ἦν.
2657 5010 2768 5063 Καὶ
2792 5010 2973 5072 πάλιν.
3004 5009 3214 5079 Πάτερ,
3235 5011 3504 5077 δόξασόν

1930 5100 2048 5141 σου
2079 5088 2185 5142 τὸν
2219 5090 2377 5149 Υίὸν,
2397 5093 2497 5146 ἵνα
2524 5092 2619 5145 καὶ
2649 5096 2682 5146 ό
2720 5095 2853 5159 Υἱός
2875 5109 2994 5148 σου
3015 5093 3251 5164 δοξάσῃ
3276 5109 3371 5150 σε.
3392 5098 3507 5155 Καὶ

1992 5288 2018 5328 ἆ
2044 5289 2156 5358 Μεε.
2177 5291 2401 5358 e}_S_avil_.
2423 5291 2588 5358 :06va
2605 5292 2712 5356 περὶ
2727 5291 2815 5340 τοῦ
2845 5291 3053 5357 σταυροῦ
3074 5295 3198 5357 λέγω
3218 5295 3376 5358 λόγον,
3420 5294 3504 5350 alii

1927 5353 2009 5400 τὸν
2028 5354 2136 5415 περὶ
2159 5352 2221 5415 οὖν
2237 5353 2360 5415 λέγω
2382 5354 2536 5415 λόγον.

1996 5423 2021 5452 ο
2044 5412 2127 5487 §fc
2148 5412 2407 5463 evidenter
2447 5412 2815 5475 rescribendum
2840 5412 2947 5477 (uiz,
2971 5427 3061 5477 pro
3085 5416 3222 5476 edim
3244 5420 3504 5482 γενησόμε-

2044 5475 2258 5607 ἳξίῦιιίὶωξ
2295 5550 2410 5607 ξρετε
2435 5539 2507 5607 git:
2525 5536 2709 5588 habent
2757 5536 3034 5599 Ἰσυδαίκὸς,
3073 5539 3153 5590 διὰ
3168 5538 3326 5590 τοῦτο
3349 5544 3508 5605 φησὶν,

1928 5602 2001 5648 ὅτι
2022 5598 2159 5654 οὗτος
2178 5598 2264 5646 τοῦ
2290 5598 2413 5646 Θεοῦ
2435 5600 2579 5647 ἐστιν.

1994 5660 2124 5728 8.$ic
2148 5659 2318 5709 Morel.
2346 5665 2397 5707 el
2414 5658 2586 5719 Savi|.,
2612 5662 2701 5711 sed
2723 5662 2773 5710 in
2795 5676 2908 5712 mss.
2934 5674 3065 5724 pene
3086 5662 3315 5713 omnibus
3334 5667 3508 5728 ἡμετέ-

2040 5723 2202 5769 deost.

1932 5739 2025 5821 ραῖι
2052 5782 2131 5831 Sic
2157 5784 2306 5831 Savil.
2332 5787 2511 5832 rectius
2534 5797 2678 5846 quam
2704 5784 2868 5836 Monlf.
2896 5786 2990 5833 τῶν
3007 5786 3205 5836 δούλων.
3234 5786 3365 5836 Enn.
