3980 6184
510 291 619 347 765

510 402 780 476 πολλαχοῦ
811 402 904 456 καὶ
933 398 1268 471 προλέγοντα
1292 399 1353 454 τὸ
1379 398 1572 465 πάθος,
1592 399 1686 453 καὶ
1714 397 2081 470 ἐπιθυμοῦντα

509 489 764 562 γενέσθαι
796 485 927 541 αὑτὸ
958 484 1308 556 εὑρίσκομεν,
1336 486 1431 536 καὶ
1455 481 1548 536 διὰ
1572 481 1732 535 τοῦτο
1776 480 2083 552 παραγενός

511 589 690 646 μενον.
732 569 854 632 Πῶς
900 562 993 621 οὗν
1027 566 1260 621 ἐνταῦθά
1306 584 1493 636 φησιν,
1544 567 1615 619 Εἰ
1648 565 1942 628 δυνατόν;
1972 564 2083 633 Τῆς

509 653 852 726 ἀνθρωπίνης
879 651 1095 720 φύσεως
1114 651 1214 721 τὴν
1244 650 1532 703 ἀσθένειαν
1561 652 1694 720 ἡμῖν
1725 647 2079 706 ἐνδείκνυται,

505 740 605 810 οὑχ
637 738 969 808 αἱρουμένης
1014 732 1203 796 ἁπλῶς
1236 733 1622 805 ἀπορραγῆναι
1658 733 1760 803 τῆς
1799 729 2083 802 παρούσης

507 823 673 892 ζωῆς,
709 818 822 873 ἀλλ’
869 817 1241 888 άναδυομένης
1283 817 1379 870 καὶ
1421 815 1689 885 ὀκνούσης
1736 814 1824 867 διὰ
1870 814 1970 884 τὴν
2022 810 2082 877 ἐξ

508 906 680 979 ἀρχῆς
717 901 1024 956 ἐντεθεῖσαν
1066 900 1202 971 αὑτῇ
1245 900 1427 967 φιλίαν
1458 898 1609 971 παρά
1653 897 1747 952 τοῦ
1781 895 1916 950 Θεοῦ
1948 895 2083 979 πρὸς

505 992 597 1044 τὸν
644 987 891 1061 παρόντα
941 985 1074 1056 βίον.
1113 984 1178 1037 Εἰ
1216 983 1326 1054 γὰρ
1375 982 1615 1037 τοσαῦτα
1646 982 1740 1035 καὶ
1780 978 2083 1052 τηλικαῦτα

505 1074 750 1134 εἰπόντος
798 1068 987 1129 αὑτοῦ,
1033 1066 1344 1138 ἐτόλμησαν
1386 1067 1564 1119 εἰπεῖν
1594 1082 1762 1128 τινες,
1789 1066 1872 1119 ὅτι
1904 1064 2084 1134 σάρκα

502 1158 606 1211 οὑκ
634 1153 919 1215 ἀνέλαϐεν,
952 1154 1001 1205 εἰ
1052 1150 1219 1222 μηδὲν
1267 1148 1475 1205 τούτων
1523 1149 1732 1221 εἴρητο,
1787 1149 1840 1201 τί
1869 1147 1969 1200 οὐκ
2016 1146 2083 1200 ἂν

503 1237 690 1304 εἷπον;
730 1238 830 1291 Διά
875 1235 1034 1289 τοῦτο
1067 1233 1325 1305 προλέγει
1380 1233 1481 1305 μὲν
1523 1233 1597 1296 ὡς
1645 1232 1776 1296 Θεὸς
1810 1233 1946 1294 ἐκεῖ,
1988 1229 2083 1284 καὶ

504 1325 764 1394 ἐπιθυμεῖ
803 1320 1058 1390 γενέσθαι
1086 1319 1150 1371 τὸ
1188 1318 1391 1381 πάθος·
1429 1317 1621 1387 φεύγει
1650 1316 1709 1370 δὲ
1750 1316 1846 1369 καὶ
1891 1332 2083 1386 παραι-

508 1416 680 1464 τεῖται
708 1405 963 1468 ἐνταῦθα,
997 1405 1087 1467 ὡς
1103 1402 1410 1473 ἄνθρωπος.
1446 1404 1567 1455 Ὅτι
1597 1400 1706 1472 γὰρ
1731 1400 1872 1454 ἐκὼν
1901 1401 1994 1453 ἐπὶ
2022 1398 2082 1453 τὸ

505 1495 675 1555 πάθος
707 1492 926 1561 ἤρχετο,
970 1487 1156 1557 φησὶν,
1217 1486 1542 1551 Ἐξουσίιιν
1576 1484 1694 1554 ἔχω
1744 1484 1934 1540 θεῖναι
1972 1481 2084 1551 τὴν

503 1574 716 1644 ψυχήν
731 1591 873 1644 μου,
906 1571 1003 1625 καὶ
1031 1568 1327 1634 ἐξουσίαν
1350 1569 1469 1638 ἐχω
1493 1568 1704 1622 λαϐεῖν
1728 1566 1942 1632 αὑτήν.
1973 1568 2085 1618 Οὐσ-

504 1661 631 1725 δείς
661 1656 858 1723 αὐτὴν
902 1654 1054 1722 αἴρει
1084 1653 1184 1707 ἀπ’
1212 1650 1382 1720 ἐμοῦ,
1417 1650 1534 1720 ἐγὼ
1565 1652 1667 1705 ἀπ’
1700 1650 1961 1719 ἐμαυτοῦ
1999 1649 2085 1701 τί-

505 1750 645 1811 θημι
675 1739 889 1805 αὑτήν.
918 1736 1043 1798 Πῶς
1060 1731 1153 1790 οὖν
1175 1734 1346 1803 λέγει,
1371 1737 1495 1803 Οὐχ
1521 1735 1602 1800 ὡς
1617 1734 1732 1803 ἐγὼ
1750 1733 1924 1793 θέλω,
1945 1731 2084 1785 ἀλλ’

505 1826 586 1892 ὡς
612 1825 733 1895 σύί
760 1822 870 1876 Καὶ
905 1821 959 1873 τί
998 1819 1320 1890 θαυμάζεις,
1351 1819 1403 1871 εἰ
1442 1818 1548 1890 πρὸ
1587 1817 1681 1871 τοῦ
1714 1815 1950 1888 σταυροῦ
1993 1832 2085 1868 το-

506 1909 714 1980 σαύτην
744 1907 968 1976 ἐποίησε
993 1917 1020 1946 ι
1059 1903 1317 1975 σπουδὴν,
1356 1901 1732 1956 πιστώσασθαι
1754 1903 1853 1971 τῆς
1883 1901 2085 1973 σαρκὸς

504 1996 604 2065 τὴν
634 1991 914 2063 ἀλήθειαν,
953 1990 1090 2042 ὅπου
1120 2004 1183 2056 γε
1226 1987 1322 2040 καὶ
1358 1985 1496 2057 μετά
1529 1986 1627 2055 τὴν
1666 1986 1963 2039 ἀνάστασιν
1995 1984 2086 2037 τὸν

509 2075 760 2148 μαθητὴν
802 2073 925 2126 ἰδὼν
964 2067 1302 2125 ἀπιστοῦντα
1325 2070 1386 2122 οὑ
1423 2069 1782 2140 παρῃτήσατο
1809 2067 1959 2145 αὑτῷ
1990 2067 2087 2120 καὶ

503 2157 796 2230 τραύματα
828 2156 922 2209 καὶ
951 2155 1156 2217 τύπους
1175 2152 1320 2224 ήλων
1340 2152 1628 2216 ἐπιδεῖξαι,
1652 2153 1747 2205 καὶ
1766 2152 1948 2222 χειρὸς
1974 2151 2084 2220 ἀφῇ

503 2244 604 2306 τὰς
625 2240 856 2303 ὠτειλάς
882 2238 1199 2303 ὑποϐαλεῖν,
1227 2237 1322 2290 καί¹
1350 2237 1547 2298 εἰπεῖν,
1592 2236 1959 2303 Ἐρεύνησον
1988 2234 2087 2287 καί

507 2326 596 2383 ιδε
639 2326 731 2379 ὅτι
779 2322 1015 2392 πνεῦμα
1060 2320 1261 2390 σάρκα
1289 2319 1388 2373 καὶ
1414 2318 1600 2373 ὀστέα
1631 2321 1743 2373 οὐκ
1787 2318 1957 2388 ἔχεις
1989 2316 2086 2370 Διά

504 2411 664 2466 τοῦτο
694 2409 813 2463 οὑδὲ
853 2408 912 2474 ἐξ
960 2407 1137 2478 ἀρχῆς
1175 2404 1386 2468 τελείας
1414 2403 1633 2475 ήλικίας
1672 2404 1764 2456 τὸν
1801 2402 2088 2475 ἄνθρωπον

506 2493 789 2554 ἀνέλαϐεν,
811 2490 924 2544 ἀλλ’
946 2490 1206 2560 ἠνέσχετο
1229 2489 1324 2541 καὶ
1352 2487 1748 2558 συλληφθῆναι,
1780 2488 1875 2542 καὶ
1898 2488 2090 2559 τεχθῆ-

506 2597 615 2641 ναι,
664 2577 757 2629 καὶ
804 2571 1413 2643 γαλακτοτροφηθῆναι,
1460 2571 1555 2624 καὶ
1594 2571 1788 2641 χρόνον
1833 2569 2088 2625 τοσοῦτον

509 2661 603 2715 ἐπὶ
634 2661 731 2729 τῆς
757 2659 860 2729 γῆς
883 2655 1184 2728 διατρίψαι,
1212 2655 1299 2708 ίνα
1322 2655 1418 2708 καὶ
1447 2654 1527 2725 τῷ
1560 2656 1724 2726 μήκει
1745 2654 1838 2708 τοῦ
1871 2655 2086 2726 χρόνου,

508 2744 602 2798 καὶ
651 2744 766 2805 τοῖς
810 2740 990 2803 ἄλλοις
1043 2738 1247 2792 ἅπασιν
1313 2737 1447 2791 αὑτὸ
1492 2737 1652 2790 τοῦτο
1722 2736 2087 2810 πιστώσηται.

520 2826 741 2896 Ἐπειδὴ
769 2823 880 2896 γάρ
904 2820 1127 2891 ἄγγελοι
1151 2821 1414 2884 πολλάκις
1446 2820 1538 2873 ἐπὶ
1559 2820 1657 2891 τῆς
1684 2821 1786 2891 γῆς
1811 2821 2089 2892 ἐφάνησαν

508 2913 568 2964 ἐν
595 2909 882 2979 ἀνθρώπου
921 2905 1097 2977 τύπῳ,
1131 2906 1226 2959 καὶ
1259 2904 1423 2967 αὑτὸς
1456 2903 1514 2957 δὲ
1544 2906 1573 2958 6
1602 2904 1754 2967 Θεὸς,
1789 2904 1850 2958 τὸ
1876 2904 1933 2957 δὲ
1966 2922 2091 2974 φαι-

507 2997 733 3067 νόμενον
760 2994 862 3047 οὑκ
886 2987 954 3063 ῆν
980 2990 1183 3060 σαρκὸς
1217 2989 1467 3061 ἀλήθεια,
1496 2987 1633 3042 ἀλλά
1656 2989 2086 3057 συγκατάϐασις·

509 3082 597 3134 ἵνα
634 3080 708 3151 μὴ
742 3077 972 3149 νομίσῃς
1001 3076 1097 3129 καὶ
1132 3072 1338 3145 ταύτην
1367 3072 1467 3144 τὴν
1500 3074 1806 3145 παρουσίαν
1836 3074 2091 3145 τοιαύτην

508 3162 672 3223 εἶναι.
712 3159 823 3217 οἷαι
850 3162 1056 3215 ἐκεῖναι
1089 3159 1357 3226 ἐγένοντο,
1379 3156 1517 3210 ἀλλά
1542 3157 1821 3229 πιστωθῇς
1848 3158 2087 3230 άληθῶς,

508 3250 591 3300 ὅτι
622 3248 759 3316 σάρξ
803 3241 870 3316 ῆν
916 3241 1165 3313 ἀληθινὴ,
1204 3243 1299 3295 καὶ
1350 3240 1682 3312 συνελήφθη,
1735 3243 1830 3294 καὶ
1870 3242 2088 3314 ἐτέχθη,

510 3331 605 3384 καὶ
638 3330 870 3399 ἐτράφη.
904 3327 996 3380 καὶ
1039 3327 1131 3378 ἐπὶ
1169 3324 1379 3394 φάτνης
1414 3323 1593 3394 ἐτέθη,
1623 3324 1724 3376 οὑκ
1760 3326 1819 3379 ὲν
1860 3325 2090 3397 οἰκίσκῳ

509 3416 637 3477 τινὶ,
667 3411 780 3465 ἀλλ’
809 3414 866 3464 ὲν
897 3409 1262 3477 καταλύματι,
1284 3407 1525 3478 πλήθους
1543 3408 1772 3479 ἀπείρου
1801 3410 2088 3480 παρόντος,

512 3500 601 3552 ἵνα
631 3494 1020 3566 δημοσιεύηται
1052 3490 1218 3545 αὑτοῦ
1252 3492 1285 3563 ή
1331 3493 1602 3562 γέννησις.
1647 3491 1748 3546 Διά
1793 3492 1954 3547 τοῦτο
1997 3498 2092 3550 καὶ

513 3581 825 3651 σπάργανα,
851 3578 944 3631 καὶ
974 3578 1301 3646 προφητεῖαι
1327 3574 1534 3630 ἀνωθεν
1562 3576 1695 3629 αὑτὸ
1718 3575 1876 3630 τοῦτο
1901 3576 2092 3646 λέγου-

512 3682 622 3730 σαι,
658 3664 756 3734 οὑχ
779 3662 861 3715 ὅτι
889 3659 1174 3732 ἄνθρωπος
1197 3658 1349 3714 ἔσται
1385 3659 1564 3731 μόνον,
1594 3660 1710 3714 ἀλλ’
1737 3661 1819 3714 ὅτι
1848 3662 1941 3714 καὶ
1968 3662 2092 3715 συλ-

511 3746 870 3820 ληφθήσεται,
924 3744 1019 3798 καὶ
1056 3742 1406 3815 τεχθήσεται,
1441 3744 1536 3798 καὶ
1580 3743 1659 3814 τῷ
1702 3744 1810 3797 τῶν
1860 3745 2092 3799 παιδίων

510 3832 659 3902 νόμῳ
694 3829 1055 3899 τραφήσεται.
1090 3828 1200 3881 Καὶ
1230 3826 1389 3880 τοῦτο
1417 3828 1447 3881 6
1490 3827 1715 3891 Ἡσαΐας
1753 3828 1851 3899 βοᾷ
1883 3828 2088 3899 λέγων·

524 3915 669 3970 Ἰδοὺ
698 3915 736 3981 ἠ
761 3911 1058 3981 παρθένος
1082 3911 1153 3964 ἐν
1171 3910 1383 3980 γαστρί
1400 3910 1545 3977 ἕξει,
1567 3910 1665 3964 καί
1685 3910 1913 3975 τέξεται
1931 3913 2088 3979 υἱὸν,

511 3999 612 4054 καί
668 3995 1002 4051 καλέσουσι
1054 3994 1121 4047 τὸ
1184 3994 1371 4063 ὄνομα
1416 3993 1604 4048 αὐτοῦ
1674 3995 2088 4063 Ἐμμανουήλ·

507 4083 815 4149 βούτυρον
848 4079 946 4131 καί
980 4076 1120 4146 μέλι
1154 4076 1436 4146 φάγεται·
1491 4076 1586 4130 καὶ
1630 4077 1813 4140 πάλιν,
1843 4077 2092 4133 Παιδίον

510 4162 801 4235 ἐγεννήθη
832 4162 995 4231 ἡμῖν,
1031 4159 1157 4226 υίὸς
1201 4161 1298 4214 καί
1337 4158 1514 4227 ἐδόθη
1554 4159 1719 4228 ἡμῖν.
1777 4160 1939 4232 Ὁρᾷς
1975 4162 2092 4226 πῶς

512 4251 609 4304 καὶ
647 4248 747 4315 τὴν
802 4248 1065 4320 προτέραν
1109 4244 1276 4299 αὑτοῦ
1327 4244 1543 4316 ήλικίαν
1585 4244 2087 4316 προανεφὼνησαν;

510 4332 659 4404 [διε]
701 4330 1008 4403 Ἐρώτησον
1046 4329 1225 4382 τοίνυν
1257 4328 1349 4381 τὸν
1382 4328 1690 4400 αἰρετικόν·
1721 4328 1857 4392 Θεὸς
1892 4329 2086 4401 δειλιᾷ,

512 4417 602 4469 καὶ
637 4414 945 4476 ἀναδύεται,
977 4414 1072 4466 καὶ
1105 4412 1272 4477 ὀκνεῖ,
1322 4413 1417 4465 καὶ
1462 4411 1747 4479 λυπεῖται;
1781 4412 1886 4466 κᾶν
1932 4414 2086 4487 είπῃ,

510 4499 589 4551 ὅτι
609 4498 718 4559 ναὶ,
738 4495 1010 4565 ἀπόστηθι
1036 4495 1242 4556 λοιπὸν,
1265 4496 1360 4547 καὶ
1374 4495 1570 4564 στῆσον
1590 4494 1752 4548 αὑτὸν
1775 4496 1927 4549 κάτω
1948 4496 2089 4566 μετὰ

507 4578 601 4633 τοῦ
628 4578 894 4637 διαϐόλου,
931 4578 1128 4647 μᾶλλον
1161 4578 1216 4631 δὲ
1243 4579 1334 4631 καὶ
1360 4578 1567 4631 ἐκείνου
1602 4578 1914 4651 κατώτερον
1935 4597 1948 4610 ’
1965 4580 2088 4634 οὑδέ

507 4662 617 4734 γὰρ
646 4663 851 4724 ἐκεῖνος
895 4660 1155 4731 τολμήσει
1190 4659 1349 4713 τοῦτο
1388 4662 1593 4714 εἰπεῖν·
1637 4660 1703 4714 ἂν
1731 4662 1787 4716 δὲ
1814 4664 1964 4736 εἴπῃ,
2005 4666 2089 4718 ὅτι

506 4744 657 4797 οὐδὲν
686 4744 893 4797 τούτων
927 4741 1075 4807 ἀξιον
1107 4742 1263 4804 Θεοῦ,
1303 4742 1443 4806 εἰπὲ,
1491 4743 1686 4796 οὑκοῦν
1714 4744 1836 4798 οὑδὲ
1866 4746 2086 4818 εὔχεται

506 4827 668 4890 Θεός·
709 4830 877 4898 χωρὶς
909 4827 1019 4899 γὰρ
1043 4825 1247 4880 τούτων
1267 4826 1357 4879 καὶ
1385 4826 1570 4897 ἕτερον
1598 4826 1797 4881 ἄτοπον
1826 4828 2001 4898 ἔσται,
2020 4830 2087 4884 ἀν

503 4910 597 4964 τοῦ
636 4909 771 4964 Θεοῦ
803 4911 872 4964 τὰ
904 4911 1128 4982 ῥήματα

576 4993 714 5048 Οὔτε
757 4993 868 5065 γάρ
918 4993 1158 5063 ἀγωνίαν
1215 4994 1376 5064 μόνον
1425 4993 1680 5065 ἐμφαίνει
1726 4995 1793 5046 τὰ
1838 4996 2082 5068 ῥήματα,

502 5077 637 5133 ἀλλά
702 5078 796 5131 καὶ
849 5077 943 5131 δύο
1010 5077 1326 5149 θελήματα,
1388 5076 1446 5130 ἓν
1508 5078 1608 5148 μὲν
1673 5077 1839 5143 Υἰοῦ,
1901 5079 1959 5132 ἓν
2025 5081 2084 5134 δὲ

504 5161 747 5231 Πατρὸς,
806 5161 1026 5215 ἐναντία
1079 5159 1362 5231 ἀλλήλοις·
1420 5159 1481 5213 τὸ
1533 5161 1642 5232 γὰρ
1700 5164 1894 5227 εἰπεῖν,
1959 5167 2083 5236 Οὐχ

498 5247 578 5313 ῶς
630 5244 746 5315 ἐγὼ
816 5243 996 5310 θέλω,
1049 5244 1186 5299 ἀλλ’
1252 5247 1334 5311 ὡς
1395 5246 1509 5306 σὺ,
1566 5245 1724 5300 τοῦτό
1779 5247 1926 5301 ἐστιν
1986 5250 2083 5319 ἐμι-

498 5329 799 5398 φαίνοντος.
862 5328 1032 5382 Τοῦτο
1104 5329 1160 5382 δὲ
1209 5328 1328 5383 οὑδὲ
1379 5330 1578 5383 ἐκεῖνοί
1639 5347 1772 5384 ποτε
1839 5332 2078 5403 συνεχώ-

497 5427 690 5482 ρησαν,
709 5412 825 5466 ἀλλ’
850 5412 1005 5483 ήμῶν
1034 5412 1122 5466 ἀεὶ
1148 5411 1413 5481 λεγόντων
1434 5413 1513 5472 τὸ.
1542 5414 1684 5483 Ἐγὼ
1700 5415 1797 5469 καί
1826 5418 1858 5469 ό
1873 5415 2079 5484 Πατὴρ

494 5491 564 5547 ἓν
586 5495 798 5563 ἐσμεν,
829 5495 923 5548 ἐπὶ
949 5497 1049 5566 τῆς
1075 5496 1375 5567 δυνάμεως,
1426 5497 1620 5551 ἐκεῖνοι
1653 5498 1744 5551 ἐπὶ
1788 5497 1886 5568 τῆς
1916 5498 2076 5570 θελή-

557 5732 580 5761 ⁸
601 5729 715 5781 Msa.
741 5732 928 5793 aliquot
950 5732 1226 5792 ἐποιήσατο.

1153 287 1209 340 8.
1248 282 1538 341 JOANNIS
1569 280 2066 340 CHRYSOSTOMI
2101 280 2422 343 ARCHIEP.
2464 284 3014 344 CONSTANTINOP.

3652 294 3751 352 766

2194 414 2330 462 σεως
2355 399 2512 453 τοῦτο
2535 402 2783 473 εἰρῆσθαί
2812 421 2964 473 φασι,
2997 403 3242 473 λέγοντες
3277 405 3491 477 Πατρὸς
3514 408 3607 461 καί
3630 408 3754 465 Υίοῦ

2194 481 2324 565 μίαν
2360 479 2500 538 εἶναι
2530 484 2801 555 βούλησιν.
2831 488 2895 541 Εἰ
2933 487 3113 541 τοίνυν
3143 489 3357 560 Πατρὸς
3386 492 3481 543 καὶ
3508 490 3634 546 Υἰοῦ
3658 495 3753 565 μία

2192 563 2446 638 βούλησίς
2484 569 2623 633 ἐστι,
2675 570 2791 634 πῶς
2832 588 2996 643 φησιν
3048 572 3305 638 ἐνταῦθα,
3335 575 3511 642 Πλὴν
3537 563 3753 647 οὑχήὡς

2189 647 2303 733 ἐγὼ
2326 651 2501 713 θέλω,
2520 653 2749 720 ἀλλ’ὡς
2771 657 2853 709 σύ
2871 671 2890 718 ;
2911 656 3007 709 ’Δν
3027 656 3126 727 μὲν
3141 657 3250 729 γὰρ
3279 660 3371 711 ἐπὶ
3384 659 3485 730 τῆς
3516 658 3755 733 θεότητος

2189 731 2250 784 τὸ
2277 733 2568 804 εἰρημένον
2661 737 2843 802 τοῦτο,
2868 740 3241 809 ἐναντιολογία
3276 759 3359 804 τις
3397 742 3627 810 γίνεται,
3653 731 3752 797 καὶ

2191 815 2363 870 πολλά
2388 818 2564 874 ἄτοπα
2590 822 2656 875 ἐκ
2677 821 2870 876 τούτου
2900 824 3146 877 τίκτεται
3164 840 3179 855 ·
3215 824 3281 879 ἀν
3304 825 3362 878 δὲ
3386 827 3481 880 ἐπὶ
3508 827 3606 897 τῆς
3633 843 3750 900 σαρ-

2190 900 2306 964 κὸς,
2339 901 2453 971 ἔχει
2501 903 2657 973 λόγον
2693 906 2763 959 τά
2788 907 3089 979 εἰρημένα,
3144 908 3240 962 καὶ
3270 910 3423 962 οὐδὲν
3466 909 3654 977 γένοιτ’
3688 911 3754 965 ἂν

2189 982 2463 1056 ἔγκλημα.
2495 988 2571 1040 Οὑ
2606 989 2715 1060 γάρ
2731 989 2794 1043 τὸ
2822 990 2897 1062 μὴ
2929 990 3104 1045 θέλειν
3130 990 3423 1047 ἀποθανεῖν
3444 993 3546 1063 τὴν
3568 993 3752 1064 σάρκα,

2189 1067 2307 1120 ἐστί
2336 1069 2678 1139 κατάγνωσις
2701 1072 2730 1113 ὶι
2748 1090 2762 1103 ·
2784 1072 3001 1143 φύσεως
3024 1075 3134 1147 γάρ
3162 1076 3277 1129 ἐστι
3304 1075 3463 1130 τοῦτο
3481 1093 3495 1106 ·
3526 1077 3677 1140 αὑτὸς
3699 1077 3755 1131 δὲ

2188 1148 2260 1203 τὰ
2283 1152 2383 1223 τῆς
2411 1153 2628 1222 φύσεως
2655 1156 2875 1211 ἅπαντα
2889 1159 3061 1229 χωρὶς
3078 1160 3355 1231 ἁμαρτίας
3375 1158 3754 1223 ἐπιδείκνυται,

2191 1232 2286 1286 καὶ
2327 1236 2465 1304 μετά
2490 1237 2693 1310 πολλῆς
2716 1238 2819 1308 τῆς
2846 1242 3188 1312 περιουσίας,
3218 1242 3358 1296 ὥστε
3389 1242 3460 1296 τὰ
3482 1242 3589 1296 τῶν
3615 1244 3757 1315 αἰρε-

2189 1317 2356 1370 τικῶν
2389 1320 2668 1392 ἐμφράξαι
2699 1325 2966 1394 στόματα.
2997 1327 3165 1380 Ὅταν
3198 1322 3290 1379 οῦν
3321 1326 3476 1400 λέγῃ,
3505 1325 3759 1382 £216er-

2147 1426 2162 1487 .-
2191 1400 2315 1487 τὸν,
2346 1403 2685 1487 παρελθέτω
2713 1406 2816 1462 ἀπ’
2844 1408 2992 1478 ἐμοῦ
3018 1408 3086 1462 τὸ
3112 1407 3398 1477 ποτήριον
3420 1408 3616 1474 τοῦτο,
3647 1410 3754 1471 καὶ,

2194 1486 2318 1553 Οὐχ
2356 1485 2438 1551 ὡς
2460 1485 2577 1555 ἐγὼ
2605 1487 2778 1554 θέλω,
2806 1491 2946 1545 ἀλλ’
2970 1492 3051 1559 ὡς
3086 1491 3191 1556 σὺ,
3241 1492 3396 1545 οὐδὲν
3423 1493 3611 1561 ἕτερον
3658 1493 3759 1546 δεί-

2192 1585 2401 1635 κνυσιν,
2442 1571 2558 1625 ἀλλ’
2591 1572 2625 1644 ἢ
2655 1574 2736 1628 δτι
2773 1574 2952 1646 σάρκα
2995 1575 3215 1648 ἀληθῶς
3247 1575 3637 1648 περιϐέϐληται
3668 1594 3757 1646 φο-

2191 1653 2462 1728 ϐουμένην
2493 1658 2751 1713 θάνατον·
2799 1660 2864 1714 τὸ
2910 1660 3021 1732 γάρ
3065 1662 3348 1731 φοϐεῖσθαι
3398 1654 3635 1717 θάνατον¹
3672 1663 3760 1717 καὶ

2190 1737 2514 1794 ἀναδύεσθαι
2545 1743 2641 1796 καὶ
2663 1745 2905 1815 ἀγωνιᾷν
2946 1745 3161 1818 ἐκείνης
3208 1746 3347 1801 ἐστι.
3388 1744 3505 1799 Νῦν
3548 1747 3647 1817 μὲν
3674 1741 3760 1799 οὖν

2191 1820 2406 1894 ἐρήμην
2433 1823 2605 1896 αὐτὴν
2634 1825 2848 1897 ἀφίησι,
2880 1828 2976 1881 καὶ
3000 1828 3215 1900 γυμνήν
3248 1829 3349 1898 τῆς
3383 1828 3594 1891 οἰκείας
3621 1830 3763 1898 ἐνερ-

2192 1904 2366 1972 γείας,
2398 1907 2486 1962 ἵνα
2513 1908 2686 1981 αὐτῆς
2736 1910 2918 1977 δείξας
2947 1912 3048 1982 τὴν
3079 1912 3403 1981 ἀσθένειαν,
3430 1912 3765 1983 πιστώσηται

2193 1987 2363 2059 αὑτῆς
2384 1990 2479 2044 καὶ
2511 1992 2610 2063 τὴν
2641 1992 2835 2062 φύσιν·
2868 1992 2964 2049 νῦν
2996 1994 3054 2048 δὲ
3087 1996 3258 2066 αὐτὴν
3284 1995 3648 2068 ἀποκρύπτει,
3686 1996 3765 2049 ἵνα

2197 2072 2375 2145 μάθῃς
2402 2074 2482 2129 ὃτι
2506 2076 2567 2129 οὑ
2598 2076 2750 2146 ψιλὸς
2777 2076 3067 2150 ἄνθρωπος
3083 2074 3173 2151 ἦν.
3206 2080 3418 2152 Ὥσπερ
3441 2079 3576 2152 γὰρ,
3605 2080 3658 2133 εἰ
3684 2078 3765 2135 διὰ

2196 2156 2397 2221 παντὸς
2418 2160 2487 2213 τὰ
2520 2159 2836 2233 ἀνθρώπινα
2856 2161 3212 2228 ἐνεδείκνυτο,
3228 2163 3388 2217 τοῦτο
3402 2163 3470 2218 ἀν
3490 2162 3766 2235 ἐνομίσθη·

2195 2238 2369 2301 οὑτως
2391 2281 2407 2307 ,
2465 2243 2514 2295 εἰ
2555 2242 2644 2296 διά
2689 2245 2889 2308 παντὸς
2940 2243 3009 2298 τὰ
3055 2246 3158 2317 τῆς
3193 2245 3449 2319 θεότητος
3504 2245 3769 2312 ἐπετέλει,

2196 2323 2470 2397 ἠπιστήθη
2502 2324 2568 2380 ἂν
2594 2328 2623 2380 6
2649 2328 2748 2399 τῆς
2783 2329 3097 2400 οἰκονομίας
3136 2328 3311 2399 λόγος.
3345 2331 3442 2385 Διὰ
3473 2329 3639 2384 τοῦτο
3661 2346 3771 2384 ποι·

2196 2407 2389 2474 κίλλει,
2423 2412 2517 2464 καὶ
2548 2411 2880 2482 ἀναμίγνυσι
2929 2414 3024 2467 καὶ
3047 2412 3116 2467 τὰ
3145 2414 3369 2485 ῥήματα
3410 2414 3507 2467 καὶ
3542 2414 3615 2469 τά
3639 2412 3769 2486 πρά-

2197 2506 2405 2559 γματα,
2440 2493 2527 2546 ἵνα
2563 2495 2701 2565 μήτε
2730 2498 2796 2566 τῇ
2837 2494 3050 2550 Παύλου
3084 2495 3179 2549 τοῦ
3215 2496 3599 2567 Σαμοσατὲως,
3643 2498 3767 2567 μήτε

2196 2577 2262 2645 τῇ
2286 2576 2613 2648 Μαρκίωνος
2631 2578 2725 2632 καὶ
2739 2580 3042 2651 Μανιχαίου
3060 2580 3200 2651 νόσῳ
3222 2582 3313 2634 καὶ
3336 2580 3506 2652 μανίᾳ
3516 2582 3770 2653 παράσχῃ

2198 2659 2476 2728 πρόφασιν
2497 2677 2512 2691 ·
2568 2661 2657 2715 διά
2690 2662 2849 2716 τοῦτο
2887 2664 2981 2717 καὶ
3013 2663 3269 2736 προλέγει
3302 2664 3365 2717 τὸ
3410 2663 3674 2737 ἐσόμενον
3700 2664 3770 2728 ὡς

2197 2742 2349 2807 Θεὸς,
2378 2745 2472 2798 καὶ
2502 2744 2791 2800 ἀναδύεται
2823 2747 2987 2803 πάλιν
3009 2748 3086 2812 ὡς
3117 2748 3424 2821 ἄνθρωπος.

2271 2980 2337 3047 ζ’.
2369 2982 2701 3056 Ἐϐουλόμην
2727 2985 2824 3039 καὶ
2838 2987 2958 3049 ταῖς
2977 2985 3192 3051 λοιπαῖς
3210 2986 3415 3051 αἰτίαις
3435 2985 3776 3052 ἐπεξελθεῖν,

2198 3067 2294 3118 καὶ
2348 3066 2518 3134 δεῖξαι
2551 3069 2640 3121 ἐπ’
2666 3068 2851 3123 αὑτῶν
2895 3070 3002 3124 τῶν
3048 3070 3416 3142 πραγμάτων,
3451 3071 3537 3124 ὅτι
3594 3069 3771 3140 ῶσπερ

2199 3148 2433 3203 ἐνταῦθα
2464 3151 2562 3222 τὴν
2584 3152 2870 3207 ἀσθένειαν
2902 3153 3004 3226 τῆς
3038 3154 3239 3224 σαρκὸς
3270 3154 3514 3225 ἐλέγχων
3539 3152 3767 3224 ηὔξατο.

2198 3232 2341 3286 οὑτω
2372 3235 2467 3287 καί
2506 3234 2740 3305 ἀλλαχοῦ
2777 3236 2941 3290 πάλιν
2965 3236 3064 3309 τὴν
3109 3237 3395 3291 ἀσθένειαν
3423 3236 3533 3291 τῶν
3558 3236 3768 3291 ἀκουόνο

2198 3333 2307 3371 των
2350 3317 2758 3390 διορθούμενος·
2788 3320 2850 3374 οὑ
2901 3319 3012 3393 γάρ
3054 3319 3119 3392 δὴ
3169 3321 3346 3375 πάντα
3395 3320 3468 3375 τὰ
3511 3320 3771 3382 ταπεινῶς

2198 3402 2465 3474 εἰρημένα
2489 3402 2577 3456 διὰ
2595 3404 2694 3473 τὴν
2722 3404 2823 3474 τῆς
2848 3405 3050 3475 σαρκὸς
3077 3404 3369 3477 περιϐολὴν
3394 3404 3649 3477 εἰρῆσθαι
3676 3403 3770 3475 χρὴ

2200 3487 2444 3556 νομίζειν
2479 3488 2662 3557 μόνον,
2699 3488 2836 3542 ἀλλά
2870 3491 2967 3543 καὶ
3019 3489 3111 3544 διὰ
3158 3490 3257 3553 τὰς
3287 3489 3457 3553 ἄλλας
3516 3489 3584 3554 ἀς
3632 3485 3773 3543 εἷπον

2200 3572 2379 3634 αἰτίας
2400 3588 2413 3603 ·
2454 3571 2540 3625 ἵνα
2573 3571 2630 3625 δὲ
2658 3572 2731 3644 μὴ
2765 3572 2874 3627 τῶν
2905 3573 3214 3646 εἰρημένων
3248 3571 3531 3627 ἐπικλύσω
3557 3573 3620 3626 τὸ
3644 3570 3767 3640 πλῆ·

2201 3653 2293 3717 θος
2343 3656 2409 3725 τῇ
2445 3655 2734 3727 περιουσίᾳ
2767 3666 2791 3695 θ
2824 3655 2933 3710 τῶν
2960 3656 3292 3729 ῥηθήσεσθαι
3334 3656 3660 3728 μελλόντων,
3694 3655 3769 3707 ἐν·

2199 3738 2371 3792 ταῦθα
2385 3738 2477 3791 τὸν
2506 3738 2644 3810 πρὸς
2662 3739 2903 3803 ἐκείνους
2928 3743 3133 3811 στήσας
3163 3739 3345 3809 λόγον,
3384 3740 3480 3793 καὶ
3511 3738 3585 3792 τά
3605 3737 3771 3790 λειπό-

2204 3838 2340 3891 μενα
2362 3824 2443 3888 εἰς
2473 3824 2668 3894 ἑτέραν
2690 3823 3127 3895 ἀναϐαλλόμενος
3165 3824 3400 3896 ἡμέραν,
3420 3824 3558 3895 πρὸς
3584 3820 3772 3895 παραίο

2199 3921 2347 3959 νεσιν
2382 3906 2551 3977 εὐχῆς
2578 3905 2851 3978 τρέψομαι
2892 3906 3077 3961 πάλιν.
3116 3907 3180 3960 Εἰ
3214 3907 3325 3979 γὰρ
3374 3908 3472 3961 καὶ
3521 3906 3770 3968 πολλάκις

2200 3984 2348 4059 [512]
2377 3989 2508 4059 ήμῖν
2536 3991 2663 4059 περὶ
2690 3990 2788 4060 τῆς
2812 3990 3123 4054 ὑποθέσεως
3149 3989 3354 4060 ταύτης
3384 3991 3621 4063 εἴρηται,
3641 3987 3766 4042 ἀλλά

2199 4071 2296 4125 καὶ
2330 4071 2425 4124 νῦν
2457 4073 2756 4141 ἀναγκαῖον
2790 4076 2988 4129 εἰπεῖν.
3023 4074 3134 4128 Καὶ
3154 4073 3264 4146 γάρ
3292 4075 3388 4128 καὶ
3414 4074 3526 4128 τῶν
3552 4073 3764 4144 ἰματίων

2198 4152 2269 4205 τὰ
2294 4154 2390 4224 μὲν
2419 4154 2568 4220 ἅπαξ
2590 4155 2830 4226 βαφέντα
2880 4156 3124 4228 ἐξίτηλον
3150 4156 3265 4228 ἔχει
3296 4156 3394 4228 τὴν
3428 4156 3625 4228 βαφὴν,
3654 4156 3688 4210 ἃ
3713 4155 3763 4208 δὲ

2199 4237 2461 4301 πολλάκις
2481 4238 2510 4278 ά
2532 4240 2628 4293 καὶ
2668 4241 2909 4310 συνεχῶς
2940 4241 3202 4305 καθέντες
3222 4240 3543 4295 ἀνασπῶσιν
3579 4242 3624 4295 οἱ
3650 4240 3759 4293 δευ-

2201 4322 2428 4385 σοποιοὶ,
2469 4324 2727 4395 ἀκίνητον
2751 4324 2999 4397 διατηρεῖ
3027 4324 3089 4378 τὸ
3122 4323 3218 4379 τοῦ
3253 4324 3548 4397 χρώματος
3578 4324 3757 4386 ἀνθοςο

2194 4404 2355 4459 τοῦτο
2371 4407 2436 4472 δὴ
2459 4409 2552 4463 καὶ
2580 4409 2793 4462 ἐπὶτῶν
2813 4408 3001 4481 ψυχῶν
3028 4408 3443 4481 συμϐαίνειτῶν
3469 4409 3756 4481 ἡμετέρων.

2200 4489 2367 4544 Ὅταν
2396 4490 2508 4564 γὰρ
2540 4492 2800 4557 πολλάκις
2814 4492 2924 4547 τῶν
2943 4491 3122 4547 αὑτῶν
3152 4492 3478 4565 ἀκούσωμεν
3495 4492 3755 4565 ῥημάτων.

2196 4572 2448 4645 καθάπερ
2475 4579 2599 4629 τινὰ
2632 4575 2812 4649 βαφήν
2856 4575 2957 4649 τὴν
2984 4575 3335 4631 διδασκαλίαν
3365 4576 3753 4647 ὑποδεξάμενοι,

2194 4656 2295 4710 οὑκ
2317 4656 2383 4711 ἀν
2415 4658 2614 4730 ῥᾳδίως
2640 4661 2811 4734 αὐτὴν
2843 4659 3285 4732 ἀποπτύσαιμεν.
3309 4661 3402 4733 Μή
3427 4661 3606 4715 τοίνυν
3626 4674 3754 4728 παρ-

2195 4741 2372 4811 ἐργως
2417 4741 2737 4813 ἀκούωμεν·
2796 4744 2857 4797 οὑ
2903 4744 3012 4817 γάρ
3058 4745 3230 4809 ἐστιν,
3266 4745 3367 4798 οὑκ
3419 4744 3568 4799 ἔστιν
3615 4740 3753 4796 οὐδὲν

2194 4825 2362 4895 εὐχῆς
2392 4825 2783 4898 δυνατώτερον,
2805 4828 2928 4881 οὑδὲ
2960 4829 3095 4884 ἴσον.
3128 4830 3241 4901 Οὐχ
3274 4829 3451 4893 οὕτως
3474 4831 3591 4884 ἐστί
3620 4825 3752 4896 βασι-

2193 4908 2319 4972 λεὺς
2345 4909 2594 4982 λαμπρὸς
2627 4912 2924 4983 ἁλουργίδα
2948 4912 3440 4985 περιϐεϐλημένος,
3459 4913 3534 4977 ὡς
3562 4912 3590 4965 6
3612 4906 3749 4979 εὐχά·

2196 5009 2358 5063 μενος
2392 4996 2456 5066 τῇ
2506 4994 2643 5066 πρὸς
2666 4995 2758 5048 τὸν
2786 4995 2921 5051 Θεὸν
2940 4995 3129 5068 ὁμιλίᾳ⁵
3148 4996 3541 5069 κοσμούμενος.
3561 4997 3747 5062 Ὠσπερ

2191 5077 2300 5148 γάρ
2318 5079 2365 5131 εἰ
2399 5078 2765 5151 στρατοπέδου
2789 5080 3074 5153 παρόντος,
3106 5080 3450 5152 στρατηγῶν,
3476 5079 3742 5153 ἀρχόντων.

2192 5159 2413 5214 ὑπάτων
2443 5161 2672 5228 πολλῶν,
2705 5161 3017 5233 προσελθών
3041 5180 3125 5227 τις
3148 5164 3270 5217 κατ’
3303 5164 3443 5219 ἰδίαν
3462 5157 3740 5232 διαλεχθείη

2188 5244 2268 5316 τῷ
2315 5245 2545 5316 βασιλεῖ,
2571 5246 2673 5311 τὰς
2700 5246 2916 5302 πάντων
2950 5247 3100 5317 ὄψεις
3127 5249 3449 5321 ἐπιστρέφει
3485 5247 3611 5321 πρὸς
3627 5243 3739 5294 ἑαυ·

2188 5330 2300 5392 τὸν,
2329 5331 2423 5383 καὶ
2446 5329 2620 5404 ταύτῃ
2646 5330 2969 5403 σεμνότερος
2995 5332 3239 5400 γίνεται·
3264 5331 3408 5386 οὑτω
3437 5333 3502 5405 δή
3533 5329 3618 5399 καὶ
3656 5323 3740 5377 ἐπὶ

2248 5553 2677 5623 ἒιὲἰίίτήνσάρκα
2705 5556 3054 5623 κᾳτάγνφσξςκ
3247 5616 3291 5623 --
3387 5615 3476 5623 -.
3558 5609 3605 5623 ..

2250 5618 2273 5646 ε
2304 5617 2385 5665 Sic
2407 5623 2545 5666 recle
2565 5612 2680 5667 thas.
2709 5612 2925 5679 pluriini,
2951 5615 3228 5679 Scripserat
3247 5615 3419 5666 Montf.
3458 5612 3671 5671 ἐπιιὶὺσῃ
3691 5612 3745 5652 τὸ

2183 5679 2461 5742 πλῇθος-τὴν
2479 5677 2772 5742 περιουσίαν,
2796 5677 3029 5742 pessime.
3058 5677 3200 5742 Eplr.

2247 5738 2276 5781 Δ
2300 5737 2503 5801 Aliquot
2532 5737 2647 5790 inss.
2671 5737 2948 5804 τήνβαφήν,
2970 5741 3155 5789 ἐπειδὰν
3174 5740 3227 5789 δέ
3242 5738 3484 5795 πολλάκις.
