3980 6184
280 358 385 410 765

276 468 521 540 ἀστερία
537 477 587 523 te
613 466 791 540 (Joan.
818 468 904 525 ιτ.
938 468 992 540 Ι)
1018 485 1034 522 :
1065 483 1127 523 ac
1152 470 1332 525 multis
1355 469 1406 524 in
1432 469 1564 525 locis
1588 486 1709 525 eum
1736 484 1856 540 pas-

276 559 484 614 sionem
511 558 860 628 predixisse.
889 566 1073 628 atque,
1102 566 1161 612 ut
1186 559 1441 623 eveniret,
1473 570 1688 630 optasse
1713 575 1863 614 com-

278 650 550 721 perimus.
591 650 814 721 ejusque
841 650 920 705 rei
963 666 1121 705 causa
1155 650 1399 716 venisse;
1427 651 1695 722 quomodo
1735 666 1864 721 ergo

278 741 364 796 hic
423 742 587 808 dicit,
639 741 702 797 Si
741 742 974 813 possibile
1010 744 1134 799 est!
1190 743 1608 799 lmhecillitatem
1662 753 1863 799 natura:

274 834 514 888 ostendit
556 835 835 903 humanae,
880 851 999 905 qua:
1039 846 1327 907 utcumque
1368 836 1524 891 avelli
1554 852 1584 891 a
1613 838 1860 907 praesenti

279 923 387 976 vita
411 922 660 989 nolebat;
686 924 780 979 sed
807 925 1089 980 recusabat
1106 935 1163 980 et
1182 926 1628 996 tergiversnbatur
1649 936 1865 997 propter

277 1014 497 1068 hisitnm
523 1014 599 1068 illi
621 1031 653 1085 a
680 1016 790 1070 Deo
807 1015 916 1085 jam
939 1031 969 1069 a
992 1016 1251 1086 principio
1274 1017 1550 1085 praesentis
1570 1016 1691 1071 vita:
1715 1032 1864 1070 amo-

275 1120 388 1159 rem
420 1103 524 1177 (α).
554 1104 611 1160 Si
637 1106 778 1160 enim
808 1116 1086 1176 postquam
1115 1107 1226 1175 ipse
1252 1113 1331 1161 tot
1356 1114 1605 1177 tantaque
1631 1106 1859 1171 dixerit,

269 1210 495 1251 carnem
521 1195 670 1250 illum
699 1212 807 1251 non
822 1198 1174 1267 assumpsisse
1198 1198 1315 1252 ausi
1337 1205 1460 1253 sunt
1473 1197 1686 1268 quidam
1713 1213 1859 1253 asse-

272 1300 433 1340 rere:
468 1286 514 1341 si
544 1286 677 1341 nihil
707 1287 895 1342 horum
922 1289 1119 1342 dictum
1146 1286 1366 1355 fuisset,
1408 1289 1534 1359 quid
1559 1304 1663 1344 non
1693 1289 1862 1344 dixis-

268 1381 434 1433 sent?
464 1378 668 1434 Idcirco
692 1380 930 1450 prardicit
952 1380 1164 1451 quidem
1194 1382 1300 1436 illic
1320 1391 1378 1436 ut
1407 1366 1587 1447 Deus,
1621 1390 1675 1437 et
1697 1382 1860 1436 adve-

271 1470 391 1524 nire
421 1470 726 1540 passionem
755 1480 1018 1542 exoptat:
1051 1471 1245 1543 refugit
1269 1482 1445 1528 autem
1479 1473 1565 1527 hic
1591 1483 1644 1527 et
1668 1473 1860 1543 depre—

270 1572 461 1628 catur,
513 1573 573 1617 ut
622 1562 830 1617 homo:
876 1563 1018 1618 ultro
1061 1565 1205 1618 enim
1254 1565 1402 1618 illum
1444 1564 1511 1618 ad
1558 1565 1859 1634 passionem

272 1652 496 1707 venisse
522 1651 682 1707 docet
713 1652 881 1721 illud,
920 1652 1063 1723 quod
1095 1654 1205 1721 ait,
1246 1652 1553 1709 Potestatem
1589 1654 1746 1709 habeo
1771 1672 1862 1724 po-

269 1743 433 1797 nendi
457 1745 683 1797 animum
705 1761 887 1808 meam,
919 1754 967 1798 et
986 1754 1278 1816 potestatem
1298 1747 1454 1800 habeo
1478 1748 1710 1801 sumendi
1728 1764 1859 1802 cant.

272 1832 448 1888 Nemo
473 1834 606 1888 tollit
647 1852 759 1889 eam
786 1853 820 1889 a
843 1852 924 1891 me
946 1853 968 1891 :
991 1853 1081 1907 ego
1106 1853 1239 1906 pono
1266 1853 1379 1891 eain
1423 1854 1456 1891 a
1506 1838 1696 1907 meipso
1735 1838 1856 1909 (ld.

272 1925 359 1978 I0.
386 1924 504 1996 18).
535 1924 816 1991 Quomodo
840 1941 969 1997 ergo
993 1926 1158 1993 dicit,
1190 1925 1311 1981 Non
1338 1928 1469 1982 sicut
1493 1945 1583 1999 ego
1610 1930 1742 1994 volo,
1771 1929 1860 1984 sed

269 2017 401 2069 sicut
430 2026 486 2069 tu
502 2017 529 2070 ?
555 2016 691 2085 Quid
712 2033 840 2073 vero
864 2018 1100 2085 miraris,
1127 2018 1171 2073 si
1191 2027 1314 2073 ante
1337 2019 1633 2088 passionem
1659 2030 1859 2075 tantum

270 2106 529 2163 adhibeat
565 2109 760 2174 studii,
794 2119 851 2164 ut
876 2110 1152 2165 veritatem
1191 2110 1368 2164 carnis
1396 2110 1707 2178 confirmet,
1738 2127 1859 2166 cum

269 2208 324 2253 et
370 2208 500 2269 post
536 2202 983 2257 resurrectionem
1013 2201 1330 2272 discipulum
1358 2217 1582 2257 cernens
1611 2204 1859 2258 incredu-

273 2291 383 2347 lmn
404 2331 423 2354 .
451 2300 511 2348 et
543 2293 764 2347 vulnera
806 2292 907 2362 ipsi
943 2301 998 2346 et
1032 2294 1302 2347 clavorum
1345 2293 1540 2348 tixuras
1578 2295 1861 2351 ostendere

270 2400 382 2439 non
413 2386 711 2452 recusarit,
741 2394 797 2440 et
826 2401 1011 2440 manus
1036 2385 1302 2441 contactui
1347 2386 1607 2457 subjicere
1649 2387 1855 2442 cicatri-

269 2489 363 2529 ces
380 2515 400 2539 ,
434 2490 499 2530 ac
522 2475 728 2540 dicere,
763 2475 1005 2529 Scrutare
1028 2485 1073 2529 et
1100 2477 1239 2540 vide,
1270 2477 1387 2549 quia
1415 2477 1620 2548 spiritus
1659 2494 1860 2532 carnem

268 2576 315 2617 es
339 2581 469 2619 ossa
494 2582 595 2618 non
620 2563 765 2618 habet
791 2564 940 2636 (Luc.
967 2565 1059 2620 24.
1089 2566 1221 2637 39)?
1251 2568 1450 2622 Idcirco
1477 2582 1576 2622 nec
1600 2582 1630 2621 a
1658 2569 1859 2638 princi-

270 2659 359 2726 pio
384 2656 640 2727 perfectae
665 2660 840 2713 aetatis
865 2658 1135 2714 hominem
1162 2661 1419 2729 suscepit,
1448 2660 1544 2714 sed
1569 2670 1623 2715 et
1650 2661 1856 2731 concipi

267 2758 321 2802 et
352 2750 530 2813 nasci,
558 2761 610 2803 et
640 2750 775 2805 lacte
801 2751 987 2805 nutriri
1017 2751 1267 2806 sustinuit
1286 2768 1347 2806 ac
1375 2761 1519 2806 tanto
1545 2761 1783 2822 tempore
1804 2755 1856 2807 in

267 2850 423 2895 terra
451 2843 689 2909 versari,
731 2852 788 2897 ut
815 2843 918 2899 hoc
947 2844 1120 2913 ipsum
1150 2852 1203 2898 et
1230 2844 1483 2914 temporis
1511 2844 1859 2902 diuturnitate

266 2942 317 2987 et
344 2933 475 2987 aliis
498 2933 746 2987 omnibus
770 2936 1126 2990 conﬁrmaret.
1163 2934 1295 2990 Nam
1325 2936 1576 3005 quoniam
1605 2951 1855 3006 smpenu-

265 3039 429 3078 mero
455 3023 508 3076 in
534 3025 692 3079 terris
711 3026 883 3096 angeli
913 3026 965 3080 in
988 3027 1152 3082 forma
1180 3026 1451 3080 hominum
1474 3037 1852 3096 apparuerunt,

265 3128 438 3187 atque
464 3117 599 3172 adeo
628 3118 741 3187 ipse
785 3119 955 3183 Deus;
987 3119 1127 3189 quod
1168 3129 1344 3175 autem
1386 3118 1707 3188 apparebat,
1749 3135 1853 3175 non

263 3209 456 3262 carnis
481 3207 680 3263 veritas
703 3218 852 3278 erat,
882 3210 975 3265 sed
1004 3211 1408 3280 attemperatio;
1439 3227 1507 3266 ne
1533 3212 1666 3266 forte
1694 3212 1853 3267 talem

264 3300 417 3354 hunc
457 3315 578 3354 esse
608 3300 893 3355 adventum
925 3302 1198 3357 arbitreris
1218 3346 1232 3365 ,
1263 3304 1449 3372 quales
1478 3302 1554 3357 illi
1600 3301 1850 3371 fuerunt,

263 3391 363 3445 sed
394 3406 576 3446 veram
604 3407 723 3446 esse
744 3407 959 3448 carnem
989 3394 1081 3447 tibi
1106 3393 1236 3448 fides
1264 3395 1373 3456 liat,
1402 3404 1455 3449 et
1485 3406 1771 3464 conceptus
1800 3406 1856 3451 et

263 3492 431 3535 natus
466 3491 523 3535 et
548 3483 836 3549 educatus,
885 3494 1044 3554 atque
1084 3484 1135 3540 in
1178 3487 1435 3556 pnnscpio
1479 3488 1681 3557 positus
1722 3470 1849 3555 fuit,

266 3589 379 3626 non
410 3574 462 3627 in
500 3574 745 3628 cubiculo
774 3576 1005 3645 quodam
1036 3577 1128 3631 sed
1160 3579 1209 3632 in
1237 3578 1536 3634 diversorio
1565 3596 1743 3635 coram
1772 3582 1852 3636 in-

264 3679 497 3717 numera
528 3666 896 3732 multitudine,
921 3677 983 3722 ut
1023 3668 1183 3740 vulgo
1224 3670 1339 3740 ejus
1365 3672 1609 3726 nativitas
1646 3673 1855 3729 innote-

264 3761 466 3808 sceret.
500 3753 700 3810 Idcirco
724 3767 776 3811 et
806 3756 1016 3825 faisciae,
1062 3768 1116 3814 et
1158 3760 1453 3831 pr0phetize
1489 3764 1853 3832 superioribus

266 3846 503 3915 idipsum
540 3848 752 3903 smculis
781 3850 1172 3919 praedixerunt,
1203 3868 1308 3907 non
1349 3853 1615 3910 hominem
1649 3865 1850 3913 tantum

266 3939 419 3991 illum
447 3939 685 3995 futurum
704 3981 720 4005 ,
749 3942 843 3997 sed
872 3942 988 3997 fore
1014 3953 1066 3997 ut
1096 3946 1482 4014 conciperetur,
1515 3960 1847 4017 nasceretur,

264 4039 315 4081 et
341 4046 634 4099 puerorum
657 4048 805 4087 more.
824 4035 1134 4089 nutriretur.
1159 4036 1227 4091 Et
1249 4036 1350 4092 hoc
1373 4047 1450 4092 est
1473 4039 1613 4109 quod
1633 4039 1851 4098 Hesaias

263 4122 469 4175 clamat
504 4121 726 4179 dicens:
759 4123 887 4179 Ecce
912 4127 1051 4197 virgo
1084 4127 1139 4181 in
1174 4138 1313 4182 utero
1342 4130 1571 4197 habebit,
1601 4142 1649 4185 et
1691 4134 1852 4202 pariet

270 4211 505 4278 Filium,
543 4225 592 4268 et
620 4218 862 4271 vocabunt
889 4234 1069 4273 nomen
1095 4221 1203 4291 ejus
1242 4219 1563 4275 Emmanuel.
1600 4207 1853 4294 Butyrum

265 4315 313 4358 et
341 4306 444 4359 mel
475 4308 694 4362 comedet
736 4309 940 4377 (Hesai.
974 4312 1027 4365 7.
1063 4313 1153 4381 M)
1188 4329 1201 4367 :
1247 4322 1302 4368 ct
1337 4328 1553 4375 rursus,
1598 4313 1852 4372 Parvulas

266 4405 419 4450 natas
447 4407 522 4449 est
567 4400 727 4465 nobis,
762 4411 808 4453 et
841 4399 1005 4455 Filius
1031 4402 1181 4457 datus
1220 4414 1292 4457 est
1346 4404 1488 4458 nobis
1535 4404 1644 4474 (Id.
1675 4406 1728 4460 9.
1770 4406 1848 4479 6).

278 4483 435 4540 \‘ides
464 4495 521 4540 ut
560 4489 790 4557 priorem
817 4490 976 4544 etiam
1007 4491 1149 4545 illius
1174 4502 1385 4548 aetatem
1412 4496 1853 4562 pneuuntiarint?

279 4577 543 4649 Interroga
570 4596 698 4650 ergo
729 4580 1035 4638 haereticum
1052 4624 1068 4649 ,
1104 4584 1244 4640 Deus
1276 4584 1592 4642 formidatae
1615 4603 1678 4643 ac
1697 4605 1852 4644 recu-

273 4680 357 4725 sat
382 4682 433 4724 et
452 4682 752 4737 cunctatur,
782 4682 839 4729 et
862 4674 1072 4731 tristitia
1093 4672 1358 4731 afficitur?
1385 4678 1536 4746 Quod
1562 4679 1607 4734 si
1633 4679 1846 4745 dixerit,

269 4766 466 4829 ειιιιω,
503 4764 759 4835 deinceps
800 4767 1028 4829 recede,
1071 4776 1127 4822 et
1162 4776 1336 4824 statue
1365 4771 1514 4825 illum
1554 4770 1689 4826 infra
1727 4786 1850 4829 cum

265 4851 521 4919 diabolo,
554 4857 635 4912 vel
667 4858 843 4925 potius
869 4872 935 4911 eo
960 4858 1220 4913 inferius:
1250 4875 1422 4930 neque
1449 4863 1592 4916 enim
1635 4862 1724 4918 ille
1747 4862 1850 4919 hoc

266 4945 451 5000 dicere
478 4947 730 5003 audebit:
761 4949 843 5004 sin
870 4959 1048 5005 autem
1074 4951 1301 5018 dixerit,
1342 4951 1474 5009 nihil
1512 4953 1703 5011 horum
1729 4971 1849 5012 esse

270 5037 383 5090 Deo
409 5035 663 5107 dignum,
706 5039 821 5106 dic,
862 5056 989 5112 ergo
1016 5057 1116 5098 nec
1151 5054 1270 5097 orat
1302 5044 1439 5099 Deus
1464 5062 1478 5099 :
1506 5046 1706 5116 absque
1734 5048 1849 5103 istis

266 5126 417 5181 enim
462 5138 518 5183 et
562 5131 705 5185 aliud
756 5133 1045 5187 absurdum
1092 5134 1232 5201 erit,
1287 5136 1332 5189 si
1388 5134 1502 5192 haec
1550 5138 1643 5194 Dei
1688 5139 1846 5194 verba

266 5220 492 5275 fuerint.

343 5307 479 5364 Due:
506 5310 780 5366 voluntates
798 5312 851 5366 in
872 5311 1092 5369 Christo.
1115 5344 1186 5355 —
1207 5313 1390 5386 Neque
1413 5316 1553 5373 enim
1579 5319 1739 5374 animi
1759 5334 1849 5376 so-

269 5402 380 5456 lum
414 5403 784 5459 mstuationem
826 5404 942 5460 haec
983 5407 1143 5463 verba
1184 5408 1518 5479 significant,
1562 5410 1655 5465 sed
1684 5412 1846 5468 etiam

268 5492 403 5548 duas
431 5492 764 5560 voluntates,
808 5511 969 5551 uitam
1007 5497 1222 5567 quidem
1267 5498 1416 5563 Filii,
1458 5500 1680 5556 alteram
1719 5516 1847 5556 vero

270 5581 447 5640 Patris
467 5579 611 5641 inter
633 5601 693 5641 se
712 5589 1008 5645 contrarias
1030 5607 1043 5642 :
1071 5605 1192 5644 nam
1218 5590 1359 5659 quod
1386 5590 1518 5645 dixit
1541 5609 1555 5646 :
1582 5590 1702 5648 Non
1721 5594 1847 5651 sicut

272 5687 366 5743 ego
391 5682 536 5740 voto,
566 5676 659 5731 sed
677 5679 805 5733 sicut
829 5692 885 5735 tu
915 5677 1139 5751 (Matth.
1162 5680 1253 5737 26.
1281 5680 1350 5738 30
1368 5682 1409 5753 ),
1440 5683 1537 5738 hoc
1565 5683 1847 5742 indicantis

338 5792 410 5853 ta)
443 5791 795 5857 ‘t‘beodoretus,
817 5794 1008 5858 Dialogo
1019 5794 1068 5857 3,
1087 5793 1213 5846 hunc
1227 5793 1381 5846 locum
1393 5796 1522 5846 citat.

1048 355 1137 411 DE
1177 354 1823 421 CONSUBSTANTIALI,
1866 352 2139 410 CONTRA
2183 352 2560 411 ANOMOEOS.
2602 350 2713 406 Vll.

3442 348 3547 403 766

1975 477 2077 525 est.
2109 470 2265 540 Atqui
2296 482 2363 525 ne
2405 468 2508 523 hoc
2532 468 2744 538 quidem
2786 480 3034 537 umquam
3082 464 3156 518 illi
3182 461 3509 518 admiserunt
3530 506 3542 527 ,

1971 563 2064 619 sed
2093 562 2245 619 nobis
2273 578 2484 633 semper
2505 561 2801 616 dicentibus
2829 559 2977 624 illud,
3010 558 3118 628 Ego
3138 567 3184 610 et
3216 555 3371 610 Pater
3390 573 3547 609 unum

1969 672 2144 710 sumas
2167 655 2347 725 (Joan.
2384 654 2474 709 10.
2505 651 2620 719 50),
2654 654 2705 705 in
2734 651 3044 721 majestate,
3077 648 3150 702 illi
3183 648 3235 701 in
3275 647 3548 701 voluntate

1970 748 2168 801 dictum
2209 760 2328 802 esse
2358 745 2635 815 inquiunt,
2665 742 2903 797 dicentes
2943 740 3114 795 Patris
3143 747 3197 792 et
3237 738 3359 792 Filii
3387 754 3544 791 unam

1969 853 2089 892 esse
2112 836 2458 892 voluntatem.
2480 835 2534 890 Si
2558 850 2685 904 ergo
2710 833 2879 888 Patris
2905 841 2958 887 et
2983 831 3099 885 Filii
3127 845 3227 883 una
3254 837 3337 882 est
3362 828 3547 882 volun-

1971 939 2083 993 tas,
2126 928 2395 1000 quomodo
2433 927 2518 980 hic
2553 926 2714 987 dicit,
2767 923 3114 978 Verumtamen
3151 936 3251 973 non
3292 920 3421 972 sicut
3456 934 3547 987 ego

1967 1021 2080 1074 volo
2101 1061 2117 1086 ,
2147 1020 2236 1073 sed
2273 1020 2403 1073 sicut
2431 1018 2526 1072 tu?
2565 1015 2697 1071 Nam
2737 1015 2781 1069 si
2826 1014 2878 1068 in
2907 1012 3181 1068 divinitate
3205 1009 3416 1079 quidem
3447 1007 3546 1070 sit,

1967 1111 2108 1183 quod
2134 1111 2332 1166 dictum
2375 1118 2491 1176 est,
2536 1107 2771 1163 exoritur
2797 1103 3039 1175 quaedam
3082 1099 3461 1160 contradictio,
3491 1106 3549 1152 et

1969 1202 2132 1256 multa
2161 1216 2224 1255 ex
2252 1215 2316 1254 co
2344 1196 2570 1253 absurda
2606 1205 2934 1250 nascuntur:
2962 1193 3041 1247 sin
3069 1199 3245 1245 autem
3271 1189 3325 1243 in
3349 1202 3510 1241 carne
3529 1226 3546 1250 ,

1967 1292 2158 1347 rationi
2183 1299 2537 1344 consentanea
2559 1280 2700 1350 sunt,
2729 1300 2898 1354 neque
2922 1280 3237 1352 reprehendi
3256 1278 3545 1349 quidquam

1968 1385 2203 1455 poterit:
2234 1397 2339 1436 non
2377 1381 2517 1436 enim
2549 1392 2764 1433 carnem
2797 1375 2936 1430 nolle
2977 1373 3149 1438 mori,
3182 1369 3419 1425 damnari
3450 1381 3546 1436 po.-

1968 1484 2101 1541 tcst,
2145 1489 2265 1529 cum
2298 1473 2399 1527 hoc
2427 1472 2495 1526 sit
2523 1479 2757 1533 naturas;
2801 1468 2915 1537 ipse
2947 1475 3123 1520 autem
3145 1505 3160 1527 ,
3191 1478 3310 1534 qua:
3349 1469 3548 1515 naturas

1966 1575 2088 1622 sunt
2106 1608 2121 1630 ,
2153 1564 2331 1618 omnia
2361 1570 2555 1631 praeter
2580 1568 2849 1630 peccatum
2880 1555 3246 1626 copiosissime
3270 1550 3546 1613 ostendat.

1965 1668 2023 1713 ut
2062 1673 2153 1712 ora
2185 1655 2553 1711 haereticorum
2597 1653 2829 1706 obturet.
2862 1647 3084 1717 Quando
3114 1661 3240 1712 ergo
3277 1644 3438 1707 dicit,
3485 1642 3547 1697 Si

1967 1749 2201 1823 possibile
2222 1756 2322 1810 est,
2349 1753 2568 1799 transeat
2596 1760 2627 1795 a
2654 1743 2737 1796 me'
2755 1741 2891 1794 calta:
2912 1740 3024 1804 iste,
3051 1746 3124 1801 et,
3161 1735 3278 1789 Non
3304 1736 3433 1788 sicut
3455 1749 3548 1804 ego

1965 1843 2099 1908 volo,
2142 1840 2230 1895 sed
2272 1840 2401 1892 sicut
2442 1847 2498 1890 tu
2540 1834 2761 1907 (Matth.
2787 1834 2878 1887 26.
2905 1832 3032 1900 59),
3078 1828 3207 1883 nihil
3259 1826 3402 1881 aliud
3443 1841 3550 1896 pra)

1965 1948 2023 1988 se
2052 1933 2183 1995 fert,
2232 1930 2331 1984 nisi
2369 1945 2427 1984 se
2461 1943 2588 1983 vere
2628 1940 2790 1981 carne
2825 1921 3208 1980 circumdatum
3247 1934 3397 1983 esse,
3430 1932 3549 1987 quas

1965 2034 2191 2078 mortem
2221 2018 2566 2075 reformidet:
2596 2018 2738 2071 illius
2774 2015 2916 2070 enim
2956 2022 3037 2068 est
3066 2020 3292 2067 mortem
3325 2010 3547 2071 timere,

1965 2123 2020 2169 et
2040 2128 2286 2168 recusare
2309 2121 2364 2165 et
2390 2124 2624 2166 maerore
2650 2106 2807 2161 affici.
2839 2104 3168 2174 Quandoque
3195 2102 3356 2169 igitur
3382 2097 3542 2153 desti-

1965 2213 2129 2259 tutam
2162 2203 2302 2256 illam
2330 2209 2385 2256 et
2427 2200 2675 2254 nudatam
2720 2196 2928 2266 propria
2970 2193 3280 2264 operatione
3318 2187 3548 2243 derelin-

1964 2296 2111 2364 quit,
2140 2302 2198 2347 ut
2238 2307 2357 2347 cum
2388 2291 2503 2360 ejus
2529 2288 2888 2343 infirmitatem
2917 2282 3238 2346 ostenderit,
3266 2279 3384 2349 ejus
3409 2292 3547 2348 quo-

1964 2405 2068 2459 que
2109 2396 2308 2441 natura!
2340 2384 2495 2438 fidem
2539 2382 2695 2436 faciat
2731 2396 2744 2434 :
2789 2376 3104 2447 quandoque
3139 2387 3267 2428 vero
3301 2370 3543 2427 eamdem

1963 2481 2130 2545 celat,
2165 2490 2221 2533 ut
2247 2478 2445 2532 nudum
2475 2474 2740 2529 huminem
2769 2485 2875 2525 non
2903 2468 3066 2524 fuisse
3103 2464 3383 2534 intelligas.
3412 2460 3544 2515 Nam

1964 2567 2408 2637 quemadmodum
2457 2566 2503 2619 si
2553 2578 2766 2634 semper
2814 2561 3043 2615 lmmana
3087 2555 3542 2612 demonstrasset.

1962 2661 2065 2717 hoc
2089 2661 2272 2730 utique
2297 2658 2555 2713 creditum
2595 2655 2782 2709 fuisset
2818 2670 2832 2706 τ
2865 2652 2936 2705 ita
2975 2649 3020 2703 si
3063 2660 3276 2713 semper
3303 2659 3421 2713 qua:
3454 2642 3544 2697 Dei

1962 2765 2086 2808 sunt
2111 2751 2452 2822 perfecisset,
2482 2742 2894 2816 dispensationis
2920 2737 3115 2794 rationi
3153 2734 3285 2790 fides
3311 2732 3546 2789 adhibita

1962 2859 2068 2899 non
2093 2842 2297 2897 fuisset.
2324 2841 2610 2909 Propterea
2631 2836 2802 2889 variat
2820 2842 2870 2889 et
2893 2829 3223 2887 intermiscet
3240 2841 3362 2881 cum
3385 2823 3543 2879 verba

1963 2944 2073 2988 tum
2100 2932 2358 2993 actiones,
2389 2938 2445 2983 ut
2474 2942 2646 2997 neque
2673 2925 2818 2980 Pauli
2845 2920 3140 2978 Samosatei
3161 2960 3177 2983 ,
3210 2932 3383 2988 neque
3403 2915 3544 2971 Marb

1959 3025 2128 3081 cionis
2152 3033 2206 3080 et
2228 3021 2500 3077 Manicbmi
2530 3020 2718 3073 morbo
2746 3030 2811 3071 ac
2836 3014 2999 3069 furori
3026 3012 3261 3082 przebeat
3299 3009 3540 3065 occasio-

1961 3133 2081 3173 nem
2108 3134 2122 3170 :
2154 3115 2276 3170 ideo
2300 3121 2356 3168 et
2386 3111 2529 3182 quod
2558 3110 2793 3164 futurum
2823 3116 2902 3161 εει
2931 3103 3171 3175 praedicit
3197 3111 3257 3157 ut
3280 3102 3456 3164 Deus,
3486 3108 3543 3154 et

1959 3221 2143 3264 rursus
2168 3216 2226 3261 ut
2254 3204 2414 3259 homo
2441 3208 2668 3258 recusat.

2029 3327 2081 3380 7.
2114 3321 2412 3379 Exhortatio
2434 3318 2639 3374 moralis
2658 3315 2726 3370 ad
2749 3314 3044 3370 orationem.
3066 3340 3137 3350 —
3160 3308 3360 3363 Vellem
3389 3304 3540 3373 equi-

1958 3415 2079 3472 dem
2108 3416 2338 3485 reliquas
2364 3412 2522 3468 etiam
2550 3423 2738 3466 causas
2768 3419 3098 3478 percurrere,
3126 3410 3283 3471 atque
3308 3414 3377 3454 ex
3408 3394 3540 3467 ipsis

1957 3507 2252 3562 actionibus
2279 3504 2542 3567 indicare,
2579 3496 3025 3572 quemadmodum
3056 3495 3181 3558 hic,
3209 3492 3332 3547 dum
3364 3489 3539 3544 carnis

1957 3599 2320 3653 infirmitatem
2366 3594 2707 3653 ostenderet,
2761 3591 2839 3645 sic
2883 3598 2939 3644 et
2981 3587 3106 3641 alibi
3155 3597 3343 3639 rursus
3390 3581 3535 3637 illum

1956 3704 2171 3756 orasse,
2202 3688 2327 3742 dum
2369 3685 2665 3740 auditorum
2707 3680 3069 3736 infirmitatem
3092 3676 3403 3746 corrigeret.
3428 3671 3537 3726 Ne-

1955 3798 2060 3853 que
2084 3782 2223 3835 euim
2251 3788 2458 3846 cuncta,
2486 3792 2604 3847 quze
2633 3774 2902 3829 humiliter
2928 3772 3065 3826 dicta
3094 3778 3238 3833 sunt,
3267 3765 3338 3821 ob
3361 3765 3537 3820 carnis

1956 3874 2207 3928 amictum
2250 3870 2423 3925 solum
2468 3882 2587 3923 esse
2625 3866 2765 3921 dicta
2807 3861 3131 3919 censendum
3173 3869 3290 3923 est,
3327 3856 3425 3912 sed
3467 3854 3537 3909 ob

1955 3964 2087 4019 alias
2114 3963 2271 4019 etiam
2302 3974 2433 4031 quas
2461 3958 2643 4024 attuli,
2684 3970 2872 4011 causas
2896 3972 2909 4009 :
2938 3961 3302 4008 verumtamen
3336 3962 3405 4004 ne
3433 3961 3529 4003 eo-

1955 4072 2110 4122 rum,
2156 4070 2276 4126 qua:
2315 4054 2455 4108 dicta
2482 4050 2709 4112 fuerint,
2751 4046 3030 4103 multitudo
3053 4058 3273 4106 eorum.
3310 4055 3429 4109 qua:
3451 4038 3537 4092 di-

1953 4147 2119 4204 cenda
2150 4154 2306 4209 sunt,
2333 4144 2538 4213 copiam
2567 4141 2774 4203 obruat,
2818 4139 2902 4193 hic
2927 4138 3085 4191 finem
3115 4132 3311 4187 faciens
3336 4128 3529 4183 adver-

1954 4255 2048 4296 sus
2069 4254 2161 4295 eos
2185 4236 2425 4301 dicendi,
2452 4244 2506 4289 et
2528 4232 2747 4301 reliquis
2786 4231 2839 4285 in
2863 4228 3025 4282 alium
3050 4225 3192 4279 diem
3226 4220 3437 4290 rejectis
3460 4217 3531 4273 ad

1954 4329 2208 4397 orationis
2238 4341 2418 4381 rursus
2444 4322 2865 4378 cohortationem
2902 4331 2988 4371 me
3020 4320 3351 4370 convertam.
3379 4309 3529 4364 Licet

1955 4421 2095 4475 enim
2123 4420 2189 4471 de
2219 4418 2319 4470 hoc
2340 4421 2652 4483 argumento
2670 4424 2813 4489 saepe
2839 4404 3323 4465 verba-fecerimus,
3352 4412 3528 4456 tamen

1954 4528 2131 4582 opera:
2156 4509 2379 4580 pretium
2408 4505 2595 4570 fuerit,
2624 4511 2681 4558 ut
2713 4516 2854 4556 nunc
2878 4499 3036 4555 etiam
3067 4497 3134 4553 de
3160 4511 3227 4551 eo
3250 4495 3485 4551 dicamus
3510 4511 3525 4548 :

1956 4620 2075 4659 nam
2104 4611 2157 4657 et
2178 4615 2360 4655 carum
2387 4598 2613 4653 vestium
2651 4610 2769 4667 qua:
2791 4592 2957 4649 semel
2986 4592 3163 4646 tincta:
3190 4589 3413 4652 fuerint,
3447 4585 3531 4641 fa-

1953 4694 2055 4751 cile
2080 4694 2226 4748 color
2248 4690 2518 4746 evanescit
2546 4706 2560 4744 :
2591 4702 2723 4758 quas
2748 4700 2876 4740 vero
2900 4683 3169 4738 multoties
3197 4691 3249 4736 et
3277 4680 3526 4750 frequen-

1954 4794 2035 4839 ter
2064 4785 2340 4837 immersas
2365 4780 2647 4835 eduxerint
2668 4775 2979 4838 infectores,
3020 4788 3097 4828 ειη
3125 4771 3309 4825 florem
3336 4767 3531 4824 coloris

1954 4874 2332 4930 immutabilem
2375 4881 2622 4937 servant;
2670 4868 2774 4924 hoc
2814 4876 2866 4921 et
2914 4867 2967 4920 in
3014 4862 3292 4917 animabus
3332 4858 3528 4913 nostris

1951 4967 2236 5036 contingit;
2281 4965 2327 5019 si
2369 4962 2582 5034 quando
2622 4959 2763 5015 enim
2803 4955 2989 5013 eadem
3020 4954 3178 5008 verba
3220 4950 3528 5020 frequenter

1952 5056 2296 5120 audierimus,
2327 5053 2476 5123 quasi
2506 5052 2786 5105 tincturam
2814 5044 3099 5117 quamdam
3122 5048 3395 5110 exceptam
3425 5040 3520 5092 doc

1951 5147 2178 5202 ctrinam
2204 5158 2309 5197 non
2336 5141 2488 5197 facile
2511 5139 2860 5210 deponcnms.
2888 5134 2965 5191 Ne
2986 5134 3142 5204 igitur
3168 5128 3525 5202 perfunctorie

1950 5238 2228 5293 audiamus
2252 5253 2266 5289 :
2297 5249 2400 5289 non
2426 5233 2568 5289 enim
2593 5240 2693 5297 est,
2723 5245 2828 5285 non
2859 5236 2974 5294 est,
3006 5226 3218 5297 inquam
3232 5242 3255 5289 ',
3285 5219 3527 5277 oratione

1950 5330 2239 5402 quidquam
2270 5325 2565 5397 potentius,
2597 5331 2688 5376 aut
2714 5320 2857 5391 quod
2895 5318 2945 5375 ei
2972 5316 3137 5388 possit
3158 5312 3378 5384 aequari.
3407 5309 3523 5366 Non

1950 5423 2028 5476 sic
2060 5418 2284 5474 amictus
2313 5429 2543 5485 purpura
2571 5411 2878 5483 splendidus
2906 5418 2988 5465 est
3016 5409 3327 5477 imperator,
3354 5403 3527 5474 utqui

1951 5519 2102 5576 orat,
2149 5507 2414 5577 colloquio
2438 5519 2559 5559 cum
2589 5503 2700 5559 Deo
2728 5510 3033 5557 exornatus.
3081 5498 3149 5555 Ut
3188 5498 3332 5554 enim
3358 5496 3403 5552 si
3429 5495 3527 5550 ad-

1952 5610 2126 5657 stante
2152 5598 2386 5655 exercitu
2407 5637 2423 5664 ,
2463 5593 2717 5657 ducibus,
2762 5590 3188 5662 magistratibus,
3221 5585 3527 5647 consulibus

1953 5690 2169 5756 multis,
2216 5687 2477 5744 accedens
2517 5685 2636 5757 quis
2665 5684 2906 5754 privatim
2949 5696 3070 5737 cum
3115 5681 3437 5749 imperatore
3474 5676 3530 5731 in

1959 5785 2276 5858 colloquium
2301 5781 2497 5853 veniat,
2524 5791 2836 5837 cunctorum
2863 5777 3048 5832 oculos
3071 5774 3137 5831 ad
3158 5789 3216 5832 se
3240 5771 3523 5836 convertit,
