3980 6184
481 366 585 421 767

488 500 660 555 eaque
688 485 891 539 ratione
919 484 980 539 fit
1016 483 1291 549 illustrior,
1336 483 1418 537 sic
1450 490 1505 537 et
1539 483 1813 536 orantibus
1849 480 2059 537 accidit.

482 575 664 644 Cogita
696 589 921 644 namque
955 581 1206 642 quantum
1244 573 1372 627 illud
1413 574 1484 628 sit
1522 572 1752 627 futurum
1773 600 1799 638 ,κ
1823 582 1880 627 ut
1917 588 2056 642 pra:-

481 664 725 717 seutibus
746 664 947 733 angelis
964 704 978 726 ,
1006 663 1335 717 adstantibus
1359 662 1713 732 archangelis,
1741 662 2019 730 Seraphiin
2035 703 2052 728 ,

480 755 787 818 Cheruhim,
807 755 1118 824 catterisque
1139 755 1417 808 virtutibus
1445 756 1711 820 omnibus,
1732 770 1868 808 unus
1898 754 2057 808 homo

481 845 642 897 multa
686 861 807 899 cum
853 846 1043 900 fiducia
1081 847 1248 915 possit
1284 844 1572 909 accedere,
1628 855 1683 899 et
1719 860 1839 898 cum
1887 845 2053 898 virtu-

485 943 596 987 tum
652 936 857 988 illarum
902 951 1026 1004 rege
1073 935 1335 1005 colloqui;
1378 950 1502 988 num
1540 934 1640 989 hoc
1669 934 1746 988 illi
1779 934 2062 1003 cujuslibet

483 1024 700 1079 honoris
725 1026 889 1080 instar
912 1026 1052 1080 erit?
1077 1025 1260 1095 Neque
1278 1040 1405 1080 vero
1431 1033 1632 1079 tantum
1659 1024 1936 1087 honorem,
1959 1023 2053 1079 sed

482 1116 760 1170 utilitatem
799 1132 1010 1188 quoque
1051 1119 1336 1172 maximam
1384 1131 1664 1187 possumus
1708 1132 1774 1172 ex
1817 1117 2056 1172 oratione

483 1207 772 1276 decerpere
790 1247 805 1271 ,
834 1208 918 1262 vel
948 1209 1108 1263 etiam
1134 1218 1414 1278 antequam
1444 1208 1495 1262 id
1525 1207 1665 1277 quod
1705 1207 1929 1277 petimus
1957 1208 2056 1261 ob-

484 1298 814 1352 tinuerimus.
853 1297 985 1352 Nam
1016 1298 1176 1352 simul
1219 1306 1379 1365 atque
1408 1313 1598 1352 manus
1635 1298 1689 1351 in
1718 1297 1912 1352 cmlum
1941 1297 2060 1366 quis

482 1387 811 1453 extenderit,
861 1388 1132 1457 Deumque
1161 1388 1450 1451 iavocarit,
1495 1385 1772 1443 confestim
1808 1402 1873 1443 ex
1900 1387 2058 1441 rebus

483 1479 711 1531 excessit
730 1476 996 1543 humanis,
1023 1477 1089 1532 ad
1112 1476 1341 1532 futuram
1367 1478 1528 1532 vitam
1553 1486 1731 1532 mente
1753 1478 2056 1541 translatus,

482 1582 547 1620 ac
574 1566 823 1637 deinec-ps
852 1584 968 1637 quae
994 1578 1116 1623 sunt
1140 1569 1193 1622 in
1233 1568 1375 1623 caelis
1403 1569 1584 1622 animo
1609 1567 1872 1636 concipit;
1901 1567 2065 1623 nihil-

483 1672 588 1724 que
616 1671 737 1711 cum
774 1658 874 1711 hac
903 1658 1007 1711 vita
1034 1673 1316 1712 commune
1357 1668 1595 1727 tempore
1620 1658 1942 1727 precationis
1968 1657 2056 1711 hac

486 1746 594 1813 bet,
624 1750 668 1802 si
693 1748 971 1818 diligenter
992 1759 1237 1819 precatus
1257 1750 1453 1805 fuerit:
1485 1750 1579 1805 sed
1607 1751 1733 1806 licet
1755 1750 2066 1805 effervescat

486 1836 752 1891 iracundia
777 1880 792 1903 ,
823 1838 975 1893 facile
1002 1839 1215 1894 sedatur
1239 1858 1252 1893 :
1283 1840 1405 1895 licet
1430 1840 1692 1909 cupiditas
1717 1840 2027 1895 exardescat
2045 1880 2061 1907 ,

485 1926 873 1996 exstinguitur:
907 1929 1031 1984 licet
1058 1930 1254 1984 invidia
1285 1938 1560 2000 torqueat,
1590 1931 1754 1985 multa
1786 1946 1907 1985 cum
1932 1932 2061 1985 faci-

486 2023 498 2068 t
527 2026 632 2070 tate
662 2019 981 2087 depellitur:
1013 2020 1260 2091 idemque
1284 2022 1576 2090 contingit,
1617 2023 1759 2092 quod
1786 2024 2065 2080 exoriente

483 2107 596 2161 sole
624 2110 880 2179 propheta
922 2111 1050 2166 dicit
1087 2113 1417 2183 contingere.
1449 2113 1586 2179 Quid
1628 2115 1756 2170 illud
1790 2117 1911 2170 est?
1952 2114 2063 2170 Po-

485 2199 635 2253 suisti
664 2202 886 2255 tenebras
904 2244 920 2268 ,
953 2213 999 2256 et
1035 2204 1170 2273 facta
1197 2214 1268 2259 est
1293 2221 1396 2258 noa:
1415 2222 1435 2260 :
1463 2206 1517 2259 in
1554 2205 1668 2273 ipsa
1696 2207 2065 2275 pertransibunt

485 2307 656 2344 omnes
676 2291 843 2346 bestia:
861 2294 1016 2362 sylva:
1036 2309 1055 2348 :
1079 2295 1235 2348 catuli
1257 2296 1456 2349 leonum
1476 2296 1743 2367 rugientes,
1767 2305 1819 2348 ut
1839 2296 2063 2367 rapiant,

482 2388 529 2432 et
553 2389 777 2447 quwrant
803 2398 834 2433 a
860 2380 970 2436 Deo
1011 2399 1175 2437 escam
1201 2385 1317 2438 sibi.
1357 2384 1511 2438 Ortus
1541 2396 1613 2439 est
1637 2385 1716 2439 sol
1731 2425 1746 2451 ,
1779 2394 1829 2439 et
1852 2401 2064 2456 congre-

482 2470 589 2539 gati
616 2480 751 2536 sunt,
782 2480 826 2525 et
852 2473 905 2525 in
938 2473 1182 2529 cubilibus
1205 2476 1311 2529 suis
1338 2475 1715 2529 collocabantur
1742 2476 1913 2548 (Psal.
1938 2476 2062 2531 105.

486 2560 696 2634 20-22).
726 2562 794 2618 Ut
840 2563 998 2632 igitur
1022 2566 1182 2621 radiis
1207 2567 1334 2621 solis
1354 2568 1713 2623 exorientibus
1733 2568 1856 2624 fera:
1878 2585 2065 2625 omnes

484 2648 750 2721 fugantur,
779 2661 832 2706 et
862 2654 913 2706 iu
940 2669 1032 2708 sua
1056 2656 1223 2710 lustra
1252 2656 1532 2712 discedunt
1556 2677 1569 2713 :
1602 2660 1672 2716 ita
1694 2661 1943 2715 nimirum
1975 2662 2064 2717 ubi

487 2752 753 2808 tamquam
782 2743 960 2798 radius
988 2745 1201 2814 quidam
1226 2760 1293 2801 ex
1313 2764 1405 2803 ore
1431 2760 1615 2806 nostro
1637 2751 1918 2821 linguaque
1940 2768 2064 2807 ora-

484 2836 560 2890 tio
586 2850 706 2891 sese
745 2836 1025 2903 effuderit,
1072 2854 1191 2893 cum
1223 2856 1376 2896 mens
1419 2842 1769 2910 illuminatur,
1814 2855 1923 2899 tum
1965 2860 2061 2901 ex—

489 2936 666 2994 pertes
694 2928 912 2983 rationis
944 2945 1007 2984 ac
1033 2929 1282 2986 belluinaa
1324 2933 1749 3001 perturbationes
1792 2935 2065 3006 aufugiunt

488 3024 544 3072 et
568 3016 868 3088 abiguntur,
890 3029 1048 3089 atque
1069 3020 1120 3074 iu
1147 3037 1272 3076 suos
1296 3037 1488 3093 specus
1506 3022 1814 3089 abscedunt,
1839 3025 1881 3078 si
1904 3025 2063 3082 modo

482 3109 784 3181 diligenter,
811 3112 859 3165 si
889 3120 1092 3168 attento
1131 3114 1338 3178 animo,
1370 3116 1415 3169 si
1453 3124 1633 3171 mente
1658 3116 1896 3186 vigilanti
1938 3132 2063 3173 ora-

472 3202 733 3257 ~verimus.
766 3202 901 3257 Tum
930 3205 1053 3259 licet
1076 3204 1304 3260 adfuerit
1328 3206 1600 3274 diabolus,
1639 3209 1909 3279 abigitur:
1939 3210 2064 3266 licet

482 3291 725 3359 daemon,
767 3294 986 3348 recedit.
1019 3294 1151 3349 Nam
1194 3296 1273 3361 si,
1318 3296 1537 3353 domino
1560 3299 1822 3370 colloquia
1854 3313 2064 3357 serente

484 3399 604 3436 cum
636 3398 811 3448 servo,
840 3386 1016 3441 nullus
1044 3402 1109 3441 ex
1138 3388 1410 3442 conservis
1433 3429 1449 3455 ,
1496 3404 1562 3444 ne
1604 3406 1670 3444 ex
1699 3390 1806 3445 illis
1848 3392 2063 3462 quidem

482 3474 569 3542 qui
598 3473 841 3528 fiduciam
871 3476 1010 3543 apud
1041 3476 1185 3530 illum
1216 3477 1489 3546 obtinent,
1526 3480 1746 3536 auderet
1771 3482 2060 3552 accedere,

483 3572 537 3617 ct
562 3562 709 3617 illum
742 3563 1025 3621 obturbare
1050 3584 1063 3620 :
1098 3567 1265 3623 multo
1292 3569 1470 3623 minus
1494 3570 1546 3625 hi
1571 3586 1635 3625 ex
1662 3587 1847 3628 eorum
1878 3590 2064 3630 nume-

483 3670 564 3720 ro,
594 3654 683 3724 qui
726 3655 889 3709 Deum
917 3655 1279 3726 offenderunt,
1310 3676 1481 3730 neque
1513 3661 1756 3719 fiduciam
1784 3665 2058 3734 obtinent,

484 3744 635 3799 nobis
664 3746 713 3799 in
742 3745 977 3802 divinum
1005 3750 1324 3823 colloquium
1355 3752 1599 3809 admissis
1624 3756 1934 3827 obstrepere
1964 3774 2062 3828 po-

485 3845 694 3903 terunt,
733 3838 777 3891 si
806 3840 1128 3895 conveniens
1154 3842 1386 3897 studium
1422 3844 1439 3875 ¹
1476 3845 1888 3902 adhibuerimus.
1929 3849 2063 3905 Ora-

485 3928 557 3983 tio
583 3939 766 3999 portus
795 3940 1108 4002 tempestate
1130 3935 1363 4005 jactatis,
1403 3937 1777 3996 ﬂuctuantibus
1805 3942 2056 4011 anchora,

549 4060 567 4093 ⁸
603 4060 751 4121 Alius,
775 4062 1122 4115 corwenientem
1144 4067 1475 4118 reverentiam.

1215 362 1272 419 ὃ.
1311 360 1590 418 JOANNIS
1624 362 2060 419 CHRYSOSTOB‘

2168 359 2458 416 tRCHlEP.
2498 359 3029 418 CONSTANTINOP.
3577 371 3661 430 7M

2172 479 2340 549 scipio
2387 478 2769 544 titubantibus,
2819 492 3110 549 pauperum
3156 477 3445 546 thesaurus,
3487 483 3662 545 divitum

2165 570 2443 637 securitas,
2472 569 2776 624 morborum
2802 569 3027 635 curatio,
3055 569 3290 624 custodia
3313 574 3541 628 sanitatis.
3562 576 3667 631 Ora.

2168 662 2241 715 tio
2256 661 2411 715 simul
2434 670 2487 715 et
2508 661 2643 715 bona
2665 661 2816 715 nobis
2833 660 3048 715 immota
3068 671 3359 728 conservat,
3380 672 3428 717 et
3443 665 3669 723 confestim

2167 752 2306 805 mala
2337 759 2652 806 transmutat
2676 768 2689 804 :
2720 752 2832 805 sive
2861 752 3085 805 tentatio
3114 751 3388 819 invaserit,
3417 752 3551 810 facile
3571 773 3672 825 pro-

2164 844 2442 912 pulsatur:
2490 844 2606 897 sive
2649 843 2988 912 pecuniarum
3025 842 3265 913 jactura,
3307 846 3412 900 sive
3450 849 3674 916 quodlibet

2164 933 2308 986 aliud
2333 947 2548 999 eorum,
2575 948 2695 1002 quae
2718 933 3015 987 molestiam
3041 933 3234 987 animae
3261 942 3443 990 nostra:
3469 938 3673 1005 inurunt,

2165 1031 2353 1076 cuncta
2379 1037 2540 1091 quam
2569 1023 2797 1091 primum
2826 1023 3057 1093 repellit.
3083 1021 3266 1078 Oratio
3291 1026 3516 1080 matroris
3538 1029 3679 1084 omnis

2166 1111 2450 1181 refugium,
2483 1111 2769 1166 hilaritatis
2793 1120 3165 1182 argumentum
3186 1151 3203 1177 ,
3235 1113 3436 1168 occasio
3457 1126 3679 1184 perpetua:

2169 1202 2455 1271 voluptatis
2475 1242 2491 1265 ,
2533 1201 2884 1272 pliilosOphia:
2913 1211 3103 1256 mater.
3131 1202 3232 1269 Qui
3260 1202 3521 1272 diligenter
3544 1212 3683 1272 potest

2167 1306 2341 1357 orare,
2366 1291 2492 1346 licet
2517 1293 2754 1346 omnium
2783 1293 2854 1346 sit
2874 1292 3266 1362 pauperrimus,
3292 1300 3458 1346 tamen
3484 1294 3678 1347 omnium

2167 1392 2249 1437 est
2273 1382 2567 1457 ditissimus
2591 1400 2604 1436 :
2635 1392 2692 1438 ut
2717 1383 2807 1454 qui
2831 1383 3073 1438 oratione
3097 1383 3379 1437 destitutus
3402 1392 3494 1446 est,
3520 1383 3625 1438 licet
3643 1385 3683 1438 in

2168 1487 2283 1540 ipso
2312 1472 2458 1542 regio
2478 1472 2672 1527 throno
2706 1472 2918 1538 sedeat,
2950 1474 3187 1528 omnium
3206 1482 3289 1528 est
3317 1474 3685 1544 pauperrimus‘.

2166 1563 2355 1619 Nonne
2378 1579 2468 1618 rex
2499 1574 2613 1620 erat
2640 1563 2845 1629 Achab,
2873 1573 2928 1618 et
2957 1565 3062 1620 vim
3096 1566 3208 1619 auri
3235 1566 3529 1635 argentique
3551 1564 3689 1620 habe.

2168 1655 2258 1707 bat
2286 1653 2637 1709 immensam?
2661 1656 2731 1710 At
2754 1656 3006 1725 quoniam
3034 1656 3330 1711 orationem
3361 1672 3458 1711 non
3482 1656 3691 1722 habebat,

2167 1745 2340 1799 Eliam
2366 1760 2613 1815 quaerens
2635 1747 2981 1812 circumibat,
3012 1746 3281 1801 hominem
3302 1788 3319 1813 ,
3348 1747 3435 1817 qui
3458 1762 3609 1817 neque
3626 1746 3694 1800 di-

2166 1835 2461 1889 versorium
2480 1875 2498 1901 ,
2540 1850 2714 1906 neque
2744 1846 2946 1892 vestem
2974 1838 3236 1904 habebat,
3283 1837 3375 1893 sed
3400 1839 3606 1893 meloten
3626 1852 3697 1892 so-

2167 1925 2294 1980 lam.
2324 1925 2459 1993 Quid
2491 1928 2593 1982 hoc
2635 1928 2739 1983 sibi
2777 1929 2924 1996 vult,
2973 1930 3187 1999 quaso?
3228 1929 3312 1984 Tu
3345 1931 3431 1999 qui
3471 1941 3538 1983 tot
3565 1929 3700 1984 habes

2167 2018 2482 2088 apothecas,
2511 2035 2631 2074 cum
2657 2021 2746 2092 qui
2777 2020 2909 2075 nihil
2933 2020 3094 2075 habet
3116 2022 3361 2091 qumris?
3403 2022 3471 2075 Ita
3507 2030 3605 2085 est,
3631 2020 3699 2075 iu-

2166 2112 2280 2181 quit
2307 2130 2320 2166 :
2349 2128 2469 2166 nam
2495 2112 2620 2182 quid
2650 2112 2778 2167 mihi
2806 2113 3016 2168 tandem
3044 2124 3269 2183 prosunt
3290 2114 3405 2170 bam
3430 2122 3699 2182 promptua-

2169 2204 2268 2265 ria,
2298 2218 2418 2257 cum
2447 2204 2534 2258 hic
2559 2204 2711 2259 nobis
2734 2204 2928 2259 czclum
2952 2205 3218 2268 clauserit,
3249 2216 3307 2259 et
3336 2204 3528 2258 inutilia
3547 2211 3703 2258 cuncta

2168 2291 2490 2347 reddiderit?
2518 2293 2696 2356 Vides,
2742 2303 2799 2347 nt
2825 2293 2912 2348 hic
2938 2294 3030 2349 illo
3057 2294 3214 2349 fuerit
3240 2294 3570 2364 opulentior?
3597 2292 3702 2347 Nam

2168 2398 2443 2453 quousque
2481 2400 2664 2441 vocem
2694 2385 2781 2439 hic
2816 2386 3115 2454 emitteret,
3149 2387 3201 2441 in
3245 2387 3412 2441 multa
3438 2394 3706 2456 paupertate

2167 2489 2259 2530 rex
2285 2491 2405 2530 cum
2434 2484 2545 2530 toto
2568 2478 2822 2532 comitatu
2843 2478 3175 2534 versabatur.
3199 2478 3246 2533 Ο
3275 2495 3387 2533 rem
3414 2476 3704 2533 mirabilem!

2168 2565 2245 2621 Ne
2281 2574 2482 2621 vestem
2512 2568 2724 2636 quidem
2767 2567 2988 2635 habuit,
3032 2578 3087 2624 et
3130 2570 3331 2625 caelum
3357 2570 3571 2625 clausit:
3612 2568 3713 2623 ideo

2168 2656 2418 2710 nimirum
2445 2658 2630 2712 caelum
2652 2659 2857 2725 clausit,
2886 2661 3008 2730 quia
3029 2671 3230 2715 vestem
3259 2678 3374 2715 non
3397 2660 3591 2720 habuit:
3614 2658 3716 2728 (ιιιὶι

2168 2745 2297 2800 nihil
2331 2747 2416 2803 hic
2438 2749 2706 2819 possedit,
2752 2748 2951 2805 idcirco
2995 2752 3216 2806 multam
3243 2752 3493 2806 exhibuit
3518 2759 3718 2820 potesta-

2169 2844 2312 2903 tem;
2344 2854 2466 2892 cum
2507 2840 2649 2894 labra
2697 2850 2900 2895 tantum
2951 2841 3279 2908 diduxisset,
3341 2855 3397 2897 ut
3437 2840 3721 2898 innumeris

2168 2929 2300 2983 cazlo
2328 2930 2559 2986 thesauri
2587 2932 2962 2989 delaberentur
2990 2934 3184 2990 effecit.
3213 2933 3257 2988 Ο
3278 2943 3528 2990 sanctum
3552 2947 3627 2998 os,
3652 2930 3721 2987 cui

2170 3018 2341 3076 fontes
2380 3021 2633 3078 imbrium
2660 3023 2904 3078 inerant!
2941 3039 2974 3078 ο
3010 3023 3243 3094 linguam
3270 3025 3455 3079 stillas
3476 3021 3722 3078 ell'undea-

2172 3112 2311 3165 tem!
2358 3126 2391 3165 o
2436 3127 2618 3167 vocem
2663 3113 2817 3170 bonis
2861 3115 3155 3170 innumeris
3199 3113 3619 3171 scaturienteml
3657 3108 3728 3166 Ad

2169 3200 2310 3257 hunc
2335 3202 2495 3273 igitur
2526 3213 2737 3260 nostros
2759 3220 2973 3277 semper
2999 3206 3182 3261 oculos
3210 3222 3309 3261 con
3322 3214 3590 3263 vertentes
3615 3216 3727 3273 pau-

2170 3306 2351 3360 perem
2380 3293 2536 3347 simul
2565 3302 2620 3349 et
2640 3294 2859 3351 divitem
2877 3338 2891 3362 ,
2922 3296 3014 3367 qui
3039 3296 3189 3352 dives
3233 3297 3317 3352 idc
3337 3298 3446 3352 irco
3473 3296 3600 3361 fuit,
3627 3291 3733 3364 quia

2169 3397 2369 3453 pauper
2395 3384 2510 3450 fuit,
2542 3397 2951 3445 contemnamus
2975 3388 3279 3458 praesentia,
3303 3389 3730 3458 concupiscamus

2167 3473 2383 3530 futura:
2427 3477 2504 3531 sic
2546 3478 2688 3532 enim
2733 3486 2787 3533 et
2832 3491 2952 3549 que
2994 3479 3081 3535 hic
3119 3489 3280 3547 sunt,
3353 3490 3410 3536 et
3450 3494 3564 3551 quae
3605 3477 3734 3542 illic.

2166 3565 2342 3619 omnia
2374 3566 2511 3620 bona
2539 3582 2955 3638 consequemur.
2987 3569 3117 3638 Qua:
3143 3570 3295 3626 nobis
3337 3570 3583 3625 omnibus
3609 3581 3729 3636 prae-

2165 3665 2308 3712 stare
2352 3659 2600 3729 dignetur
2647 3662 2815 3731 gratia
2865 3670 2921 3717 et
2969 3662 3269 3733 benignitas
3325 3662 3534 3718 Domini
3580 3656 3733 3715 nostri

2164 3745 2289 3802 Jesu
2317 3748 2549 3815 Christi,
2589 3766 2710 3806 cum
2752 3768 2858 3821 quo
2895 3751 3038 3807 Patri
3064 3754 3231 3823 gloria
3261 3754 3532 3822 simulque
3568 3757 3733 3806 sancto

2167 3837 2420 3907 Spiritui,
2467 3856 2607 3897 nunc
2644 3851 2700 3897 et
2737 3857 2949 3910 semper
2976 3853 3032 3899 et
3069 3844 3122 3898 in
3151 3846 3351 3900 saecula
3393 3843 3730 3904 saeculorum,

2167 3932 2359 3985 Amen.

2230 4022 2247 4052 ι
2284 4021 2370 4086 Pro
2393 4022 2575 4081 verbis,
2596 4024 2949 4086 pauperrimus.
2974 4033 3133 4076 Nonne
3162 4038 3254 4076 rex
3272 4033 3384 4077 erat
3408 4022 3595 4076 Achab?
3607 4018 3735 4073 savii.

2163 4089 2215 4131 et
2237 4083 2431 4145 quidam
2453 4090 2582 4143 Mss.,
2599 4083 2976 4149 pauperrimis;
2995 4093 3169 4138 etenim
3186 4088 3369 4148 Achab,
3396 4095 3495 4139 etc.

514 4166 3738 4206 ______________________________________

486 4256 553 4300 IN
596 4246 904 4312 κειιουλί
952 4262 1271 4307 ΑυνΕιιευε
1317 4264 1724 4322 Πειετιεοε,
1771 4268 1852 4310 ΕΤ
1911 4270 1994 4312 DE
2035 4272 2288 4316 JUDICIO
2329 4274 2537 4327 ATQUE
2594 4276 3051 4337 ELEEHOSYNA,
3111 4280 3193 4323 ΕΤ
3246 4281 3313 4324 IN
3360 4272 3745 4324 PETITIONER

1635 4367 1870 4412 MATIUS
1912 4370 2223 4417 FILIORUM
2265 4375 2575 4419 ZEBEDEI.

1896 4477 2317 4534 aermnae)

1038 4600 1257 4641 BOﬂILIA
1295 4602 1526 4644 OCTAVA.

559 4671 608 4723 l.
651 4669 728 4724 Ex
757 4670 898 4725 bello
926 4675 1125 4727 reversi
1160 4675 1411 4731 hesterno
1439 4678 1526 4734 die
1569 4695 1771 4751 sumus,
1806 4699 1872 4740 ex
1915 4686 2057 4743 bello

486 4777 764 4832 pugnaque
810 4778 929 4818 cum
961 4764 1229 4822 hmreticis
1255 4770 1559 4838 commissa,
1602 4778 1858 4846 sanguine
1896 4778 2055 4834 tincta

483 4862 728 4923 gerentes
770 4870 935 4919 arma,
980 4857 1210 4927 gladium
1256 4858 1417 4928 Yerbi
1446 4873 1745 4930 cruentum,
1778 4883 1886 4923 non
1934 4886 2062 4940 pro-

484 4947 665 5001 stratis
688 4947 1022 5015 corporibus,
1049 4948 1140 5003 sed
1169 4950 1403 5006 consiliis
1429 4951 1715 5011 destructis
1738 4967 1787 5010 et
1826 4962 1962 5013 omni
1984 4962 2062 5015 al-

484 5036 714 5101 titudine,
754 5054 867 5108 quc
900 5040 1137 5095 adversus
1160 5042 1254 5095 Dei
1298 5044 1319 5075 ⁸
1371 5045 1630 5100 scientiam
1669 5065 1723 5103 se
1763 5052 1955 5107 extollit
1980 5054 2057 5125 (2.

484 5125 601 5181 Cor.
634 5128 721 5183 to.
750 5130 830 5198 5).
870 5130 995 5186 Tale
1022 5147 1250 5203 namque
1277 5149 1444 5204 genus
1469 5145 1550 5193 est
1572 5154 1761 5210 pugnas
1788 5142 1964 5213 hujus,
1997 5161 2061 5201 ac

483 5219 708 5285 proinde
736 5221 854 5276 talis
875 5234 954 5277 est
981 5238 1250 5279 armorum
1273 5236 1458 5282 natura
1488 5246 1501 5281 :
1526 5245 1750 5299 quorum
1770 5244 2057 5307 utrumque

484 5307 683 5364 docens
711 5310 897 5368 beatus
923 5313 1114 5369 Paulus
1141 5315 1385 5372 dicebat:
1414 5318 1554 5374 Nam
1579 5338 1724 5378 arma
1749 5324 1944 5382 militia:
1971 5346 2064 5384 no-

485 5406 602 5451 stra:
626 5416 729 5454 non
752 5404 978 5457 carnalia
998 5416 1113 5459 sunt
1132 5422 1151 5460 :
1179 5408 1268 5461 sed
1296 5412 1517 5481 potentia
1536 5410 1647 5468 Deo
1667 5414 1736 5469 ad
1760 5415 2061 5474 destructio-

488 5502 599 5540 nem
622 5491 973 5558 munitionum,
1006 5498 1215 5551 consilia
1241 5499 1567 5569 destruentia,
1593 5513 1637 5558 ct
1662 5521 1856 5562 omnem
1886 5508 2061 5564 altitu-

548 5638 567 5703 ξ
604 5638 708 5701 Alit,
729 5645 960 5703 ejusdem.

549 5700 571 5731 ⁸
599 5706 674 5752 διο
691 5700 831 5755 savii.
858 5715 909 5758 et
929 5715 1017 5759 Mss
1063 5711 1242 5774 βίοι-ειη
1266 5711 1457 5765 Christi.

2168 4615 2336 4669 dinem
2376 4616 2690 4670 extollentem
2725 4634 2780 4672 se
2816 4618 3053 4674 adversus
3092 4620 3353 4674 scientiam
3384 4620 3488 4675 Dei
3513 4619 3589 4693 (2.
3633 4616 3741 4672 Cor.

2167 4706 2255 4762 10.
2286 4705 2365 4780 4).
2386 4709 2525 4762 Sane
2549 4707 2760 4777 quidem
2790 4720 3061 4780 oporteret
3086 4712 3171 4778 iis,
3194 4715 3285 4783 qui
3315 4713 3632 4778 abfuerunt,
3659 4709 3749 4764 be-

2166 4804 2375 4853 sternos
2393 4797 2593 4852 referre
2618 4813 2794 4866 casus,
2826 4810 2882 4855 et
2918 4802 3088 4857 aciem
3121 4802 3439 4857 instructam
3472 4814 3746 4865 enarrare,

2166 4889 2494 4954 conﬂictum,
2528 4890 2825 4959 victoriam,
2858 4901 3056 4962 tropaea
3086 4909 3101 4946 :
3130 4894 3222 4948 sed
3254 4909 3321 4949 ne
3351 4909 3454 4950 vos
3485 4893 3749 4963 negligen-

2168 4979 2331 5033 tiores
2357 4979 2663 5047 reddamus,
2694 4981 2776 5037 his
2804 4984 3199 5052 praetermissis,
3231 4994 3287 5039 ut
3320 4984 3541 5054 jactura
3569 4983 3750 5038 stimu-

2170 5071 2258 5126 lati
2288 5071 2654 5142 diligentiores
2693 5074 2830 5130 fialis
2857 5091 2970 5141 vos,
3001 5077 3090 5147 qui
3120 5077 3385 5144 abfuistis,
3428 5078 3502 5133 ad
3533 5092 3616 5142 ea,
3645 5089 3753 5146 qua:

2167 5174 2480 5233 sequuntur,
2507 5164 2666 5221 hodie
2693 5168 2914 5237 gradum
2947 5167 3201 5224 faciemus
3230 5186 3243 5223 :
3271 5168 3422 5239 quod
3451 5170 3497 5224 si
3530 5168 3652 5239 quis
3674 5158 3751 5219 di-

2169 5256 2337 5327 ligens
2380 5256 2538 5313 fuerit
2577 5268 2631 5314 et
2656 5267 2908 5327 attentus,
2940 5276 3008 5316 ex
3052 5260 3118 5315 iis
3154 5262 3245 5332 qui
3286 5261 3657 5317 interfuerunt
3695 5272 3753 5312 ea

2168 5364 2286 5418 qua:
2314 5358 2443 5405 sunt
2466 5364 2496 5405 a
2528 5352 2681 5406 nobis
2706 5352 2959 5408 hesterno
2986 5353 3073 5409 die
3099 5354 3240 5408 dicta
3272 5362 3590 5423 cognoscet.
3622 5351 3753 5407 Tan-

2170 5450 2276 5494 tam
2306 5441 2448 5495 enim
2484 5441 2810 5498 alacritatem
2839 5444 3002 5498 animi
3032 5444 3184 5499 nobis
3210 5444 3583 5500 exhibuerunt
3608 5441 3756 5496 audi-

2169 5540 2331 5597 tores,
2359 5540 2417 5586 ut
2439 5534 2671 5603 acceptis
2698 5534 2946 5591 omnibus
2967 5535 3182 5591 domum
3205 5535 3556 5600 recesserint,
3587 5544 3755 5601 neque

2167 5621 2454 5691 quidquam
2499 5639 2704 5692 eorum,
2748 5639 2867 5695 qua:
2900 5625 3041 5681 dicta
3079 5624 3304 5692 fuerant,
3345 5625 3454 5679 sibi
3505 5620 3755 5680 excidere

2171 5714 2313 5783 passi
2343 5712 2554 5770 fuerint.
2586 5716 2767 5786 Itaque
2800 5716 2884 5772 illa
2914 5717 3125 5787 quidem
3150 5715 3489 5789 cognoscetis
3513 5728 3581 5771 ex
3614 5713 3745 5771 illis;

3874 1412 3879 1563 κ

3880 1702 3883 1779 ‹

3882 1798 3885 1871 1
