  <div class='ocr_page' id='page_1' title='image "/cluster/home/n/w/nwhite01/storage/ocr_20150623/48/hvd.32044073501892/248.png"; bbox 0 0 3980 6184; ppageno 0'>
   <div class='ocr_carea' id='block_1_1' title="bbox 211 185 326 242">
    <p class='ocr_par' dir='ltr' id='par_1_1' title="bbox 211 185 326 242">
     <span class='ocr_line' id='line_1_1' title="bbox 211 185 326 242; baseline 0.017 -2"><span class='ocrx_word' id='word_1_1' title='bbox 211 185 326 242; x_wconf 80' lang='lat'><strong>769</strong></span> 
     </span>
    </p>
   </div>
   <div class='ocr_carea' id='block_1_2' title="bbox 208 291 1803 374">
    <p class='ocr_par' dir='ltr' id='par_1_2' title="bbox 208 291 1803 374">
     <span class='ocr_line' id='line_1_2' title="bbox 208 291 1803 374; baseline -0.011 -17"><span class='ocrx_word' id='word_1_2' title='bbox 208 317 337 374; x_wconf 68' lang='lat' dir='ltr'><strong>quae</strong></span> <span class='ocrx_word' id='word_1_3' title='bbox 364 315 496 356; x_wconf 81' lang='lat' dir='ltr'><strong>vero</strong></span> <span class='ocrx_word' id='word_1_4' title='bbox 526 307 651 356; x_wconf 86' lang='lat' dir='ltr'><strong>sunt</strong></span> <span class='ocrx_word' id='word_1_5' title='bbox 675 297 836 353; x_wconf 85' lang='lat' dir='ltr'><strong>hodie</strong></span> <span class='ocrx_word' id='word_1_6' title='bbox 871 295 1118 360; x_wconf 85' lang='lat' dir='ltr'><strong>dicenda,</strong></span> <span class='ocrx_word' id='word_1_7' title='bbox 1150 308 1250 350; x_wconf 86' lang='lat' dir='ltr'><strong>nos</strong></span> <span class='ocrx_word' id='word_1_8' title='bbox 1277 293 1429 348; x_wconf 82' lang='lat' dir='ltr'><strong>vobis</strong></span> <span class='ocrx_word' id='word_1_9' title='bbox 1457 291 1717 353; x_wconf 86' lang='lat' dir='ltr'><strong>dicemus,</strong></span> <span class='ocrx_word' id='word_1_10' title='bbox 1746 293 1803 342; x_wconf 89' lang='lat' dir='ltr'><strong>et</strong></span> 
     </span>
    </p>
   </div>
   <div class='ocr_carea' id='block_1_3' title="bbox 209 378 1800 462">
    <p class='ocr_par' dir='ltr' id='par_1_3' title="bbox 209 378 1800 462">
     <span class='ocr_line' id='line_1_3' title="bbox 209 378 1800 462; baseline -0.009 -16"><span class='ocrx_word' id='word_1_11' title='bbox 209 392 598 462; x_wconf 84' lang='lat' dir='ltr'><strong>objectionem,</strong></span> <span class='ocrx_word' id='word_1_12' title='bbox 627 404 788 460; x_wconf 86' lang='lat' dir='ltr'><strong>quam</strong></span> <span class='ocrx_word' id='word_1_13' title='bbox 822 386 1055 442; x_wconf 67' lang='lat' dir='ltr'><strong>haeretici</strong></span> <span class='ocrx_word' id='word_1_14' title='bbox 1087 385 1239 439; x_wconf 90' lang='lat' dir='ltr'><strong>nobis</strong></span> <span class='ocrx_word' id='word_1_15' title='bbox 1265 388 1556 452; x_wconf 67' lang='lat' dir='ltr'><strong>Oppommt,</strong></span> <span class='ocrx_word' id='word_1_16' title='bbox 1603 378 1656 433; x_wconf 92' lang='lat' dir='ltr'><strong>in</strong></span> <span class='ocrx_word' id='word_1_17' title='bbox 1687 392 1800 431; x_wconf 86' lang='lat' dir='ltr'><strong>me-</strong></span> 
     </span>
    </p>
   </div>
   <div class='ocr_carea' id='block_1_4' title="bbox 206 471 1808 552">
    <p class='ocr_par' dir='ltr' id='par_1_4' title="bbox 206 471 1808 552">
     <span class='ocr_line' id='line_1_4' title="bbox 206 471 1808 552; baseline -0.009 -16"><span class='ocrx_word' id='word_1_18' title='bbox 206 483 366 537; x_wconf 88' lang='lat' dir='ltr'><strong>dium</strong></span> <span class='ocrx_word' id='word_1_19' title='bbox 396 479 749 552; x_wconf 78' lang='lat' dir='ltr'><strong>proferemus.</strong></span> <span class='ocrx_word' id='word_1_20' title='bbox 775 479 1031 547; x_wconf 68' lang='lat' dir='ltr'><strong>Quzenam</strong></span> <span class='ocrx_word' id='word_1_21' title='bbox 1053 476 1213 546; x_wconf 89' lang='lat' dir='ltr'><strong>igitur</strong></span> <span class='ocrx_word' id='word_1_22' title='bbox 1235 474 1319 528; x_wconf 93' lang='lat' dir='ltr'><strong>illa</strong></span> <span class='ocrx_word' id='word_1_23' title='bbox 1347 472 1464 528; x_wconf 84' lang='lat' dir='ltr'><strong>est?</strong></span> <span class='ocrx_word' id='word_1_24' title='bbox 1484 471 1615 538; x_wconf 85' lang='lat' dir='ltr'><strong>Quia</strong></span> <span class='ocrx_word' id='word_1_25' title='bbox 1637 482 1808 536; x_wconf 82' lang='lat' dir='ltr'><strong>nuper</strong></span> 
     </span>
    </p>
   </div>
   <div class='ocr_carea' id='block_1_5' title="bbox 209 559 1801 642">
    <p class='ocr_par' dir='ltr' id='par_1_5' title="bbox 209 559 1801 642">
     <span class='ocr_line' id='line_1_5' title="bbox 209 559 1801 642; baseline -0.01 -16"><span class='ocrx_word' id='word_1_26' title='bbox 209 572 288 627; x_wconf 87' lang='lat' dir='ltr'><strong>de</strong></span> <span class='ocrx_word' id='word_1_27' title='bbox 321 571 574 642; x_wconf 84' lang='lat' dir='ltr'><strong>unigeniti</strong></span> <span class='ocrx_word' id='word_1_28' title='bbox 621 580 884 639; x_wconf 83' lang='lat' dir='ltr'><strong>potestate</strong></span> <span class='ocrx_word' id='word_1_29' title='bbox 928 565 1299 628; x_wconf 86' lang='lat' dir='ltr'><strong>disseruimus,</strong></span> <span class='ocrx_word' id='word_1_30' title='bbox 1343 575 1568 631; x_wconf 85' lang='lat' dir='ltr'><strong>eamque</strong></span> <span class='ocrx_word' id='word_1_31' title='bbox 1609 559 1801 624; x_wconf 86' lang='lat' dir='ltr'><strong>Patris,</strong></span> 
     </span>
    </p>
   </div>
   <div class='ocr_carea' id='block_1_6' title="bbox 209 651 1805 736">
    <p class='ocr_par' dir='ltr' id='par_1_6' title="bbox 209 651 1805 736">
     <span class='ocr_line' id='line_1_6' title="bbox 209 651 1805 736; baseline -0.01 -18"><span class='ocrx_word' id='word_1_32' title='bbox 209 681 244 718; x_wconf 84' lang='lat' dir='ltr'><strong>a</strong></span> <span class='ocrx_word' id='word_1_33' title='bbox 277 680 389 736; x_wconf 90' lang='lat' dir='ltr'><strong>quo</strong></span> <span class='ocrx_word' id='word_1_34' title='bbox 410 663 619 734; x_wconf 84' lang='lat' dir='ltr'><strong>genitus</strong></span> <span class='ocrx_word' id='word_1_35' title='bbox 648 672 754 725; x_wconf 84' lang='lat' dir='ltr'><strong>est,</strong></span> <span class='ocrx_word' id='word_1_36' title='bbox 785 659 1033 732; x_wconf 83' lang='lat' dir='ltr'><strong>potestati</strong></span> <span class='ocrx_word' id='word_1_37' title='bbox 1062 673 1241 728; x_wconf 90' lang='lat' dir='ltr'><strong>parem</strong></span> <span class='ocrx_word' id='word_1_38' title='bbox 1275 671 1395 711; x_wconf 91' lang='lat' dir='ltr'><strong>esse</strong></span> <span class='ocrx_word' id='word_1_39' title='bbox 1417 651 1805 708; x_wconf 86' lang='lat' dir='ltr'><strong>demonstravi-</strong></span> 
     </span>
    </p>
   </div>
   <div class='ocr_carea' id='block_1_7' title="bbox 211 743 1800 821">
    <p class='ocr_par' dir='ltr' id='par_1_7' title="bbox 211 743 1800 821">
     <span class='ocr_line' id='line_1_7' title="bbox 211 743 1800 821; baseline -0.01 -10"><span class='ocrx_word' id='word_1_40' title='bbox 211 773 361 821; x_wconf 88' lang='lat' dir='ltr'><strong>mus,</strong></span> <span class='ocrx_word' id='word_1_41' title='bbox 385 765 440 810; x_wconf 89' lang='lat' dir='ltr'><strong>et</strong></span> <span class='ocrx_word' id='word_1_42' title='bbox 465 755 517 810; x_wconf 92' lang='lat' dir='ltr'><strong>in</strong></span> <span class='ocrx_word' id='word_1_43' title='bbox 559 770 677 810; x_wconf 87' lang='lat' dir='ltr'><strong>eam</strong></span> <span class='ocrx_word' id='word_1_44' title='bbox 707 770 821 808; x_wconf 90' lang='lat' dir='ltr'><strong>rem</strong></span> <span class='ocrx_word' id='word_1_45' title='bbox 865 765 1141 806; x_wconf 87' lang='lat' dir='ltr'><strong>sermones</strong></span> <span class='ocrx_word' id='word_1_46' title='bbox 1173 749 1370 802; x_wconf 87' lang='lat' dir='ltr'><strong>multos</strong></span> <span class='ocrx_word' id='word_1_47' title='bbox 1409 743 1800 814; x_wconf 81' lang='lat' dir='ltr'><strong>impendimus:</strong></span> 
     </span>
    </p>
   </div>
   <div class='ocr_carea' id='block_1_8' title="bbox 211 835 1802 918">
    <p class='ocr_par' dir='ltr' id='par_1_8' title="bbox 211 835 1802 918">
     <span class='ocr_line' id='line_1_8' title="bbox 211 835 1802 918; baseline -0.009 -17"><span class='ocrx_word' id='word_1_48' title='bbox 211 846 310 901; x_wconf 84' lang='lat' dir='ltr'><strong>his</strong></span> <span class='ocrx_word' id='word_1_49' title='bbox 337 848 411 902; x_wconf 90' lang='lat' dir='ltr'><strong>illi</strong></span> <span class='ocrx_word' id='word_1_50' title='bbox 450 846 680 918; x_wconf 75' lang='lat' dir='ltr'><strong>perculsi</strong></span> <span class='ocrx_word' id='word_1_51' title='bbox 721 845 875 899; x_wconf 86' lang='lat' dir='ltr'><strong>dictis</strong></span> <span class='ocrx_word' id='word_1_52' title='bbox 916 841 1274 911; x_wconf 86' lang='lat' dir='ltr'><strong>evangelicam</strong></span> <span class='ocrx_word' id='word_1_53' title='bbox 1302 853 1484 892; x_wconf 83' lang='lat' dir='ltr'><strong>vocem</strong></span> <span class='ocrx_word' id='word_1_54' title='bbox 1520 835 1802 906; x_wconf 86' lang='lat' dir='ltr'><strong>quamdam</strong></span> 
     </span>
    </p>
   </div>
   <div class='ocr_carea' id='block_1_9' title="bbox 209 925 1806 1008">
    <p class='ocr_par' dir='ltr' id='par_1_9' title="bbox 209 925 1806 1008">
     <span class='ocr_line' id='line_1_9' title="bbox 209 925 1806 1008; baseline -0.008 -16"><span class='ocrx_word' id='word_1_55' title='bbox 209 939 348 1005; x_wconf 82' lang='lat' dir='ltr'><strong>alio,</strong></span> <span class='ocrx_word' id='word_1_56' title='bbox 370 953 527 1008; x_wconf 90' lang='lat' dir='ltr'><strong>quam</strong></span> <span class='ocrx_word' id='word_1_57' title='bbox 556 937 630 991; x_wconf 83' lang='lat' dir='ltr'><strong>illi</strong></span> <span class='ocrx_word' id='word_1_58' title='bbox 651 936 1008 1002; x_wconf 67' lang='lat' dir='ltr'><strong>suspicantur,</strong></span> <span class='ocrx_word' id='word_1_59' title='bbox 1033 931 1193 985; x_wconf 90' lang='lat' dir='ltr'><strong>modo</strong></span> <span class='ocrx_word' id='word_1_60' title='bbox 1217 930 1410 984; x_wconf 91' lang='lat' dir='ltr'><strong>dictam</strong></span> <span class='ocrx_word' id='word_1_61' title='bbox 1438 925 1673 981; x_wconf 79' lang='lat' dir='ltr'><strong>vicissim</strong></span> <span class='ocrx_word' id='word_1_62' title='bbox 1711 939 1806 979; x_wconf 91' lang='lat' dir='ltr'><strong>no-</strong></span> 
     </span>
    </p>
   </div>
   <div class='ocr_carea' id='block_1_10' title="bbox 211 1015 1806 1098">
    <p class='ocr_par' dir='ltr' id='par_1_10' title="bbox 211 1015 1806 1098">
     <span class='ocr_line' id='line_1_10' title="bbox 211 1015 1806 1098; baseline -0.009 -15"><span class='ocrx_word' id='word_1_63' title='bbox 211 1030 306 1084; x_wconf 91' lang='lat' dir='ltr'><strong>bis</strong></span> <span class='ocrx_word' id='word_1_64' title='bbox 333 1029 665 1098; x_wconf 89' lang='lat' dir='ltr'><strong>objecerunt.</strong></span> <span class='ocrx_word' id='word_1_65' title='bbox 694 1026 868 1095; x_wconf 84' lang='lat' dir='ltr'><strong>Atque</strong></span> <span class='ocrx_word' id='word_1_66' title='bbox 897 1025 1154 1090; x_wconf 89' lang='lat' dir='ltr'><strong>scriptum</strong></span> <span class='ocrx_word' id='word_1_67' title='bbox 1183 1031 1286 1086; x_wconf 91' lang='lat' dir='ltr'><strong>est,</strong></span> <span class='ocrx_word' id='word_1_68' title='bbox 1320 1020 1582 1089; x_wconf 92' lang='lat' dir='ltr'><strong>inquiunt,</strong></span> <span class='ocrx_word' id='word_1_69' title='bbox 1616 1015 1806 1072; x_wconf 88' lang='lat' dir='ltr'><strong>Sedere</strong></span> 
     </span>
    </p>
   </div>
   <div class='ocr_carea' id='block_1_11' title="bbox 209 1112 1805 1172">
    <p class='ocr_par' dir='ltr' id='par_1_11' title="bbox 209 1112 1805 1172">
     <span class='ocr_line' id='line_1_11' title="bbox 209 1112 1805 1172; baseline -0.009 1"><span class='ocrx_word' id='word_1_70' title='bbox 209 1130 388 1172; x_wconf 76' lang='lat' dir='ltr'><strong>autem</strong></span> <span class='ocrx_word' id='word_1_71' title='bbox 416 1119 482 1172; x_wconf 86' lang='lat' dir='ltr'><strong>ad</strong></span> <span class='ocrx_word' id='word_1_72' title='bbox 501 1119 759 1171; x_wconf 87' lang='lat' dir='ltr'><strong>dexteram</strong></span> <span class='ocrx_word' id='word_1_73' title='bbox 789 1132 948 1168; x_wconf 87' lang='lat' dir='ltr'><strong>meam</strong></span> <span class='ocrx_word' id='word_1_74' title='bbox 974 1123 1019 1168; x_wconf 89' lang='lat' dir='ltr'><strong>et</strong></span> <span class='ocrx_word' id='word_1_75' title='bbox 1045 1114 1112 1166; x_wconf 89' lang='lat' dir='ltr'><strong>ad</strong></span> <span class='ocrx_word' id='word_1_76' title='bbox 1141 1112 1397 1166; x_wconf 80' lang='lat' dir='ltr'><strong>sinistram</strong></span> <span class='ocrx_word' id='word_1_77' title='bbox 1425 1125 1523 1163; x_wconf 88' lang='lat' dir='ltr'><strong>non</strong></span> <span class='ocrx_word' id='word_1_78' title='bbox 1545 1115 1616 1161; x_wconf 89' lang='lat' dir='ltr'><strong>est</strong></span> <span class='ocrx_word' id='word_1_79' title='bbox 1641 1123 1805 1159; x_wconf 88' lang='lat' dir='ltr'><strong>meum</strong></span> 
     </span>
    </p>
   </div>
   <div class='ocr_carea' id='block_1_12' title="bbox 207 1197 1800 1278">
    <p class='ocr_par' dir='ltr' id='par_1_12' title="bbox 207 1197 1800 1278">
     <span class='ocr_line' id='line_1_12' title="bbox 207 1197 1800 1278; baseline -0.009 -15"><span class='ocrx_word' id='word_1_80' title='bbox 207 1211 362 1270; x_wconf 84' lang='lat' dir='ltr'><strong>dare,</strong></span> <span class='ocrx_word' id='word_1_81' title='bbox 379 1209 467 1263; x_wconf 89' lang='lat' dir='ltr'><strong>sed</strong></span> <span class='ocrx_word' id='word_1_82' title='bbox 485 1207 662 1278; x_wconf 83' lang='lat' dir='ltr'><strong>quibus</strong></span> <span class='ocrx_word' id='word_1_83' title='bbox 681 1216 912 1276; x_wconf 87' lang='lat' dir='ltr'><strong>paratum</strong></span> <span class='ocrx_word' id='word_1_84' title='bbox 929 1215 999 1258; x_wconf 87' lang='lat' dir='ltr'><strong>est</strong></span> <span class='ocrx_word' id='word_1_85' title='bbox 1019 1221 1051 1257; x_wconf 89' lang='lat' dir='ltr'><strong>a</strong></span> <span class='ocrx_word' id='word_1_86' title='bbox 1074 1203 1227 1256; x_wconf 81' lang='lat' dir='ltr'><strong>Patre</strong></span> <span class='ocrx_word' id='word_1_87' title='bbox 1245 1218 1352 1255; x_wconf 87' lang='lat' dir='ltr'><strong>meo</strong></span> <span class='ocrx_word' id='word_1_88' title='bbox 1369 1200 1557 1273; x_wconf 78' lang='lat' dir='ltr'><strong>(Matth</strong></span> <span class='ocrx_word' id='word_1_89' title='bbox 1567 1199 1673 1253; x_wconf 71' lang='lat'><strong>.20.</strong></span> <span class='ocrx_word' id='word_1_90' title='bbox 1686 1197 1800 1265; x_wconf 69' lang='lat'><strong>25).</strong></span> 
     </span>
    </p>
   </div>
   <div class='ocr_carea' id='block_1_13' title="bbox 291 1291 1805 1368">
    <p class='ocr_par' dir='ltr' id='par_1_13' title="bbox 291 1291 1805 1368">
     <span class='ocr_line' id='line_1_13' title="bbox 291 1291 1805 1368; baseline -0.009 -15"><span class='ocrx_word' id='word_1_91' title='bbox 291 1300 375 1354; x_wconf 76' lang='lat' dir='ltr'><strong>Ad</strong></span> <span class='ocrx_word' id='word_1_92' title='bbox 395 1299 719 1368; x_wconf 86' lang='lat' dir='ltr'><strong>objectionem</strong></span> <span class='ocrx_word' id='word_1_93' title='bbox 744 1295 1108 1350; x_wconf 71' lang='lat' dir='ltr'><strong>Hareticorum</strong></span> <span class='ocrx_word' id='word_1_94' title='bbox 1139 1293 1418 1362; x_wconf 77' lang='lat' dir='ltr'><strong>responsio.</strong></span> <span class='ocrx_word' id='word_1_95' title='bbox 1442 1320 1513 1331; x_wconf 90' lang='lat'><strong><em>â€”</em></strong></span> <span class='ocrx_word' id='word_1_96' title='bbox 1540 1291 1651 1360; x_wconf 89' lang='lat' dir='ltr'><strong>Ego</strong></span> <span class='ocrx_word' id='word_1_97' title='bbox 1676 1303 1805 1343; x_wconf 84' lang='lat' dir='ltr'><strong>vero</strong></span> 
     </span>
    </p>
   </div>
   <div class='ocr_carea' id='block_1_14' title="bbox 205 1381 1806 1462">
    <p class='ocr_par' dir='ltr' id='par_1_14' title="bbox 205 1381 1806 1462">
     <span class='ocr_line' id='line_1_14' title="bbox 205 1381 1806 1462; baseline -0.009 -15"><span class='ocrx_word' id='word_1_98' title='bbox 205 1391 366 1462; x_wconf 80' lang='lat' dir='ltr'><strong>quod</strong></span> <span class='ocrx_word' id='word_1_99' title='bbox 389 1406 602 1462; x_wconf 88' lang='lat' dir='ltr'><strong>semper</strong></span> <span class='ocrx_word' id='word_1_100' title='bbox 628 1390 901 1444; x_wconf 86' lang='lat' dir='ltr'><strong>caritatem</strong></span> <span class='ocrx_word' id='word_1_101' title='bbox 933 1398 1162 1442; x_wconf 82' lang='lat' dir='ltr'><strong>vestram</strong></span> <span class='ocrx_word' id='word_1_102' title='bbox 1195 1386 1399 1450; x_wconf 84' lang='lat' dir='ltr'><strong>hortor,</strong></span> <span class='ocrx_word' id='word_1_103' title='bbox 1429 1383 1480 1438; x_wconf 89' lang='lat' dir='ltr'><strong>id</strong></span> <span class='ocrx_word' id='word_1_104' title='bbox 1520 1384 1679 1437; x_wconf 88' lang='lat' dir='ltr'><strong>etiam</strong></span> <span class='ocrx_word' id='word_1_105' title='bbox 1709 1381 1806 1434; x_wconf 88' lang='lat' dir='ltr'><strong>ho-</strong></span> 
     </span>
    </p>
   </div>
   <div class='ocr_carea' id='block_1_15' title="bbox 201 1476 1805 1550">
    <p class='ocr_par' dir='ltr' id='par_1_15' title="bbox 201 1476 1805 1550">
     <span class='ocr_line' id='line_1_15' title="bbox 201 1476 1805 1550; baseline -0.006 -13"><span class='ocrx_word' id='word_1_106' title='bbox 201 1484 311 1537; x_wconf 86' lang='lat' dir='ltr'><strong>die</strong></span> <span class='ocrx_word' id='word_1_107' title='bbox 339 1498 528 1536; x_wconf 86' lang='lat' dir='ltr'><strong>moueo</strong></span> <span class='ocrx_word' id='word_1_108' title='bbox 555 1481 899 1550; x_wconf 90' lang='lat' dir='ltr'><strong>consuloque,</strong></span> <span class='ocrx_word' id='word_1_109' title='bbox 931 1494 998 1534; x_wconf 89' lang='lat' dir='ltr'><strong>ne</strong></span> <span class='ocrx_word' id='word_1_110' title='bbox 1028 1479 1340 1548; x_wconf 88' lang='lat' dir='ltr'><strong>simpliciter</strong></span> <span class='ocrx_word' id='word_1_111' title='bbox 1374 1476 1559 1530; x_wconf 89' lang='lat' dir='ltr'><strong>literas</strong></span> <span class='ocrx_word' id='word_1_112' title='bbox 1587 1489 1805 1544; x_wconf 88' lang='lat' dir='ltr'><strong>percur-</strong></span> 
     </span>
    </p>
   </div>
   <div class='ocr_carea' id='block_1_16' title="bbox 201 1565 1806 1641">
    <p class='ocr_par' dir='ltr' id='par_1_16' title="bbox 201 1565 1806 1641">
     <span class='ocr_line' id='line_1_16' title="bbox 201 1565 1806 1641; baseline -0.006 -13"><span class='ocrx_word' id='word_1_113' title='bbox 201 1576 375 1632; x_wconf 83' lang='lat' dir='ltr'><strong>ratis.</strong></span> <span class='ocrx_word' id='word_1_114' title='bbox 401 1574 490 1628; x_wconf 88' lang='lat' dir='ltr'><strong>sed</strong></span> <span class='ocrx_word' id='word_1_115' title='bbox 514 1588 701 1627; x_wconf 87' lang='lat' dir='ltr'><strong>sensus</strong></span> <span class='ocrx_word' id='word_1_116' title='bbox 725 1571 1086 1641; x_wconf 85' lang='lat' dir='ltr'><strong>investigetis:</strong></span> <span class='ocrx_word' id='word_1_117' title='bbox 1118 1571 1161 1624; x_wconf 90' lang='lat' dir='ltr'><strong>si</strong></span> <span class='ocrx_word' id='word_1_118' title='bbox 1185 1570 1302 1639; x_wconf 91' lang='lat' dir='ltr'><strong>quis</strong></span> <span class='ocrx_word' id='word_1_119' title='bbox 1323 1568 1465 1623; x_wconf 90' lang='lat' dir='ltr'><strong>enim</strong></span> <span class='ocrx_word' id='word_1_120' title='bbox 1496 1565 1806 1634; x_wconf 87' lang='lat' dir='ltr'><strong>simpliciter</strong></span> 
     </span>
    </p>
   </div>
   <div class='ocr_carea' id='block_1_17' title="bbox 203 1661 1802 1734">
    <p class='ocr_par' dir='ltr' id='par_1_17' title="bbox 203 1661 1802 1734">
     <span class='ocr_line' id='line_1_17' title="bbox 203 1661 1802 1734; baseline -0.004 -17"><span class='ocrx_word' id='word_1_121' title='bbox 203 1667 402 1720; x_wconf 74' lang='lat' dir='ltr'><strong>verbis</strong></span> <span class='ocrx_word' id='word_1_122' title='bbox 443 1667 718 1728; x_wconf 72' lang='lat' dir='ltr'><strong>inhmreat,</strong></span> <span class='ocrx_word' id='word_1_123' title='bbox 749 1680 918 1734; x_wconf 90' lang='lat' dir='ltr'><strong>neque</strong></span> <span class='ocrx_word' id='word_1_124' title='bbox 947 1672 1138 1734; x_wconf 64' lang='lat' dir='ltr'><strong>praster</strong></span> <span class='ocrx_word' id='word_1_125' title='bbox 1166 1678 1249 1727; x_wconf 90' lang='lat' dir='ltr'><strong>ea,</strong></span> <span class='ocrx_word' id='word_1_126' title='bbox 1279 1677 1395 1731; x_wconf 69' lang='lat' dir='ltr'><strong>quas</strong></span> <span class='ocrx_word' id='word_1_127' title='bbox 1425 1661 1618 1728; x_wconf 76' lang='lat' dir='ltr'><strong>scripta</strong></span> <span class='ocrx_word' id='word_1_128' title='bbox 1660 1667 1802 1724; x_wconf 91' lang='lat' dir='ltr'><strong>sunt,</strong></span> 
     </span>
    </p>
   </div>
   <div class='ocr_carea' id='block_1_18' title="bbox 203 1751 1806 1828">
    <p class='ocr_par' dir='ltr' id='par_1_18' title="bbox 203 1751 1806 1828">
     <span class='ocr_line' id='line_1_18' title="bbox 203 1751 1806 1828; baseline -0.004 -18"><span class='ocrx_word' id='word_1_129' title='bbox 203 1757 509 1828; x_wconf 84' lang='lat' dir='ltr'><strong>quidquam</strong></span> <span class='ocrx_word' id='word_1_130' title='bbox 549 1756 814 1826; x_wconf 79' lang='lat' dir='ltr'><strong>exquirat,</strong></span> <span class='ocrx_word' id='word_1_131' title='bbox 860 1757 910 1809; x_wconf 92' lang='lat' dir='ltr'><strong>in</strong></span> <span class='ocrx_word' id='word_1_132' title='bbox 959 1754 1141 1808; x_wconf 86' lang='lat' dir='ltr'><strong>multis</strong></span> <span class='ocrx_word' id='word_1_133' title='bbox 1170 1754 1387 1808; x_wconf 89' lang='lat' dir='ltr'><strong>errabit.</strong></span> <span class='ocrx_word' id='word_1_134' title='bbox 1421 1752 1552 1806; x_wconf 83' lang='lat' dir='ltr'><strong>Nam</strong></span> <span class='ocrx_word' id='word_1_135' title='bbox 1597 1758 1650 1806; x_wconf 91' lang='lat' dir='ltr'><strong>et</strong></span> <span class='ocrx_word' id='word_1_136' title='bbox 1695 1751 1806 1804; x_wconf 88' lang='lat' dir='ltr'><strong>alas</strong></span> 
     </span>
    </p>
   </div>
   <div class='ocr_carea' id='block_1_19' title="bbox 208 1843 1802 1916">
    <p class='ocr_par' dir='ltr' id='par_1_19' title="bbox 208 1843 1802 1916">
     <span class='ocr_line' id='line_1_19' title="bbox 208 1843 1802 1916; baseline -0.004 -14"><span class='ocrx_word' id='word_1_137' title='bbox 208 1851 420 1903; x_wconf 83' lang='lat' dir='ltr'><strong>habere</strong></span> <span class='ocrx_word' id='word_1_138' title='bbox 441 1849 606 1902; x_wconf 88' lang='lat' dir='ltr'><strong>Deum</strong></span> <span class='ocrx_word' id='word_1_139' title='bbox 629 1847 913 1916; x_wconf 73' lang='lat' dir='ltr'><strong>Scriptura:</strong></span> <span class='ocrx_word' id='word_1_140' title='bbox 934 1847 1136 1912; x_wconf 90' lang='lat' dir='ltr'><strong>dicunt,</strong></span> <span class='ocrx_word' id='word_1_141' title='bbox 1161 1846 1238 1900; x_wconf 89' lang='lat' dir='ltr'><strong>sic</strong></span> <span class='ocrx_word' id='word_1_142' title='bbox 1258 1846 1504 1915; x_wconf 86' lang='lat' dir='ltr'><strong>loquente</strong></span> <span class='ocrx_word' id='word_1_143' title='bbox 1528 1843 1802 1912; x_wconf 61' lang='lat' dir='ltr'><strong>proiiheta,</strong></span> 
     </span>
    </p>
   </div>
   <div class='ocr_carea' id='block_1_20' title="bbox 211 1934 1802 2012">
    <p class='ocr_par' dir='ltr' id='par_1_20' title="bbox 211 1934 1802 2012">
     <span class='ocr_line' id='line_1_20' title="bbox 211 1934 1802 2012; baseline -0.005 -17"><span class='ocrx_word' id='word_1_144' title='bbox 211 1941 290 1995; x_wconf 81' lang='lat' dir='ltr'><strong>In</strong></span> <span class='ocrx_word' id='word_1_145' title='bbox 319 1941 532 2012; x_wconf 81' lang='lat' dir='ltr'><strong>tegmine</strong></span> <span class='ocrx_word' id='word_1_146' title='bbox 556 1941 756 1993; x_wconf 86' lang='lat' dir='ltr'><strong>alarum</strong></span> <span class='ocrx_word' id='word_1_147' title='bbox 795 1952 996 1992; x_wconf 81' lang='lat' dir='ltr'><strong>tuarum</strong></span> <span class='ocrx_word' id='word_1_148' title='bbox 1037 1947 1240 2007; x_wconf 88' lang='lat' dir='ltr'><strong>protege</strong></span> <span class='ocrx_word' id='word_1_149' title='bbox 1286 1953 1365 1990; x_wconf 88' lang='lat' dir='ltr'><strong>me</strong></span> <span class='ocrx_word' id='word_1_150' title='bbox 1389 1935 1554 2006; x_wconf 85' lang='lat' dir='ltr'><strong>(Psal.</strong></span> <span class='ocrx_word' id='word_1_151' title='bbox 1591 1934 1676 1988; x_wconf 87' lang='grc'>16.</span> <span class='ocrx_word' id='word_1_152' title='bbox 1707 1936 1761 2001; x_wconf 90' lang='grc'><strong>8)</strong></span> <span class='ocrx_word' id='word_1_153' title='bbox 1788 1951 1802 1987; x_wconf 90' lang='lat'><strong>:</strong></span> 
     </span>
    </p>
   </div>
   <div class='ocr_carea' id='block_1_21' title="bbox 207 2025 1804 2095">
    <p class='ocr_par' dir='ltr' id='par_1_21' title="bbox 207 2025 1804 2095">
     <span class='ocr_line' id='line_1_21' title="bbox 207 2025 1804 2095; baseline -0.006 -9"><span class='ocrx_word' id='word_1_154' title='bbox 207 2047 321 2086; x_wconf 71' lang='lat' dir='ltr'><strong>nec</strong></span> <span class='ocrx_word' id='word_1_155' title='bbox 365 2043 540 2086; x_wconf 87' lang='lat' dir='ltr'><strong>tamen</strong></span> <span class='ocrx_word' id='word_1_156' title='bbox 582 2030 778 2084; x_wconf 90' lang='lat' dir='ltr'><strong>idcirco</strong></span> <span class='ocrx_word' id='word_1_157' title='bbox 824 2029 1063 2084; x_wconf 89' lang='lat' dir='ltr'><strong>dicemus</strong></span> <span class='ocrx_word' id='word_1_158' title='bbox 1104 2028 1296 2081; x_wconf 87' lang='lat' dir='ltr'><strong>alatam</strong></span> <span class='ocrx_word' id='word_1_159' title='bbox 1345 2041 1463 2081; x_wconf 89' lang='lat' dir='ltr'><strong>esse</strong></span> <span class='ocrx_word' id='word_1_160' title='bbox 1511 2025 1804 2095; x_wconf 88' lang='lat' dir='ltr'><strong>spiritalem</strong></span> 
     </span>
    </p>
   </div>
   <div class='ocr_carea' id='block_1_22' title="bbox 209 2117 1803 2177">
    <p class='ocr_par' dir='ltr' id='par_1_22' title="bbox 209 2117 1803 2177">
     <span class='ocr_line' id='line_1_22' title="bbox 209 2117 1803 2177; baseline -0.004 -1"><span class='ocrx_word' id='word_1_161' title='bbox 209 2123 366 2177; x_wconf 87' lang='lat' dir='ltr'><strong>illam</strong></span> <span class='ocrx_word' id='word_1_162' title='bbox 395 2132 448 2174; x_wconf 91' lang='lat' dir='ltr'><strong>et</strong></span> <span class='ocrx_word' id='word_1_163' title='bbox 479 2121 835 2175; x_wconf 79' lang='lat' dir='ltr'><strong>immortalem</strong></span> <span class='ocrx_word' id='word_1_164' title='bbox 864 2119 1172 2174; x_wconf 84' lang='lat' dir='ltr'><strong>essentiam.</strong></span> <span class='ocrx_word' id='word_1_165' title='bbox 1202 2118 1257 2173; x_wconf 82' lang='lat' dir='ltr'><strong>Si</strong></span> <span class='ocrx_word' id='word_1_166' title='bbox 1295 2119 1440 2172; x_wconf 91' lang='lat' dir='ltr'><strong>enim</strong></span> <span class='ocrx_word' id='word_1_167' title='bbox 1471 2117 1537 2172; x_wconf 88' lang='lat' dir='ltr'><strong>de</strong></span> <span class='ocrx_word' id='word_1_168' title='bbox 1568 2117 1803 2171; x_wconf 86' lang='lat' dir='ltr'><strong>homini-</strong></span> 
     </span>
    </p>
   </div>
   <div class='ocr_carea' id='block_1_23' title="bbox 208 2207 1804 2281">
    <p class='ocr_par' dir='ltr' id='par_1_23' title="bbox 208 2207 1804 2281">
     <span class='ocr_line' id='line_1_23' title="bbox 208 2207 1804 2281; baseline -0.004 -15"><span class='ocrx_word' id='word_1_169' title='bbox 208 2213 320 2266; x_wconf 88' lang='lat' dir='ltr'><strong>bus</strong></span> <span class='ocrx_word' id='word_1_170' title='bbox 345 2214 449 2265; x_wconf 86' lang='lat' dir='ltr'><strong>hoc</strong></span> <span class='ocrx_word' id='word_1_171' title='bbox 485 2211 589 2266; x_wconf 89' lang='lat' dir='ltr'><strong>dici</strong></span> <span class='ocrx_word' id='word_1_172' title='bbox 619 2211 823 2281; x_wconf 89' lang='lat' dir='ltr'><strong>nequit,</strong></span> <span class='ocrx_word' id='word_1_173' title='bbox 867 2209 1036 2264; x_wconf 90' lang='lat' dir='ltr'><strong>multo</strong></span> <span class='ocrx_word' id='word_1_174' title='bbox 1060 2209 1235 2262; x_wconf 87' lang='lat' dir='ltr'><strong>minus</strong></span> <span class='ocrx_word' id='word_1_175' title='bbox 1263 2207 1332 2262; x_wconf 89' lang='lat' dir='ltr'><strong>de</strong></span> <span class='ocrx_word' id='word_1_176' title='bbox 1360 2209 1664 2276; x_wconf 86' lang='lat' dir='ltr'><strong>incorrupta</strong></span> <span class='ocrx_word' id='word_1_177' title='bbox 1696 2207 1804 2271; x_wconf 89' lang='lat' dir='ltr'><strong>illa,</strong></span> 
     </span>
    </p>
   </div>
   <div class='ocr_carea' id='block_1_24' title="bbox 211 2298 1808 2370">
    <p class='ocr_par' dir='ltr' id='par_1_24' title="bbox 211 2298 1808 2370">
     <span class='ocr_line' id='line_1_24' title="bbox 211 2298 1808 2370; baseline -0.004 -14"><span class='ocrx_word' id='word_1_178' title='bbox 211 2303 494 2366; x_wconf 75' lang='lat' dir='ltr'><strong>invisibili,</strong></span> <span class='ocrx_word' id='word_1_179' title='bbox 525 2311 578 2356; x_wconf 93' lang='lat' dir='ltr'><strong>et</strong></span> <span class='ocrx_word' id='word_1_180' title='bbox 606 2299 1135 2370; x_wconf 88' lang='lat' dir='ltr'><strong>incomprehensibili</strong></span> <span class='ocrx_word' id='word_1_181' title='bbox 1162 2309 1370 2353; x_wconf 87' lang='lat' dir='ltr'><strong>natura.</strong></span> <span class='ocrx_word' id='word_1_182' title='bbox 1393 2298 1528 2365; x_wconf 86' lang='lat' dir='ltr'><strong>Quid</strong></span> <span class='ocrx_word' id='word_1_183' title='bbox 1553 2313 1684 2367; x_wconf 87' lang='lat' dir='ltr'><strong>ergo</strong></span> <span class='ocrx_word' id='word_1_184' title='bbox 1713 2312 1808 2366; x_wconf 87' lang='lat' dir='ltr'><strong>per</strong></span> 
     </span>
    </p>
   </div>
   <div class='ocr_carea' id='block_1_25' title="bbox 212 2390 1802 2463">
    <p class='ocr_par' dir='ltr' id='par_1_25' title="bbox 212 2390 1802 2463">
     <span class='ocr_line' id='line_1_25' title="bbox 212 2390 1802 2463; baseline -0.003 -16"><span class='ocrx_word' id='word_1_185' title='bbox 212 2395 333 2448; x_wconf 87' lang='lat' dir='ltr'><strong>alas</strong></span> <span class='ocrx_word' id='word_1_186' title='bbox 359 2394 584 2463; x_wconf 74' lang='lat' dir='ltr'><strong>intelligi</strong></span> <span class='ocrx_word' id='word_1_187' title='bbox 612 2408 642 2446; x_wconf 93' lang='lat' dir='ltr'><strong>a</strong></span> <span class='ocrx_word' id='word_1_188' title='bbox 669 2393 823 2446; x_wconf 90' lang='lat' dir='ltr'><strong>nobis</strong></span> <span class='ocrx_word' id='word_1_189' title='bbox 853 2407 950 2461; x_wconf 91' lang='lat' dir='ltr'><strong>par</strong></span> <span class='ocrx_word' id='word_1_190' title='bbox 979 2391 1104 2445; x_wconf 77' lang='lat' dir='ltr'><strong>est?</strong></span> <span class='ocrx_word' id='word_1_191' title='bbox 1133 2390 1510 2452; x_wconf 89' lang='lat' dir='ltr'><strong>Securitatem,</strong></span> <span class='ocrx_word' id='word_1_192' title='bbox 1543 2399 1802 2451; x_wconf 90' lang='lat' dir='ltr'><strong>tutamen,</strong></span> 
     </span>
    </p>
   </div>
   <div class='ocr_carea' id='block_1_26' title="bbox 213 2481 1806 2554">
    <p class='ocr_par' dir='ltr' id='par_1_26' title="bbox 213 2481 1806 2554">
     <span class='ocr_line' id='line_1_26' title="bbox 213 2481 1806 2554; baseline -0.005 -13"><span class='ocrx_word' id='word_1_193' title='bbox 213 2488 500 2554; x_wconf 77' lang='lat' dir='ltr'><strong>auxilium,</strong></span> <span class='ocrx_word' id='word_1_194' title='bbox 533 2486 755 2540; x_wconf 85' lang='lat' dir='ltr'><strong>subsidii</strong></span> <span class='ocrx_word' id='word_1_195' title='bbox 787 2485 951 2539; x_wconf 90' lang='lat' dir='ltr'><strong>robur</strong></span> <span class='ocrx_word' id='word_1_196' title='bbox 982 2484 1258 2538; x_wconf 90' lang='lat' dir='ltr'><strong>invictum.</strong></span> <span class='ocrx_word' id='word_1_197' title='bbox 1286 2483 1488 2536; x_wconf 80' lang='lat' dir='ltr'><strong>Rursus</strong></span> <span class='ocrx_word' id='word_1_198' title='bbox 1524 2499 1643 2535; x_wconf 86' lang='lat' dir='ltr'><strong>eum</strong></span> <span class='ocrx_word' id='word_1_199' title='bbox 1683 2481 1806 2534; x_wconf 81' lang='lat' dir='ltr'><strong>dor-</strong></span> 
     </span>
    </p>
   </div>
   <div class='ocr_carea' id='block_1_27' title="bbox 215 2570 1801 2645">
    <p class='ocr_par' dir='ltr' id='par_1_27' title="bbox 215 2570 1801 2645">
     <span class='ocr_line' id='line_1_27' title="bbox 215 2570 1801 2645; baseline -0.005 -13"><span class='ocrx_word' id='word_1_200' title='bbox 215 2579 354 2633; x_wconf 84' lang='lat' dir='ltr'><strong>mire</strong></span> <span class='ocrx_word' id='word_1_201' title='bbox 402 2586 666 2631; x_wconf 89' lang='lat' dir='ltr'><strong>testantur</strong></span> <span class='ocrx_word' id='word_1_202' title='bbox 693 2575 1006 2645; x_wconf 63' lang='lat' dir='ltr'><strong>Scripturas,</strong></span> <span class='ocrx_word' id='word_1_203' title='bbox 1037 2574 1163 2629; x_wconf 92' lang='lat' dir='ltr'><strong>dum</strong></span> <span class='ocrx_word' id='word_1_204' title='bbox 1194 2575 1262 2627; x_wconf 90' lang='lat' dir='ltr'><strong>ita</strong></span> <span class='ocrx_word' id='word_1_205' title='bbox 1301 2573 1523 2627; x_wconf 86' lang='lat' dir='ltr'><strong>dicunt:</strong></span> <span class='ocrx_word' id='word_1_206' title='bbox 1553 2570 1801 2642; x_wconf 76' lang='lat' dir='ltr'><strong>Exsurge,</strong></span> 
     </span>
    </p>
   </div>
   <div class='ocr_carea' id='block_1_28' title="bbox 214 2664 1808 2740">
    <p class='ocr_par' dir='ltr' id='par_1_28' title="bbox 214 2664 1808 2740">
     <span class='ocr_line' id='line_1_28' title="bbox 214 2664 1808 2740; baseline -0.004 -17"><span class='ocrx_word' id='word_1_207' title='bbox 214 2685 374 2740; x_wconf 78' lang='lat' dir='ltr'><strong>quare</strong></span> <span class='ocrx_word' id='word_1_208' title='bbox 417 2668 696 2730; x_wconf 85' lang='lat' dir='ltr'><strong>obdormis,</strong></span> <span class='ocrx_word' id='word_1_209' title='bbox 720 2666 933 2720; x_wconf 84' lang='lat' dir='ltr'><strong>Domine</strong></span> <span class='ocrx_word' id='word_1_210' title='bbox 964 2665 1135 2737; x_wconf 89' lang='lat' dir='ltr'><strong>(Psal.</strong></span> <span class='ocrx_word' id='word_1_211' title='bbox 1163 2666 1253 2720; x_wconf 74' lang='grc'><strong>45.</strong></span> <span class='ocrx_word' id='word_1_212' title='bbox 1280 2664 1414 2734; x_wconf 74' lang='lat'><strong>25)?</strong></span> <span class='ocrx_word' id='word_1_213' title='bbox 1455 2680 1559 2716; x_wconf 91' lang='lat' dir='ltr'><strong>non</strong></span> <span class='ocrx_word' id='word_1_214' title='bbox 1599 2675 1654 2717; x_wconf 91' lang='lat' dir='ltr'><strong>ut</strong></span> <span class='ocrx_word' id='word_1_215' title='bbox 1683 2664 1808 2726; x_wconf 82' lang='lat' dir='ltr'><strong>dor-</strong></span> 
     </span>
    </p>
   </div>
   <div class='ocr_carea' id='block_1_29' title="bbox 214 2753 1809 2825">
    <p class='ocr_par' dir='ltr' id='par_1_29' title="bbox 214 2753 1809 2825">
     <span class='ocr_line' id='line_1_29' title="bbox 214 2753 1809 2825; baseline -0.004 -13"><span class='ocrx_word' id='word_1_216' title='bbox 214 2759 354 2812; x_wconf 86' lang='lat' dir='ltr'><strong>mire</strong></span> <span class='ocrx_word' id='word_1_217' title='bbox 400 2757 567 2811; x_wconf 87' lang='lat' dir='ltr'><strong>Deum</strong></span> <span class='ocrx_word' id='word_1_218' title='bbox 597 2757 928 2825; x_wconf 85' lang='lat' dir='ltr'><strong>suspicemur</strong></span> <span class='ocrx_word' id='word_1_219' title='bbox 956 2774 968 2809; x_wconf 88' lang='lat'><strong>:</strong></span> <span class='ocrx_word' id='word_1_220' title='bbox 1001 2756 1053 2809; x_wconf 89' lang='lat' dir='ltr'><strong>id</strong></span> <span class='ocrx_word' id='word_1_221' title='bbox 1084 2755 1225 2810; x_wconf 90' lang='lat' dir='ltr'><strong>enim</strong></span> <span class='ocrx_word' id='word_1_222' title='bbox 1255 2763 1400 2809; x_wconf 86' lang='lat' dir='ltr'><strong>esset</strong></span> <span class='ocrx_word' id='word_1_223' title='bbox 1435 2762 1690 2808; x_wconf 71' lang='lat' dir='ltr'><strong>extrema:</strong></span> <span class='ocrx_word' id='word_1_224' title='bbox 1715 2753 1809 2806; x_wconf 87' lang='lat' dir='ltr'><strong>de-</strong></span> 
     </span>
    </p>
   </div>
   <div class='ocr_carea' id='block_1_30' title="bbox 214 2844 1809 2915">
    <p class='ocr_par' dir='ltr' id='par_1_30' title="bbox 214 2844 1809 2915">
     <span class='ocr_line' id='line_1_30' title="bbox 214 2844 1809 2915; baseline -0.004 -11"><span class='ocrx_word' id='word_1_225' title='bbox 214 2847 466 2904; x_wconf 60' lang='lat' dir='ltr'><strong>mentias:</strong></span> <span class='ocrx_word' id='word_1_226' title='bbox 487 2847 582 2902; x_wconf 90' lang='lat' dir='ltr'><strong>sed</strong></span> <span class='ocrx_word' id='word_1_227' title='bbox 602 2847 778 2901; x_wconf 90' lang='lat' dir='ltr'><strong>somni</strong></span> <span class='ocrx_word' id='word_1_228' title='bbox 805 2845 1021 2901; x_wconf 90' lang='lat' dir='ltr'><strong>nomine</strong></span> <span class='ocrx_word' id='word_1_229' title='bbox 1046 2845 1498 2915; x_wconf 87' lang='lat' dir='ltr'><strong>longanimitatem</strong></span> <span class='ocrx_word' id='word_1_230' title='bbox 1520 2856 1572 2898; x_wconf 91' lang='lat' dir='ltr'><strong>et</strong></span> <span class='ocrx_word' id='word_1_231' title='bbox 1604 2844 1809 2913; x_wconf 86' lang='lat' dir='ltr'><strong>patien-</strong></span> 
     </span>
    </p>
   </div>
   <div class='ocr_carea' id='block_1_31' title="bbox 217 2937 1804 3008">
    <p class='ocr_par' dir='ltr' id='par_1_31' title="bbox 217 2937 1804 3008">
     <span class='ocr_line' id='line_1_31' title="bbox 217 2937 1804 3008; baseline -0.004 -14"><span class='ocrx_word' id='word_1_232' title='bbox 217 2941 344 2994; x_wconf 86' lang='lat' dir='ltr'><strong>tiam</strong></span> <span class='ocrx_word' id='word_1_233' title='bbox 376 2941 534 2996; x_wconf 84' lang='lat' dir='ltr'><strong>nobis</strong></span> <span class='ocrx_word' id='word_1_234' title='bbox 560 2940 865 3008; x_wconf 80' lang='lat' dir='ltr'><strong>exprimunt</strong></span> <span class='ocrx_word' id='word_1_235' title='bbox 903 2956 916 2992; x_wconf 92' lang='lat'><strong>:</strong></span> <span class='ocrx_word' id='word_1_236' title='bbox 950 2939 1086 2993; x_wconf 89' lang='lat' dir='ltr'><strong>alius</strong></span> <span class='ocrx_word' id='word_1_237' title='bbox 1111 2945 1288 2992; x_wconf 88' lang='lat' dir='ltr'><strong>autem</strong></span> <span class='ocrx_word' id='word_1_238' title='bbox 1323 2939 1600 3006; x_wconf 81' lang='lat' dir='ltr'><strong>propheta,</strong></span> <span class='ocrx_word' id='word_1_239' title='bbox 1636 2937 1804 2989; x_wconf 82' lang='lat' dir='ltr'><strong>Num-</strong></span> 
     </span>
    </p>
   </div>
   <div class='ocr_carea' id='block_1_32' title="bbox 213 3027 1806 3103">
    <p class='ocr_par' dir='ltr' id='par_1_32' title="bbox 213 3027 1806 3103">
     <span class='ocr_line' id='line_1_32' title="bbox 213 3027 1806 3103; baseline -0.002 -18"><span class='ocrx_word' id='word_1_240' title='bbox 213 3032 340 3103; x_wconf 75' lang='lat' dir='ltr'><strong>quid</strong></span> <span class='ocrx_word' id='word_1_241' title='bbox 369 3038 493 3097; x_wconf 86' lang='lat' dir='ltr'><strong>eris,</strong></span> <span class='ocrx_word' id='word_1_242' title='bbox 526 3032 712 3100; x_wconf 88' lang='lat' dir='ltr'><strong>inquit,</strong></span> <span class='ocrx_word' id='word_1_243' title='bbox 740 3032 885 3099; x_wconf 83' lang='lat' dir='ltr'><strong>quasi</strong></span> <span class='ocrx_word' id='word_1_244' title='bbox 915 3031 1063 3085; x_wconf 84' lang='lat' dir='ltr'><strong>homo</strong></span> <span class='ocrx_word' id='word_1_245' title='bbox 1084 3030 1336 3083; x_wconf 88' lang='lat' dir='ltr'><strong>dormiens</strong></span> <span class='ocrx_word' id='word_1_246' title='bbox 1368 3028 1577 3098; x_wconf 84' lang='lat' dir='ltr'><strong>(Jerem.</strong></span> <span class='ocrx_word' id='word_1_247' title='bbox 1609 3027 1806 3099; x_wconf 66' lang='lat'><strong>14.9)?</strong></span> 
     </span>
    </p>
   </div>
   <div class='ocr_carea' id='block_1_33' title="bbox 219 3120 1805 3191">
    <p class='ocr_par' dir='ltr' id='par_1_33' title="bbox 219 3120 1805 3191">
     <span class='ocr_line' id='line_1_33' title="bbox 219 3120 1805 3191; baseline -0.003 -14"><span class='ocrx_word' id='word_1_248' title='bbox 219 3124 387 3179; x_wconf 79' lang='lat' dir='ltr'><strong>Vides</strong></span> <span class='ocrx_word' id='word_1_249' title='bbox 453 3125 619 3178; x_wconf 90' lang='lat' dir='ltr'><strong>multa</strong></span> <span class='ocrx_word' id='word_1_250' title='bbox 687 3123 841 3178; x_wconf 88' lang='lat' dir='ltr'><strong>nobis</strong></span> <span class='ocrx_word' id='word_1_251' title='bbox 909 3138 1044 3191; x_wconf 91' lang='lat' dir='ltr'><strong>opus</strong></span> <span class='ocrx_word' id='word_1_252' title='bbox 1100 3137 1222 3177; x_wconf 89' lang='lat' dir='ltr'><strong>esse</strong></span> <span class='ocrx_word' id='word_1_253' title='bbox 1293 3121 1612 3190; x_wconf 86' lang='lat' dir='ltr'><strong>prudentia,</strong></span> <span class='ocrx_word' id='word_1_254' title='bbox 1681 3120 1805 3172; x_wconf 88' lang='lat' dir='ltr'><strong>dum</strong></span> 
     </span>
    </p>
   </div>
   <div class='ocr_carea' id='block_1_34' title="bbox 216 3211 1806 3285">
    <p class='ocr_par' dir='ltr' id='par_1_34' title="bbox 216 3211 1806 3285">
     <span class='ocr_line' id='line_1_34' title="bbox 216 3211 1806 3285; baseline -0.004 -15"><span class='ocrx_word' id='word_1_255' title='bbox 216 3217 514 3285; x_wconf 66' lang='lat' dir='ltr'><strong>Scriptor-ve</strong></span> <span class='ocrx_word' id='word_1_256' title='bbox 581 3215 858 3269; x_wconf 73' lang='lat' dir='ltr'><strong>thesauros</strong></span> <span class='ocrx_word' id='word_1_257' title='bbox 925 3213 1360 3284; x_wconf 86' lang='lat' dir='ltr'><strong>perscrutamur?</strong></span> <span class='ocrx_word' id='word_1_258' title='bbox 1411 3211 1466 3265; x_wconf 89' lang='lat' dir='ltr'><strong>Si</strong></span> <span class='ocrx_word' id='word_1_259' title='bbox 1523 3212 1662 3266; x_wconf 89' lang='lat' dir='ltr'><strong>enim</strong></span> <span class='ocrx_word' id='word_1_260' title='bbox 1728 3213 1806 3264; x_wconf 89' lang='lat' dir='ltr'><strong>le-</strong></span> 
     </span>
    </p>
   </div>
   <div class='ocr_carea' id='block_1_35' title="bbox 223 3305 1810 3376">
    <p class='ocr_par' dir='ltr' id='par_1_35' title="bbox 223 3305 1810 3376">
     <span class='ocr_line' id='line_1_35' title="bbox 223 3305 1810 3376; baseline -0.002 -16"><span class='ocrx_word' id='word_1_261' title='bbox 223 3310 362 3361; x_wconf 80' lang='lat' dir='ltr'><strong>viter</strong></span> <span class='ocrx_word' id='word_1_262' title='bbox 415 3322 481 3360; x_wconf 90' lang='lat' dir='ltr'><strong>ac</strong></span> <span class='ocrx_word' id='word_1_263' title='bbox 539 3319 740 3362; x_wconf 88' lang='lat' dir='ltr'><strong>temere</strong></span> <span class='ocrx_word' id='word_1_264' title='bbox 793 3316 848 3361; x_wconf 90' lang='lat' dir='ltr'><strong>et</strong></span> <span class='ocrx_word' id='word_1_265' title='bbox 883 3321 1096 3376; x_wconf 91' lang='lat' dir='ltr'><strong>quoquo</strong></span> <span class='ocrx_word' id='word_1_266' title='bbox 1153 3306 1350 3369; x_wconf 88' lang='lat' dir='ltr'><strong>modo,</strong></span> <span class='ocrx_word' id='word_1_267' title='bbox 1406 3320 1525 3373; x_wconf 70' lang='lat' dir='ltr'><strong>quae</strong></span> <span class='ocrx_word' id='word_1_268' title='bbox 1563 3305 1810 3358; x_wconf 89' lang='lat' dir='ltr'><strong>dicuntur</strong></span> 
     </span>
    </p>
   </div>
   <div class='ocr_carea' id='block_1_36' title="bbox 216 3397 1804 3465">
    <p class='ocr_par' dir='ltr' id='par_1_36' title="bbox 216 3397 1804 3465">
     <span class='ocr_line' id='line_1_36' title="bbox 216 3397 1804 3465; baseline -0.001 -14"><span class='ocrx_word' id='word_1_269' title='bbox 216 3399 539 3461; x_wconf 83' lang='lat' dir='ltr'><strong>audiamus,</strong></span> <span class='ocrx_word' id='word_1_270' title='bbox 599 3414 707 3452; x_wconf 89' lang='lat' dir='ltr'><strong>non</strong></span> <span class='ocrx_word' id='word_1_271' title='bbox 762 3398 850 3452; x_wconf 90' lang='lat' dir='ltr'><strong>illa</strong></span> <span class='ocrx_word' id='word_1_272' title='bbox 905 3406 1108 3452; x_wconf 90' lang='lat' dir='ltr'><strong>tantum</strong></span> <span class='ocrx_word' id='word_1_273' title='bbox 1174 3407 1463 3465; x_wconf 88' lang='lat' dir='ltr'><strong>sequentur</strong></span> <span class='ocrx_word' id='word_1_274' title='bbox 1535 3397 1804 3461; x_wconf 86' lang='lat' dir='ltr'><strong>absurda,</strong></span> 
     </span>
    </p>
   </div>
   <div class='ocr_carea' id='block_1_37' title="bbox 218 3489 1804 3560">
    <p class='ocr_par' dir='ltr' id='par_1_37' title="bbox 218 3489 1804 3560">
     <span class='ocr_line' id='line_1_37' title="bbox 218 3489 1804 3560; baseline -0.002 -15"><span class='ocrx_word' id='word_1_275' title='bbox 218 3491 314 3545; x_wconf 83' lang='lat' dir='ltr'><strong>sed</strong></span> <span class='ocrx_word' id='word_1_276' title='bbox 362 3500 417 3544; x_wconf 72' lang='lat' dir='ltr'><strong>et</strong></span> <span class='ocrx_word' id='word_1_277' title='bbox 446 3506 620 3560; x_wconf 86' lang='lat' dir='ltr'><strong>pugna</strong></span> <span class='ocrx_word' id='word_1_278' title='bbox 665 3507 769 3544; x_wconf 89' lang='lat' dir='ltr'><strong>non</strong></span> <span class='ocrx_word' id='word_1_279' title='bbox 800 3490 1086 3544; x_wconf 90' lang='lat' dir='ltr'><strong>mediocris</strong></span> <span class='ocrx_word' id='word_1_280' title='bbox 1123 3490 1176 3544; x_wconf 92' lang='lat' dir='ltr'><strong>in</strong></span> <span class='ocrx_word' id='word_1_281' title='bbox 1217 3489 1302 3553; x_wconf 90' lang='lat' dir='ltr'><strong>iis,</strong></span> <span class='ocrx_word' id='word_1_282' title='bbox 1332 3503 1451 3559; x_wconf 73' lang='lat' dir='ltr'><strong>quae</strong></span> <span class='ocrx_word' id='word_1_283' title='bbox 1479 3489 1620 3544; x_wconf 87' lang='lat' dir='ltr'><strong>dicta</strong></span> <span class='ocrx_word' id='word_1_284' title='bbox 1660 3499 1804 3553; x_wconf 88' lang='lat' dir='ltr'><strong>sunt,</strong></span> 
     </span>
    </p>
   </div>
   <div class='ocr_carea' id='block_1_38' title="bbox 228 3580 1810 3653">
    <p class='ocr_par' dir='ltr' id='par_1_38' title="bbox 228 3580 1810 3653">
     <span class='ocr_line' id='line_1_38' title="bbox 228 3580 1810 3653; baseline -0.001 -17"><span class='ocrx_word' id='word_1_285' title='bbox 228 3583 533 3653; x_wconf 81' lang='lat' dir='ltr'><strong>apparebit.</strong></span> <span class='ocrx_word' id='word_1_286' title='bbox 565 3580 697 3636; x_wconf 78' lang='lat' dir='ltr'><strong>Nam</strong></span> <span class='ocrx_word' id='word_1_287' title='bbox 726 3581 816 3636; x_wconf 89' lang='lat' dir='ltr'><strong>ille</strong></span> <span class='ocrx_word' id='word_1_288' title='bbox 843 3580 1057 3651; x_wconf 89' lang='lat' dir='ltr'><strong>quidem</strong></span> <span class='ocrx_word' id='word_1_289' title='bbox 1087 3581 1259 3650; x_wconf 90' lang='lat' dir='ltr'><strong>ipsum</strong></span> <span class='ocrx_word' id='word_1_290' title='bbox 1285 3581 1518 3635; x_wconf 85' lang='lat' dir='ltr'><strong>dormire</strong></span> <span class='ocrx_word' id='word_1_291' title='bbox 1541 3581 1691 3646; x_wconf 87' lang='lat' dir='ltr'><strong>dicit,</strong></span> <span class='ocrx_word' id='word_1_292' title='bbox 1721 3580 1810 3635; x_wconf 90' lang='lat' dir='ltr'><strong>hic</strong></span> 
     </span>
    </p>
   </div>
   <div class='ocr_carea' id='block_1_39' title="bbox 217 3672 1811 3741">
    <p class='ocr_par' dir='ltr' id='par_1_39' title="bbox 217 3672 1811 3741">
     <span class='ocr_line' id='line_1_39' title="bbox 217 3672 1811 3741; baseline 0 -16"><span class='ocrx_word' id='word_1_293' title='bbox 217 3688 349 3729; x_wconf 86' lang='lat' dir='ltr'><strong>vero</strong></span> <span class='ocrx_word' id='word_1_294' title='bbox 375 3689 483 3728; x_wconf 90' lang='lat' dir='ltr'><strong>non</strong></span> <span class='ocrx_word' id='word_1_295' title='bbox 512 3672 768 3738; x_wconf 86' lang='lat' dir='ltr'><strong>dormire,</strong></span> <span class='ocrx_word' id='word_1_296' title='bbox 799 3672 890 3726; x_wconf 90' lang='lat' dir='ltr'><strong>sed</strong></span> <span class='ocrx_word' id='word_1_297' title='bbox 913 3680 1195 3741; x_wconf 89' lang='lat' dir='ltr'><strong>utrumque</strong></span> <span class='ocrx_word' id='word_1_298' title='bbox 1214 3687 1398 3726; x_wconf 89' lang='lat' dir='ltr'><strong>verum</strong></span> <span class='ocrx_word' id='word_1_299' title='bbox 1422 3681 1520 3736; x_wconf 86' lang='lat' dir='ltr'><strong>est,</strong></span> <span class='ocrx_word' id='word_1_300' title='bbox 1550 3672 1595 3725; x_wconf 91' lang='lat' dir='ltr'><strong>si</strong></span> <span class='ocrx_word' id='word_1_301' title='bbox 1616 3685 1811 3725; x_wconf 89' lang='lat' dir='ltr'><strong>convc-</strong></span> 
     </span>
    </p>
   </div>
   <div class='ocr_carea' id='block_1_40' title="bbox 218 3762 1805 3833">
    <p class='ocr_par' dir='ltr' id='par_1_40' title="bbox 218 3762 1805 3833">
     <span class='ocr_line' id='line_1_40' title="bbox 218 3762 1805 3833; baseline -0.002 -15"><span class='ocrx_word' id='word_1_302' title='bbox 218 3766 386 3820; x_wconf 90' lang='lat' dir='ltr'><strong>nienti</strong></span> <span class='ocrx_word' id='word_1_303' title='bbox 428 3779 592 3819; x_wconf 83' lang='lat' dir='ltr'><strong>sensu</strong></span> <span class='ocrx_word' id='word_1_304' title='bbox 621 3764 871 3833; x_wconf 90' lang='lat' dir='ltr'><strong>accipias.</strong></span> <span class='ocrx_word' id='word_1_305' title='bbox 899 3764 1000 3829; x_wconf 85' lang='lat' dir='ltr'><strong>Qui</strong></span> <span class='ocrx_word' id='word_1_306' title='bbox 1029 3763 1170 3818; x_wconf 89' lang='lat' dir='ltr'><strong>enim</strong></span> <span class='ocrx_word' id='word_1_307' title='bbox 1198 3763 1368 3831; x_wconf 91' lang='lat' dir='ltr'><strong>ipsum</strong></span> <span class='ocrx_word' id='word_1_308' title='bbox 1399 3762 1630 3817; x_wconf 89' lang='lat' dir='ltr'><strong>dormire</strong></span> <span class='ocrx_word' id='word_1_309' title='bbox 1655 3763 1805 3828; x_wconf 90' lang='lat' dir='ltr'><strong>dicit,</strong></span> 
     </span>
    </p>
   </div>
   <div class='ocr_carea' id='block_1_41' title="bbox 217 3851 1811 3922">
    <p class='ocr_par' dir='ltr' id='par_1_41' title="bbox 217 3851 1811 3922">
     <span class='ocr_line' id='line_1_41' title="bbox 217 3851 1811 3922; baseline -0.001 -15"><span class='ocrx_word' id='word_1_310' title='bbox 217 3870 490 3908; x_wconf 85' lang='lat' dir='ltr'><strong>summam</strong></span> <span class='ocrx_word' id='word_1_311' title='bbox 503 3853 618 3922; x_wconf 89' lang='lat' dir='ltr'><strong>ejus</strong></span> <span class='ocrx_word' id='word_1_312' title='bbox 633 3853 1086 3922; x_wconf 83' lang='lat' dir='ltr'><strong>longanimitatetn</strong></span> <span class='ocrx_word' id='word_1_313' title='bbox 1099 3851 1340 3921; x_wconf 75' lang='lat' dir='ltr'><strong>designat</strong></span> <span class='ocrx_word' id='word_1_314' title='bbox 1362 3868 1376 3905; x_wconf 90' lang='lat'><strong>:</strong></span> <span class='ocrx_word' id='word_1_315' title='bbox 1401 3853 1486 3921; x_wconf 91' lang='lat' dir='ltr'><strong>qui</strong></span> <span class='ocrx_word' id='word_1_316' title='bbox 1506 3867 1636 3907; x_wconf 90' lang='lat' dir='ltr'><strong>vero</strong></span> <span class='ocrx_word' id='word_1_317' title='bbox 1653 3861 1811 3922; x_wconf 84' lang='lat' dir='ltr'><strong>negat</strong></span> 
     </span>
    </p>
   </div>
   <div class='ocr_carea' id='block_1_42' title="bbox 216 3940 1809 4011">
    <p class='ocr_par' dir='ltr' id='par_1_42' title="bbox 216 3940 1809 4011">
     <span class='ocr_line' id='line_1_42' title="bbox 216 3940 1809 4011; baseline -0.002 -12"><span class='ocrx_word' id='word_1_318' title='bbox 216 3945 484 4011; x_wconf 86' lang='lat' dir='ltr'><strong>dormire,</strong></span> <span class='ocrx_word' id='word_1_319' title='bbox 519 3954 722 3998; x_wconf 64' lang='lat' dir='ltr'><strong>natura:</strong></span> <span class='ocrx_word' id='word_1_320' title='bbox 748 3944 900 3998; x_wconf 84' lang='lat' dir='ltr'><strong>nobis</strong></span> <span class='ocrx_word' id='word_1_321' title='bbox 921 3943 1374 3998; x_wconf 86' lang='lat' dir='ltr'><strong>immortalitatem</strong></span> <span class='ocrx_word' id='word_1_322' title='bbox 1395 3943 1648 3998; x_wconf 89' lang='lat' dir='ltr'><strong>declarat.</strong></span> <span class='ocrx_word' id='word_1_323' title='bbox 1677 3940 1809 3996; x_wconf 86' lang='lat' dir='ltr'><strong>Cum</strong></span> 
     </span>
    </p>
   </div>
   <div class='ocr_carea' id='block_1_43' title="bbox 219 4034 1812 4105">
    <p class='ocr_par' dir='ltr' id='par_1_43' title="bbox 219 4034 1812 4105">
     <span class='ocr_line' id='line_1_43' title="bbox 219 4034 1812 4105; baseline 0.001 -17"><span class='ocrx_word' id='word_1_324' title='bbox 219 4038 382 4105; x_wconf 87' lang='lat' dir='ltr'><strong>igitur</strong></span> <span class='ocrx_word' id='word_1_325' title='bbox 409 4035 579 4090; x_wconf 84' lang='lat' dir='ltr'><strong>multa</strong></span> <span class='ocrx_word' id='word_1_326' title='bbox 610 4035 761 4089; x_wconf 87' lang='lat' dir='ltr'><strong>nobis</strong></span> <span class='ocrx_word' id='word_1_327' title='bbox 790 4034 1067 4104; x_wconf 89' lang='lat' dir='ltr'><strong>prudentia</strong></span> <span class='ocrx_word' id='word_1_328' title='bbox 1099 4035 1167 4088; x_wconf 92' lang='lat' dir='ltr'><strong>sit</strong></span> <span class='ocrx_word' id='word_1_329' title='bbox 1191 4049 1344 4102; x_wconf 88' lang='lat' dir='ltr'><strong>opus,</strong></span> <span class='ocrx_word' id='word_1_330' title='bbox 1375 4050 1443 4088; x_wconf 92' lang='lat' dir='ltr'><strong>ne</strong></span> <span class='ocrx_word' id='word_1_331' title='bbox 1493 4046 1694 4089; x_wconf 88' lang='lat' dir='ltr'><strong>temere</strong></span> <span class='ocrx_word' id='word_1_332' title='bbox 1732 4035 1812 4089; x_wconf 89' lang='lat' dir='ltr'><strong>di-</strong></span> 
     </span>
    </p>
   </div>
   <div class='ocr_carea' id='block_1_44' title="bbox 216 4125 1812 4199">
    <p class='ocr_par' dir='ltr' id='par_1_44' title="bbox 216 4125 1812 4199">
     <span class='ocr_line' id='line_1_44' title="bbox 216 4125 1812 4199; baseline 0.001 -18"><span class='ocrx_word' id='word_1_333' title='bbox 216 4137 367 4181; x_wconf 87' lang='lat' dir='ltr'><strong>ctum</strong></span> <span class='ocrx_word' id='word_1_334' title='bbox 390 4127 534 4182; x_wconf 89' lang='lat' dir='ltr'><strong>istud</strong></span> <span class='ocrx_word' id='word_1_335' title='bbox 562 4129 904 4196; x_wconf 90' lang='lat' dir='ltr'><strong>accipiamus,</strong></span> <span class='ocrx_word' id='word_1_336' title='bbox 927 4125 1048 4179; x_wconf 89' lang='lat' dir='ltr'><strong>Non</strong></span> <span class='ocrx_word' id='word_1_337' title='bbox 1078 4135 1150 4179; x_wconf 86' lang='lat' dir='ltr'><strong>est</strong></span> <span class='ocrx_word' id='word_1_338' title='bbox 1181 4143 1345 4180; x_wconf 88' lang='lat' dir='ltr'><strong>meum</strong></span> <span class='ocrx_word' id='word_1_339' title='bbox 1366 4128 1509 4191; x_wconf 89' lang='lat' dir='ltr'><strong>dare,</strong></span> <span class='ocrx_word' id='word_1_340' title='bbox 1530 4128 1618 4181; x_wconf 90' lang='lat' dir='ltr'><strong>sed</strong></span> <span class='ocrx_word' id='word_1_341' title='bbox 1636 4130 1812 4199; x_wconf 80' lang='lat' dir='ltr'><strong>quibus</strong></span> 
     </span>
    </p>
   </div>
   <div class='ocr_carea' id='block_1_45' title="bbox 219 4217 1812 4289">
    <p class='ocr_par' dir='ltr' id='par_1_45' title="bbox 219 4217 1812 4289">
     <span class='ocr_line' id='line_1_45' title="bbox 219 4217 1812 4289; baseline 0.003 -20"><span class='ocrx_word' id='word_1_342' title='bbox 219 4228 459 4287; x_wconf 87' lang='lat' dir='ltr'><strong>paratum</strong></span> <span class='ocrx_word' id='word_1_343' title='bbox 487 4229 559 4271; x_wconf 87' lang='lat' dir='ltr'><strong>est</strong></span> <span class='ocrx_word' id='word_1_344' title='bbox 579 4235 611 4270; x_wconf 92' lang='lat' dir='ltr'><strong>a</strong></span> <span class='ocrx_word' id='word_1_345' title='bbox 630 4217 786 4272; x_wconf 83' lang='lat' dir='ltr'><strong>Patre</strong></span> <span class='ocrx_word' id='word_1_346' title='bbox 801 4217 1238 4289; x_wconf 73' lang='lat' dir='ltr'><strong>meo(Hatth.20.</strong></span> <span class='ocrx_word' id='word_1_347' title='bbox 1262 4217 1355 4288; x_wconf 70' lang='grc'><strong>25)</strong></span> <span class='ocrx_word' id='word_1_348' title='bbox 1379 4235 1394 4272; x_wconf 92' lang='lat'><strong>:</strong></span> <span class='ocrx_word' id='word_1_349' title='bbox 1418 4234 1520 4273; x_wconf 89' lang='lat' dir='ltr'><strong>non</strong></span> <span class='ocrx_word' id='word_1_350' title='bbox 1547 4220 1686 4274; x_wconf 89' lang='lat' dir='ltr'><strong>enim</strong></span> <span class='ocrx_word' id='word_1_351' title='bbox 1712 4220 1812 4274; x_wconf 88' lang='lat' dir='ltr'><strong>hoc</strong></span> 
     </span>
    </p>
   </div>
   <div class='ocr_carea' id='block_1_46' title="bbox 223 4307 1810 4377">
    <p class='ocr_par' dir='ltr' id='par_1_46' title="bbox 223 4307 1810 4377">
     <span class='ocr_line' id='line_1_46' title="bbox 223 4307 1810 4377; baseline 0.003 -18"><span class='ocrx_word' id='word_1_352' title='bbox 223 4317 547 4377; x_wconf 87' lang='lat' dir='ltr'><strong>potestatem</strong></span> <span class='ocrx_word' id='word_1_353' title='bbox 575 4307 691 4377; x_wconf 89' lang='lat' dir='ltr'><strong>ejus</strong></span> <span class='ocrx_word' id='word_1_354' title='bbox 723 4307 878 4372; x_wconf 90' lang='lat' dir='ltr'><strong>tollit,</strong></span> <span class='ocrx_word' id='word_1_355' title='bbox 915 4322 1087 4376; x_wconf 90' lang='lat' dir='ltr'><strong>neque</strong></span> <span class='ocrx_word' id='word_1_356' title='bbox 1124 4310 1495 4363; x_wconf 87' lang='lat' dir='ltr'><strong>auctoritatem</strong></span> <span class='ocrx_word' id='word_1_357' title='bbox 1527 4309 1810 4375; x_wconf 90' lang='lat' dir='ltr'><strong>imminuit,</strong></span> 
     </span>
    </p>
   </div>
   <div class='ocr_carea' id='block_1_47' title="bbox 222 4399 1810 4472">
    <p class='ocr_par' dir='ltr' id='par_1_47' title="bbox 222 4399 1810 4472">
     <span class='ocr_line' id='line_1_47' title="bbox 222 4399 1810 4472; baseline 0.002 -19"><span class='ocrx_word' id='word_1_358' title='bbox 222 4399 322 4453; x_wconf 76' lang='lat' dir='ltr'><strong>sed</strong></span> <span class='ocrx_word' id='word_1_359' title='bbox 362 4401 587 4454; x_wconf 88' lang='lat' dir='ltr'><strong>multam</strong></span> <span class='ocrx_word' id='word_1_360' title='bbox 612 4399 1045 4464; x_wconf 87' lang='lat' dir='ltr'><strong>sollicitudinem,</strong></span> <span class='ocrx_word' id='word_1_361' title='bbox 1074 4400 1414 4468; x_wconf 87' lang='lat' dir='ltr'><strong>sapientiam,</strong></span> <span class='ocrx_word' id='word_1_362' title='bbox 1446 4409 1502 4454; x_wconf 89' lang='lat' dir='ltr'><strong>et</strong></span> <span class='ocrx_word' id='word_1_363' title='bbox 1528 4416 1666 4466; x_wconf 88' lang='lat' dir='ltr'><strong>eam,</strong></span> <span class='ocrx_word' id='word_1_364' title='bbox 1708 4417 1810 4472; x_wconf 92' lang='lat' dir='ltr'><strong>qua</strong></span> 
     </span>
    </p>
   </div>
   <div class='ocr_carea' id='block_1_48' title="bbox 224 4490 1816 4561">
    <p class='ocr_par' dir='ltr' id='par_1_48' title="bbox 224 4490 1816 4561">
     <span class='ocr_line' id='line_1_48' title="bbox 224 4490 1816 4561; baseline 0.004 -20"><span class='ocrx_word' id='word_1_365' title='bbox 224 4491 409 4559; x_wconf 82' lang='lat' dir='ltr'><strong>generi</strong></span> <span class='ocrx_word' id='word_1_366' title='bbox 459 4501 648 4546; x_wconf 91' lang='lat' dir='ltr'><strong>nostro</strong></span> <span class='ocrx_word' id='word_1_367' title='bbox 691 4491 950 4558; x_wconf 92' lang='lat' dir='ltr'><strong>consulit,</strong></span> <span class='ocrx_word' id='word_1_368' title='bbox 1005 4490 1393 4561; x_wconf 82' lang='lat' dir='ltr'><strong>providentiam</strong></span> <span class='ocrx_word' id='word_1_369' title='bbox 1437 4492 1693 4548; x_wconf 88' lang='lat' dir='ltr'><strong>ostendit.</strong></span> <span class='ocrx_word' id='word_1_370' title='bbox 1749 4493 1816 4548; x_wconf 85' lang='lat' dir='ltr'><strong>Ut</strong></span> 
     </span>
    </p>
   </div>
   <div class='ocr_carea' id='block_1_49' title="bbox 228 4582 1809 4654">
    <p class='ocr_par' dir='ltr' id='par_1_49' title="bbox 228 4582 1809 4654">
     <span class='ocr_line' id='line_1_49' title="bbox 228 4582 1809 4654; baseline 0.003 -20"><span class='ocrx_word' id='word_1_371' title='bbox 228 4582 374 4635; x_wconf 84' lang='lat' dir='ltr'><strong>enim</strong></span> <span class='ocrx_word' id='word_1_372' title='bbox 419 4583 556 4636; x_wconf 82' lang='lat' dir='ltr'><strong>scias</strong></span> <span class='ocrx_word' id='word_1_373' title='bbox 587 4583 638 4637; x_wconf 92' lang='lat' dir='ltr'><strong>in</strong></span> <span class='ocrx_word' id='word_1_374' title='bbox 665 4583 782 4651; x_wconf 88' lang='lat' dir='ltr'><strong>ejus</strong></span> <span class='ocrx_word' id='word_1_375' title='bbox 824 4591 1089 4653; x_wconf 88' lang='lat' dir='ltr'><strong>potestate</strong></span> <span class='ocrx_word' id='word_1_376' title='bbox 1129 4583 1287 4637; x_wconf 90' lang='lat' dir='ltr'><strong>situm</strong></span> <span class='ocrx_word' id='word_1_377' title='bbox 1319 4598 1459 4646; x_wconf 87' lang='lat' dir='ltr'><strong>esse,</strong></span> <span class='ocrx_word' id='word_1_378' title='bbox 1503 4593 1559 4639; x_wconf 90' lang='lat' dir='ltr'><strong>ut</strong></span> <span class='ocrx_word' id='word_1_379' title='bbox 1599 4601 1809 4654; x_wconf 66' lang='lat' dir='ltr'><strong>pinnam</strong></span> 
     </span>
    </p>
   </div>
   <div class='ocr_carea' id='block_1_50' title="bbox 231 4675 1816 4748">
    <p class='ocr_par' dir='ltr' id='par_1_50' title="bbox 231 4675 1816 4748">
     <span class='ocr_line' id='line_1_50' title="bbox 231 4675 1816 4748; baseline 0.003 -19"><span class='ocrx_word' id='word_1_380' title='bbox 231 4675 448 4744; x_wconf 80' lang='lat' dir='ltr'><strong>inferat,</strong></span> <span class='ocrx_word' id='word_1_381' title='bbox 473 4680 556 4732; x_wconf 82' lang='lat' dir='ltr'><strong>vel</strong></span> <span class='ocrx_word' id='word_1_382' title='bbox 586 4678 844 4732; x_wconf 86' lang='lat' dir='ltr'><strong>honorem</strong></span> <span class='ocrx_word' id='word_1_383' title='bbox 871 4677 1160 4746; x_wconf 87' lang='lat' dir='ltr'><strong>impertiat,</strong></span> <span class='ocrx_word' id='word_1_384' title='bbox 1184 4678 1304 4731; x_wconf 90' lang='lat' dir='ltr'><strong>audi</strong></span> <span class='ocrx_word' id='word_1_385' title='bbox 1327 4678 1452 4748; x_wconf 91' lang='lat' dir='ltr'><strong>quid</strong></span> <span class='ocrx_word' id='word_1_386' title='bbox 1484 4679 1570 4733; x_wconf 88' lang='lat' dir='ltr'><strong>ille</strong></span> <span class='ocrx_word' id='word_1_387' title='bbox 1595 4680 1710 4748; x_wconf 91' lang='lat' dir='ltr'><strong>ipse</strong></span> <span class='ocrx_word' id='word_1_388' title='bbox 1736 4681 1816 4733; x_wconf 92' lang='lat' dir='ltr'><strong>di-</strong></span> 
     </span>
    </p>
   </div>
   <div class='ocr_carea' id='block_1_51' title="bbox 223 4767 1813 4838">
    <p class='ocr_par' dir='ltr' id='par_1_51' title="bbox 223 4767 1813 4838">
     <span class='ocr_line' id='line_1_51' title="bbox 223 4767 1813 4838; baseline 0 -14"><span class='ocrx_word' id='word_1_389' title='bbox 223 4777 340 4831; x_wconf 69' lang='lat' dir='ltr'><strong>cit,</strong></span> <span class='ocrx_word' id='word_1_390' title='bbox 373 4770 524 4838; x_wconf 85' lang='lat' dir='ltr'><strong>cujus</strong></span> <span class='ocrx_word' id='word_1_391' title='bbox 551 4770 713 4824; x_wconf 88' lang='lat' dir='ltr'><strong>verba</strong></span> <span class='ocrx_word' id='word_1_392' title='bbox 741 4780 1051 4835; x_wconf 89' lang='lat' dir='ltr'><strong>tractamus,</strong></span> <span class='ocrx_word' id='word_1_393' title='bbox 1083 4767 1209 4823; x_wconf 87' lang='lat' dir='ltr'><strong>Cum</strong></span> <span class='ocrx_word' id='word_1_394' title='bbox 1237 4771 1418 4822; x_wconf 88' lang='lat' dir='ltr'><strong>venerit</strong></span> <span class='ocrx_word' id='word_1_395' title='bbox 1453 4768 1617 4824; x_wconf 85' lang='lat' dir='ltr'><strong>Filius</strong></span> <span class='ocrx_word' id='word_1_396' title='bbox 1645 4770 1813 4824; x_wconf 83' lang='lat' dir='ltr'><strong>Itami-</strong></span> 
     </span>
    </p>
   </div>
   <div class='ocr_carea' id='block_1_52' title="bbox 219 4860 1815 4930">
    <p class='ocr_par' dir='ltr' id='par_1_52' title="bbox 219 4860 1815 4930">
     <span class='ocr_line' id='line_1_52' title="bbox 219 4860 1815 4930; baseline 0.002 -16"><span class='ocrx_word' id='word_1_397' title='bbox 219 4863 316 4914; x_wconf 79' lang='lat' dir='ltr'><strong>nis</strong></span> <span class='ocrx_word' id='word_1_398' title='bbox 337 4862 388 4913; x_wconf 87' lang='lat' dir='ltr'><strong>in</strong></span> <span class='ocrx_word' id='word_1_399' title='bbox 412 4862 577 4929; x_wconf 84' lang='lat' dir='ltr'><strong>gloria</strong></span> <span class='ocrx_word' id='word_1_400' title='bbox 598 4860 759 4930; x_wconf 86' lang='lat' dir='ltr'><strong>patris</strong></span> <span class='ocrx_word' id='word_1_401' title='bbox 789 4861 888 4923; x_wconf 85' lang='lat' dir='ltr'><strong>sui,</strong></span> <span class='ocrx_word' id='word_1_402' title='bbox 910 4869 1090 4914; x_wconf 83' lang='lat' dir='ltr'><strong>statuet</strong></span> <span class='ocrx_word' id='word_1_403' title='bbox 1110 4875 1222 4913; x_wconf 87' lang='lat' dir='ltr'><strong>oves</strong></span> <span class='ocrx_word' id='word_1_404' title='bbox 1245 4877 1276 4912; x_wconf 90' lang='lat' dir='ltr'><strong>a</strong></span> <span class='ocrx_word' id='word_1_405' title='bbox 1303 4860 1493 4915; x_wconf 87' lang='lat' dir='ltr'><strong>dextris</strong></span> <span class='ocrx_word' id='word_1_406' title='bbox 1513 4871 1560 4914; x_wconf 86' lang='lat' dir='ltr'><strong>et</strong></span> <span class='ocrx_word' id='word_1_407' title='bbox 1583 4862 1756 4916; x_wconf 72' lang='grc' dir='ltr'><strong>Î™Î¹Î¹Îµá½±Î¿Îµ</strong></span> <span class='ocrx_word' id='word_1_408' title='bbox 1783 4879 1815 4916; x_wconf 89' lang='lat' dir='ltr'><strong>a</strong></span> 
     </span>
    </p>
   </div>
   <div class='ocr_carea' id='block_1_53' title="bbox 217 4950 1814 5022">
    <p class='ocr_par' dir='ltr' id='par_1_53' title="bbox 217 4950 1814 5022">
     <span class='ocr_line' id='line_1_53' title="bbox 217 4950 1814 5022; baseline 0.001 -14"><span class='ocrx_word' id='word_1_409' title='bbox 217 4955 468 5016; x_wconf 70' lang='lat' dir='ltr'><strong>sinistris,</strong></span> <span class='ocrx_word' id='word_1_410' title='bbox 509 4963 558 5009; x_wconf 91' lang='lat' dir='ltr'><strong>et</strong></span> <span class='ocrx_word' id='word_1_411' title='bbox 593 4953 722 5008; x_wconf 86' lang='lat' dir='ltr'><strong>dicet</strong></span> <span class='ocrx_word' id='word_1_412' title='bbox 752 4954 835 5018; x_wconf 91' lang='lat' dir='ltr'><strong>iis,</strong></span> <span class='ocrx_word' id='word_1_413' title='bbox 857 4954 944 5022; x_wconf 89' lang='lat' dir='ltr'><strong>qui</strong></span> <span class='ocrx_word' id='word_1_414' title='bbox 967 4970 998 5004; x_wconf 91' lang='lat' dir='ltr'><strong>a</strong></span> <span class='ocrx_word' id='word_1_415' title='bbox 1021 4950 1214 5006; x_wconf 87' lang='lat' dir='ltr'><strong>dextris</strong></span> <span class='ocrx_word' id='word_1_416' title='bbox 1241 4962 1407 5018; x_wconf 87' lang='lat' dir='ltr'><strong>erunt,</strong></span> <span class='ocrx_word' id='word_1_417' title='bbox 1439 4952 1640 5013; x_wconf 76' lang='lat' dir='ltr'><strong>Venite,</strong></span> <span class='ocrx_word' id='word_1_418' title='bbox 1663 4954 1814 5010; x_wconf 87' lang='lat' dir='ltr'><strong>bene-</strong></span> 
     </span>
    </p>
   </div>
   <div class='ocr_carea' id='block_1_54' title="bbox 215 5042 1814 5114">
    <p class='ocr_par' dir='ltr' id='par_1_54' title="bbox 215 5042 1814 5114">
     <span class='ocr_line' id='line_1_54' title="bbox 215 5042 1814 5114; baseline 0.001 -17"><span class='ocrx_word' id='word_1_419' title='bbox 215 5046 357 5097; x_wconf 76' lang='lat' dir='ltr'><strong>dicti</strong></span> <span class='ocrx_word' id='word_1_420' title='bbox 387 5046 542 5114; x_wconf 82' lang='lat' dir='ltr'><strong>patris</strong></span> <span class='ocrx_word' id='word_1_421' title='bbox 567 5045 681 5110; x_wconf 89' lang='lat' dir='ltr'><strong>mei,</strong></span> <span class='ocrx_word' id='word_1_422' title='bbox 706 5045 954 5113; x_wconf 84' lang='lat' dir='ltr'><strong>possidete</strong></span> <span class='ocrx_word' id='word_1_423' title='bbox 977 5052 1211 5112; x_wconf 84' lang='lat' dir='ltr'><strong>paratum</strong></span> <span class='ocrx_word' id='word_1_424' title='bbox 1235 5042 1372 5096; x_wconf 88' lang='lat' dir='ltr'><strong>vobis</strong></span> <span class='ocrx_word' id='word_1_425' title='bbox 1397 5059 1607 5112; x_wconf 88' lang='lat' dir='ltr'><strong>regnum</strong></span> <span class='ocrx_word' id='word_1_426' title='bbox 1632 5062 1663 5098; x_wconf 90' lang='lat' dir='ltr'><strong>a</strong></span> <span class='ocrx_word' id='word_1_427' title='bbox 1689 5061 1814 5099; x_wconf 90' lang='lat' dir='ltr'><strong>con-</strong></span> 
     </span>
    </p>
   </div>
   <div class='ocr_carea' id='block_1_55' title="bbox 215 5133 1816 5190">
    <p class='ocr_par' dir='ltr' id='par_1_55' title="bbox 215 5133 1816 5190">
     <span class='ocr_line' id='line_1_55' title="bbox 215 5133 1816 5190; baseline 0 0"><span class='ocrx_word' id='word_1_428' title='bbox 215 5135 491 5190; x_wconf 79' lang='lat' dir='ltr'><strong>stitutione</strong></span> <span class='ocrx_word' id='word_1_429' title='bbox 516 5136 712 5187; x_wconf 86' lang='lat' dir='ltr'><strong>mundi.</strong></span> <span class='ocrx_word' id='word_1_430' title='bbox 741 5134 941 5187; x_wconf 77' lang='lat' dir='ltr'><strong>Esurivi</strong></span> <span class='ocrx_word' id='word_1_431' title='bbox 971 5135 1102 5186; x_wconf 88' lang='lat' dir='ltr'><strong>enim</strong></span> <span class='ocrx_word' id='word_1_432' title='bbox 1131 5141 1177 5186; x_wconf 88' lang='lat' dir='ltr'><strong>et</strong></span> <span class='ocrx_word' id='word_1_433' title='bbox 1205 5133 1412 5187; x_wconf 87' lang='lat' dir='ltr'><strong>dedistis</strong></span> <span class='ocrx_word' id='word_1_434' title='bbox 1442 5134 1565 5186; x_wconf 82' lang='lat' dir='ltr'><strong>mihi</strong></span> <span class='ocrx_word' id='word_1_435' title='bbox 1597 5138 1816 5190; x_wconf 83' lang='lat' dir='ltr'><strong>mandu-</strong></span> 
     </span>
    </p>
   </div>
   <div class='ocr_carea' id='block_1_56' title="bbox 212 5223 1814 5296">
    <p class='ocr_par' dir='ltr' id='par_1_56' title="bbox 212 5223 1814 5296">
     <span class='ocr_line' id='line_1_56' title="bbox 212 5223 1814 5296; baseline -0.001 -14"><span class='ocrx_word' id='word_1_436' title='bbox 212 5243 353 5282; x_wconf 80' lang='lat' dir='ltr'><strong>care</strong></span> <span class='ocrx_word' id='word_1_437' title='bbox 379 5243 398 5281; x_wconf 92' lang='lat'><em>:</em></span> <span class='ocrx_word' id='word_1_438' title='bbox 424 5228 553 5281; x_wconf 83' lang='lat' dir='ltr'><strong>sitivi</strong></span> <span class='ocrx_word' id='word_1_439' title='bbox 583 5237 628 5280; x_wconf 90' lang='lat' dir='ltr'><strong>et</strong></span> <span class='ocrx_word' id='word_1_440' title='bbox 670 5226 877 5280; x_wconf 78' lang='lat' dir='ltr'><strong>dedistis</strong></span> <span class='ocrx_word' id='word_1_441' title='bbox 905 5225 1026 5278; x_wconf 78' lang='lat' dir='ltr'><strong>mihi</strong></span> <span class='ocrx_word' id='word_1_442' title='bbox 1057 5224 1238 5278; x_wconf 84' lang='lat' dir='ltr'><strong>bibere.</strong></span> <span class='ocrx_word' id='word_1_443' title='bbox 1271 5223 1348 5278; x_wconf 82' lang='lat' dir='ltr'><strong>Iis</strong></span> <span class='ocrx_word' id='word_1_444' title='bbox 1377 5234 1544 5279; x_wconf 90' lang='lat' dir='ltr'><strong>autem</strong></span> <span class='ocrx_word' id='word_1_445' title='bbox 1569 5227 1656 5296; x_wconf 88' lang='lat' dir='ltr'><strong>qui</strong></span> <span class='ocrx_word' id='word_1_446' title='bbox 1681 5244 1711 5279; x_wconf 90' lang='lat' dir='ltr'><strong>a</strong></span> <span class='ocrx_word' id='word_1_447' title='bbox 1739 5228 1814 5281; x_wconf 86' lang='lat' dir='ltr'><strong>si-</strong></span> 
     </span>
    </p>
   </div>
   <div class='ocr_carea' id='block_1_57' title="bbox 214 5316 1809 5388">
    <p class='ocr_par' dir='ltr' id='par_1_57' title="bbox 214 5316 1809 5388">
     <span class='ocr_line' id='line_1_57' title="bbox 214 5316 1809 5388; baseline -0.003 -11"><span class='ocrx_word' id='word_1_448' title='bbox 214 5321 406 5377; x_wconf 80' lang='lat' dir='ltr'><strong>nistris</strong></span> <span class='ocrx_word' id='word_1_449' title='bbox 433 5329 598 5385; x_wconf 85' lang='lat' dir='ltr'><strong>erunt,</strong></span> <span class='ocrx_word' id='word_1_450' title='bbox 629 5319 777 5383; x_wconf 87' lang='lat' dir='ltr'><strong>dicet,</strong></span> <span class='ocrx_word' id='word_1_451' title='bbox 807 5317 1058 5372; x_wconf 72' lang='lat' dir='ltr'><strong>Discedite</strong></span> <span class='ocrx_word' id='word_1_452' title='bbox 1081 5335 1112 5370; x_wconf 88' lang='lat' dir='ltr'><strong>a</strong></span> <span class='ocrx_word' id='word_1_453' title='bbox 1139 5333 1216 5371; x_wconf 90' lang='lat' dir='ltr'><strong>me</strong></span> <span class='ocrx_word' id='word_1_454' title='bbox 1240 5316 1496 5371; x_wconf 87' lang='lat' dir='ltr'><strong>maledicti</strong></span> <span class='ocrx_word' id='word_1_455' title='bbox 1533 5318 1586 5371; x_wconf 92' lang='lat' dir='ltr'><strong>in</strong></span> <span class='ocrx_word' id='word_1_456' title='bbox 1624 5320 1809 5388; x_wconf 85' lang='lat' dir='ltr'><strong>ignem,</strong></span> 
     </span>
    </p>
   </div>
   <div class='ocr_carea' id='block_1_58' title="bbox 216 5405 1813 5480">
    <p class='ocr_par' dir='ltr' id='par_1_58' title="bbox 216 5405 1813 5480">
     <span class='ocr_line' id='line_1_58' title="bbox 216 5405 1813 5480; baseline 0.002 -17"><span class='ocrx_word' id='word_1_457' title='bbox 216 5414 312 5476; x_wconf 79' lang='lat' dir='ltr'><strong>qui</strong></span> <span class='ocrx_word' id='word_1_458' title='bbox 343 5427 548 5480; x_wconf 82' lang='lat' dir='ltr'><strong>paratus</strong></span> <span class='ocrx_word' id='word_1_459' title='bbox 575 5420 646 5463; x_wconf 89' lang='lat' dir='ltr'><strong>est</strong></span> <span class='ocrx_word' id='word_1_460' title='bbox 675 5407 875 5462; x_wconf 81' lang='lat' dir='ltr'><strong>diabolo</strong></span> <span class='ocrx_word' id='word_1_461' title='bbox 907 5418 954 5462; x_wconf 86' lang='lat' dir='ltr'><strong>et</strong></span> <span class='ocrx_word' id='word_1_462' title='bbox 975 5407 1166 5479; x_wconf 79' lang='lat' dir='ltr'><strong>angelis</strong></span> <span class='ocrx_word' id='word_1_463' title='bbox 1189 5405 1317 5476; x_wconf 70' lang='lat' dir='ltr'><strong>eius.</strong></span> <span class='ocrx_word' id='word_1_464' title='bbox 1359 5406 1561 5465; x_wconf 84' lang='lat' dir='ltr'><strong>Esurivi</strong></span> <span class='ocrx_word' id='word_1_465' title='bbox 1587 5411 1743 5478; x_wconf 88' lang='lat' dir='ltr'><strong>enim,</strong></span> <span class='ocrx_word' id='word_1_466' title='bbox 1766 5422 1813 5466; x_wconf 87' lang='lat' dir='ltr'><strong>et</strong></span> 
     </span>
    </p>
   </div>
   <div class='ocr_carea' id='block_1_59' title="bbox 220 5501 1812 5565">
    <p class='ocr_par' dir='ltr' id='par_1_59' title="bbox 220 5501 1812 5565">
     <span class='ocr_line' id='line_1_59' title="bbox 220 5501 1812 5565; baseline 0.001 -9"><span class='ocrx_word' id='word_1_467' title='bbox 220 5522 335 5556; x_wconf 77' lang='lat' dir='ltr'><strong>non</strong></span> <span class='ocrx_word' id='word_1_468' title='bbox 353 5501 560 5554; x_wconf 63' lang='lat' dir='ltr'><strong>dedistis</strong></span> <span class='ocrx_word' id='word_1_469' title='bbox 582 5501 703 5553; x_wconf 87' lang='lat' dir='ltr'><strong>mihi</strong></span> <span class='ocrx_word' id='word_1_470' title='bbox 725 5502 1031 5553; x_wconf 85' lang='lat' dir='ltr'><strong>manducare</strong></span> <span class='ocrx_word' id='word_1_471' title='bbox 1053 5516 1070 5554; x_wconf 89' lang='lat'><em>:</em></span> <span class='ocrx_word' id='word_1_472' title='bbox 1094 5501 1245 5565; x_wconf 77' lang='lat' dir='ltr'><strong>sitivi,</strong></span> <span class='ocrx_word' id='word_1_473' title='bbox 1271 5509 1318 5553; x_wconf 90' lang='lat' dir='ltr'><strong>et</strong></span> <span class='ocrx_word' id='word_1_474' title='bbox 1339 5517 1437 5554; x_wconf 89' lang='lat' dir='ltr'><strong>non</strong></span> <span class='ocrx_word' id='word_1_475' title='bbox 1459 5502 1669 5560; x_wconf 85' lang='lat' dir='ltr'><strong>dedistis</strong></span> <span class='ocrx_word' id='word_1_476' title='bbox 1691 5503 1812 5558; x_wconf 79' lang='lat' dir='ltr'><strong>mihi</strong></span> 
     </span>
    </p>
   </div>
   <div class='ocr_carea' id='block_1_60' title="bbox 225 5595 1807 5680">
    <p class='ocr_par' dir='ltr' id='par_1_60' title="bbox 225 5595 1807 5680">
     <span class='ocr_line' id='line_1_60' title="bbox 225 5595 1807 5680; baseline 0.001 -30"><span class='ocrx_word' id='word_1_477' title='bbox 225 5607 415 5666; x_wconf 76' lang='lat' dir='ltr'><strong>petum</strong></span> <span class='ocrx_word' id='word_1_478' title='bbox 436 5613 453 5648; x_wconf 90' lang='lat'><strong><em>:</em></strong></span> <span class='ocrx_word' id='word_1_479' title='bbox 475 5598 656 5661; x_wconf 80' lang='lat' dir='ltr'><strong>hospes</strong></span> <span class='ocrx_word' id='word_1_480' title='bbox 681 5611 840 5656; x_wconf 84' lang='lat' dir='ltr'><strong>eram,</strong></span> <span class='ocrx_word' id='word_1_481' title='bbox 874 5603 918 5646; x_wconf 84' lang='lat' dir='ltr'><strong>et</strong></span> <span class='ocrx_word' id='word_1_482' title='bbox 950 5612 1047 5646; x_wconf 90' lang='lat' dir='ltr'><strong>non</strong></span> <span class='ocrx_word' id='word_1_483' title='bbox 1077 5595 1345 5666; x_wconf 83' lang='lat' dir='ltr'><strong>collegistis</strong></span> <span class='ocrx_word' id='word_1_484' title='bbox 1373 5612 1447 5652; x_wconf 87' lang='lat' dir='ltr'><strong>me</strong></span> <span class='ocrx_word' id='word_1_485' title='bbox 1469 5596 1688 5680; x_wconf 79' lang='lat' dir='ltr'><strong>(Matth.</strong></span> <span class='ocrx_word' id='word_1_486' title='bbox 1719 5595 1807 5652; x_wconf 69' lang='grc'><strong>25.</strong></span> 
     </span>
    </p>
   </div>
   <div class='ocr_carea' id='block_1_61' title="bbox 900 172 1807 242">
    <p class='ocr_par' dir='ltr' id='par_1_61' title="bbox 900 175 1807 237">
     <span class='ocr_line' id='line_1_61' title="bbox 900 175 1807 237; baseline -0.01 0"><span class='ocrx_word' id='word_1_487' title='bbox 900 183 986 237; x_wconf 83' lang='lat' dir='ltr'><strong>DE</strong></span> <span class='ocrx_word' id='word_1_488' title='bbox 1029 179 1250 237; x_wconf 82' lang='lat' dir='ltr'><strong>PETIT.</strong></span> <span class='ocrx_word' id='word_1_489' title='bbox 1287 176 1536 236; x_wconf 75' lang='lat' dir='ltr'><strong>FILIOR.</strong></span> <span class='ocrx_word' id='word_1_490' title='bbox 1578 175 1807 232; x_wconf 83' lang='lat' dir='ltr'><strong>ZEBED</strong></span> 
     </span>
    </p>
   </div>
   <div class='ocr_carea' id='block_1_62' title="bbox 1915 172 2820 242">
    <p class='ocr_par' dir='ltr' id='par_1_62' title="bbox 1915 172 2820 239">
     <span class='ocr_line' id='line_1_62' title="bbox 1915 172 2820 239; baseline 0.001 -10"><span class='ocrx_word' id='word_1_491' title='bbox 1915 214 1921 239; x_wconf 80' lang='lat'>.</span> <span class='ocrx_word' id='word_1_492' title='bbox 1959 172 2230 231; x_wconf 77' lang='lat' dir='ltr'><strong>CONTRA</strong></span> <span class='ocrx_word' id='word_1_493' title='bbox 2274 173 2642 232; x_wconf 72' lang='lat' dir='ltr'><strong>ANOMGSOS.</strong></span> <span class='ocrx_word' id='word_1_494' title='bbox 2686 175 2820 231; x_wconf 83' lang='lat' dir='ltr'><strong>Vlll.</strong></span> 
     </span>
    </p>
   </div>
   <div class='ocr_carea' id='block_1_63' title="bbox 3385 183 3488 237">
    <p class='ocr_par' dir='ltr' id='par_1_63' title="bbox 3385 183 3488 237">
     <span class='ocr_line' id='line_1_63' title="bbox 3385 183 3488 237; baseline -0.01 -5"><span class='ocrx_word' id='word_1_495' title='bbox 3385 183 3488 237; x_wconf 74' lang='lat'><strong>770</strong></span> 
     </span>
    </p>
   </div>
   <div class='ocr_carea' id='block_1_64' title="bbox 1914 289 3486 361">
    <p class='ocr_par' dir='ltr' id='par_1_64' title="bbox 1914 289 3486 361">
     <span class='ocr_line' id='line_1_64' title="bbox 1914 289 3486 361; baseline 0.003 -19"><span class='ocrx_word' id='word_1_496' title='bbox 1914 289 1974 342; x_wconf 77' lang='lat'><strong>3|</strong></span> <span class='ocrx_word' id='word_1_497' title='bbox 1990 327 2002 341; x_wconf 95' lang='lat'><strong>.</strong></span> <span class='ocrx_word' id='word_1_498' title='bbox 2023 289 2181 360; x_wconf 86' lang='lat' dir='ltr'><strong>sqq.).</strong></span> <span class='ocrx_word' id='word_1_499' title='bbox 2208 289 2367 344; x_wconf 82' lang='lat' dir='ltr'><strong>Vides</strong></span> <span class='ocrx_word' id='word_1_500' title='bbox 2387 289 2682 344; x_wconf 86' lang='lat' dir='ltr'><strong>absolutum</strong></span> <span class='ocrx_word' id='word_1_501' title='bbox 2697 290 2968 359; x_wconf 83' lang='lat' dir='ltr'><strong>judicium,</strong></span> <span class='ocrx_word' id='word_1_502' title='bbox 2994 300 3046 344; x_wconf 88' lang='lat' dir='ltr'><strong>et</strong></span> <span class='ocrx_word' id='word_1_503' title='bbox 3071 306 3175 361; x_wconf 91' lang='lat' dir='ltr'><strong>quo</strong></span> <span class='ocrx_word' id='word_1_504' title='bbox 3196 303 3348 361; x_wconf 88' lang='lat' dir='ltr'><strong>pacto</strong></span> <span class='ocrx_word' id='word_1_505' title='bbox 3366 308 3486 348; x_wconf 88' lang='lat' dir='ltr'><strong>cum</strong></span> 
     </span>
    </p>
   </div>
   <div class='ocr_carea' id='block_1_65' title="bbox 1914 378 3491 449">
    <p class='ocr_par' dir='ltr' id='par_1_65' title="bbox 1914 378 3491 449">
     <span class='ocr_line' id='line_1_65' title="bbox 1914 378 3491 449; baseline 0.005 -20"><span class='ocrx_word' id='word_1_506' title='bbox 1914 379 2116 434; x_wconf 80' lang='lat' dir='ltr'><strong>honore</strong></span> <span class='ocrx_word' id='word_1_507' title='bbox 2157 378 2372 444; x_wconf 76' lang='lat' dir='ltr'><strong>alliciat,</strong></span> <span class='ocrx_word' id='word_1_508' title='bbox 2422 391 2530 434; x_wconf 90' lang='lat' dir='ltr'><strong>tum</strong></span> <span class='ocrx_word' id='word_1_509' title='bbox 2574 395 2784 449; x_wconf 68' lang='lat' dir='ltr'><strong>pinnam</strong></span> <span class='ocrx_word' id='word_1_510' title='bbox 2826 380 3018 435; x_wconf 83' lang='lat' dir='ltr'><strong>inferat</strong></span> <span class='ocrx_word' id='word_1_511' title='bbox 3055 399 3068 435; x_wconf 88' lang='lat'><strong>:</strong></span> <span class='ocrx_word' id='word_1_512' title='bbox 3100 398 3221 436; x_wconf 91' lang='lat' dir='ltr'><strong>cum</strong></span> <span class='ocrx_word' id='word_1_513' title='bbox 3263 397 3491 437; x_wconf 79' lang='lat' dir='ltr'><strong>coronas</strong></span> 
     </span>
    </p>
   </div>
   <div class='ocr_carea' id='block_1_66' title="bbox 1912 471 3486 543">
    <p class='ocr_par' dir='ltr' id='par_1_66' title="bbox 1912 471 3486 543">
     <span class='ocr_line' id='line_1_66' title="bbox 1912 471 3486 543; baseline 0.004 -21"><span class='ocrx_word' id='word_1_514' title='bbox 1912 471 2127 537; x_wconf 90' lang='lat' dir='ltr'><strong>tribuat,</strong></span> <span class='ocrx_word' id='word_1_515' title='bbox 2170 482 2280 526; x_wconf 91' lang='lat' dir='ltr'><strong>tum</strong></span> <span class='ocrx_word' id='word_1_516' title='bbox 2311 473 2569 541; x_wconf 88' lang='lat' dir='ltr'><strong>supplicio</strong></span> <span class='ocrx_word' id='word_1_517' title='bbox 2597 473 2825 542; x_wconf 88' lang='lat' dir='ltr'><strong>plectat;</strong></span> <span class='ocrx_word' id='word_1_518' title='bbox 2866 482 2918 528; x_wconf 91' lang='lat' dir='ltr'><strong>et</strong></span> <span class='ocrx_word' id='word_1_519' title='bbox 2948 472 3046 527; x_wconf 86' lang='lat' dir='ltr'><strong>hos</strong></span> <span class='ocrx_word' id='word_1_520' title='bbox 3069 473 3281 543; x_wconf 92' lang='lat' dir='ltr'><strong>quidem</strong></span> <span class='ocrx_word' id='word_1_521' title='bbox 3312 476 3362 529; x_wconf 92' lang='lat' dir='ltr'><strong>in</strong></span> <span class='ocrx_word' id='word_1_522' title='bbox 3401 491 3486 528; x_wconf 89' lang='lat' dir='ltr'><strong>re-</strong></span> 
     </span>
    </p>
   </div>
   <div class='ocr_carea' id='block_1_67' title="bbox 1909 562 3490 636">
    <p class='ocr_par' dir='ltr' id='par_1_67' title="bbox 1909 562 3490 636">
     <span class='ocr_line' id='line_1_67' title="bbox 1909 562 3490 636; baseline 0.005 -23"><span class='ocrx_word' id='word_1_523' title='bbox 1909 575 2070 630; x_wconf 84' lang='lat' dir='ltr'><strong>gnum</strong></span> <span class='ocrx_word' id='word_1_524' title='bbox 2104 562 2421 628; x_wconf 89' lang='lat' dir='ltr'><strong>introducat,</strong></span> <span class='ocrx_word' id='word_1_525' title='bbox 2469 564 2586 617; x_wconf 89' lang='lat' dir='ltr'><strong>illos</strong></span> <span class='ocrx_word' id='word_1_526' title='bbox 2623 573 2800 617; x_wconf 89' lang='lat' dir='ltr'><strong>autem</strong></span> <span class='ocrx_word' id='word_1_527' title='bbox 2835 564 2886 616; x_wconf 91' lang='lat' dir='ltr'><strong>in</strong></span> <span class='ocrx_word' id='word_1_528' title='bbox 2915 565 3210 633; x_wconf 80' lang='lat' dir='ltr'><strong>gehennam</strong></span> <span class='ocrx_word' id='word_1_529' title='bbox 3237 566 3442 636; x_wconf 85' lang='lat' dir='ltr'><strong>ableget</strong></span> <span class='ocrx_word' id='word_1_530' title='bbox 3465 568 3490 620; x_wconf 72' lang='grc' dir='ltr'><em>Î¥</em></span> 
     </span>
    </p>
   </div>
   <div class='ocr_carea' id='block_1_68' title="bbox 1978 652 3483 725">
    <p class='ocr_par' dir='ltr' id='par_1_68' title="bbox 1978 652 3483 725">
     <span class='ocr_line' id='line_1_68' title="bbox 1978 652 3483 725; baseline 0.005 -21"><span class='ocrx_word' id='word_1_531' title='bbox 1978 652 2033 705; x_wconf 72' lang='lat'><strong>2.</strong></span> <span class='ocrx_word' id='word_1_532' title='bbox 2075 653 2450 708; x_wconf 87' lang='lat' dir='ltr'><strong>Animadverte</strong></span> <span class='ocrx_word' id='word_1_533' title='bbox 2493 664 2669 709; x_wconf 87' lang='lat' dir='ltr'><strong>autem</strong></span> <span class='ocrx_word' id='word_1_534' title='bbox 2718 654 2820 708; x_wconf 85' lang='lat' dir='ltr'><strong>hoc</strong></span> <span class='ocrx_word' id='word_1_535' title='bbox 2861 656 3019 710; x_wconf 87' lang='lat' dir='ltr'><strong>etiam</strong></span> <span class='ocrx_word' id='word_1_536' title='bbox 3063 657 3200 720; x_wconf 86' lang='lat' dir='ltr'><strong>loco,</strong></span> <span class='ocrx_word' id='word_1_537' title='bbox 3233 667 3483 725; x_wconf 77' lang='lat' dir='ltr'><strong>quantum</strong></span> 
     </span>
    </p>
   </div>
   <div class='ocr_carea' id='block_1_69' title="bbox 1911 746 3487 820">
    <p class='ocr_par' dir='ltr' id='par_1_69' title="bbox 1911 746 3487 820">
     <span class='ocr_line' id='line_1_69' title="bbox 1911 746 3487 820; baseline 0.005 -22"><span class='ocrx_word' id='word_1_538' title='bbox 1911 746 1998 800; x_wconf 91' lang='lat' dir='ltr'><strong>ille</strong></span> <span class='ocrx_word' id='word_1_539' title='bbox 2043 748 2209 800; x_wconf 90' lang='lat' dir='ltr'><strong>nostri</strong></span> <span class='ocrx_word' id='word_1_540' title='bbox 2239 748 2256 778; x_wconf 77' lang='grc' dir='ltr'>á½·</span> <span class='ocrx_word' id='word_1_541' title='bbox 2284 763 2466 801; x_wconf 88' lang='lat' dir='ltr'><strong>curam</strong></span> <span class='ocrx_word' id='word_1_542' title='bbox 2499 757 2647 817; x_wconf 82' lang='lat' dir='ltr'><strong>gerat</strong></span> <span class='ocrx_word' id='word_1_543' title='bbox 2677 767 2690 801; x_wconf 91' lang='lat'><strong>:</strong></span> <span class='ocrx_word' id='word_1_544' title='bbox 2723 748 2847 802; x_wconf 89' lang='lat' dir='ltr'><strong>dum</strong></span> <span class='ocrx_word' id='word_1_545' title='bbox 2879 749 3020 803; x_wconf 89' lang='lat' dir='ltr'><strong>enim</strong></span> <span class='ocrx_word' id='word_1_546' title='bbox 3049 765 3142 803; x_wconf 89' lang='lat' dir='ltr'><strong>eos</strong></span> <span class='ocrx_word' id='word_1_547' title='bbox 3189 751 3487 820; x_wconf 88' lang='lat' dir='ltr'><strong>alloquere-</strong></span> 
     </span>
    </p>
   </div>
   <div class='ocr_carea' id='block_1_70' title="bbox 1911 843 3489 916">
    <p class='ocr_par' dir='ltr' id='par_1_70' title="bbox 1911 843 3489 916">
     <span class='ocr_line' id='line_1_70' title="bbox 1911 843 3489 916; baseline 0.004 -22"><span class='ocrx_word' id='word_1_548' title='bbox 1911 850 2015 901; x_wconf 91' lang='lat' dir='ltr'><strong>tur.</strong></span> <span class='ocrx_word' id='word_1_549' title='bbox 2047 845 2134 911; x_wconf 90' lang='lat' dir='ltr'><strong>qui</strong></span> <span class='ocrx_word' id='word_1_550' title='bbox 2156 858 2382 896; x_wconf 83' lang='lat' dir='ltr'><strong>coronas</strong></span> <span class='ocrx_word' id='word_1_551' title='bbox 2410 843 2761 913; x_wconf 89' lang='lat' dir='ltr'><strong>accipiebant,</strong></span> <span class='ocrx_word' id='word_1_552' title='bbox 2806 843 2996 909; x_wconf 80' lang='lat' dir='ltr'><strong>Venite,</strong></span> <span class='ocrx_word' id='word_1_553' title='bbox 3027 846 3214 916; x_wconf 85' lang='lat' dir='ltr'><strong>inquit,</strong></span> <span class='ocrx_word' id='word_1_554' title='bbox 3245 847 3489 900; x_wconf 85' lang='lat' dir='ltr'><strong>benedicti</strong></span> 
     </span>
    </p>
   </div>
   <div class='ocr_carea' id='block_1_71' title="bbox 1909 931 3487 1007">
    <p class='ocr_par' dir='ltr' id='par_1_71' title="bbox 1909 931 3487 1007">
     <span class='ocr_line' id='line_1_71' title="bbox 1909 931 3487 1007; baseline 0.004 -22"><span class='ocrx_word' id='word_1_555' title='bbox 1909 931 2086 986; x_wconf 83' lang='lat' dir='ltr'><strong>Patris</strong></span> <span class='ocrx_word' id='word_1_556' title='bbox 2111 933 2223 986; x_wconf 87' lang='lat' dir='ltr'><strong>mei.</strong></span> <span class='ocrx_word' id='word_1_557' title='bbox 2264 932 2530 989; x_wconf 85' lang='lat' dir='ltr'><strong>Possidete</strong></span> <span class='ocrx_word' id='word_1_558' title='bbox 2559 944 2790 1004; x_wconf 87' lang='lat' dir='ltr'><strong>paratum</strong></span> <span class='ocrx_word' id='word_1_559' title='bbox 2819 936 2952 990; x_wconf 86' lang='lat' dir='ltr'><strong>vobis</strong></span> <span class='ocrx_word' id='word_1_560' title='bbox 2977 953 3185 1007; x_wconf 82' lang='lat' dir='ltr'><strong>regnum</strong></span> <span class='ocrx_word' id='word_1_561' title='bbox 3213 948 3330 992; x_wconf 89' lang='lat' dir='ltr'><strong>ante</strong></span> <span class='ocrx_word' id='word_1_562' title='bbox 3364 955 3487 992; x_wconf 85' lang='lat' dir='ltr'><strong>con-</strong></span> 
     </span>
    </p>
   </div>
   <div class='ocr_carea' id='block_1_72' title="bbox 1908 1025 3490 1098">
    <p class='ocr_par' dir='ltr' id='par_1_72' title="bbox 1908 1025 3490 1098">
     <span class='ocr_line' id='line_1_72' title="bbox 1908 1025 3490 1098; baseline 0.003 -21"><span class='ocrx_word' id='word_1_563' title='bbox 1908 1025 2214 1078; x_wconf 83' lang='lat' dir='ltr'><strong>stitutionem</strong></span> <span class='ocrx_word' id='word_1_564' title='bbox 2245 1026 2419 1080; x_wconf 88' lang='lat' dir='ltr'><strong>mundi</strong></span> <span class='ocrx_word' id='word_1_565' title='bbox 2452 1042 2471 1079; x_wconf 90' lang='lat'><strong><em>:</em></strong></span> <span class='ocrx_word' id='word_1_566' title='bbox 2497 1027 2602 1081; x_wconf 90' lang='lat' dir='ltr'><strong>illis</strong></span> <span class='ocrx_word' id='word_1_567' title='bbox 2629 1042 2757 1082; x_wconf 89' lang='lat' dir='ltr'><strong>vero</strong></span> <span class='ocrx_word' id='word_1_568' title='bbox 2783 1029 2870 1098; x_wconf 85' lang='lat' dir='ltr'><strong>qui</strong></span> <span class='ocrx_word' id='word_1_569' title='bbox 2900 1029 3159 1097; x_wconf 89' lang='lat' dir='ltr'><strong>supplicio</strong></span> <span class='ocrx_word' id='word_1_570' title='bbox 3185 1029 3490 1083; x_wconf 70' lang='lat' dir='ltr'><strong>aiiicieban~</strong></span> 
     </span>
    </p>
   </div>
   <div class='ocr_carea' id='block_1_73' title="bbox 1910 1116 3488 1189">
    <p class='ocr_par' dir='ltr' id='par_1_73' title="bbox 1910 1116 3488 1189">
     <span class='ocr_line' id='line_1_73' title="bbox 1910 1116 3488 1189; baseline 0.005 -23"><span class='ocrx_word' id='word_1_571' title='bbox 1910 1123 1993 1168; x_wconf 90' lang='lat' dir='ltr'><strong>tur</strong></span> <span class='ocrx_word' id='word_1_572' title='bbox 2013 1129 2116 1168; x_wconf 92' lang='lat' dir='ltr'><strong>non</strong></span> <span class='ocrx_word' id='word_1_573' title='bbox 2145 1116 2296 1178; x_wconf 85' lang='lat' dir='ltr'><strong>dixit,</strong></span> <span class='ocrx_word' id='word_1_574' title='bbox 2327 1116 2582 1171; x_wconf 90' lang='lat' dir='ltr'><strong>discedite</strong></span> <span class='ocrx_word' id='word_1_575' title='bbox 2606 1135 2636 1172; x_wconf 89' lang='lat' dir='ltr'><strong>a</strong></span> <span class='ocrx_word' id='word_1_576' title='bbox 2663 1133 2745 1172; x_wconf 92' lang='lat' dir='ltr'><strong>me</strong></span> <span class='ocrx_word' id='word_1_577' title='bbox 2768 1118 2819 1171; x_wconf 91' lang='lat' dir='ltr'><strong>in</strong></span> <span class='ocrx_word' id='word_1_578' title='bbox 2854 1119 3023 1188; x_wconf 84' lang='lat' dir='ltr'><strong>ignem</strong></span> <span class='ocrx_word' id='word_1_579' title='bbox 3055 1119 3141 1189; x_wconf 89' lang='lat' dir='ltr'><strong>qui</strong></span> <span class='ocrx_word' id='word_1_580' title='bbox 3173 1129 3382 1188; x_wconf 84' lang='lat' dir='ltr'><strong>paratus</strong></span> <span class='ocrx_word' id='word_1_581' title='bbox 3406 1131 3488 1174; x_wconf 88' lang='lat' dir='ltr'><strong>est</strong></span> 
     </span>
    </p>
   </div>
   <div class='ocr_carea' id='block_1_74' title="bbox 1907 1206 3490 1281">
    <p class='ocr_par' dir='ltr' id='par_1_74' title="bbox 1907 1206 3490 1281">
     <span class='ocr_line' id='line_1_74' title="bbox 1907 1206 3490 1281; baseline 0.004 -23"><span class='ocrx_word' id='word_1_582' title='bbox 1907 1206 2079 1271; x_wconf 84' lang='lat' dir='ltr'><strong>vobis,</strong></span> <span class='ocrx_word' id='word_1_583' title='bbox 2115 1207 2228 1273; x_wconf 90' lang='lat' dir='ltr'><strong>sed,</strong></span> <span class='ocrx_word' id='word_1_584' title='bbox 2265 1208 2362 1273; x_wconf 83' lang='lat' dir='ltr'><strong>Qui</strong></span> <span class='ocrx_word' id='word_1_585' title='bbox 2391 1219 2601 1277; x_wconf 84' lang='lat' dir='ltr'><strong>paratus</strong></span> <span class='ocrx_word' id='word_1_586' title='bbox 2625 1220 2695 1263; x_wconf 91' lang='lat' dir='ltr'><strong>est</strong></span> <span class='ocrx_word' id='word_1_587' title='bbox 2726 1209 2947 1263; x_wconf 87' lang='lat' dir='ltr'><strong>diabolo.</strong></span> <span class='ocrx_word' id='word_1_588' title='bbox 2974 1209 3104 1264; x_wconf 90' lang='lat' dir='ltr'><strong>Nam</strong></span> <span class='ocrx_word' id='word_1_589' title='bbox 3134 1227 3351 1280; x_wconf 79' lang='lat' dir='ltr'><strong>regnum</strong></span> <span class='ocrx_word' id='word_1_590' title='bbox 3373 1213 3490 1281; x_wconf 87' lang='lat' dir='ltr'><strong>qui-</strong></span> 
     </span>
    </p>
   </div>
   <div class='ocr_carea' id='block_1_75' title="bbox 1909 1295 3490 1372">
    <p class='ocr_par' dir='ltr' id='par_1_75' title="bbox 1909 1295 3490 1372">
     <span class='ocr_line' id='line_1_75' title="bbox 1909 1295 3490 1372; baseline 0.005 -21"><span class='ocrx_word' id='word_1_591' title='bbox 1909 1298 2029 1352; x_wconf 90' lang='lat' dir='ltr'><strong>dem</strong></span> <span class='ocrx_word' id='word_1_592' title='bbox 2054 1295 2368 1353; x_wconf 83' lang='lat' dir='ltr'><strong>hominihus</strong></span> <span class='ocrx_word' id='word_1_593' title='bbox 2395 1303 2570 1369; x_wconf 85' lang='lat' dir='ltr'><strong>paravi</strong></span> <span class='ocrx_word' id='word_1_594' title='bbox 2598 1303 2642 1368; x_wconf 84' lang='grc'><strong>Â²,</strong></span> <span class='ocrx_word' id='word_1_595' title='bbox 2685 1302 2980 1372; x_wconf 85' lang='lat' dir='ltr'><strong>gehennam</strong></span> <span class='ocrx_word' id='word_1_596' title='bbox 3031 1314 3206 1356; x_wconf 89' lang='lat' dir='ltr'><strong>autem</strong></span> <span class='ocrx_word' id='word_1_597' title='bbox 3236 1320 3341 1358; x_wconf 92' lang='lat' dir='ltr'><strong>non</strong></span> <span class='ocrx_word' id='word_1_598' title='bbox 3393 1305 3490 1359; x_wconf 77' lang='lat' dir='ltr'><strong>lio-</strong></span> 
     </span>
    </p>
   </div>
   <div class='ocr_carea' id='block_1_76' title="bbox 1908 1390 3484 1467">
    <p class='ocr_par' dir='ltr' id='par_1_76' title="bbox 1908 1390 3484 1467">
     <span class='ocr_line' id='line_1_76' title="bbox 1908 1390 3484 1467; baseline 0.004 -23"><span class='ocrx_word' id='word_1_599' title='bbox 1908 1390 2159 1456; x_wconf 88' lang='lat' dir='ltr'><strong>minibus,</strong></span> <span class='ocrx_word' id='word_1_600' title='bbox 2186 1391 2376 1460; x_wconf 84' lang='lat' dir='ltr'><strong>inquit,</strong></span> <span class='ocrx_word' id='word_1_601' title='bbox 2408 1393 2500 1446; x_wconf 89' lang='lat' dir='ltr'><strong>sed</strong></span> <span class='ocrx_word' id='word_1_602' title='bbox 2543 1393 2755 1448; x_wconf 86' lang='lat' dir='ltr'><strong>diabolo</strong></span> <span class='ocrx_word' id='word_1_603' title='bbox 2786 1403 2838 1447; x_wconf 79' lang='lat' dir='ltr'><strong>et</strong></span> <span class='ocrx_word' id='word_1_604' title='bbox 2867 1395 3069 1464; x_wconf 86' lang='lat' dir='ltr'><strong>angelis</strong></span> <span class='ocrx_word' id='word_1_605' title='bbox 3099 1396 3238 1449; x_wconf 87' lang='lat' dir='ltr'><strong>illius</strong></span> <span class='ocrx_word' id='word_1_606' title='bbox 3263 1398 3443 1467; x_wconf 79' lang='lat' dir='ltr'><strong>paravi</strong></span> <span class='ocrx_word' id='word_1_607' title='bbox 3472 1416 3484 1451; x_wconf 92' lang='lat'>:</span> 
     </span>
    </p>
   </div>
   <div class='ocr_carea' id='block_1_77' title="bbox 1907 1484 3490 1559">
    <p class='ocr_par' dir='ltr' id='par_1_77' title="bbox 1907 1484 3490 1559">
     <span class='ocr_line' id='line_1_77' title="bbox 1907 1484 3490 1559; baseline 0.004 -24"><span class='ocrx_word' id='word_1_608' title='bbox 1907 1484 2048 1553; x_wconf 91' lang='lat' dir='ltr'><strong>quod</strong></span> <span class='ocrx_word' id='word_1_609' title='bbox 2076 1485 2118 1537; x_wconf 85' lang='lat' dir='ltr'><strong>si</strong></span> <span class='ocrx_word' id='word_1_610' title='bbox 2148 1499 2244 1538; x_wconf 87' lang='lat' dir='ltr'><strong>vos</strong></span> <span class='ocrx_word' id='word_1_611' title='bbox 2269 1486 2426 1538; x_wconf 78' lang='lat' dir='ltr'><strong>talem</strong></span> <span class='ocrx_word' id='word_1_612' title='bbox 2456 1486 2612 1538; x_wconf 78' lang='lat' dir='ltr'><strong>vitam</strong></span> <span class='ocrx_word' id='word_1_613' title='bbox 2645 1487 2977 1552; x_wconf 85' lang='lat' dir='ltr'><strong>exhibuistis,</strong></span> <span class='ocrx_word' id='word_1_614' title='bbox 3007 1499 3059 1540; x_wconf 90' lang='lat' dir='ltr'><strong>ut</strong></span> <span class='ocrx_word' id='word_1_615' title='bbox 3090 1504 3241 1557; x_wconf 74' lang='lat' dir='ltr'><strong>pmna</strong></span> <span class='ocrx_word' id='word_1_616' title='bbox 3270 1489 3414 1559; x_wconf 84' lang='lat' dir='ltr'><strong>digni</strong></span> <span class='ocrx_word' id='word_1_617' title='bbox 3435 1498 3490 1544; x_wconf 87' lang='lat' dir='ltr'><strong>et</strong></span> 
     </span>
    </p>
   </div>
   <div class='ocr_carea' id='block_1_78' title="bbox 1907 1573 3488 1644">
    <p class='ocr_par' dir='ltr' id='par_1_78' title="bbox 1907 1573 3488 1644">
     <span class='ocr_line' id='line_1_78' title="bbox 1907 1573 3488 1644; baseline 0.003 -17"><span class='ocrx_word' id='word_1_618' title='bbox 1907 1574 2168 1642; x_wconf 87' lang='lat' dir='ltr'><strong>supplicio</strong></span> <span class='ocrx_word' id='word_1_619' title='bbox 2199 1573 2422 1640; x_wconf 86' lang='lat' dir='ltr'><strong>ï¬eretis,</strong></span> <span class='ocrx_word' id='word_1_620' title='bbox 2472 1575 2521 1628; x_wconf 86' lang='lat' dir='ltr'><strong>id</strong></span> <span class='ocrx_word' id='word_1_621' title='bbox 2552 1576 2944 1644; x_wconf 75' lang='lat' dir='ltr'><strong>vobismetipsis</strong></span> <span class='ocrx_word' id='word_1_622' title='bbox 2992 1578 3251 1644; x_wconf 88' lang='lat' dir='ltr'><strong>imputare</strong></span> <span class='ocrx_word' id='word_1_623' title='bbox 3298 1581 3488 1633; x_wconf 88' lang='lat' dir='ltr'><strong>merito</strong></span> 
     </span>
    </p>
   </div>
   <div class='ocr_carea' id='block_1_79' title="bbox 1910 1667 3486 1739">
    <p class='ocr_par' dir='ltr' id='par_1_79' title="bbox 1910 1667 3486 1739">
     <span class='ocr_line' id='line_1_79' title="bbox 1910 1667 3486 1739; baseline 0.002 -20"><span class='ocrx_word' id='word_1_624' title='bbox 1910 1667 2148 1737; x_wconf 86' lang='lat' dir='ltr'><strong>potestis.</strong></span> <span class='ocrx_word' id='word_1_625' title='bbox 2197 1667 2273 1720; x_wconf 89' lang='lat' dir='ltr'><strong>Ac</strong></span> <span class='ocrx_word' id='word_1_626' title='bbox 2317 1667 2455 1730; x_wconf 90' lang='lat' dir='ltr'><strong>vide,</strong></span> <span class='ocrx_word' id='word_1_627' title='bbox 2500 1675 2692 1735; x_wconf 77' lang='lat' dir='ltr'><strong>quanta</strong></span> <span class='ocrx_word' id='word_1_628' title='bbox 2737 1667 2804 1722; x_wconf 90' lang='lat' dir='ltr'><strong>sit</strong></span> <span class='ocrx_word' id='word_1_629' title='bbox 2835 1668 2951 1736; x_wconf 88' lang='lat' dir='ltr'><strong>ejus</strong></span> <span class='ocrx_word' id='word_1_630' title='bbox 3001 1669 3066 1722; x_wconf 89' lang='lat' dir='ltr'><strong>ad</strong></span> <span class='ocrx_word' id='word_1_631' title='bbox 3111 1670 3486 1739; x_wconf 84' lang='lat' dir='ltr'><strong>benignitatem</strong></span> 
     </span>
    </p>
   </div>
   <div class='ocr_carea' id='block_1_80' title="bbox 1910 1755 3492 1831">
    <p class='ocr_par' dir='ltr' id='par_1_80' title="bbox 1910 1755 3492 1831">
     <span class='ocr_line' id='line_1_80' title="bbox 1910 1755 3492 1831; baseline 0.003 -19"><span class='ocrx_word' id='word_1_632' title='bbox 1910 1759 2228 1828; x_wconf 90' lang='lat' dir='ltr'><strong>propensio;</strong></span> <span class='ocrx_word' id='word_1_633' title='bbox 2259 1775 2379 1813; x_wconf 90' lang='lat' dir='ltr'><strong>cum</strong></span> <span class='ocrx_word' id='word_1_634' title='bbox 2428 1759 2568 1813; x_wconf 87' lang='lat' dir='ltr'><strong>enim</strong></span> <span class='ocrx_word' id='word_1_635' title='bbox 2602 1760 2836 1813; x_wconf 90' lang='lat' dir='ltr'><strong>nondum</strong></span> <span class='ocrx_word' id='word_1_636' title='bbox 2869 1770 3050 1814; x_wconf 77' lang='lat' dir='ltr'><strong>essent</strong></span> <span class='ocrx_word' id='word_1_637' title='bbox 3074 1760 3306 1826; x_wconf 53' lang='lat' dir='ltr'><strong>athleta;</strong></span> <span class='ocrx_word' id='word_1_638' title='bbox 3354 1755 3492 1831; x_wconf 66' lang='lat' dir='ltr'><strong>prte-</strong></span> 
     </span>
    </p>
   </div>
   <div class='ocr_carea' id='block_1_81' title="bbox 1910 1849 3492 1921">
    <p class='ocr_par' dir='ltr' id='par_1_81' title="bbox 1910 1849 3492 1921">
     <span class='ocr_line' id='line_1_81' title="bbox 1910 1849 3492 1921; baseline 0.003 -20"><span class='ocrx_word' id='word_1_639' title='bbox 1910 1858 2109 1917; x_wconf 70' lang='lat' dir='ltr'><strong>parata:</strong></span> <span class='ocrx_word' id='word_1_640' title='bbox 2137 1858 2260 1902; x_wconf 86' lang='lat' dir='ltr'><strong>sunt</strong></span> <span class='ocrx_word' id='word_1_641' title='bbox 2286 1864 2520 1911; x_wconf 75' lang='lat' dir='ltr'><strong>coronze,</strong></span> <span class='ocrx_word' id='word_1_642' title='bbox 2545 1864 2607 1902; x_wconf 88' lang='lat' dir='ltr'><strong>ac</strong></span> <span class='ocrx_word' id='word_1_643' title='bbox 2635 1850 2850 1918; x_wconf 73' lang='lat' dir='ltr'><strong>praemia</strong></span> <span class='ocrx_word' id='word_1_644' title='bbox 2881 1849 3166 1904; x_wconf 84' lang='lat' dir='ltr'><strong>destinata.</strong></span> <span class='ocrx_word' id='word_1_645' title='bbox 3202 1849 3341 1904; x_wconf 88' lang='lat' dir='ltr'><strong>Nam</strong></span> <span class='ocrx_word' id='word_1_646' title='bbox 3373 1869 3492 1921; x_wconf 85' lang='lat' dir='ltr'><strong>pos-</strong></span> 
     </span>
    </p>
   </div>
   <div class='ocr_carea' id='block_1_82' title="bbox 1908 1938 3494 2008">
    <p class='ocr_par' dir='ltr' id='par_1_82' title="bbox 1908 1938 3494 2008">
     <span class='ocr_line' id='line_1_82' title="bbox 1908 1938 3494 2008; baseline 0.002 -17"><span class='ocrx_word' id='word_1_647' title='bbox 1908 1938 2083 2004; x_wconf 83' lang='lat' dir='ltr'><strong>sidete,</strong></span> <span class='ocrx_word' id='word_1_648' title='bbox 2130 1938 2318 2007; x_wconf 90' lang='lat' dir='ltr'><strong>inquit,</strong></span> <span class='ocrx_word' id='word_1_649' title='bbox 2348 1948 2581 2006; x_wconf 86' lang='lat' dir='ltr'><strong>paratum</strong></span> <span class='ocrx_word' id='word_1_650' title='bbox 2607 1938 2743 1992; x_wconf 85' lang='lat' dir='ltr'><strong>vobis</strong></span> <span class='ocrx_word' id='word_1_651' title='bbox 2772 1955 2981 2008; x_wconf 87' lang='lat' dir='ltr'><strong>regnum</strong></span> <span class='ocrx_word' id='word_1_652' title='bbox 3026 1949 3142 1992; x_wconf 88' lang='lat' dir='ltr'><strong>ante</strong></span> <span class='ocrx_word' id='word_1_653' title='bbox 3179 1941 3494 1994; x_wconf 82' lang='lat' dir='ltr'><strong>constitutio-</strong></span> 
     </span>
    </p>
   </div>
   <div class='ocr_carea' id='block_1_83' title="bbox 1910 2030 3487 2102">
    <p class='ocr_par' dir='ltr' id='par_1_83' title="bbox 1910 2030 3487 2102">
     <span class='ocr_line' id='line_1_83' title="bbox 1910 2030 3487 2102; baseline 0.003 -20"><span class='ocrx_word' id='word_1_654' title='bbox 1910 2047 2022 2084; x_wconf 88' lang='lat' dir='ltr'><strong>nem</strong></span> <span class='ocrx_word' id='word_1_655' title='bbox 2047 2033 2221 2083; x_wconf 88' lang='lat' dir='ltr'><strong>mundi</strong></span> <span class='ocrx_word' id='word_1_656' title='bbox 2261 2030 2475 2102; x_wconf 77' lang='lat' dir='ltr'><strong>(Matth.</strong></span> <span class='ocrx_word' id='word_1_657' title='bbox 2505 2032 2597 2087; x_wconf 72' lang='lat'><strong>25.</strong></span> <span class='ocrx_word' id='word_1_658' title='bbox 2627 2033 2737 2102; x_wconf 69' lang='grc'><strong>54).</strong></span> <span class='ocrx_word' id='word_1_659' title='bbox 2766 2032 2831 2085; x_wconf 85' lang='grc' dir='ltr'>Î•Î¹</span> <span class='ocrx_word' id='word_1_660' title='bbox 2863 2048 2994 2086; x_wconf 89' lang='lat' dir='ltr'><strong>vero</strong></span> <span class='ocrx_word' id='word_1_661' title='bbox 3025 2033 3076 2087; x_wconf 92' lang='lat' dir='ltr'><strong>in</strong></span> <span class='ocrx_word' id='word_1_662' title='bbox 3120 2034 3368 2102; x_wconf 81' lang='lat' dir='ltr'><strong>parabola</strong></span> <span class='ocrx_word' id='word_1_663' title='bbox 3400 2033 3487 2087; x_wconf 83' lang='lat' dir='ltr'><strong>dc-</strong></span> 
     </span>
    </p>
   </div>
   <div class='ocr_carea' id='block_1_84' title="bbox 1908 2120 3486 2190">
    <p class='ocr_par' dir='ltr' id='par_1_84' title="bbox 1908 2120 3486 2190">
     <span class='ocr_line' id='line_1_84' title="bbox 1908 2120 3486 2190; baseline 0.002 -17"><span class='ocrx_word' id='word_1_664' title='bbox 1908 2135 2026 2174; x_wconf 86' lang='lat' dir='ltr'><strong>cem</strong></span> <span class='ocrx_word' id='word_1_665' title='bbox 2054 2120 2314 2190; x_wconf 86' lang='lat' dir='ltr'><strong>virginum</strong></span> <span class='ocrx_word' id='word_1_666' title='bbox 2354 2122 2492 2176; x_wconf 91' lang='lat' dir='ltr'><strong>idem</strong></span> <span class='ocrx_word' id='word_1_667' title='bbox 2524 2137 2743 2176; x_wconf 89' lang='lat' dir='ltr'><strong>cernere</strong></span> <span class='ocrx_word' id='word_1_668' title='bbox 2773 2122 2931 2176; x_wconf 85' lang='lat' dir='ltr'><strong>licet:</strong></span> <span class='ocrx_word' id='word_1_669' title='bbox 2972 2138 3092 2176; x_wconf 92' lang='lat' dir='ltr'><strong>cum</strong></span> <span class='ocrx_word' id='word_1_670' title='bbox 3121 2125 3264 2176; x_wconf 90' lang='lat' dir='ltr'><strong>enim</strong></span> <span class='ocrx_word' id='word_1_671' title='bbox 3294 2123 3486 2178; x_wconf 89' lang='lat' dir='ltr'><strong>adven-</strong></span> 
     </span>
    </p>
   </div>
   <div class='ocr_carea' id='block_1_85' title="bbox 1910 2212 3493 2281">
    <p class='ocr_par' dir='ltr' id='par_1_85' title="bbox 1910 2212 3493 2281">
     <span class='ocr_line' id='line_1_85' title="bbox 1910 2212 3493 2281; baseline 0.003 -18"><span class='ocrx_word' id='word_1_672' title='bbox 1910 2219 2060 2264; x_wconf 90' lang='lat' dir='ltr'><strong>turus</strong></span> <span class='ocrx_word' id='word_1_673' title='bbox 2080 2223 2221 2265; x_wconf 89' lang='lat' dir='ltr'><strong>esset</strong></span> <span class='ocrx_word' id='word_1_674' title='bbox 2268 2226 2517 2281; x_wconf 61' lang='lat' dir='ltr'><strong>sponsus,</strong></span> <span class='ocrx_word' id='word_1_675' title='bbox 2551 2213 2731 2266; x_wconf 90' lang='lat' dir='ltr'><strong>dicunt</strong></span> <span class='ocrx_word' id='word_1_676' title='bbox 2763 2213 3110 2280; x_wconf 82' lang='lat' dir='ltr'><strong>prudentibus</strong></span> <span class='ocrx_word' id='word_1_677' title='bbox 3135 2214 3328 2268; x_wconf 66' lang='lat' dir='ltr'><strong>fatuas:</strong></span> <span class='ocrx_word' id='word_1_678' title='bbox 3359 2212 3493 2267; x_wconf 85' lang='lat' dir='ltr'><strong>Date</strong></span> 
     </span>
    </p>
   </div>
   <div class='ocr_carea' id='block_1_86' title="bbox 1909 2301 3488 2374">
    <p class='ocr_par' dir='ltr' id='par_1_86' title="bbox 1909 2301 3488 2374">
     <span class='ocr_line' id='line_1_86' title="bbox 1909 2301 3488 2374; baseline 0.003 -21"><span class='ocrx_word' id='word_1_679' title='bbox 1909 2301 2049 2355; x_wconf 90' lang='lat' dir='ltr'><strong>nobis</strong></span> <span class='ocrx_word' id='word_1_680' title='bbox 2077 2301 2140 2355; x_wconf 89' lang='lat' dir='ltr'><strong>de</strong></span> <span class='ocrx_word' id='word_1_681' title='bbox 2187 2302 2296 2355; x_wconf 90' lang='lat' dir='ltr'><strong>oleo</strong></span> <span class='ocrx_word' id='word_1_682' title='bbox 2336 2313 2498 2356; x_wconf 90' lang='lat' dir='ltr'><strong>vestro</strong></span> <span class='ocrx_word' id='word_1_683' title='bbox 2544 2302 2719 2373; x_wconf 84' lang='lat' dir='ltr'><strong>(Ibid.</strong></span> <span class='ocrx_word' id='word_1_684' title='bbox 2775 2305 2828 2357; x_wconf 83' lang='lat'><strong>8.</strong></span> <span class='ocrx_word' id='word_1_685' title='bbox 2880 2303 2996 2373; x_wconf 88' lang='lat'><strong>9):</strong></span> <span class='ocrx_word' id='word_1_686' title='bbox 3039 2303 3106 2357; x_wconf 90' lang='lat' dir='ltr'><strong>ad</strong></span> <span class='ocrx_word' id='word_1_687' title='bbox 3152 2319 3282 2374; x_wconf 89' lang='lat' dir='ltr'><strong>quas</strong></span> <span class='ocrx_word' id='word_1_688' title='bbox 3338 2304 3488 2359; x_wconf 66' lang='lat' dir='ltr'><strong>illae:</strong></span> 
     </span>
    </p>
   </div>
   <div class='ocr_carea' id='block_1_87' title="bbox 1911 2390 3492 2465">
    <p class='ocr_par' dir='ltr' id='par_1_87' title="bbox 1911 2390 3492 2465">
     <span class='ocr_line' id='line_1_87' title="bbox 1911 2390 3492 2465; baseline 0.003 -20"><span class='ocrx_word' id='word_1_689' title='bbox 1911 2390 1996 2446; x_wconf 84' lang='lat' dir='ltr'><strong>Ne</strong></span> <span class='ocrx_word' id='word_1_690' title='bbox 2029 2393 2160 2462; x_wconf 82' lang='lat' dir='ltr'><strong>forte</strong></span> <span class='ocrx_word' id='word_1_691' title='bbox 2187 2410 2289 2446; x_wconf 88' lang='lat' dir='ltr'><strong>non</strong></span> <span class='ocrx_word' id='word_1_692' title='bbox 2330 2394 2542 2465; x_wconf 70' lang='lat' dir='ltr'><strong>suï¬iciat</strong></span> <span class='ocrx_word' id='word_1_693' title='bbox 2588 2395 2730 2448; x_wconf 88' lang='lat' dir='ltr'><strong>nobis</strong></span> <span class='ocrx_word' id='word_1_694' title='bbox 2758 2405 2803 2448; x_wconf 92' lang='lat' dir='ltr'><strong>et</strong></span> <span class='ocrx_word' id='word_1_695' title='bbox 2829 2393 2967 2448; x_wconf 85' lang='lat' dir='ltr'><strong>vobis</strong></span> <span class='ocrx_word' id='word_1_696' title='bbox 3000 2410 3019 2448; x_wconf 90' lang='lat'><strong><em>:</em></strong></span> <span class='ocrx_word' id='word_1_697' title='bbox 3064 2409 3168 2448; x_wconf 91' lang='lat' dir='ltr'><strong>non</strong></span> <span class='ocrx_word' id='word_1_698' title='bbox 3196 2394 3263 2449; x_wconf 89' lang='lat' dir='ltr'><strong>de</strong></span> <span class='ocrx_word' id='word_1_699' title='bbox 3290 2395 3410 2449; x_wconf 91' lang='lat' dir='ltr'><strong>oleo</strong></span> <span class='ocrx_word' id='word_1_700' title='bbox 3438 2405 3492 2449; x_wconf 91' lang='lat' dir='ltr'><strong>et</strong></span> 
     </span>
    </p>
   </div>
   <div class='ocr_carea' id='block_1_88' title="bbox 1910 2484 3490 2557">
    <p class='ocr_par' dir='ltr' id='par_1_88' title="bbox 1910 2484 3490 2557">
     <span class='ocr_line' id='line_1_88' title="bbox 1910 2484 3490 2557; baseline 0.003 -20"><span class='ocrx_word' id='word_1_701' title='bbox 1910 2484 2031 2554; x_wconf 90' lang='lat' dir='ltr'><strong>igne</strong></span> <span class='ocrx_word' id='word_1_702' title='bbox 2053 2486 2268 2540; x_wconf 89' lang='lat' dir='ltr'><strong>disserit</strong></span> <span class='ocrx_word' id='word_1_703' title='bbox 2315 2486 2415 2540; x_wconf 93' lang='lat' dir='ltr'><strong>hoc</strong></span> <span class='ocrx_word' id='word_1_704' title='bbox 2455 2487 2575 2541; x_wconf 91' lang='lat' dir='ltr'><strong>loco</strong></span> <span class='ocrx_word' id='word_1_705' title='bbox 2613 2486 2908 2556; x_wconf 85' lang='lat' dir='ltr'><strong>Scriptura,</strong></span> <span class='ocrx_word' id='word_1_706' title='bbox 2949 2486 3042 2541; x_wconf 91' lang='lat' dir='ltr'><strong>sed</strong></span> <span class='ocrx_word' id='word_1_707' title='bbox 3077 2485 3145 2541; x_wconf 90' lang='lat' dir='ltr'><strong>de</strong></span> <span class='ocrx_word' id='word_1_708' title='bbox 3187 2486 3490 2557; x_wconf 88' lang='lat' dir='ltr'><strong>virginitate</strong></span> 
     </span>
    </p>
   </div>
   <div class='ocr_carea' id='block_1_89' title="bbox 1908 2577 3493 2648">
    <p class='ocr_par' dir='ltr' id='par_1_89' title="bbox 1908 2577 3493 2648">
     <span class='ocr_line' id='line_1_89' title="bbox 1908 2577 3493 2648; baseline 0.001 -18"><span class='ocrx_word' id='word_1_709' title='bbox 1908 2586 2068 2645; x_wconf 91' lang='lat' dir='ltr'><strong>atque</strong></span> <span class='ocrx_word' id='word_1_710' title='bbox 2095 2577 2462 2633; x_wconf 89' lang='lat' dir='ltr'><strong>humanitate:</strong></span> <span class='ocrx_word' id='word_1_711' title='bbox 2494 2593 2557 2633; x_wconf 91' lang='lat' dir='ltr'><strong>ac</strong></span> <span class='ocrx_word' id='word_1_712' title='bbox 2584 2578 2936 2647; x_wconf 87' lang='lat' dir='ltr'><strong>virginitatem</strong></span> <span class='ocrx_word' id='word_1_713' title='bbox 2965 2578 3177 2647; x_wconf 87' lang='lat' dir='ltr'><strong>quidem</strong></span> <span class='ocrx_word' id='word_1_714' title='bbox 3210 2579 3346 2648; x_wconf 86' lang='lat' dir='ltr'><strong>ignis</strong></span> <span class='ocrx_word' id='word_1_715' title='bbox 3374 2578 3493 2634; x_wconf 92' lang='lat' dir='ltr'><strong>loco</strong></span> 
     </span>
    </p>
   </div>
   <div class='ocr_carea' id='block_1_90' title="bbox 1910 2655 3488 2741">
    <p class='ocr_par' dir='ltr' id='par_1_90' title="bbox 1910 2655 3488 2741">
     <span class='ocr_line' id='line_1_90' title="bbox 1910 2655 3488 2741; baseline 0.002 -21"><span class='ocrx_word' id='word_1_716' title='bbox 1910 2665 2090 2733; x_wconf 80' lang='lat' dir='ltr'><strong>habet,</strong></span> <span class='ocrx_word' id='word_1_717' title='bbox 2139 2669 2534 2741; x_wconf 87' lang='lat' dir='ltr'><strong>elecmosynam</strong></span> <span class='ocrx_word' id='word_1_718' title='bbox 2581 2681 2758 2723; x_wconf 89' lang='lat' dir='ltr'><strong>autem</strong></span> <span class='ocrx_word' id='word_1_719' title='bbox 2789 2655 2899 2725; x_wconf 83' lang='lat' dir='ltr'><strong>olei</strong></span> <span class='ocrx_word' id='word_1_720' title='bbox 2936 2669 3075 2733; x_wconf 89' lang='lat' dir='ltr'><strong>loco,</strong></span> <span class='ocrx_word' id='word_1_721' title='bbox 3119 2669 3488 2740; x_wconf 74' lang='lat' dir='ltr'><strong>significatque</strong></span> 
     </span>
    </p>
   </div>
   <div class='ocr_carea' id='block_1_91' title="bbox 1909 2758 3494 2832">
    <p class='ocr_par' dir='ltr' id='par_1_91' title="bbox 1909 2758 3494 2832">
     <span class='ocr_line' id='line_1_91' title="bbox 1909 2758 3494 2832; baseline 0.003 -22"><span class='ocrx_word' id='word_1_722' title='bbox 1909 2758 2262 2828; x_wconf 78' lang='lat' dir='ltr'><strong>virginitatem</strong></span> <span class='ocrx_word' id='word_1_723' title='bbox 2295 2759 2622 2814; x_wconf 88' lang='lat' dir='ltr'><strong>humanitate</strong></span> <span class='ocrx_word' id='word_1_724' title='bbox 2662 2761 2884 2813; x_wconf 91' lang='lat' dir='ltr'><strong>multum</strong></span> <span class='ocrx_word' id='word_1_725' title='bbox 2918 2759 3176 2830; x_wconf 87' lang='lat' dir='ltr'><strong>indigere,</strong></span> <span class='ocrx_word' id='word_1_726' title='bbox 3210 2776 3382 2832; x_wconf 90' lang='lat' dir='ltr'><strong>neque</strong></span> <span class='ocrx_word' id='word_1_727' title='bbox 3426 2761 3494 2815; x_wconf 85' lang='lat' dir='ltr'><strong>li-</strong></span> 
     </span>
    </p>
   </div>
   <div class='ocr_carea' id='block_1_92' title="bbox 1909 2852 3490 2924">
    <p class='ocr_par' dir='ltr' id='par_1_92' title="bbox 1909 2852 3490 2924">
     <span class='ocr_line' id='line_1_92' title="bbox 1909 2852 3490 2924; baseline 0.003 -21"><span class='ocrx_word' id='word_1_728' title='bbox 1909 2865 2033 2906; x_wconf 80' lang='lat' dir='ltr'><strong>cere</strong></span> <span class='ocrx_word' id='word_1_729' title='bbox 2058 2852 2258 2921; x_wconf 88' lang='lat' dir='ltr'><strong>absque</strong></span> <span class='ocrx_word' id='word_1_730' title='bbox 2298 2853 2384 2906; x_wconf 89' lang='lat' dir='ltr'><strong>illa</strong></span> <span class='ocrx_word' id='word_1_731' title='bbox 2410 2854 2620 2907; x_wconf 85' lang='lat' dir='ltr'><strong>s.~dvari.</strong></span> <span class='ocrx_word' id='word_1_732' title='bbox 2650 2854 2874 2920; x_wconf 88' lang='lat' dir='ltr'><strong>Quinam</strong></span> <span class='ocrx_word' id='word_1_733' title='bbox 2918 2863 3095 2908; x_wconf 90' lang='lat' dir='ltr'><strong>autem</strong></span> <span class='ocrx_word' id='word_1_734' title='bbox 3127 2854 3200 2908; x_wconf 91' lang='lat' dir='ltr'><strong>illi</strong></span> <span class='ocrx_word' id='word_1_735' title='bbox 3227 2865 3369 2921; x_wconf 88' lang='lat' dir='ltr'><strong>sunt,</strong></span> <span class='ocrx_word' id='word_1_736' title='bbox 3403 2858 3490 2924; x_wconf 90' lang='lat' dir='ltr'><strong>qui</strong></span> 
     </span>
    </p>
   </div>
   <div class='ocr_carea' id='block_1_93' title="bbox 1910 2941 3496 3014">
    <p class='ocr_par' dir='ltr' id='par_1_93' title="bbox 1910 2941 3496 3014">
     <span class='ocr_line' id='line_1_93' title="bbox 1910 2941 3496 3014; baseline 0.005 -22"><span class='ocrx_word' id='word_1_737' title='bbox 1910 2941 2084 2996; x_wconf 88' lang='lat' dir='ltr'><strong>oleum</strong></span> <span class='ocrx_word' id='word_1_738' title='bbox 2118 2942 2254 2995; x_wconf 90' lang='lat' dir='ltr'><strong>istud</strong></span> <span class='ocrx_word' id='word_1_739' title='bbox 2299 2943 2572 2997; x_wconf 89' lang='lat' dir='ltr'><strong>vendunt?</strong></span> <span class='ocrx_word' id='word_1_740' title='bbox 2599 2944 2828 3009; x_wconf 85' lang='lat' dir='ltr'><strong>Quinam</strong></span> <span class='ocrx_word' id='word_1_741' title='bbox 2875 2944 2986 3006; x_wconf 88' lang='lat' dir='ltr'><strong>alii,</strong></span> <span class='ocrx_word' id='word_1_742' title='bbox 3034 2944 3135 2998; x_wconf 93' lang='lat' dir='ltr'><strong>nisi</strong></span> <span class='ocrx_word' id='word_1_743' title='bbox 3194 2946 3496 3014; x_wconf 76' lang='lat' dir='ltr'><strong>pauperes?</strong></span> 
     </span>
    </p>
   </div>
   <div class='ocr_carea' id='block_1_94' title="bbox 1910 3029 3494 3102">
    <p class='ocr_par' dir='ltr' id='par_1_94' title="bbox 1910 3029 3494 3102">
     <span class='ocr_line' id='line_1_94' title="bbox 1910 3029 3494 3102; baseline 0.003 -18"><span class='ocrx_word' id='word_1_744' title='bbox 1910 3029 2023 3084; x_wconf 88' lang='lat' dir='ltr'><strong>Non</strong></span> <span class='ocrx_word' id='word_1_745' title='bbox 2072 3031 2213 3084; x_wconf 90' lang='lat' dir='ltr'><strong>enim</strong></span> <span class='ocrx_word' id='word_1_746' title='bbox 2257 3033 2524 3102; x_wconf 90' lang='lat' dir='ltr'><strong>accipiunt</strong></span> <span class='ocrx_word' id='word_1_747' title='bbox 2566 3036 2755 3100; x_wconf 84' lang='lat' dir='ltr'><strong>potius,</strong></span> <span class='ocrx_word' id='word_1_748' title='bbox 2803 3048 2960 3102; x_wconf 90' lang='lat' dir='ltr'><strong>quam</strong></span> <span class='ocrx_word' id='word_1_749' title='bbox 3001 3033 3149 3087; x_wconf 77' lang='lat' dir='ltr'><strong>dant.</strong></span> <span class='ocrx_word' id='word_1_750' title='bbox 3196 3034 3274 3088; x_wconf 91' lang='lat' dir='ltr'><strong>Ne</strong></span> <span class='ocrx_word' id='word_1_751' title='bbox 3315 3036 3494 3102; x_wconf 87' lang='lat' dir='ltr'><strong>utique</strong></span> 
     </span>
    </p>
   </div>
   <div class='ocr_carea' id='block_1_95' title="bbox 1911 3121 3490 3193">
    <p class='ocr_par' dir='ltr' id='par_1_95' title="bbox 1911 3121 3490 3193">
     <span class='ocr_line' id='line_1_95' title="bbox 1911 3121 3490 3193; baseline 0.004 -21"><span class='ocrx_word' id='word_1_752' title='bbox 1911 3134 2131 3172; x_wconf 83' lang='lat' dir='ltr'><strong>censeas</strong></span> <span class='ocrx_word' id='word_1_753' title='bbox 2156 3121 2548 3191; x_wconf 80' lang='lat' dir='ltr'><strong>electiiosynam</strong></span> <span class='ocrx_word' id='word_1_754' title='bbox 2577 3125 2871 3190; x_wconf 86' lang='lat' dir='ltr'><strong>impensam</strong></span> <span class='ocrx_word' id='word_1_755' title='bbox 2922 3136 3062 3188; x_wconf 91' lang='lat' dir='ltr'><strong>esse,</strong></span> <span class='ocrx_word' id='word_1_756' title='bbox 3117 3122 3211 3176; x_wconf 90' lang='lat' dir='ltr'><strong>sed</strong></span> <span class='ocrx_word' id='word_1_757' title='bbox 3259 3138 3490 3193; x_wconf 87' lang='lat' dir='ltr'><strong>proven-</strong></span> 
     </span>
    </p>
   </div>
   <div class='ocr_carea' id='block_1_96' title="bbox 1912 3214 3491 3285">
    <p class='ocr_par' dir='ltr' id='par_1_96' title="bbox 1912 3214 3491 3285">
     <span class='ocr_line' id='line_1_96' title="bbox 1912 3214 3491 3285; baseline 0.004 -20"><span class='ocrx_word' id='word_1_758' title='bbox 1912 3220 2060 3277; x_wconf 90' lang='lat' dir='ltr'><strong>tum;</strong></span> <span class='ocrx_word' id='word_1_759' title='bbox 2115 3228 2288 3282; x_wconf 88' lang='lat' dir='ltr'><strong>neque</strong></span> <span class='ocrx_word' id='word_1_760' title='bbox 2334 3225 2628 3282; x_wconf 91' lang='lat' dir='ltr'><strong>sumptum,</strong></span> <span class='ocrx_word' id='word_1_761' title='bbox 2657 3214 2750 3268; x_wconf 91' lang='lat' dir='ltr'><strong>sed</strong></span> <span class='ocrx_word' id='word_1_762' title='bbox 2807 3215 3258 3284; x_wconf 85' lang='lat' dir='ltr'><strong>negotiationem:</strong></span> <span class='ocrx_word' id='word_1_763' title='bbox 3288 3216 3491 3285; x_wconf 90' lang='lat' dir='ltr'><strong>majora</strong></span> 
     </span>
    </p>
   </div>
   <div class='ocr_carea' id='block_1_97' title="bbox 1911 3303 3495 3374">
    <p class='ocr_par' dir='ltr' id='par_1_97' title="bbox 1911 3303 3495 3374">
     <span class='ocr_line' id='line_1_97' title="bbox 1911 3303 3495 3374; baseline 0.002 -19"><span class='ocrx_word' id='word_1_764' title='bbox 1911 3303 2106 3372; x_wconf 84' lang='lat' dir='ltr'><strong>quippe</strong></span> <span class='ocrx_word' id='word_1_765' title='bbox 2131 3304 2344 3372; x_wconf 88' lang='lat' dir='ltr'><strong>recipis,</strong></span> <span class='ocrx_word' id='word_1_766' title='bbox 2391 3319 2547 3374; x_wconf 85' lang='lat' dir='ltr'><strong>quam</strong></span> <span class='ocrx_word' id='word_1_767' title='bbox 2579 3304 2674 3357; x_wconf 87' lang='lat' dir='ltr'><strong>des</strong></span> <span class='ocrx_word' id='word_1_768' title='bbox 2700 3321 2713 3358; x_wconf 88' lang='lat'><strong>:</strong></span> <span class='ocrx_word' id='word_1_769' title='bbox 2741 3305 2837 3358; x_wconf 88' lang='lat' dir='ltr'><strong>das</strong></span> <span class='ocrx_word' id='word_1_770' title='bbox 2863 3319 3074 3374; x_wconf 89' lang='lat' dir='ltr'><strong>panem,</strong></span> <span class='ocrx_word' id='word_1_771' title='bbox 3105 3313 3160 3359; x_wconf 92' lang='lat' dir='ltr'><strong>et</strong></span> <span class='ocrx_word' id='word_1_772' title='bbox 3206 3307 3396 3374; x_wconf 91' lang='lat' dir='ltr'><strong>recipis</strong></span> <span class='ocrx_word' id='word_1_773' title='bbox 3417 3307 3495 3359; x_wconf 85' lang='lat' dir='ltr'><strong>vi-</strong></span> 
     </span>
    </p>
   </div>
   <div class='ocr_carea' id='block_1_98' title="bbox 1914 3394 3495 3466">
    <p class='ocr_par' dir='ltr' id='par_1_98' title="bbox 1914 3394 3495 3466">
     <span class='ocr_line' id='line_1_98' title="bbox 1914 3394 3495 3466; baseline 0.002 -19"><span class='ocrx_word' id='word_1_774' title='bbox 1914 3404 2018 3447; x_wconf 90' lang='lat' dir='ltr'><strong>tam</strong></span> <span class='ocrx_word' id='word_1_775' title='bbox 2046 3404 2339 3460; x_wconf 69' lang='lat' dir='ltr'><strong>mternam;</strong></span> <span class='ocrx_word' id='word_1_776' title='bbox 2371 3394 2468 3448; x_wconf 88' lang='lat' dir='ltr'><strong>das</strong></span> <span class='ocrx_word' id='word_1_777' title='bbox 2497 3403 2722 3459; x_wconf 86' lang='lat' dir='ltr'><strong>vestem,</strong></span> <span class='ocrx_word' id='word_1_778' title='bbox 2767 3403 2821 3449; x_wconf 90' lang='lat' dir='ltr'><strong>et</strong></span> <span class='ocrx_word' id='word_1_779' title='bbox 2854 3395 3267 3450; x_wconf 90' lang='lat' dir='ltr'><strong>immortalitatis</strong></span> <span class='ocrx_word' id='word_1_780' title='bbox 3299 3395 3495 3466; x_wconf 88' lang='lat' dir='ltr'><strong>recipis</strong></span> 
     </span>
    </p>
   </div>
   <div class='ocr_carea' id='block_1_99' title="bbox 1914 3487 3498 3558">
    <p class='ocr_par' dir='ltr' id='par_1_99' title="bbox 1914 3487 3498 3558">
     <span class='ocr_line' id='line_1_99' title="bbox 1914 3487 3498 3558; baseline 0.003 -18"><span class='ocrx_word' id='word_1_781' title='bbox 1914 3487 2316 3553; x_wconf 90' lang='lat' dir='ltr'><strong>indumentum;</strong></span> <span class='ocrx_word' id='word_1_782' title='bbox 2349 3487 2444 3542; x_wconf 84' lang='lat' dir='ltr'><strong>das</strong></span> <span class='ocrx_word' id='word_1_783' title='bbox 2471 3489 2593 3543; x_wconf 86' lang='lat' dir='ltr'><strong>tecti</strong></span> <span class='ocrx_word' id='word_1_784' title='bbox 2624 3487 3080 3552; x_wconf 89' lang='lat' dir='ltr'><strong>communionem,</strong></span> <span class='ocrx_word' id='word_1_785' title='bbox 3109 3497 3163 3543; x_wconf 91' lang='lat' dir='ltr'><strong>et</strong></span> <span class='ocrx_word' id='word_1_786' title='bbox 3193 3489 3387 3558; x_wconf 89' lang='lat' dir='ltr'><strong>recipis</strong></span> <span class='ocrx_word' id='word_1_787' title='bbox 3417 3504 3498 3544; x_wconf 85' lang='lat' dir='ltr'><strong>re-</strong></span> 
     </span>
    </p>
   </div>
   <div class='ocr_carea' id='block_1_100' title="bbox 1913 3581 3496 3651">
    <p class='ocr_par' dir='ltr' id='par_1_100' title="bbox 1913 3581 3496 3651">
     <span class='ocr_line' id='line_1_100' title="bbox 1913 3581 3496 3651; baseline 0.001 -17"><span class='ocrx_word' id='word_1_788' title='bbox 1913 3596 2073 3651; x_wconf 89' lang='lat' dir='ltr'><strong>gnum</strong></span> <span class='ocrx_word' id='word_1_789' title='bbox 2102 3582 2389 3644; x_wconf 71' lang='lat' dir='ltr'><strong>carlorum;</strong></span> <span class='ocrx_word' id='word_1_790' title='bbox 2425 3581 2630 3648; x_wconf 81' lang='lat' dir='ltr'><strong>praebes</strong></span> <span class='ocrx_word' id='word_1_791' title='bbox 2683 3597 2802 3650; x_wconf 72' lang='lat' dir='ltr'><strong>qute</strong></span> <span class='ocrx_word' id='word_1_792' title='bbox 2839 3591 3085 3649; x_wconf 85' lang='lat' dir='ltr'><strong>pereunt,</strong></span> <span class='ocrx_word' id='word_1_793' title='bbox 3118 3591 3170 3634; x_wconf 82' lang='lat' dir='ltr'><strong>et</strong></span> <span class='ocrx_word' id='word_1_794' title='bbox 3209 3597 3329 3650; x_wconf 62' lang='lat' dir='ltr'><strong>quae</strong></span> <span class='ocrx_word' id='word_1_795' title='bbox 3369 3597 3496 3651; x_wconf 84' lang='lat' dir='ltr'><strong>per-</strong></span> 
     </span>
    </p>
   </div>
   <div class='ocr_carea' id='block_1_101' title="bbox 1915 3671 3496 3742">
    <p class='ocr_par' dir='ltr' id='par_1_101' title="bbox 1915 3671 3496 3742">
     <span class='ocr_line' id='line_1_101' title="bbox 1915 3671 3496 3742; baseline 0.001 -17"><span class='ocrx_word' id='word_1_796' title='bbox 1915 3681 2075 3742; x_wconf 90' lang='lat' dir='ltr'><strong>petuo</strong></span> <span class='ocrx_word' id='word_1_797' title='bbox 2105 3679 2416 3740; x_wconf 88' lang='lat' dir='ltr'><strong>permanent</strong></span> <span class='ocrx_word' id='word_1_798' title='bbox 2441 3671 2658 3739; x_wconf 88' lang='lat' dir='ltr'><strong>accipis.</strong></span> <span class='ocrx_word' id='word_1_799' title='bbox 2697 3672 2767 3724; x_wconf 83' lang='lat' dir='ltr'><strong>At</strong></span> <span class='ocrx_word' id='word_1_800' title='bbox 2791 3671 2931 3724; x_wconf 91' lang='lat' dir='ltr'><strong>enim</strong></span> <span class='ocrx_word' id='word_1_801' title='bbox 2959 3687 3064 3740; x_wconf 91' lang='lat' dir='ltr'><strong>quo</strong></span> <span class='ocrx_word' id='word_1_802' title='bbox 3099 3680 3252 3740; x_wconf 84' lang='lat' dir='ltr'><strong>pacto</strong></span> <span class='ocrx_word' id='word_1_803' title='bbox 3280 3687 3496 3741; x_wconf 89' lang='lat' dir='ltr'><strong>possum</strong></span> 
     </span>
    </p>
   </div>
   <div class='ocr_carea' id='block_1_102' title="bbox 1913 3761 3495 3834">
    <p class='ocr_par' dir='ltr' id='par_1_102' title="bbox 1913 3761 3495 3834">
     <span class='ocr_line' id='line_1_102' title="bbox 1913 3761 3495 3834; baseline 0 -16"><span class='ocrx_word' id='word_1_804' title='bbox 1913 3764 2305 3833; x_wconf 84' lang='lat' dir='ltr'><strong>eleemosynam</strong></span> <span class='ocrx_word' id='word_1_805' title='bbox 2328 3761 2732 3830; x_wconf 88' lang='lat' dir='ltr'><strong>impertiri,cum</strong></span> <span class='ocrx_word' id='word_1_806' title='bbox 2753 3775 2951 3830; x_wconf 88' lang='lat' dir='ltr'><strong>pauper</strong></span> <span class='ocrx_word' id='word_1_807' title='bbox 2970 3762 3106 3815; x_wconf 88' lang='lat' dir='ltr'><strong>sim?</strong></span> <span class='ocrx_word' id='word_1_808' title='bbox 3125 3763 3261 3818; x_wconf 89' lang='lat' dir='ltr'><strong>dicet</strong></span> <span class='ocrx_word' id='word_1_809' title='bbox 3285 3764 3495 3834; x_wconf 89' lang='lat' dir='ltr'><strong>aliquis.</strong></span> 
     </span>
    </p>
   </div>
   <div class='ocr_carea' id='block_1_103' title="bbox 1985 3853 3495 3924">
    <p class='ocr_par' dir='ltr' id='par_1_103' title="bbox 1985 3853 3495 3924">
     <span class='ocr_line' id='line_1_103' title="bbox 1985 3853 3495 3924; baseline 0.001 -16"><span class='ocrx_word' id='word_1_810' title='bbox 1985 3853 2050 3908; x_wconf 85' lang='lat' dir='ltr'><strong>In</strong></span> <span class='ocrx_word' id='word_1_811' title='bbox 2071 3855 2386 3924; x_wconf 82' lang='lat' dir='ltr'><strong>eleentosyna</strong></span> <span class='ocrx_word' id='word_1_812' title='bbox 2402 3870 2500 3906; x_wconf 88' lang='lat' dir='ltr'><strong>non</strong></span> <span class='ocrx_word' id='word_1_813' title='bbox 2521 3853 2640 3905; x_wconf 90' lang='lat' dir='ltr'><strong>doni</strong></span> <span class='ocrx_word' id='word_1_814' title='bbox 2654 3853 2970 3924; x_wconf 86' lang='lat' dir='ltr'><strong>magnitudo,</strong></span> <span class='ocrx_word' id='word_1_815' title='bbox 2993 3854 3081 3907; x_wconf 90' lang='lat' dir='ltr'><strong>sed</strong></span> <span class='ocrx_word' id='word_1_816' title='bbox 3101 3854 3268 3908; x_wconf 87' lang='lat' dir='ltr'><strong>dantis</strong></span> <span class='ocrx_word' id='word_1_817' title='bbox 3293 3856 3495 3910; x_wconf 89' lang='lat' dir='ltr'><strong>animus</strong></span> 
     </span>
    </p>
   </div>
   <div class='ocr_carea' id='block_1_104' title="bbox 1914 3945 3498 4018">
    <p class='ocr_par' dir='ltr' id='par_1_104' title="bbox 1914 3945 3498 4018">
     <span class='ocr_line' id='line_1_104' title="bbox 1914 3945 3498 4018; baseline 0.002 -18"><span class='ocrx_word' id='word_1_818' title='bbox 1914 3956 2190 4015; x_wconf 88' lang='lat' dir='ltr'><strong>spectatur.</strong></span> <span class='ocrx_word' id='word_1_819' title='bbox 2206 3975 2280 3986; x_wconf 90' lang='lat'><strong>â€”</strong></span> <span class='ocrx_word' id='word_1_820' title='bbox 2299 3945 2526 4000; x_wconf 82' lang='lat' dir='ltr'><strong>Maxime</strong></span> <span class='ocrx_word' id='word_1_821' title='bbox 2551 3959 2700 4011; x_wconf 80' lang='lat' dir='ltr'><strong>vero,</strong></span> <span class='ocrx_word' id='word_1_822' title='bbox 2729 3960 2849 4001; x_wconf 92' lang='lat' dir='ltr'><strong>cum</strong></span> <span class='ocrx_word' id='word_1_823' title='bbox 2876 3960 3075 4014; x_wconf 86' lang='lat' dir='ltr'><strong>pauper</strong></span> <span class='ocrx_word' id='word_1_824' title='bbox 3095 3961 3175 4010; x_wconf 88' lang='lat' dir='ltr'><strong>cs,</strong></span> <span class='ocrx_word' id='word_1_825' title='bbox 3201 3959 3312 4002; x_wconf 91' lang='lat' dir='ltr'><strong>tum</strong></span> <span class='ocrx_word' id='word_1_826' title='bbox 3346 3959 3498 4018; x_wconf 86' lang='lat' dir='ltr'><strong>potes</strong></span> 
     </span>
    </p>
   </div>
   <div class='ocr_carea' id='block_1_105' title="bbox 1917 4038 3498 4111">
    <p class='ocr_par' dir='ltr' id='par_1_105' title="bbox 1917 4038 3498 4111">
     <span class='ocr_line' id='line_1_105' title="bbox 1917 4038 3498 4111; baseline 0.001 -17"><span class='ocrx_word' id='word_1_827' title='bbox 1917 4039 2312 4111; x_wconf 88' lang='lat' dir='ltr'><strong>eleemosyuam</strong></span> <span class='ocrx_word' id='word_1_828' title='bbox 2353 4038 2609 4106; x_wconf 84' lang='lat' dir='ltr'><strong>impertiri</strong></span> <span class='ocrx_word' id='word_1_829' title='bbox 2641 4056 2653 4090; x_wconf 90' lang='lat'>:</span> <span class='ocrx_word' id='word_1_830' title='bbox 2687 4053 2808 4091; x_wconf 90' lang='lat' dir='ltr'><strong>nam</strong></span> <span class='ocrx_word' id='word_1_831' title='bbox 2837 4038 2922 4091; x_wconf 91' lang='lat' dir='ltr'><strong>ille</strong></span> <span class='ocrx_word' id='word_1_832' title='bbox 2951 4038 3186 4108; x_wconf 90' lang='lat' dir='ltr'><strong>quidem,</strong></span> <span class='ocrx_word' id='word_1_833' title='bbox 3219 4040 3307 4109; x_wconf 93' lang='lat' dir='ltr'><strong>qui</strong></span> <span class='ocrx_word' id='word_1_834' title='bbox 3347 4041 3498 4095; x_wconf 86' lang='lat' dir='ltr'><strong>dives</strong></span> 
     </span>
    </p>
   </div>
   <div class='ocr_carea' id='block_1_106' title="bbox 1916 4130 3490 4199">
    <p class='ocr_par' dir='ltr' id='par_1_106' title="bbox 1916 4130 3490 4199">
     <span class='ocr_line' id='line_1_106' title="bbox 1916 4130 3490 4199; baseline -0.001 -15"><span class='ocrx_word' id='word_1_835' title='bbox 1916 4139 2016 4193; x_wconf 87' lang='lat' dir='ltr'><strong>est,</strong></span> <span class='ocrx_word' id='word_1_836' title='bbox 2059 4130 2402 4199; x_wconf 88' lang='lat' dir='ltr'><strong>pecuniarum</strong></span> <span class='ocrx_word' id='word_1_837' title='bbox 2443 4130 2594 4198; x_wconf 91' lang='lat' dir='ltr'><strong>copia</strong></span> <span class='ocrx_word' id='word_1_838' title='bbox 2627 4130 2969 4193; x_wconf 87' lang='lat' dir='ltr'><strong>temulentus,</strong></span> <span class='ocrx_word' id='word_1_839' title='bbox 3013 4131 3323 4198; x_wconf 87' lang='lat' dir='ltr'><strong>gravissima</strong></span> <span class='ocrx_word' id='word_1_840' title='bbox 3355 4131 3490 4183; x_wconf 84' lang='lat' dir='ltr'><strong>febri</strong></span> 
     </span>
    </p>
   </div>
   <div class='ocr_carea' id='block_1_107' title="bbox 1915 4219 3498 4291">
    <p class='ocr_par' dir='ltr' id='par_1_107' title="bbox 1915 4219 3498 4291">
     <span class='ocr_line' id='line_1_107' title="bbox 1915 4219 3498 4291; baseline 0 -16"><span class='ocrx_word' id='word_1_841' title='bbox 1915 4231 2213 4291; x_wconf 87' lang='lat' dir='ltr'><strong>correptus,</strong></span> <span class='ocrx_word' id='word_1_842' title='bbox 2245 4221 2571 4275; x_wconf 89' lang='lat' dir='ltr'><strong>insaturabili</strong></span> <span class='ocrx_word' id='word_1_843' title='bbox 2598 4236 2780 4274; x_wconf 89' lang='lat' dir='ltr'><strong>amore</strong></span> <span class='ocrx_word' id='word_1_844' title='bbox 2806 4221 3016 4283; x_wconf 90' lang='lat' dir='ltr'><strong>ductus,</strong></span> <span class='ocrx_word' id='word_1_845' title='bbox 3040 4219 3275 4274; x_wconf 81' lang='lat' dir='ltr'><strong>fortunas</strong></span> <span class='ocrx_word' id='word_1_846' title='bbox 3301 4236 3498 4290; x_wconf 88' lang='lat' dir='ltr'><strong>augere</strong></span> 
     </span>
    </p>
   </div>
   <div class='ocr_carea' id='block_1_108' title="bbox 1917 4310 3499 4382">
    <p class='ocr_par' dir='ltr' id='par_1_108' title="bbox 1917 4310 3499 4382">
     <span class='ocr_line' id='line_1_108' title="bbox 1917 4310 3499 4382; baseline 0 -17"><span class='ocrx_word' id='word_1_847' title='bbox 1917 4312 2060 4365; x_wconf 92' lang='lat' dir='ltr'><strong>vult:</strong></span> <span class='ocrx_word' id='word_1_848' title='bbox 2089 4327 2290 4380; x_wconf 86' lang='lat' dir='ltr'><strong>pauper</strong></span> <span class='ocrx_word' id='word_1_849' title='bbox 2313 4320 2489 4365; x_wconf 91' lang='lat' dir='ltr'><strong>autem</strong></span> <span class='ocrx_word' id='word_1_850' title='bbox 2517 4310 2586 4363; x_wconf 90' lang='lat' dir='ltr'><strong>ab</strong></span> <span class='ocrx_word' id='word_1_851' title='bbox 2614 4310 2716 4364; x_wconf 87' lang='lat' dir='ltr'><strong>hoc</strong></span> <span class='ocrx_word' id='word_1_852' title='bbox 2745 4312 2932 4364; x_wconf 87' lang='lat' dir='ltr'><strong>morbo</strong></span> <span class='ocrx_word' id='word_1_853' title='bbox 2967 4311 3122 4374; x_wconf 86' lang='lat' dir='ltr'><strong>liber,</strong></span> <span class='ocrx_word' id='word_1_854' title='bbox 3149 4321 3203 4365; x_wconf 90' lang='lat' dir='ltr'><strong>et</strong></span> <span class='ocrx_word' id='word_1_855' title='bbox 3229 4313 3499 4382; x_wconf 57' lang='lat' dir='ltr'><strong>avgritudi-</strong></span> 
     </span>
    </p>
   </div>
   <div class='ocr_carea' id='block_1_109' title="bbox 1920 4399 3496 4471">
    <p class='ocr_par' dir='ltr' id='par_1_109' title="bbox 1920 4399 3496 4471">
     <span class='ocr_line' id='line_1_109' title="bbox 1920 4399 3496 4471; baseline 0.001 -16"><span class='ocrx_word' id='word_1_856' title='bbox 1920 4403 2002 4456; x_wconf 89' lang='lat' dir='ltr'><strong>nis</strong></span> <span class='ocrx_word' id='word_1_857' title='bbox 2024 4417 2215 4471; x_wconf 81' lang='lat' dir='ltr'><strong>expers</strong></span> <span class='ocrx_word' id='word_1_858' title='bbox 2244 4399 2447 4456; x_wconf 79' lang='lat' dir='ltr'><strong>facilius</strong></span> <span class='ocrx_word' id='word_1_859' title='bbox 2471 4417 2534 4454; x_wconf 85' lang='lat' dir='ltr'><strong>ex</strong></span> <span class='ocrx_word' id='word_1_860' title='bbox 2565 4400 2716 4455; x_wconf 85' lang='lat' dir='ltr'><strong>benis</strong></span> <span class='ocrx_word' id='word_1_861' title='bbox 2754 4400 2864 4454; x_wconf 89' lang='lat' dir='ltr'><strong>suis</strong></span> <span class='ocrx_word' id='word_1_862' title='bbox 2903 4401 3155 4470; x_wconf 85' lang='lat' dir='ltr'><strong>largietur</strong></span> <span class='ocrx_word' id='word_1_863' title='bbox 3179 4419 3190 4455; x_wconf 95' lang='lat'>:</span> <span class='ocrx_word' id='word_1_864' title='bbox 3223 4418 3326 4455; x_wconf 89' lang='lat' dir='ltr'><strong>nun</strong></span> <span class='ocrx_word' id='word_1_865' title='bbox 3355 4406 3496 4457; x_wconf 81' lang='lat' dir='ltr'><strong>enim</strong></span> 
     </span>
    </p>
   </div>
   <div class='ocr_carea' id='block_1_110' title="bbox 1921 4492 3501 4565">
    <p class='ocr_par' dir='ltr' id='par_1_110' title="bbox 1921 4492 3501 4565">
     <span class='ocr_line' id='line_1_110' title="bbox 1921 4492 3501 4565; baseline 0.001 -17"><span class='ocrx_word' id='word_1_866' title='bbox 1921 4511 2015 4565; x_wconf 90' lang='lat' dir='ltr'><strong>pro</strong></span> <span class='ocrx_word' id='word_1_867' title='bbox 2044 4495 2350 4549; x_wconf 82' lang='lat' dir='ltr'><strong>substantiae</strong></span> <span class='ocrx_word' id='word_1_868' title='bbox 2401 4507 2670 4558; x_wconf 87' lang='lat' dir='ltr'><strong>mensura,</strong></span> <span class='ocrx_word' id='word_1_869' title='bbox 2705 4492 2797 4547; x_wconf 87' lang='lat' dir='ltr'><strong>sed</strong></span> <span class='ocrx_word' id='word_1_870' title='bbox 2842 4507 2938 4561; x_wconf 92' lang='lat' dir='ltr'><strong>pro</strong></span> <span class='ocrx_word' id='word_1_871' title='bbox 2983 4492 3143 4546; x_wconf 91' lang='lat' dir='ltr'><strong>animi</strong></span> <span class='ocrx_word' id='word_1_872' title='bbox 3187 4496 3501 4564; x_wconf 90' lang='lat' dir='ltr'><strong>consiliique</strong></span> 
     </span>
    </p>
   </div>
   <div class='ocr_carea' id='block_1_111' title="bbox 1920 4584 3500 4657">
    <p class='ocr_par' dir='ltr' id='par_1_111' title="bbox 1920 4584 3500 4657">
     <span class='ocr_line' id='line_1_111' title="bbox 1920 4584 3500 4657; baseline 0.001 -18"><span class='ocrx_word' id='word_1_873' title='bbox 1920 4600 2190 4649; x_wconf 90' lang='lat' dir='ltr'><strong>mensura,</strong></span> <span class='ocrx_word' id='word_1_874' title='bbox 2221 4584 2358 4639; x_wconf 90' lang='lat' dir='ltr'><strong>solet</strong></span> <span class='ocrx_word' id='word_1_875' title='bbox 2385 4586 2739 4654; x_wconf 73' lang='lat' dir='ltr'><strong>eleeniosynze</strong></span> <span class='ocrx_word' id='word_1_876' title='bbox 2784 4584 2974 4637; x_wconf 90' lang='lat' dir='ltr'><strong>modus</strong></span> <span class='ocrx_word' id='word_1_877' title='bbox 3003 4586 3275 4653; x_wconf 68' lang='lat' dir='ltr'><strong>prinscribi</strong></span> <span class='ocrx_word' id='word_1_878' title='bbox 3296 4603 3309 4639; x_wconf 90' lang='lat'>:</span> <span class='ocrx_word' id='word_1_879' title='bbox 3334 4601 3500 4657; x_wconf 82' lang='lat' dir='ltr'><strong>quan-</strong></span> 
     </span>
    </p>
   </div>
   <div class='ocr_carea' id='block_1_112' title="bbox 1919 4675 3500 4747">
    <p class='ocr_par' dir='ltr' id='par_1_112' title="bbox 1919 4675 3500 4747">
     <span class='ocr_line' id='line_1_112' title="bbox 1919 4675 3500 4747; baseline 0.002 -17"><span class='ocrx_word' id='word_1_880' title='bbox 1919 4677 2202 4747; x_wconf 88' lang='lat' dir='ltr'><strong>doquidem</strong></span> <span class='ocrx_word' id='word_1_881' title='bbox 2229 4684 2284 4730; x_wconf 92' lang='lat' dir='ltr'><strong>et</strong></span> <span class='ocrx_word' id='word_1_882' title='bbox 2310 4675 2395 4728; x_wconf 88' lang='lat' dir='ltr'><strong>illa</strong></span> <span class='ocrx_word' id='word_1_883' title='bbox 2415 4675 2569 4728; x_wconf 89' lang='lat' dir='ltr'><strong>vidua</strong></span> <span class='ocrx_word' id='word_1_884' title='bbox 2603 4684 2711 4728; x_wconf 89' lang='lat' dir='ltr'><strong>tum</strong></span> <span class='ocrx_word' id='word_1_885' title='bbox 2741 4675 2875 4729; x_wconf 89' lang='lat' dir='ltr'><strong>duos</strong></span> <span class='ocrx_word' id='word_1_886' title='bbox 2900 4675 3088 4729; x_wconf 90' lang='lat' dir='ltr'><strong>obolos</strong></span> <span class='ocrx_word' id='word_1_887' title='bbox 3117 4678 3277 4737; x_wconf 89' lang='lat' dir='ltr'><strong>misit,</strong></span> <span class='ocrx_word' id='word_1_888' title='bbox 3303 4688 3356 4732; x_wconf 90' lang='lat' dir='ltr'><strong>et</strong></span> <span class='ocrx_word' id='word_1_889' title='bbox 3385 4681 3500 4733; x_wconf 83' lang='lat' dir='ltr'><strong>illos</strong></span> 
     </span>
    </p>
   </div>
   <div class='ocr_carea' id='block_1_113' title="bbox 1920 4769 3496 4840">
    <p class='ocr_par' dir='ltr' id='par_1_113' title="bbox 1920 4769 3496 4840">
     <span class='ocr_line' id='line_1_113' title="bbox 1920 4769 3496 4840; baseline -0.001 -17"><span class='ocrx_word' id='word_1_890' title='bbox 1920 4771 2006 4840; x_wconf 90' lang='lat' dir='ltr'><strong>qui</strong></span> <span class='ocrx_word' id='word_1_891' title='bbox 2047 4770 2236 4838; x_wconf 89' lang='lat' dir='ltr'><strong>opibus</strong></span> <span class='ocrx_word' id='word_1_892' title='bbox 2260 4769 2698 4824; x_wconf 84' lang='lat' dir='ltr'><strong>circumï¬‚uebant</strong></span> <span class='ocrx_word' id='word_1_893' title='bbox 2726 4769 3015 4838; x_wconf 83' lang='lat' dir='ltr'><strong>superavit.</strong></span> <span class='ocrx_word' id='word_1_894' title='bbox 3057 4779 3113 4823; x_wconf 92' lang='lat' dir='ltr'><strong>et</strong></span> <span class='ocrx_word' id='word_1_895' title='bbox 3149 4771 3312 4822; x_wconf 87' lang='lat' dir='ltr'><strong>altera</strong></span> <span class='ocrx_word' id='word_1_896' title='bbox 3344 4771 3496 4823; x_wconf 80' lang='lat' dir='ltr'><strong>vidua</strong></span> 
     </span>
    </p>
   </div>
   <div class='ocr_carea' id='block_1_114' title="bbox 1917 4859 3500 4931">
    <p class='ocr_par' dir='ltr' id='par_1_114' title="bbox 1917 4859 3500 4931">
     <span class='ocr_line' id='line_1_114' title="bbox 1917 4859 3500 4931; baseline 0 -16"><span class='ocrx_word' id='word_1_897' title='bbox 1917 4879 2038 4916; x_wconf 90' lang='lat' dir='ltr'><strong>cmn</strong></span> <span class='ocrx_word' id='word_1_898' title='bbox 2067 4861 2249 4916; x_wconf 60' lang='lat' dir='ltr'><strong>farina:</strong></span> <span class='ocrx_word' id='word_1_899' title='bbox 2278 4862 2550 4931; x_wconf 87' lang='lat' dir='ltr'><strong>pugillum,</strong></span> <span class='ocrx_word' id='word_1_900' title='bbox 2591 4870 2646 4915; x_wconf 92' lang='lat' dir='ltr'><strong>et</strong></span> <span class='ocrx_word' id='word_1_901' title='bbox 2686 4859 2789 4915; x_wconf 88' lang='lat' dir='ltr'><strong>olei</strong></span> <span class='ocrx_word' id='word_1_902' title='bbox 2823 4860 3088 4928; x_wconf 87' lang='lat' dir='ltr'><strong>paululum</strong></span> <span class='ocrx_word' id='word_1_903' title='bbox 3123 4859 3355 4921; x_wconf 55' lang='lat' dir='ltr'><strong>haberet,</strong></span> <span class='ocrx_word' id='word_1_904' title='bbox 3385 4863 3500 4915; x_wconf 75' lang='lat' dir='ltr'><strong>aniâ€”</strong></span> 
     </span>
    </p>
   </div>
   <div class='ocr_carea' id='block_1_115' title="bbox 1923 4949 3497 5022">
    <p class='ocr_par' dir='ltr' id='par_1_115' title="bbox 1923 4949 3497 5022">
     <span class='ocr_line' id='line_1_115' title="bbox 1923 4949 3497 5022; baseline -0.002 -14"><span class='ocrx_word' id='word_1_905' title='bbox 1923 4971 2062 5009; x_wconf 91' lang='lat' dir='ltr'><strong>mam</strong></span> <span class='ocrx_word' id='word_1_906' title='bbox 2093 4955 2236 5009; x_wconf 87' lang='lat' dir='ltr'><strong>illam</strong></span> <span class='ocrx_word' id='word_1_907' title='bbox 2276 4955 2342 5008; x_wconf 91' lang='lat' dir='ltr'><strong>ad</strong></span> <span class='ocrx_word' id='word_1_908' title='bbox 2366 4955 2552 5008; x_wconf 84' lang='lat' dir='ltr'><strong>caelum</strong></span> <span class='ocrx_word' id='word_1_909' title='bbox 2585 4953 2970 5022; x_wconf 82' lang='lat' dir='ltr'><strong>pertingentem</strong></span> <span class='ocrx_word' id='word_1_910' title='bbox 2998 4949 3231 5019; x_wconf 87' lang='lat' dir='ltr'><strong>hospitio</strong></span> <span class='ocrx_word' id='word_1_911' title='bbox 3267 4953 3497 5022; x_wconf 71' lang='lat' dir='ltr'><strong>excepit,</strong></span> 
     </span>
    </p>
   </div>
   <div class='ocr_carea' id='block_1_116' title="bbox 1921 5040 3498 5114">
    <p class='ocr_par' dir='ltr' id='par_1_116' title="bbox 1921 5040 3498 5114">
     <span class='ocr_line' id='line_1_116' title="bbox 1921 5040 3498 5114; baseline -0.004 -13"><span class='ocrx_word' id='word_1_912' title='bbox 1921 5056 1976 5101; x_wconf 88' lang='lat' dir='ltr'><strong>et</strong></span> <span class='ocrx_word' id='word_1_913' title='bbox 1997 5047 2168 5101; x_wconf 85' lang='lat' dir='ltr'><strong>neutri</strong></span> <span class='ocrx_word' id='word_1_914' title='bbox 2190 5048 2407 5099; x_wconf 85' lang='lat' dir='ltr'><strong>istarum</strong></span> <span class='ocrx_word' id='word_1_915' title='bbox 2434 5041 3038 5114; x_wconf 89' lang='lat' dir='ltr'><strong>egestasimpcdimento</strong></span> <span class='ocrx_word' id='word_1_916' title='bbox 3064 5040 3160 5095; x_wconf 83' lang='lat' dir='ltr'><strong>fuit</strong></span> <span class='ocrx_word' id='word_1_917' title='bbox 3190 5040 3378 5110; x_wconf 80' lang='lat' dir='ltr'><strong>(Marc.</strong></span> <span class='ocrx_word' id='word_1_918' title='bbox 3411 5043 3498 5096; x_wconf 68' lang='lat'><strong>12.</strong></span> 
     </span>
    </p>
   </div>
   <div class='ocr_carea' id='block_1_117' title="bbox 1921 5133 3502 5208">
    <p class='ocr_par' dir='ltr' id='par_1_117' title="bbox 1921 5133 3502 5208">
     <span class='ocr_line' id='line_1_117' title="bbox 1921 5133 3502 5208; baseline -0.003 -15"><span class='ocrx_word' id='word_1_919' title='bbox 1921 5141 2035 5208; x_wconf 67' lang='lat'><strong>4â€˜2).</strong></span> <span class='ocrx_word' id='word_1_920' title='bbox 2067 5137 2185 5192; x_wconf 84' lang='lat' dir='ltr'><strong>Noli</strong></span> <span class='ocrx_word' id='word_1_921' title='bbox 2213 5137 2392 5206; x_wconf 90' lang='lat' dir='ltr'><strong>utique</strong></span> <span class='ocrx_word' id='word_1_922' title='bbox 2411 5134 2705 5205; x_wconf 78' lang='lat' dir='ltr'><strong>superfluas</strong></span> <span class='ocrx_word' id='word_1_923' title='bbox 2724 5142 2777 5189; x_wconf 89' lang='lat' dir='ltr'><strong>et</strong></span> <span class='ocrx_word' id='word_1_924' title='bbox 2803 5133 3013 5188; x_wconf 83' lang='lat' dir='ltr'><strong>inutiles</strong></span> <span class='ocrx_word' id='word_1_925' title='bbox 3037 5135 3406 5189; x_wconf 83' lang='lat' dir='ltr'><strong>excusationes</strong></span> <span class='ocrx_word' id='word_1_926' title='bbox 3423 5139 3502 5189; x_wconf 78' lang='lat' dir='ltr'><strong>al-</strong></span> 
     </span>
    </p>
   </div>
   <div class='ocr_carea' id='block_1_118' title="bbox 1921 5225 3502 5290">
    <p class='ocr_par' dir='ltr' id='par_1_118' title="bbox 1921 5225 3502 5290">
     <span class='ocr_line' id='line_1_118' title="bbox 1921 5225 3502 5290; baseline -0.001 -8"><span class='ocrx_word' id='word_1_927' title='bbox 1921 5227 2094 5284; x_wconf 81' lang='lat' dir='ltr'><strong>lâ€˜erre:</strong></span> <span class='ocrx_word' id='word_1_928' title='bbox 2121 5244 2225 5282; x_wconf 92' lang='lat' dir='ltr'><strong>non</strong></span> <span class='ocrx_word' id='word_1_929' title='bbox 2256 5227 2394 5280; x_wconf 93' lang='lat' dir='ltr'><strong>enim</strong></span> <span class='ocrx_word' id='word_1_930' title='bbox 2420 5225 2717 5280; x_wconf 71' lang='lat' dir='ltr'><strong>collationis</strong></span> <span class='ocrx_word' id='word_1_931' title='bbox 2744 5225 3140 5290; x_wconf 89' lang='lat' dir='ltr'><strong>abundantiam,</strong></span> <span class='ocrx_word' id='word_1_932' title='bbox 3172 5225 3264 5279; x_wconf 90' lang='lat' dir='ltr'><strong>sed</strong></span> <span class='ocrx_word' id='word_1_933' title='bbox 3292 5225 3502 5280; x_wconf 83' lang='lat' dir='ltr'><strong>divitias</strong></span> 
     </span>
    </p>
   </div>
   <div class='ocr_carea' id='block_1_119' title="bbox 1921 5316 3500 5386">
    <p class='ocr_par' dir='ltr' id='par_1_119' title="bbox 1921 5316 3500 5386">
     <span class='ocr_line' id='line_1_119' title="bbox 1921 5316 3500 5386; baseline -0.002 -12"><span class='ocrx_word' id='word_1_934' title='bbox 1921 5319 2206 5374; x_wconf 77' lang='lat' dir='ltr'><strong>voluntatis</strong></span> <span class='ocrx_word' id='word_1_935' title='bbox 2237 5316 2493 5386; x_wconf 89' lang='lat' dir='ltr'><strong>requirit;</strong></span> <span class='ocrx_word' id='word_1_936' title='bbox 2519 5331 2622 5369; x_wconf 93' lang='lat' dir='ltr'><strong>non</strong></span> <span class='ocrx_word' id='word_1_937' title='bbox 2649 5331 2710 5369; x_wconf 81' lang='lat' dir='ltr'><strong>ex</strong></span> <span class='ocrx_word' id='word_1_938' title='bbox 2739 5330 2922 5370; x_wconf 90' lang='lat' dir='ltr'><strong>eorum</strong></span> <span class='ocrx_word' id='word_1_939' title='bbox 2946 5329 3190 5368; x_wconf 87' lang='lat' dir='ltr'><strong>mensura</strong></span> <span class='ocrx_word' id='word_1_940' title='bbox 3218 5331 3336 5386; x_wconf 71' lang='lat' dir='ltr'><strong>quae</strong></span> <span class='ocrx_word' id='word_1_941' title='bbox 3364 5317 3500 5371; x_wconf 84' lang='lat' dir='ltr'><strong>dan-</strong></span> 
     </span>
    </p>
   </div>
   <div class='ocr_carea' id='block_1_120' title="bbox 1923 5405 3501 5476">
    <p class='ocr_par' dir='ltr' id='par_1_120' title="bbox 1923 5405 3501 5476">
     <span class='ocr_line' id='line_1_120' title="bbox 1923 5405 3501 5476; baseline -0.003 -10"><span class='ocrx_word' id='word_1_942' title='bbox 1923 5421 2025 5475; x_wconf 89' lang='lat' dir='ltr'><strong>tur,</strong></span> <span class='ocrx_word' id='word_1_943' title='bbox 2069 5408 2163 5463; x_wconf 87' lang='lat' dir='ltr'><strong>sed</strong></span> <span class='ocrx_word' id='word_1_944' title='bbox 2197 5423 2262 5463; x_wconf 83' lang='lat' dir='ltr'><strong>ex</strong></span> <span class='ocrx_word' id='word_1_945' title='bbox 2291 5422 2474 5462; x_wconf 88' lang='lat' dir='ltr'><strong>eorum</strong></span> <span class='ocrx_word' id='word_1_946' title='bbox 2503 5406 2777 5476; x_wconf 85' lang='lat' dir='ltr'><strong>proposito</strong></span> <span class='ocrx_word' id='word_1_947' title='bbox 2805 5405 2895 5475; x_wconf 90' lang='lat' dir='ltr'><strong>qui</strong></span> <span class='ocrx_word' id='word_1_948' title='bbox 2927 5405 3238 5474; x_wconf 74' lang='lat' dir='ltr'><strong>largiuntur,</strong></span> <span class='ocrx_word' id='word_1_949' title='bbox 3265 5406 3501 5462; x_wconf 83' lang='lat' dir='ltr'><strong>cleemo-</strong></span> 
     </span>
    </p>
   </div>
   <div class='ocr_carea' id='block_1_121' title="bbox 1986 5537 2688 5609">
    <p class='ocr_par' dir='ltr' id='par_1_121' title="bbox 1986 5537 2688 5609">
     <span class='ocr_line' id='line_1_121' title="bbox 1986 5537 2688 5609; baseline -0.013 -16"><span class='ocrx_word' id='word_1_950' title='bbox 1986 5547 2003 5578; x_wconf 77' lang='grc' dir='ltr'><strong>Î¹</strong></span> <span class='ocrx_word' id='word_1_951' title='bbox 2039 5543 2143 5602; x_wconf 78' lang='lat' dir='ltr'><strong>Alii,</strong></span> <span class='ocrx_word' id='word_1_952' title='bbox 2166 5537 2354 5603; x_wconf 82' lang='lat' dir='ltr'><strong>generis</strong></span> <span class='ocrx_word' id='word_1_953' title='bbox 2371 5537 2540 5609; x_wconf 74' lang='lat' dir='ltr'><strong>nostri.</strong></span> <span class='ocrx_word' id='word_1_954' title='bbox 2679 5598 2688 5609; x_wconf 83' lang='lat'>_</span> 
     </span>
    </p>
   </div>
   <div class='ocr_carea' id='block_1_122' title="bbox 1984 5603 2727 5668">
    <p class='ocr_par' dir='ltr' id='par_1_122' title="bbox 1984 5603 2727 5668">
     <span class='ocr_line' id='line_1_122' title="bbox 1984 5603 2727 5668; baseline -0.007 -13"><span class='ocrx_word' id='word_1_955' title='bbox 1984 5609 2004 5639; x_wconf 73' lang='grc' dir='ltr'>á½·</span> <span class='ocrx_word' id='word_1_956' title='bbox 2038 5615 2155 5655; x_wconf 77' lang='grc' dir='ltr'><strong>á¼°Ï„Ï…Îµ</strong></span> <span class='ocrx_word' id='word_1_957' title='bbox 2176 5603 2500 5668; x_wconf 84' lang='lat' dir='ltr'><strong>manuscripti,</strong></span> <span class='ocrx_word' id='word_1_958' title='bbox 2523 5603 2727 5662; x_wconf 80' lang='lat' dir='ltr'><strong>paravit.</strong></span> 
     </span>
    </p>
   </div>
  </div>
