3980 6184
509 126 606 182 ’171

511 252 644 307 syna
669 236 803 293 solet
828 233 1087 289 exhiberi.
1118 234 1322 303 Pauper
1341 248 1420 299 es,
1449 240 1501 288 et
1526 232 1763 287 omnium
1789 230 2093 287 mortalium

516 328 902 400 pauperrimus,
934 333 990 379 at
1015 325 1098 379 illa
1128 324 1283 378 vidua
1315 338 1421 378 non
1455 325 1728 393 egentior:
1757 338 1877 393 qua:
1905 323 2095 377 divites

510 422 671 491 longo
692 417 975 474 intervallo
1000 417 1298 484 superavit;
1317 414 1412 469 sed
1429 415 1541 484 ipsa
1568 414 1658 470 tibi
1681 413 1979 471 necessaria
1998 413 2096 468 de—

512 520 636 566 sunt
660 510 944 565 alimenta?
972 510 1042 561 At
1066 505 1297 578 Sydonia
1320 506 1544 561 muliere
1570 507 1853 576 pauperior
1873 520 1979 561 non
2010 520 2091 570 es,

513 618 631 672 qua:
674 617 793 657 cum
840 601 905 655 ad
951 600 1121 671 ipsum
1167 599 1325 656 famis
1369 600 1587 655 fundum
1617 600 1941 665 devenisset,
1973 613 2096 656 cum

512 692 763 763 deinceps
793 704 1018 748 mortem
1042 700 1396 762 exspectaret,
1427 709 1651 763 eamque
1681 693 1831 748 turba
1867 693 2095 748 circum-

510 785 724 840 sisteret
753 784 1003 850 filiorum,
1032 801 1099 839 ne
1137 788 1214 839 sic
1249 784 1462 855 quidem
1494 784 1830 855 facultatibus
1858 785 1969 840 suis
1999 799 2096 855 pe—

510 877 700 947 percit,
732 876 823 931 sed
854 892 947 946 per
981 891 1241 932 Summam
1289 877 1430 932 illam
1475 888 1766 948 egestatem
1809 879 2098 933 immensas

510 968 721 1023 divitias
748 968 1095 1037 comparavit,
1126 978 1178 1023 et
1205 984 1417 1023 manum
1446 984 1600 1023 suam
1620 984 1820 1034 aream,
1854 968 2096 1039 hydriam

509 1073 639 1114 vero
660 1059 893 1113 torcular
917 1058 1166 1126 reddidit,
1191 1071 1348 1129 atque
1378 1069 1435 1115 ut
1462 1076 1526 1116 ex
1555 1061 1739 1131 paucis
1779 1061 1944 1116 multa
1978 1076 2099 1115 sca-

509 1148 945 1204 turirenteﬂ'ccit.
974 1149 1079 1204 Sed
1109 1151 1174 1203 ad
1205 1151 1535 1220 propositum
1563 1151 1865 1219 redeamus,
1889 1167 1956 1206 ne
1971 1166 2100 1207 con-

508 1240 688 1294 tinuas
718 1235 1075 1310 digressiones
1109 1238 1508 1296 interseramus.
1536 1240 1665 1296 Cum
1689 1239 1868 1312 itaque
1905 1252 2098 1297 ventu-

510 1343 603 1385 rus
640 1345 867 1402 sponsus
895 1341 1055 1399 esset,
1085 1333 1160 1386 sic
1189 1333 1327 1387 inter
1356 1348 1415 1388 se
1458 1334 1690 1404 virgines
1717 1335 2100 1405 colloqueban-

514 1430 634 1476 tur:
661 1431 716 1476 at
741 1421 844 1476 illa:
868 1421 933 1476 ad
963 1423 1258 1478 vendentes
1286 1439 1377 1479 eas
1399 1424 1698 1491 mittebant,
1727 1425 1819 1479 sed
1833 1440 1944 1495 jam
1963 1434 2101 1479 tem-

510 1528 614 1583 pus
656 1529 762 1568 non
795 1523 909 1570 erat
937 1515 1165 1583 amplius
1192 1515 1369 1570 oleum
1404 1516 1648 1572 emendi:
1674 1527 1820 1572 recte
1848 1517 2100 1588 quidem;

515 1625 638 1664 nam
666 1611 756 1682 qui
782 1611 1019 1666 vendunt
1044 1612 1097 1665 in
1128 1612 1378 1680 praesenti
1416 1612 1523 1667 vita
1562 1621 1687 1666 sunt
1716 1619 1952 1679 tantum;
1984 1622 2105 1682 post

513 1699 807 1756 discessum
848 1711 1023 1756 autem
1072 1717 1139 1757 ex
1186 1702 1297 1770 illa,
1346 1718 1473 1759 cum
1529 1705 1805 1759 dimissum
1839 1704 2102 1760 theatrum

514 1789 693 1856 fuerit,
722 1806 828 1845 non
855 1791 979 1846 licet
1006 1792 1233 1862 amplius
1280 1793 1725 1849 medicamentum
1773 1796 1908 1850 actis
1944 1796 2104 1851 rebus

514 1881 772 1952 reperire,
796 1897 971 1952 neque
997 1883 1205 1938 veniam
1229 1893 1388 1954 atque
1413 1886 1836 1951 excusationem,
1858 1885 1954 1941 sed
1980 1902 2107 1955 sup-

517 1969 678 2039 plicio
697 1969 836 2025 afﬁci
862 1970 1114 2042 deinceps
1134 1988 1355 2029 necesse
1381 1984 1483 2042 est,
1506 1974 1645 2045 quod
1674 1984 1729 2030 et
1750 1984 1874 2030 tunc
1904 1984 2107 2045 tempo-

517 2062 593 2116 ris
618 2062 828 2117 accidit.
862 2063 1147 2134 Postquam
1196 2065 1338 2120 enim
1369 2080 1598 2136 sponsus
1620 2066 1856 2133 advenit,
1893 2068 1978 2121 ha:
1994 2067 2106 2137 qui-

518 2151 638 2206 dem
667 2151 920 2223 ingressa:
943 2163 1085 2219 sunt,
1106 2170 1225 2224 quae
1239 2155 1513 2226 lampades
1535 2171 1788 2212 accensas
1806 2155 2107 2228 habebant;

516 2250 572 2295 at
598 2242 700 2297 illa:
724 2257 848 2298 cum
896 2243 1118 2311 tardius,
1150 2261 1308 2316 quam
1340 2254 1399 2301 nt
1422 2246 1630 2317 ingredi
1658 2257 1890 2316 possent,
1939 2247 2105 2304 adve-

519 2333 742 2401 nissent,
772 2336 989 2392 thalami
1017 2335 1161 2393 fores
1202 2339 1498 2408 pulsarunt,
1544 2349 1599 2395 et
1643 2342 1933 2396 terribilem
1959 2342 2104 2396 illam

518 2441 702 2481 vocem
721 2428 1021 2493 audierunt,
1041 2429 1316 2497 Discedite,
1345 2431 1513 2485 nescio
1536 2448 1624 2486 vos
1644 2431 1855 2503 (Matth.
1876 2432 1969 2489 25.
1991 2432 2103 2504 12).

521 2518 684 2574 Vides
705 2520 851 2574 illum
877 2536 1062 2576 rursus
1090 2536 1210 2577 cum
1238 2522 1443 2578 honore
1481 2522 1719 2589 afficere,
1751 2533 1861 2579 tum
1893 2540 2106 2595 pinnam

523 2612 749 2677 inferre;
781 2627 903 2666 eum
928 2628 1207 2679 coronare,
1251 2624 1359 2670 tum
1386 2617 1606 2685 punire;
1653 2633 1773 2672 cum
1804 2618 2106 2683 admittere,

523 2708 635 2754 tum
661 2701 928 2771 ablegare,
954 2712 1114 2773 atque
1137 2704 1413 2775 utriusque
1430 2707 1594 2776 partis
1605 2706 1787 2777 judicii
1804 2721 2106 2779 compotem

523 2793 679 2847 esse?
708 2792 821 2848 Hoc
847 2804 903 2849 et
930 2795 984 2849 in
1015 2796 1190 2862 vinea,
1223 2796 1325 2852 hoc
1356 2806 1411 2852 et
1443 2798 1498 2852 in
1535 2800 1767 2870 quinque
1797 2817 1863 2856 ac
1904 2802 2110 2858 duobus

524 2883 756 2950 talentis,
781 2894 835 2947 et
866 2902 974 2941 uno
999 2889 1144 2942 cerni
1174 2896 1383 2958 potest:
1404 2904 1529 2944 nam
1557 2890 1677 2946 illos
1706 2891 1918 2962 quidem
1947 2907 2109 2951 exce-

529 2974 621 3042 pit,
645 2984 699 3030 et
719 2975 784 3030 ad
814 2976 1014 3049 majora
1042 2968 1352 3047 introduxit,
1376 2978 1517 3038 hunc
1537 2991 1713 3038 autem
1740 2984 1972 3039 vinctum
1995 2999 2110 3055 pro-

520 3067 611 3137 jici
640 3069 693 3123 in
724 3070 1015 3126 exteriores
1041 3071 1287 3127 tenebras
1311 3073 1611 3142 imperavit.

595 3161 647 3214 5.
668 3159 773 3216 Sed
799 3162 918 3232 quis
946 3178 1132 3217 eorum
1156 3165 1386 3219 multus‘
1404 3174 1487 3220 est
1510 3181 1708 3229 sermo,
1732 3168 1813 3222 vel
1833 3169 2008 3238 potius
2021 3169 2109 3238 qui

527 3250 745 3305 multam
772 3252 1094 3307 dementiam
1141 3253 1378 3310 redolet?
1405 3255 1578 3311 liabet
1604 3257 1691 3311 ille
1735 3258 1947 3328 quidem
1989 3274 2109 3314 cum

529 3343 804 3413 puniendi,
837 3354 947 3398 tum
977 3347 1266 3401 coronandi
1305 3356 1644 3416 potestatem,
1689 3363 1811 3403 cum
1848 3350 2110 3406 afficiendi

529 3433 810 3504 supplicio,
836 3442 946 3488 tum
975 3436 1190 3505 praemia
1218 3436 1547 3500 conferendi,
1577 3438 1669 3493 sed
1698 3453 2001 3509 supremam
2021 3455 2111 3496 se-

528 3526 610 3582 dis
629 3526 1054 3597 prterogativam,
1078 3528 1266 3599 inquit,
1288 3536 1343 3584 et
1361 3529 1675 3585 altissimum
1700 3532 1952 3588 honorem
1973 3532 2114 3590 hunc

528 3616 658 3672 dare
680 3633 836 3671 suum
864 3633 969 3672 non
995 3633 1115 3674 esse
1138 3619 1290 3674 dixit.
1315 3619 1495 3690 Itaque
1523 3623 1568 3677 si
1599 3622 1731 3677 nihil
1761 3623 1878 3694 ejus
1906 3624 2112 3680 calculo

528 3708 857 3764 subtractum
899 3725 1018 3766 esse
1056 3713 1390 3781 cognoveris,
1419 3729 1545 3767 num
1588 3714 1783 3770 ahdtac
1813 3718 2112 3786 importuna

528 3802 866 3856 contentione
882 3801 1144 3857 desistes?
1159 3802 1296 3857 Audi
1312 3818 1439 3874 ergo
1461 3821 1644 3860 rursus
1663 3821 1784 3861 eum
1809 3807 2074 3863 dicentem
2095 3825 2109 3861 :

529 3892 686 3947 Pater
711 3910 811 3947 non
831 3893 1032 3963 judicat
1058 3909 1375 3964 quemquam,
1425 3897 1515 3951 sed
1561 3914 1708 3952 omne
1724 3898 1978 3968 judicium
2018 3899 2112 3953 de-

530 3987 605 4041 dit
629 3985 768 4041 Filio
791 3985 965 4057 (Joan.
997 3987 1051 4043 5.
1081 3987 1195 4060 22).
1226 3988 1283 4044 Si
1308 4003 1434 4059 ergo
1455 3989 1711 4059 judicium
1742 3990 1902 4045 habet
1924 4006 2106 4058 onme,

531 4076 664 4133 nihil
692 4078 809 4149 ejus
833 4078 1038 4133 calculo
1063 4079 1445 4150 sententiasque
1474 4081 1801 4136 subtractum
1838 4092 1956 4137 est:
1986 4097 2112 4137 nam

531 4171 621 4240 qui
646 4170 901 4241 judicium
943 4170 1104 4227 habet
1132 4186 1323 4237 omne,
1370 4182 1687 4242 potestatem
1727 4174 1884 4231 habet
1923 4190 2112 4231 omnes

529 4277 653 4317 cum
681 4263 956 4333 puniendi,
981 4272 1088 4319 tum
1106 4265 1419 4321 coronandi.
1452 4266 1585 4322 Illud
1604 4276 1802 4333 autem,
1824 4268 1981 4336 dedit,
2007 4269 2109 4325 hoc

530 4353 647 4410 loco
667 4370 736 4409 ne
752 4353 1025 4409 hominum
1043 4370 1192 4411 more
1211 4356 1731 4427 accipias,carissime
1750 4375 1764 4410 :
1784 4374 1954 4428 neque
1968 4361 2110 4415 enim

534 4457 639 4498 non
658 4441 871 4498 habenti
893 4444 1057 4508 dedit,
1087 4461 1185 4499 nec
1210 4447 1574 4516 imperfectum
1600 4450 1805 4517 genuit,
1832 4465 2004 4520 neque
2022 4467 2115 4520 po-

533 4532 726 4587 sterius
746 4533 820 4586 illi
850 4533 1099 4588 adnatum
1123 4544 1238 4590 est:
1270 4537 1364 4592 sed
1386 4538 1531 4605 illud,
1555 4540 1711 4607 dedit,
1736 4540 1838 4596 hoc
1854 4543 1952 4597 sibi
1978 4543 2108 4610 vult,

532 4623 690 4678 talem
720 4622 868 4677 illum
898 4624 1112 4693 genuit,
1162 4625 1486 4695 perfectum,
1533 4629 1832 4684 absolutum
1867 4650 1880 4684 :
1925 4648 2109 4687 verum

533 4715 634 4769 hac
655 4730 782 4770 usus
801 4724 885 4770 est
910 4714 1162 4782 dictione,
1194 4732 1261 4771 ne
1281 4717 1412 4772 duos
1436 4721 1643 4787 genitos
1658 4721 1932 4777 arbitreris
1951 4723 2107 4790 Deos,

533 4805 625 4860 sed
658 4814 718 4859 ut
739 4806 971 4861 radicem
994 4815 1049 4861 et
1069 4804 1299 4862 fructum
1326 4809 1554 4873 noveris,
1588 4825 1694 4865 non
1724 4818 1781 4865 ut
1808 4811 1909 4866 hoc
1932 4813 2010 4866 illi
2029 4828 2115 4882 po-

533 4897 727 4952 sterius
754 4896 1005 4951 adnatum
1032 4912 1153 4953 esse
1178 4897 1475 4954 arbitreris.
1502 4898 1633 4953 Nam
1662 4908 1714 4955 et
1750 4901 2109 4973 interrogatus

530 4988 677 5053 alibi,
707 4987 845 5058 Ergo
873 5005 964 5043 rea:
987 5005 1038 5042 es
1069 5001 1123 5043 tu
1147 4988 1324 5061 (Joan.
1357 4990 1443 5046 18.
1469 4989 1601 5063 56)?
1640 5006 1745 5047 non
1785 5008 1845 5047 se
1886 5008 2108 5064 regnum

533 5081 804 5150 accepisse
831 5080 982 5146 dixit,
1013 5098 1117 5137 non
1148 5082 1250 5137 sibi
1278 5098 1497 5154 regnum
1530 5087 1790 5153 posterius
1828 5100 1947 5142 esse
1980 5087 2113 5144 dixit

532 5173 868 5241 attributum,
891 5174 1007 5243 sed,
1037 5174 1149 5245 Ego
1172 5175 1226 5229 in
1254 5176 1348 5230 hoc
1372 5185 1518 5230 natus
1545 5193 1677 5232 sum.
1704 5176 1759 5232 Si
1781 5193 1872 5232 rex
1898 5178 2113 5234 absolu«

532 5273 619 5322 tus
646 5275 730 5322 est
768 5275 946 5333 natus,
991 5268 1209 5323 omnino
1245 5280 1299 5323 et
1333 5268 1564 5339 iudicem
1604 5285 1665 5325 ac
1703 5272 2112 5341 disceptatorem

533 5356 682 5412 illum
709 5373 830 5414 esse
856 5359 1053 5429 liquet:
1083 5360 1221 5429 regis
1242 5360 1388 5414 enim
1417 5370 1500 5416 est
1533 5362 1761 5419 maxime
1782 5363 2021 5432 judicare
2049 5379 2115 5420 ac

532 5446 852 5519 disceptare,
907 5451 1139 5507 honores
1184 5450 1428 5517 deferre,
1476 5461 1531 5507 et
1568 5454 1827 5523 supplicio
1873 5450 2108 5513 abicere.

597 5560 613 5592 ⁸
649 5570 855 5619 Quatuor
879 5570 1005 5627 Mss,
1029 5578 1188 5630 asper,
1212 5578 1319 5630 pro,
1341 5569 1555 5629 multus;
1576 5580 1671 5618 nec
1690 5571 1835 5620 male.

1219 121 1275 177 8.
1316 118 1595 177 JOANNIS
1632 117 2101 175 CllRYSOSTOMl
2140 118 2464 176 ARClllEP.
2501 117 3038 177 CONSTAN‘I'INOP.
3620 132 3705 187 ’ἒῗῖ
3780 202 3783 205 _

2205 230 2436 287 Aliunde
2460 245 2674 302 quoque
2699 234 2895 302 poterit
2919 234 3059 289 istud
3082 233 3310 306 intelligi.
3335 252 3564 309 supernos
3576 246 3705 301 etiam

2205 321 2438 377 honores
2462 322 2698 379 tribuere
2722 324 2777 378 in
2809 325 2976 393 ipsius
3007 333 3261 395 potestate
3288 329 3434 384 situm
3456 346 3576 388 esse.
3601 336 3707 390 Cum

2203 414 2345 468 enim
2367 424 2683 470 cunctorum
2723 415 2999 470 hominum
3030 417 3281 487 optimum
3310 420 3358 474 in
3386 423 3588 478 medium
3609 442 3707 495 pro-

2203 502 2533 571 duxerimus,
2566 512 2620 560 et
2650 505 2790 561 hunc
2816 507 2885 561 ab
2905 521 2971 561 eo
2997 506 3166 563 fuisse
3179 520 3473 565 coronatum
3505 516 3710 572 ostende-

2204 595 2394 662 rimus,
2418 596 2539 665 quis
2563 597 2892 651 excusationi
2936 607 3129 652 vestra:
3172 597 3412 670 deinceps
3434 601 3564 658 locus
3581 606 3710 660 relin-

2203 686 2428 756 quetur?
2456 687 2585 755 Quis
2604 687 2762 758 igitur
2785 696 2868 744 est
2887 688 2976 743 ille
3004 688 3215 744 tandem
3243 692 3462 747 omnium
3490 692 3710 752 hominum

2204 777 2473 847 Optimus?

2277 868 2436 924 Pauli
2463 870 2695 941 Apostoli
2721 873 3019 927 encomium.
3034 900 3108 912 —
3125 871 3253 938 Quis
3278 888 3458 944 nempe
3481 876 3614 939 alius,
3636 879 3712 934 nisi

2205 959 2387 1030 opifex
2405 962 2494 1017 ille
2511 962 2994 1030 tabernaculorum,
3017 963 3205 1018 doctor
3221 964 3361 1020 orbis
3386 975 3629 1034 terrarum,
3647 975 3714 1037 qui

2205 1068 2355 1109 mare
2385 1061 2652 1123 tamquam
2679 1053 2852 1110 alatus
2881 1054 3162 1123 percurrit,
3186 1070 3279 1111 vas
3305 1056 3574 1122 electionis,
3592 1058 3715 1115 Chri-

2205 1146 2274 1201 sti
2301 1146 2604 1215 nuptiarum
2630 1161 2853 1216 auspex,
2879 1147 3137 1203 Ecclesiae
3162 1148 3419 1217 fundator,
3445 1152 3627 1220 sapiens
3651 1156 3717 1208 ar:

2204 1235 2486 1300 chitectus,
2538 1252 2736 1306 praeco,
2784 1252 2994 1305 cursor,
3042 1238 3263 1307 athleta,
3318 1242 3483 1309 miles,
3511 1245 3717 1313 paltestra:

2206 1325 2477 1396 magister,
2519 1331 2609 1396 qui
2636 1326 2832 1397 ubique
2864 1336 3130 1384 terrarum
3158 1341 3488 1399 monumenta
3519 1349 3612 1389 sua:
3636 1351 3717 1389 vir-

2208 1419 2335 1473 tutis
2359 1417 2594 1488 reliquit,
2621 1419 2712 1489 qui
2741 1420 2952 1474 tertium
2981 1420 3033 1474 in
3063 1422 3253 1477 caelum
3286 1433 3406 1478 ante
3431 1428 3720 1481 resurrectio.

2209 1525 2333 1564 nem
2375 1518 2559 1579 raptus
2589 1518 2692 1581 est,
2721 1510 2809 1580 qui
2837 1510 2891 1565 in
2920 1510 3220 1580 paradisum
3251 1513 3497 1580 sublatus,
3532 1516 3608 1585 qui
3630 1533 3720 1586 my-

2208 1605 2490 1661 steriorum
2523 1604 2870 1659 ineffabilium
2901 1606 3166 1677 particeps
3191 1621 3220 1659 a
3253 1606 3360 1661 Deo
3384 1607 3555 1673 factus,
3579 1610 3724 1677 quita-

2210 1695 2276 1750 lia
2299 1695 2500 1751 audivit
2527 1706 2581 1751 et
2609 1696 2858 1765 loquutus
2877 1706 2980 1761 est,
3007 1712 3129 1767 qua:
3150 1705 3349 1752 natura:
3370 1698 3503 1768 loqui
3526 1714 3613 1754 non
3631 1702 3724 1755 licet

2209 1788 2478 1855 humanae,
2510 1789 2600 1858 qui
2625 1789 2850 1858 gratiam
2878 1789 3236 1857 cepiosiorem
3266 1790 3499 1854 obtinuit,
3525 1802 3573 1847 et
3591 1792 3725 1860 majo-

2208 1896 2320 1934 rem
2351 1878 2589 1934 laborcm
2620 1879 2894 1934 exhibuit?
2919 1879 3045 1934 Plus
3087 1889 3267 1935 autem
3309 1897 3458 1950 quam
3500 1897 3658 1937 omnes
3679 1897 3725 1935 s-

2209 1970 2501 2034 laborasse,
2559 1970 2733 2040 ipsum
2784 1971 3050 2026 dicentem
3100 1972 3266 2026 audi:
3306 1974 3623 2028 Abundantius
3652 1974 3727 2028 illis

2209 2062 2439 2117 omnibus
2463 2062 2686 2117 laboravi
2716 2061 2791 2135 (1.
2832 2061 2950 2118 Cor.
2994 2064 3081 2119 15.
3131 2062 3224 2133 10)
3247 2081 3263 2120 :
3285 2065 3420 2134 quod
3444 2067 3484 2119 si
3509 2065 3728 2120 abundan-

2211 2154 2337 2219 tius,
2388 2168 2546 2223 quam
2593 2169 2802 2218 omnes,
2850 2154 3061 2209 labores
3111 2156 3381 2220 sustinuit,
3433 2156 3728 2210 abundantius

2209 2247 2371 2301 etiam
2397 2247 2757 2302 coronabitur.
2789 2246 3144 2319 Unusquisque
3171 2249 3302 2302 enim
3329 2250 3565 2319 prapriam
3585 2265 3729 2302 merce-

2209 2338 2323 2393 dem
2371 2339 2580 2408 accipiet
2603 2338 2878 2393 secundum
2924 2340 3190 2409 proprium
3212 2326 3440 2394 laborem
3467 2341 3566 2414 (Id.
3596 2341 3639 2396 3.
3670 2341 3731 2407 8).

2211 2428 2269 2483 Si
2297 2444 2427 2499 ergo
2453 2430 2709 2498 majorem
2733 2445 2890 2500 quam
2921 2431 3163 2500 Apostoli
3193 2446 3439 2487 coronam
3466 2431 3731 2501 accipique.

2212 2536 2301 2575 mo
2330 2535 2491 2590 porro
2517 2521 2688 2590 potuit
2711 2520 2994 2591 Apostolus
3023 2537 3263 2592 aequare,
3290 2523 3474 2593 quibus
3498 2522 3574 2576 hic
3594 2531 3731 2576 tamen

2211 2613 2384 2684 major
2412 2612 2565 2684 fuit):
2594 2613 2736 2669 haud
2764 2613 2982 2669 dubium
3020 2615 3150 2685 quin
3177 2630 3476 2685 supremum
3504 2615 3631 2669 illum
3655 2613 3732 2665 ho-

2212 2720 2400 2760 norem
2426 2716 2481 2760 et
2504 2705 2648 2761 sedis
2669 2707 3068 2776 pratrogativam
3091 2706 3167 2761 sit
3194 2715 3624 2777 consequuturus:
3644 2702 3735 2773 quis

2214 2798 2363 2853 illum
2390 2799 2549 2869 igitur
2573 2799 2884 2854 coronabit?
2909 2798 3085 2869 Ipsum
3111 2799 3379 2855 dicentem
3408 2799 3520 2854 audi
3545 2797 3735 2852 :Bomm

2213 2900 2465 2945 certamen
2485 2891 2692 2958 certavi,
2720 2908 2922 2945 cursum
2940 2893 3307 2958 consummaui,
3327 2893 3474 2961 ﬁdem
3495 2891 3671 2946 mari.
3685 2888 3707 2942 l
3713 2906 3736 2941 ιι

2212 2980 2406 3052 reliquo
2429 2984 2652 3052 reposita
2678 2991 2753 3036 est
2793 2982 2917 3036 mihi
2943 2998 3133 3037 corona
3152 2983 3387 3053 justitite,
3430 2998 3567 3052 quam
3602 2979 3737 3033 reddet

2213 3072 2340 3126 mihi
2375 3070 2626 3128 Dominus
2646 3075 2700 3128 in
2725 3074 2818 3128 illa
2844 3074 2927 3127 die
2944 3074 3120 3142 justus
3152 3074 3320 3143 judea:
3347 3073 3419 3145 (2.
3458 3072 3579 3126 Tim.
3606 3071 3650 3125 1.
3675 3069 3736 3132 7).

2214 3162 2373 3220 Pater
2392 3181 2494 3219 non
2507 3165 2709 3235 judicat
2736 3181 3057 3235 quamquam,
3096 3165 3193 3220 sed
3217 3181 3364 3220 omne
3376 3164 3608 3233 judicium
3631 3159 3739 3213 dedit

2215 3255 2355 3310 Filio
2374 3254 2557 3325 (Joan.
2583 3255 2637 3310 5.
2668 3254 2785 3325 22).
2830 3255 3011 3326 Neque
3039 3271 3172 3311 vero
3201 3264 3401 3311 tantum
3439 3254 3551 3309 inde
3573 3258 3742 3309 constat

2214 3346 2377 3412 istud,
2424 3347 2517 3402 sed
2546 3350 2706 3402 etiam
2736 3363 2801 3402 ex
2829 3348 2915 3414 iis,
2955 3363 3075 3418 qua:
3111 3357 3442 3419 sequuntur:
3467 3346 3575 3400 Non
3614 3343 3741 3397 solum

2213 3448 2384 3493 autem
2410 3438 2555 3505 mihi,
2582 3439 2672 3493 sed
2690 3447 2737 3493 et
2762 3439 2994 3494 omnibus
3018 3439 3106 3509 qui
3132 3440 3401 3495 dilexerint
3427 3436 3742 3509 apparitione»

2215 3531 2325 3601 ejus
2351 3530 2429 3603 (2.
2451 3530 2585 3585 Tim.
2607 3532 2662 3587 4.
2687 3530 2767 3604 8).
2786 3530 3076 3602 Cujusnam
3102 3547 3266 3602 porro
3289 3531 3404 3586 hrcc
3424 3527 3656 3599 apparitio
3671 3524 3739 3578 sit.

2215 3620 2339 3675 audi
2368 3636 2493 3676 eum
2518 3622 2630 3691 ‘qui
2674 3631 2888 3676 narrat:
2915 3621 3169 3692 Apparuit
3210 3622 3375 3693 gratia
3415 3618 3507 3674 Dei
3549 3613 3743 3672 salutaris

2216 3712 2446 3765 omnibus
2473 3712 2778 3774 hominibus,
2810 3711 3045 3766 erudiens
3072 3728 3189 3778 nos,
3219 3720 3274 3764 ut
3299 3711 3584 3781 abnegantes
3602 3703 3744 3771 impie-

2216 3815 2387 3871 tatem,
2418 3817 2465 3860 et
2491 3806 2758 3860 stecularia
2785 3805 3054 3871 desideria,
3086 3806 3256 3860 sobrie
3292 3814 3339 3859 et
3354 3805 3507 3875 juste,
3531 3809 3574 3854 et
3598 3798 3667 3870 pie
3684 3796 3745 3848 vi-

2215 3912 2387 3950 vemus
2413 3897 2467 3950 in
2493 3896 2587 3949 hoc
2622 3896 2808 3950 seculo
2826 3911 2846 3948 :
2871 3904 3215 3966 exspectantes
3243 3895 3435 3949 beatam
3458 3907 3583 3962 spem
3605 3898 3648 3942 et
3669 3902 3743 3953 ap-

2216 3987 2516 4057 paritionem
2538 3987 2716 4056 gloria:
2740 3987 2912 4057 magni
2946 3985 3059 4052 Dei,
3089 3994 3136 4043 et
3166 3986 3448 4042 Saluatoris
3486 3981 3628 4038 nostri
3647 3977 3745 4032 less

2216 4078 2402 4134 Christi
2428 4078 2556 4149 (Tit.
2575 4078 2631 4132 2.
2660 4078 2773 4149 ll).

2286 4193 2343 4247 4.
2386 4190 2500 4256 Quo
2527 4207 2676 4246 sensu
2702 4190 2933 4246 Christus
2955 4192 3163 4260 dixerit,
3196 4193 3312 4249 Non
3343 4202 3423 4249 est
3445 4202 3609 4246 meum
3626 4183 3744 4239 dare.

2214 4312 2287 4323 —
2309 4282 2415 4338 Sed
2455 4282 2541 4337 hic
2566 4283 2779 4352 quidem
2812 4298 3004 4352 pugna,
3050 4299 3155 4353 qua
3198 4300 3321 4339 cum
3364 4279 3612 4337 hmreticis
3648 4290 3746 4330 conv

2215 4376 2383 4445 gressi
2400 4388 2602 4437 sumus,
2626 4374 2781 4428 ﬁnem
2800 4373 2981 4439 habet,
2995 4374 3211 4444 jamque
3235 4385 3485 4445 tropaeum
3504 4367 3744 4426 ereximus,

2215 4477 2269 4522 et
2289 4467 2561 4522 victoriam
2589 4466 2889 4531 retulimus,
2912 4479 3034 4519 cum
3057 4481 3125 4520 ex
3149 4465 3215 4521 iis
3235 4465 3496 4529 omnibus,
3514 4474 3620 4530 qua:
3632 4468 3747 4509 com.

2217 4565 2506 4610 memorata
2528 4565 2672 4619 sunt,
2698 4556 2749 4608 in
2777 4555 2894 4626 ejus
2920 4569 3040 4610 esse
3067 4564 3334 4623 potestate
3374 4555 3525 4609 situm
3548 4542 3747 4602 docueri-

2217 4664 2355 4713 mus,
2387 4664 2509 4704 cum
2552 4648 2843 4702 honoribus
2867 4647 3162 4713 cumulare,
3196 4655 3310 4701 tum
3340 4661 3487 4716 ptena
3516 4641 3745 4696 mulctarr.

2218 4750 2398 4810 utpote
2426 4741 2591 4811 quiet
2619 4756 2778 4795 omne
2797 4740 3053 4809 judicium
3080 4740 3295 4805 habeat,
3323 4748 3378 4793 et
3403 4734 3619 4792 omnium
3638 4725 3745 4795 opti-

2216 4850 2361 4889 mum
2387 4843 2626 4899 coronet,
2654 4848 2718 4888 ac
2740 4833 2995 4889 victorem
3018 4834 3345 4903 pronuntiet,
3368 4830 3489 4885 etin
3515 4826 3605 4881 illis
3626 4834 3745 4892 para-

2222 4924 2357 4978 bolis
2386 4935 2669 4994 utrumque
2690 4925 3025 4993 praestiterit:
3056 4923 3150 4978 sed
3169 4923 3279 4992 jam
3303 4922 3544 4988 deinceps
3560 4915 3742 4984 oporlcl.

2220 5025 2279 5069 ut
2301 5014 2681 5069 dubitationem
2710 5032 2773 5069 ex
2795 5015 2987 5070 animis
3006 5014 3223 5070 fratrum
3243 5015 3548 5074 eximamus,
3565 5013 3743 5073 etquam

2216 5106 2287 5160 ob
2311 5120 2525 5160 causam
2562 5107 2633 5160 ita
2672 5106 2885 5173 dixerit,
2928 5106 3247 5162 doceamus:
3274 5105 3396 5159 Non
3425 5113 3492 5158 est
3511 5111 3652 5153 meum
3674 5091 3743 5140 ἢοε

2214 5199 2340 5253 dare
2364 5213 2383 5252 :
2408 5199 2601 5254 multos
2644 5199 2785 5254 enim
2825 5215 2890 5255 ex
2907 5214 3115 5255 .eorum
3145 5200 3445 5259 occasione,
3489 5207 3595 5263 qum
3637 5185 3742 5239 dicta

2215 5298 2362 5354 sunt,
2390 5290 2739 5360 qumstioncm
2768 5306 2982 5346 movere
3010 5292 3272 5345 arbitror:
3307 5300 3366 5343 ut
3395 5287 3544 5357 igitur
3563 5289 3613 5336 et
3634 5288 3746 5345 ψιω·

2219 5381 2444 5436 stionem
2467 5381 2757 5450 solvamus,
2784 5392 2837 5437 et
2862 5381 3317 5454 perturbationem
3344 5376 3500 5433 animi
3522 5369 3745 5427 sedemus.

2220 5471 2494 5539 attendite,
2526 5487 2730 5543 quaeso,
2770 5474 3029 5540 animum,
3062 5480 3117 5527 et
3143 5480 3376 5528 mentem
3406 5475 3614 5522 vestram
3639 5467 3744 5525 lli-'5‘

2227 5570 2444 5631 parate:
2466 5564 2637 5634 major
2659 5563 2984 5637 quippejan)
3013 5564 3140 5619 mihi
3185 5563 3335 5617 labor
3375 5554 3635 5615 incumbit:
3658 5558 3740 5597 non
