3980 6184
231 315 329 371 773

228 430 370 484 enim
389 427 605 499 aqualis
632 437 712 481 est
745 426 1012 482 facilitatis
1031 442 1264 498 pugnare
1287 435 1340 481 et
1356 426 1570 490 docere,
1595 425 1802 480 hostem

225 519 502 574 vulnerare
528 526 582 574 et
617 517 968 573 domesticum
1011 517 1282 588 corrigere
1309 533 1324 583 ;
1357 517 1450 572 sed
1481 516 1600 587 plus
1623 518 1674 570 in
1707 515 1808 570 hoc

229 609 358 663 mihi
383 607 539 662 studii
559 607 939 663 conferendum
963 616 1066 672 est,
1089 615 1148 662 ut
1169 622 1340 679 neque
1357 609 1650 662 membrum
1668 606 1806 661 clau-

224 701 408 756 dicans
435 699 714 770 negligam,
739 713 911 769 neque
940 698 1300 768 perturbatum
1329 713 1648 769 quemquam
1677 712 1806 768 pra:-

226 793 530 848 termittam.
557 792 684 845 Dico
705 792 869 855 enim,
912 790 1008 845 sed
1048 806 1116 846 ne
1141 791 1432 860 percellant
1459 804 1553 844 vos
1589 805 1708 860 quae
1731 789 1810 844 di-

221 892 432 948 cuntur,
457 897 631 952 neque
654 881 970 946 turbemini;
1009 897 1116 937 non
1145 882 1288 936 enim
1317 891 1518 936 tantum
1549 880 1667 935 Filii
1697 895 1802 936 non

222 990 339 1030 esse
361 973 644 1039 contendo,
671 972 765 1028 sed
795 988 963 1043 neque
991 971 1190 1036 Patris,
1218 981 1269 1026 et
1297 971 1401 1027 hoc
1427 987 1620 1042 magna
1647 971 1800 1026 tuba-

222 1081 326 1137 que
364 1065 574 1121 clariori
612 1080 746 1120 voce
783 1065 1076 1134 proclamo,
1101 1080 1273 1134 neque
1299 1065 1469 1134 ipsius
1492 1080 1612 1120 esse
1641 1064 1794 1133 dare,

225 1173 395 1228 neque
420 1157 554 1212 adeo
575 1155 747 1210 Patris
773 1155 960 1225 ipsius.
983 1153 1039 1210 Si
1065 1155 1206 1210 enim
1234 1154 1398 1224 ipsius
1417 1163 1580 1221 esset,
1609 1165 1662 1210 et
1695 1155 1798 1208 Pa-

221 1249 318 1304 tris
357 1257 530 1302 esset:
551 1247 596 1302 si
627 1246 799 1301 Patris
826 1255 987 1309 esset,
1019 1256 1074 1300 et
1114 1245 1281 1316 ipsius
1319 1254 1494 1300 esset:
1519 1255 1796 1315 propterea

221 1356 325 1394 non
352 1339 488 1393 dixit
514 1339 618 1392 illis
640 1338 974 1408 simpliciter,
1001 1352 1108 1392 non
1136 1347 1217 1393 est
1246 1352 1421 1392 meum
1448 1335 1575 1391 dare
1593 1338 1610 1368 ί
1628 1377 1642 1393 .
1660 1335 1798 1404 Quid

217 1431 416 1500 igitur?
442 1428 564 1484 Non
606 1438 681 1484 est
719 1446 884 1484 meum
911 1429 1054 1495 dare,
1082 1429 1172 1485 sed
1210 1428 1387 1500 quibus
1427 1438 1660 1501 paratum
1684 1439 1798 1483 est:

217 1522 474 1592 significat
494 1537 662 1592 neque
691 1521 858 1593 ipsius
876 1536 1016 1587 esse,
1041 1537 1214 1592 neque
1240 1521 1433 1586 Patris,
1456 1520 1550 1576 sed
1572 1519 1797 1574 aliorum

217 1612 586 1682 quorumdam.
628 1613 768 1682 Quid
810 1629 939 1684 ergo
977 1612 1084 1668 sibi
1125 1612 1239 1667 vult
1278 1611 1476 1667 dictum
1509 1609 1670 1668 illud?
1707 1609 1798 1667 Sic

217 1704 361 1757 enim
385 1703 622 1758 arbitror
649 1705 798 1759 vobis
821 1707 1031 1759 auctam
1060 1718 1178 1760 esse
1208 1704 1688 1774 perturbationem,
1731 1716 1796 1758 ac

221 1795 476 1864 majorem
501 1795 882 1850 dubitationem
911 1805 1174 1860 exortam,
1207 1806 1260 1850 et
1286 1797 1477 1851 anxios
1502 1811 1599 1851 vos
1625 1810 1746 1851 esse
1775 1813 1792 1850 :

219 1898 581 1941 verumtamen
605 1887 764 1942 nolite
787 1888 1003 1950 timere;
1033 1903 1135 1941 non
1161 1887 1303 1942 enim
1327 1888 1597 1954 desistam,
1623 1887 1796 1942 donec

218 1978 534 2034 solutionem
579 1979 902 2049 adjuuxero:
932 1980 1092 2035 sinite
1119 1988 1319 2034 tantum
1351 1989 1409 2036 ut
1451 1981 1608 2050 paulo
1633 1981 1794 2036 altius

220 2069 422 2124 initium
451 2071 709 2124 orationis
734 2086 1024 2137 arcessam,
1057 2071 1196 2139 quod
1225 2071 1381 2126 aliter
1404 2070 1515 2126 fieri
1543 2079 1790 2141 nequeat,

218 2172 278 2216 ut
296 2162 523 2217 dilucide
563 2163 723 2216 menti
746 2173 936 2217 vestrae
963 2163 1139 2216 omnia
1162 2163 1621 2217 commendentur.
1653 2161 1793 2230 Quid

215 2266 339 2320 ergo
364 2251 464 2306 sibi
492 2253 621 2315 vult,
649 2252 788 2322 quod
815 2260 896 2308 est
919 2252 1152 2308 dictum?
1179 2251 1310 2306 Cum
1337 2267 1398 2308 se
1423 2254 1682 2322 reciperet
1703 2252 1796 2309 Je-

214 2343 536 2412 rosolymnm
561 2341 736 2406 Ji-sus,
768 2344 993 2399 accessit
1028 2359 1148 2399 cum
1196 2343 1318 2399 filiis
1360 2355 1530 2400 mater
1557 2344 1788 2400 filiorum

213 2429 1009 2495 ZebedaeiJacobietJoannis,
1029 2431 1110 2488 sic
1136 2445 1260 2484 eum
1279 2429 1584 2499 alloquens,
1613 2429 1715 2483 Dic
1744 2437 1799 2482 ut

219 2526 436 2582 «deant
453 2525 511 2578 Ιιὶ
529 2525 632 2577 duo
651 2524 752 2592 ﬁlii
768 2523 869 2578 mei
887 2539 1022 2576 unus
1040 2521 1109 2576 ad
1128 2521 1400 2578 dexterum
1427 2532 1800 2590 tuam,etunus

220 2620 290 2672 ad
304 2617 591 2672 sinistram
615 2625 760 2668 tuam
783 2612 982 2684 (Marc.
1006 2613 1095 2668 l0.
1115 2611 1204 2684 57)
1225 2631 1238 2667 :
1259 2614 1396 2672 alter
1425 2625 1610 2669 autem
1635 2629 1801 2670 evan-

223 2709 418 2778 gelista
437 2706 578 2761 filios
602 2706 714 2760 haec
733 2722 760 2757 a
775 2703 998 2760 Christo
1028 2703 1252 2774 petiisse
1281 2703 1418 2759 dixit
1442 2722 1455 2760 :
1481 2703 1576 2759 sed
1589 2719 1697 2758 non
1716 2711 1802 2759 est

219 2809 406 2854 tamen
422 2797 795 2867 discrepantia
813 2815 827 2850 :
844 2797 1176 2866 nequeenim
1195 2802 1325 2850 sunt
1339 2795 1455 2851 haec
1466 2797 1673 2850 minuta
1691 2810 1804 2865 pcr-

215 2887 499 2946 currenda
524 2907 536 2941 :
568 2903 757 2942 verum
787 2902 912 2944 cum
936 2896 1167 2942 matrem
1199 2889 1624 2956 praemisisset’,
1653 2895 1803 2958 post-

216 2995 388 3051 «ιω-ι
411 2979 506 3036 illa
523 2979 684 3044 dixit,
699 2987 752 3033 et
770 2987 978 3048 portam
1000 2978 1236 3048 aperuit,
1257 2979 1360 3049 ipsi
1378 2995 1596 3049 quoque
1616 2993 1800 3048 preces

220 3072 613 3134 admoverunt,
637 3069 1113 3140 nescientes,qnid
1133 3069 1400 3136 dicerent,
1433 3070 1528 3126 sed
1555 3069 1801 3126 dicentes

219 3171 432 3218 tamen.
456 3160 596 3216 Nam
621 3162 748 3216 licet
774 3163 1006 3231 apostoli
1022 3170 1233 3228 essent,
1263 3162 1696 3231 imperfectiores
1718 3170 1802 3215 ta—

219 3269 347 3308 men
376 3252 564 3309 adhuc
593 3262 772 3318 erant,
817 3261 1075 3322 tanquam
1104 3253 1236 3322 pulli
1265 3253 1618 3309 errantes’in
1651 3253 1798 3318 nido,

217 3360 345 3399 cum
366 3344 613 3400 nondum
629 3342 741 3401 illis
761 3359 950 3412 petitae
967 3344 1361 3401 succreverint.
1379 3345 1557 3414 Atque
1571 3344 1672 3400 hoc
1687 3359 1800 3398 ma-

225 3435 371 3490 xime
401 3433 565 3490 vobis
593 3448 718 3489 esse
744 3445 932 3488 notum
966 3441 1203 3504 oportet,
1233 3443 1362 3492 ante
1397 3435 1710 3506 passionem
1744 3437 1797 3492 in

212 3517 385 3574 multa
413 3516 538 3573 illos
551 3516 843 3589 ignorantia
862 3536 983 3578 esse
1001 3533 1258 3587 versatos,
1281 3532 1603 3594 quapropter
1624 3533 1679 3580 et
1703 3525 1785 3580 iu-

195 3618 430 3675 crepans
454 3623 551 3663 eos
568 3609 808 3666 dicebat:
839 3612 1016 3667 Adhuc
1035 3623 1082 3668 et
1106 3630 1191 3670 vos
1215 3615 1323 3669 sine
1345 3616 1599 3670 intellectu
1627 3617 1786 3674 estisll

199 3695 450 3752 Nondum
476 3703 797 3770 cognoscitis,
824 3720 914 3758 nec
938 3705 1238 3776 intelligitis,
1267 3709 1385 3776 quia
1413 3725 1514 3763 non
1547 3710 1609 3762 de
1637 3711 1783 3776 paui-

194 3786 286 3839 btts
306 3790 430 3845 disci
452 3790 610 3854 nobis,
633 3803 799 3846 cavete
826 3811 858 3846 ι
881 3797 1124 3864 fermento
1165 3795 1538 3853 Pharisaeorum
1567 3799 1779 3870 (Matth.

199 3879 280 3932 l5.
313 3879 444 3948 t6)?
473 3891 528 3934 et
557 3897 760 3950 rursus,
795 3883 960 3939 Multa
985 3886 1142 3942 habeo
1185 3889 1318 3942 vobis
1343 3890 1528 3954 dicere,
1565 3894 1653 3947 sed
1681 3911 1783 3949 non

190 3970 403 4034 potestis
429 3982 638 4041 portare
664 3978 812 4028 modo
842 3974 1020 4046 (Joau.
1039 3978 1126 4033 16.
1159 3978 1268 4050 12).
1293 3979 1474 4050 Neque
1501 3999 1628 4037 vero
1649 3985 1780 4040 sub-

187 4060 402 4116 limiora
434 4072 638 4119 tantum
680 4066 1011 4136 ignorabant,
1063 4072 1155 4127 sed
1185 4073 1293 4130 illis
1331 4075 1489 4130 etiam
1539 4092 1781 4147 Stupent]-

187 4167 366 4218 mero,
397 4169 522 4225 quze
543 4156 846 4225 audierant,
873 4176 982 4231 pra:
1003 4174 1146 4218 metu
1172 4181 1236 4221 ac
1261 4167 1542 4224 timiditate
1567 4171 1780 4227 excide-

187 4243 336 4309 bant,
372 4247 521 4316 quod
549 4249 652 4304 illis
675 4253 1001 4321 exprobrans
1024 4255 1220 4324 aiebat,
1255 4259 1418 4315 Nemo
1438 4278 1501 4315 ea:
1538 4261 1672 4318 vobis
1696 4265 1779 4318 iu-

187 4344 416 4407 tcrrogat
443 4355 545 4405 me,
573 4340 683 4404 Quo
711 4343 886 4399 radis?
913 4345 1018 4400 Sed
1041 4349 1161 4418 quia
1186 4350 1292 4405 haec
1312 4350 1545 4422 loquutus
1560 4370 1675 4408 sum
1694 4371 1782 4410 vo-

188 4426 287 4492 bis,
312 4429 520 4482 tristitia
561 4431 782 4500 implevit
809 4451 897 4489 cor
925 4447 1146 4493 vestrum
1167 4439 1326 4511 (Ibid.
1353 4458 1402 4497 υ.
1432 4443 1493 4513 5)
1523 4460 1539 4498 :
1564 4453 1618 4499 et
1658 4461 1778 4501 rur-

191 4530 308 4607 sus,
334 4517 434 4572 Ille
457 4522 596 4576 vobis
623 4536 846 4594 suggeret
867 4529 1056 4592 omnia,
1097 4539 1144 4584 ct
1186 4532 1377 4586 docebit
1406 4549 1490 4588 vos
1532 4533 1642 4607 (Id.
1686 4537 1773 4591 l-l.

193 4604 295 4674 26)
315 4625 330 4662 :
352 4608 415 4664 de
439 4615 713 4668 l’aracleto
741 4618 900 4672 verba
940 4619 1169 4675 faciens:
1199 4631 1446 4678 ceterum
1471 4604 1574 4680 non
1605 4627 1773 4680 dixis-

193 4705 299 4760 set,
324 4709 592 4769 suggeret,
624 4703 725 4758 nisi
752 4705 912 4760 multa
945 4707 1068 4776 illis,
1098 4727 1216 4780 qua:
1246 4712 1382 4768 dicta
1415 4713 1640 4783 fuerant,
1678 4735 1773 4774 ex-

189 4785 468 4857 cidissent.
497 4791 623 4847 Haec
647 4804 823 4850 autem
847 4811 878 4850 a
905 4815 990 4854 me
1017 4815 1120 4855 non
1146 4811 1343 4859 temere
1365 4820 1774 4866 commemorata

187 4889 338 4970 sunt,
366 4883 460 4937 sed
489 4885 740 4954 quoniam
767 4887 954 4945 Petrus
981 4891 1140 4947 modo
1163 4894 1373 4963 quidem
1416 4897 1623 4955 videtur
1648 4916 1772 4970 pcr-

188 4969 387 5025 fectatn
411 4976 695 5044 quamdam
717 4979 1106 5036 confessionem
1129 4983 1383 5052 prokrre,
1413 4987 1570 5043 modo
1596 4969 1774 5048 autem

186 5063 434 5118 omnium
459 5067 677 5121 oblitus.
703 5068 834 5124 Nam
863 5071 954 5141 qui
983 5072 1209 5141 dixerat,
1238 5075 1316 5130 Tu
1343 5093 1396 5132 es
1419 5077 1648 5136 Christus
1675 5082 1772 5136 Fi-

187 5151 293 5204 lius
317 5151 415 5208 Dei
434 5156 530 5210 viri
545 5157 760 5226 (Matth.
785 5161 875 5216 16.
903 5161 1014 5233 16),
1049 5181 1110 5218 ac
1137 5176 1410 5234 propterea
1440 5169 1622 5227 beatus
1648 5190 1775 5242 μηθ-

190 5243 403 5300 dicatus
425 5247 616 5316 fuerat,
644 5251 901 5321 ejusmodi
925 5257 1079 5325 paulo
1101 5269 1218 5326 post
1238 5269 1508 5328 peccatum
1538 5264 1768 5332 admisit,

196 5342 258 5386 ut
281 5334 502 5395 Satanas
530 5340 690 5397 fuerit
729 5346 1041 5415 appellatus.
1071 5349 1156 5404 Sic
1181 5351 1322 5404 enim
1352 5353 1444 5415 ait,
1489 5351 1624 5410 Vade
1661 5366 1772 5426 post

193 5429 528 5500 nudatam,
565 5435 862 5492 scandalum
887 5455 938 5495 es
960 5441 1121 5497 mihi:
1144 5445 1262 5514 quia
1286 5460 1386 5499 non
1407 5447 1544 5517 sapis
1562 5464 1641 5514 ea,
1661 5464 1774 5518 qua

269 5581 290 5661 ξ
691 5604 786 5642 non
807 5599 1058 5664 estyteum
1079 5599 1215 5661 dare,
1240 5599 1326 5652 sed
1350 5601 1521 5659 Patris.

271 5647 291 5736 ζ
315 5647 1032 5736 LEM“-

317 5711 441 5764 umu
459 5711 629 5774 habet,
650 5711 890 5780 p'fasmatt'.

897 313 983 367 DE
1024 312 1242 368 PETIT.
1286 311 1526 368 FlLlOR.
1569 307 1905 366 ZEBEDIEI.
1943 305 2218 365 CONTRA
2255 307 2627 367 ANOLKEOS.
2671 309 2797 368 VIII.

3397 315 3498 372 ττι

1915 420 2014 478 Dei
2029 431 2168 488 sunt,
2191 423 2278 476 sed
2299 441 2356 476 ea
2371 439 2483 494 qua
2498 409 2756 478 hominum
2778 425 2990 496 (Matth.
3014 428 3099 483 16.
3116 427 3227 503 23).
3246 429 3382 498 Quid
3401 430 3499 484 ἰηι-

1912 510 2195 580 perfectius
2231 527 2297 567 eo
2341 512 2455 568 fieri
2499 515 2685 583 possit,
2717 515 2805 585 qui
2836 531 2942 570 non
2973 519 3162 586 sapiat,
3206 535 3326 590 qua:
3369 529 3498 575 sunt

1911 602 2027 672 ejus
2056 603 2100 670 ³,
2133 603 2228 658 sed
2251 620 2368 674 qua:
2394 612 2520 660 sunt
2547 605 2856 660 hominum?
2897 609 3186 679 Postquam
3225 613 3370 668 enim
3415 612 3494 668 illi

1909 693 1978 750 de
1998 709 2158 751 cruce
2185 695 2358 766 deque
2387 698 2778 754 resurrectione
2799 699 2961 756 verba
2989 700 3210 769 fecerat,
3239 718 3361 758 cum
3386 722 3484 764 eo-

1909 801 2048 853 rum,
2079 803 2199 858 quze
2219 786 2360 844 dicta
2387 786 2618 854 fuerant,
2644 789 3052 859 profunditatem
3082 794 3369 862 ignoraret,
3387 808 3486 849 ne-

1907 893 2011 947 que
2025 876 2134 947 jam
2161 893 2354 935 arcana
2401 879 2648 950 dogmata
2685 879 3023 952 futuramque
3051 882 3231 937 mundi
3259 885 3491 941 salutem

1910 969 2572 1039 possetcomprebendere,
2589 972 2874 1041 separatim
2894 987 3169 1028 assumens
3185 988 3309 1028 eum
3330 973 3486 1039 dixit,

1909 1060 2170 1132 Pmpitius
2193 1062 2282 1116 tibi
2301 1071 2420 1126 esto,
2445 1061 2682 1130 Domine,
2712 1081 2812 1126 non
2839 1065 2928 1119 erit
2949 1065 3035 1119 tibi
3056 1066 3153 1120 hoc
3165 1064 3271 1140 (Ib.
3294 1083 3342 1122 υ.
3362 1066 3482 1130 22).

1908 1151 2069 1206 Vides
2097 1159 2155 1206 ut
2180 1151 2256 1206 illi
2301 1153 2429 1207 nihil
2455 1153 2522 1208 de
2550 1156 2940 1210 resurrectione
2977 1157 3389 1215 certoscirent?
3419 1157 3488 1212 Et

1907 1243 2008 1298 hoc
2027 1244 2198 1313 ipsum
2217 1243 2456 1300 indicans
2473 1245 2809 1315 Evangelista
2836 1245 3065 1313 dicebat,
3090 1245 3332 1302 Nondum
3350 1248 3485 1302 enim

1903 1335 2142 1401 sciebant,
2161 1337 2280 1408 quia
2300 1346 2549 1406 oporteret
2575 1353 2688 1391 eum
2711 1354 2744 1391 a
2771 1338 2981 1392 mortuis
3009 1354 3270 1410 resurgere
3298 1338 3480 1411 (Ioan.

1901 1425 1990 1480 90.
2025 1424 2101 1498 υ),
2125 1425 2274 1493 Quod
2297 1427 2339 1481 si
2365 1427 2460 1483 ista
2486 1427 2817 1491 nesciebant,
2843 1428 3010 1482 multo
3032 1429 3199 1499 magis
3217 1429 3319 1484 alia
3341 1429 3484 1500 igneo

1904 1517 2111 1582 rabant,
2151 1518 2448 1587 cujusmodi
2476 1531 2558 1574 eet
2584 1518 2651 1574 de
2674 1520 2875 1574 cadesti
2906 1537 3089 1590 regno,
3137 1521 3205 1577 de
3237 1522 3483 1592 primitiis

1902 1611 2118 1677 nostris,
2147 1626 2208 1666 ac
2227 1611 2294 1665 de
2318 1612 2631 1666 ascensione
2651 1612 2703 1666 in
2725 1613 2934 1678 etclam,
2965 1613 3213 1682 humique
3234 1623 3483 1683 repentes

1901 1703 2073 1758 adhuc
2099 1703 2332 1758 nondum
2363 1703 2425 1757 in.
2445 1702 2608 1757 altum
2637 1712 2883 1772 poterant
2903 1705 3136 1760 evolare.
3165 1705 3296 1760 Cum
3324 1705 3484 1774 igitur

1902 1792 2003 1848 hac
2030 1803 2213 1847 essent
2239 1792 2492 1862 opinione
2536 1793 2743 1858 imbuti,
2788 1803 2844 1849 et
2892 1805 3287 1865 exspectarent,
3317 1805 3373 1848 ut
3404 1796 3480 1848 illi

1900 1881 2180 1938 confestim
2210 1899 2428 1952 regnum
2458 1882 2806 1954 Jerosolymis
2826 1884 3145 1939 obveniret:
3177 1884 3310 1940 nihil
3335 1886 3480 1941 enim

1899 1973 2129 2042 amplius
2156 1988 2314 2042 quam
2355 1973 2482 2027 illud
2511 1984 2788 2037 noverant,
2815 1975 2956 2044 quod
2986 1975 3236 2030 nimirum
3263 1984 3317 2030 et
3345 1977 3480 2030 alius

1897 2063 2219 2130 evangelista
2265 2062 2543 2133 significat,
2575 2063 2780 2129 dicens,
2829 2066 2947 2120 illus
2989 2067 3322 2122 existimasse
3364 2067 3474 2136 jam

1897 2168 2115 2225 regnum
2145 2153 2264 2224 ejus
2290 2154 2597 2221 adventare,
2628 2155 2770 2224 quod
2816 2171 2977 2210 tntum
3023 2157 3236 2227 aliquod
3276 2173 3342 2212 ex
3375 2158 3478 2210 bu-

1896 2244 2066 2304 manis
2091 2244 2266 2314 regnis
2295 2243 2710 2314 suspicarentur,
2749 2255 2805 2299 et
2839 2247 3224 2301 arbitrarentur
3249 2247 3313 2302 ad
3345 2247 3475 2302 illud

1896 2333 2181 2391 ineundum
2211 2350 2316 2391 non
2342 2334 2408 2390 ad
2437 2350 2653 2391 crucem
2685 2343 2738 2390 et
2767 2346 2992 2392 mortem
3041 2337 3185 2390 illum
3213 2353 3432 2408 pergere
3457 2355 3473 2392 :

1895 2441 2016 2480 nam
2046 2426 2171 2483 licet
2199 2427 2392 2485 millies
2418 2426 2765 2492 audivissent,
2804 2438 2952 2482 certo
2981 2427 3030 2481 id
3072 2428 3209 2484 scire
3239 2444 3343 2484 non
3375 2445 3472 2498 po-

1894 2525 2089 2572 terant.

1962 2608 2016 2663 5.
2055 2607 2316 2676 Quoniam
2359 2607 2518 2680 igitur
2553 2609 2786 2664 nondum
2828 2608 3038 2679 quidem
3079 2611 3378 2665 evidentem
3417 2620 3474 2663 et

1891 2708 2129 2754 exactam
2159 2699 2464 2770 dogmatum
2491 2701 2845 2770 cognitionem
2885 2700 3060 2771 adepti
3085 2711 3258 2763 erant,
3285 2701 3378 2756 sed
3403 2699 3466 2755 ad

1889 2789 2144 2846 sensibile
2185 2806 2404 2861 regnum
2435 2807 2654 2862 pergere
2681 2792 3010 2855 censebant,
3051 2803 3104 2848 et
3127 2792 3473 2863 Jerosolymis

1893 2891 2251 2952 regnaturum,
2282 2893 2615 2939 assumentes
2641 2899 2763 2939 eum
2807 2885 2859 2939 in
2889 2885 2994 2947 via,
3022 2897 3374 2954 Opportunum
3411 2900 3470 2938 se

1891 2982 2074 3028 nactos
2104 2985 2310 3044 tempus
2354 2975 2740 3044 existimantes,
2788 2977 2924 3031 hanc
2967 2978 3270 3046 petitionem
3315 2979 3472 3032 insti-

1892 3073 2046 3118 tuunt
2072 3082 2086 3118 :
2119 3081 2237 3118 nam
2267 3081 2387 3120 cum
2413 3067 2622 3135 seipsos
2649 3083 2676 3122 a
2699 3077 2842 3123 cmtu
2867 3068 3246 3137 discipulorum
3272 3085 3466 3140 seque-

1868 3163 2166 3223 'strassent,
2185 3156 2405 3226 perinde
2424 3159 2572 3228 quasi
2593 3158 2662 3213 ad
2683 3158 2916 3229 ipsorum
2942 3161 3215 3215 arbitrium
3239 3163 3468 3216 redactas

1888 3262 1976 3303 res
2002 3256 2203 3315 essent,
2229 3250 2631 3320 praerogativam
2661 3251 2804 3305 sedis
2833 3252 3119 3322 postulant,
3173 3263 3227 3308 et
3273 3255 3468 3324 primas

1887 3350 2066 3411 partes
2091 3345 2230 3398 Inter
2253 3342 2386 3398 alios
2407 3343 2506 3398 sibi
2533 3343 2733 3400 deferri
2761 3362 2775 3399 :
2808 3345 3001 3415 quippe
3031 3347 3118 3416 qui
3145 3346 3468 3404 arbitraren-

1890 3443 1975 3488 tur
1997 3434 2106 3504 jam
2139 3450 2227 3490 res
2255 3434 2414 3491 finem
2433 3436 2723 3506 accepisse,
2755 3446 2923 3492 totum
2955 3439 3226 3507 negotium
3252 3439 3464 3500 confici.

1888 3533 2202 3596 tempusque
2220 3541 2536 3583 coronarum
2554 3541 2617 3583 ac
2635 3527 2972 3597 praemiorum
2987 3529 3268 3586 advenisse
3293 3548 3306 3584 :
3324 3531 3465 3601 quod

1888 3613 2061 3684 ipsum
2099 3625 2350 3672 extremae
2376 3616 2472 3672 fuit
2519 3616 2764 3672 inscitiae.
2791 3619 2966 3685 Atque
2993 3628 3050 3672 ut
3077 3617 3194 3674 haec
3226 3636 3329 3674 non
3351 3620 3466 3675 Sola

1887 3702 2192 3770 conjectura
2225 3707 2616 3780 verborumque
2645 3706 3020 3775 probabilitate
3045 3708 3140 3762 niti
3167 3710 3421 3764 noveritis
3447 3752 3460 3770 .

1887 3793 2055 3865 ipsius
2081 3794 2230 3862 Jesu,
2260 3796 2344 3851 cui
2373 3806 2648 3866 perspecta
2684 3807 2808 3852 sunt
2845 3813 3040 3854 arcana
3065 3816 3322 3870 qumque,
3350 3817 3463 3856 rem

1886 3899 2133 3941 sermone
2145 3895 2303 3956 atque
2327 3888 2638 3943 auctoritate
2655 3887 2996 3944 conﬁrmabo.
3024 3889 3303 3960 Postquam
3321 3893 3462 3947 enim

1888 3974 1984 4028 ista
2011 3975 2377 4044 postularunt,
2402 3975 2524 4032 audi
2561 3977 2688 4047 quid
2717 3978 2823 4034 illis
2852 3981 3170 4049 respondeat
3201 3998 3219 4038 :
3246 3980 3462 4037 Nescitis

1884 4065 2006 4134 quid
2030 4067 2208 4135 petatis
2233 4066 2425 4136 (Marc.
2452 4068 2538 4124 10.
2567 4069 2679 4140 58).
2715 4069 2850 4136 Quid
2877 4071 2975 4127 bac
3017 4072 3333 4142 probatione
3352 4074 3459 4130 cla.

1887 4155 2032 4208 rius?
2063 4156 2218 4211 Vides
2245 4157 2364 4210 illos
2386 4159 2602 4212 minime
2628 4161 2840 4216 novisse
2866 4161 3006 4231 quod
3038 4162 3307 4232 petebant,
3337 4179 3458 4218 cum

1885 4246 1950 4300 de
1969 4248 2181 4302 coronis
2209 4264 2270 4302 ac
2299 4251 2528 4318 prtemiis
2547 4251 2684 4319 apud
2707 4253 2854 4307 illum
2883 4253 3040 4309 verba
3067 4253 3305 4309 facerent
3328 4272 3459 4312 nec-

1883 4335 2006 4390 dum
2031 4339 2405 4394 certaminibus
2443 4341 2742 4398 inchoatis?
2766 4345 2876 4398 Duo
2901 4354 3027 4400 sunt
3054 4346 3212 4416 igitur
3230 4363 3347 4417 quae
3375 4349 3458 4401 in-

1885 4427 2016 4494 nuit,
2043 4427 2142 4482 boc
2165 4428 2370 4494 dicens,
2400 4429 2618 4486 Nescitis
2641 4433 2762 4501 quid
2791 4435 3004 4504 petatis,
3037 4452 3197 4491 unum
3223 4438 3362 4507 quod
3390 4439 3458 4495 de

1884 4533 2047 4588 regno
2073 4519 2370 4589 loquantur,
2401 4522 2469 4577 de
2491 4537 2597 4592 quo
2625 4537 2927 4581 sermonem
2950 4525 3194 4584 Christus
3241 4545 3346 4584 non
3377 4531 3461 4584 in-

1882 4611 2126 4664 stituerat
2152 4626 2167 4664 :
2199 4627 2304 4664 non
2331 4613 2471 4667 enim
2514 4613 2582 4668 de
2611 4613 2713 4670 hoc
2754 4624 2963 4672 terreno
3003 4633 3068 4674 ac
3095 4620 3331 4676 sensibili
3360 4638 3462 4678 an-

1883 4701 2186 4756 nunciatum
2216 4711 2332 4758 erat
2354 4717 2368 4754 :
2392 4703 2640 4771 alterum,
2667 4706 2808 4778 quod
2836 4707 2962 4763 dum
2983 4710 3125 4764 sedis
3149 4714 3460 4782 praerogati-

1880 4807 1998 4846 vam
2019 4835 2033 4858 ,
2065 4802 2119 4847 et
2159 4794 2398 4850 caelestes
2421 4796 2532 4864 jam
2567 4807 2813 4868 qumrunt
2850 4798 3102 4868 honores,
3145 4803 3461 4873 ueterisque

1879 4885 2045 4940 videri
2069 4885 2399 4960 clariores,et
2421 4889 2736 4944 illustriores
2763 4892 3107 4957 contendunt,
3131 4907 3200 4947 ne
3218 4908 3317 4947 suo
3343 4897 3459 4963 qui-

1877 4976 2000 5032 dem
2043 4987 2300 5048 tcmpore,
2332 4981 2426 5036 sed
2452 4981 2734 5036 admodum
2778 4982 3145 5052 intempestive
3170 4983 3266 5037 ista
3310 4999 3458 5054 qute-

1877 5079 2014 5123 ranl.
2045 5069 2279 5140 Tempus
2307 5072 2448 5126 enim
2480 5071 2604 5125 illud
2627 5087 2732 5126 non
2759 5087 3074 5126 coronarum
3096 5081 3186 5126 aut
3209 5074 3460 5142 praetnio-

1876 5175 2015 5224 rum,
2047 5161 2140 5214 sed
2167 5160 2536 5228 certaminum,
2570 5161 2852 5225 lucturum,
2885 5163 3142 5226 laborum,
3175 5164 3455 5224 sudorum.

1875 5249 2168 5304 stadiorum
2203 5248 2322 5317 fuit,
2351 5259 2508 5320 atque
2546 5252 2864 5320 pra'llorum.
2899 5252 3012 5308 Hoc
3042 5254 3198 5324 igitur
3217 5256 3317 5310 sibi
3349 5257 3459 5310 vult

1877 5340 2008 5396 illud
2033 5341 2175 5411 quod
2208 5341 2302 5408 ait,
2332 5340 2548 5398 Nescitis
2571 5343 2694 5416 quid
2720 5344 2917 5410 petatis,
2944 5343 3068 5398 dum
3112 5344 3178 5399 de
3209 5345 3292 5400 his
3313 5349 3454 5417 apud

1875 5447 1962 5486 me
1989 5430 2149 5485 verba
2175 5429 2366 5495 facitis,
2392 5447 2512 5486 cum
2538 5434 2765 5489 necdum
2797 5433 3006 5490 labores
3033 5439 3450 5505 exantlaveritis,

1873 5520 2099 5576 necdum
2127 5521 2195 5577 ad
2216 5520 2444 5578 ineunda
2463 5525 2751 5580 certamina
2778 5541 2874 5582 vos
2900 5527 3150 5584 emeritis
3178 5545 3193 5583 :
3221 5543 3340 5584 cum
3373 5530 3453 5583 in-

1873 5623 2143 5669 correctus
2169 5613 2340 5670 adhuc
2366 5624 2574 5672 maneat
2593 5618 2735 5674 orbis
2758 5627 3036 5686 terrarum,
3058 5635 3180 5677 cum
3207 5622 3448 5695 impietas

1947 5720 2156 5788 'tdest.
2191 5729 2557 5791 quasustth
