3980 6184
532 313 635 365 775
1301 295 1359 352 S.
1400 291 1633 350 JOANN.
1676 290 2050 347 CllRYSOST.
2097 289 2409 346 ARCHIEP.
2451 283 2984 346 CONSTANTlNOP.
3625 298 3711 355 πε

521 430 848 491 dominetur,
901 431 953 475 et
1001 424 1218 489 pereant
1243 428 1432 470 omnes
1479 414 1751 468 mortales.
1807 412 2046 467 Nondum
2076 426 2106 464 e

525 513 828 567 carceribus
856 510 1125 565 exsiliistis
1147 549 1162 573 ,
1192 504 1429 560 nondum
1456 505 1522 559 ad
1560 502 1785 559 ineunda
1826 501 2106 557 luctamina

525 611 621 658 Vos
644 604 886 667 exuistis,
921 601 1140 656 Potestis
1160 598 1324 654 bibere
1348 599 1570 662 calicem,
1595 613 1738 667 quem
1760 613 1848 666 ego
1863 595 2108 648 bibiturus

518 710 660 752 sum,
699 704 745 748 et
774 692 1041 761 baptismo,
1070 708 1168 762 quo
1210 707 1302 761 ego
1346 689 1590 759 baptisor,
1631 687 1884 757 baptizari
1914 685 2106 756 (Marc.

526 783 616 838 10.
646 784 779 854 38)?
805 783 1023 837 calicem
1050 784 1148 837 hoc
1171 784 1286 836 loco
1305 790 1359 834 et
1377 781 1696 850 baptismum
1713 793 1935 832 crucem
1957 789 2108 830 suam

527 885 581 928 et
608 884 831 928 mortem
858 874 1134 942 appellans
1163 890 1176 926 ε
1210 873 1428 926 calicem
1457 871 1690 940 quidem,
1714 869 1962 939 quoniam
1989 884 2108 923 cum

530 963 800 1033 voluptate
827 964 973 1019 illum
1021 964 1213 1029 ebibit;
1267 964 1586 1031 baptismum
1638 963 1836 1026 autem,
1867 960 1988 1029 quia
2018 974 2112 1028 per

529 1057 671 1109 illam
701 1057 884 1110 orbem
927 1063 1186 1109 terrarum
1231 1054 1557 1124 cxpurgabat
1585 1070 1600 1107 :
1627 1068 1725 1106 nec
1773 1052 1969 1106 idcirco
1997 1059 2112 1104 tan-

531 1158 664 1212 tntn,
700 1146 792 1201 sed
845 1158 898 1201 et
949 1155 1166 1216 propter
1218 1144 1626 1200 resurrectionis
1671 1142 1996 1197 facilitatem.
2047 1140 2114 1195 Ut

525 1240 670 1293 enim
703 1242 790 1308 qui
813 1239 1107 1308 baptizatur
1127 1252 1282 1308 aqua,
1312 1237 1478 1291 multa
1503 1252 1622 1290 cum
1650 1234 1898 1290 facilitate
1922 1249 2114 1289 ascen-

529 1330 606 1384 dit
650 1332 716 1384 ab
756 1346 1010 1400 aquarum
1054 1339 1239 1384 natura
1291 1329 1422 1383 nihil
1475 1328 1758 1398 impeditus
1787 1346 1802 1383 :
1832 1328 1908 1382 sic
1935 1335 1988 1382 et
2026 1327 2116 1381 ille

529 1440 650 1478 cum
682 1425 732 1477 in
758 1435 980 1478 mortem
1007 1423 1392 1488 descendisset,
1421 1423 1586 1476 multa
1615 1437 1736 1478 cum
1757 1421 2005 1476 facilitate
2030 1435 2116 1474 as-

529 1515 710 1568 cendit
755 1531 768 1568 :
827 1523 1103 1585 propterea
1157 1514 1476 1584 baptismum
1506 1514 1647 1568 illam
1685 1513 1936 1584 appellat.
1964 1513 2114 1579 Quod

534 1614 708 1660 autem
740 1606 867 1661 dicit
895 1617 976 1661 est
1006 1606 1370 1676 hujuscemodi
1396 1624 1409 1660 :
1434 1607 1656 1676 potestis
1680 1606 1872 1672 occidi,
1895 1615 1950 1661 et
1973 1621 2119 1660 mor-

535 1708 642 1753 tem
673 1702 969 1769 oppetere'l
996 1699 1196 1754 Horum
1223 1699 1364 1754 enim
1415 1714 1556 1753 nunc
1597 1710 1804 1770 tempus
1833 1711 1943 1764 est,
1973 1699 2116 1754 fune-

533 1805 673 1853 rum,
706 1789 1084 1859 periculorum,
1116 1788 1378 1845 laborum.
1411 1789 1641 1855 Verum,
1675 1791 1781 1857 illi,
1814 1789 2114 1854 Possumus,

537 1881 800 1949 inquiunt,
831 1896 949 1935 cum
976 1897 1074 1935 nec
1102 1880 1396 1951 intelligant
1423 1881 1547 1951 quid
1577 1882 1800 1946 dicatur,
1831 1883 1922 1936 sed
1953 1881 2120 1936 addu-

535 1971 603 2024 rti
652 1987 744 2041 spe
779 1971 1090 2040 impetrandi
1138 1973 1422 2041 postulata,
1466 1972 1794 2040 promittant.
1845 1973 1933 2027 Ait
1979 1972 2115 2038 illis,

537 2061 753 2115 Calicem
779 2063 978 2133 quidem
1007 2080 1169 2116 meum
1193 2063 1386 2130 bibetis,
1415 2073 1459 2116 et
1492 2062 1758 2133 baptismo,
1787 2080 1883 2130 quo
1911 2080 2002 2134 ego
2027 2065 2118 2117 ba-

537 2153 720 2220 ptizor,
745 2153 1124 2224 baptizabimini
1151 2153 1257 2223 (lb.
1297 2169 1345 2207 υ.
1375 2153 1464 2208 '59.
1497 2154 1587 2224 40)
1615 2171 1627 2206 :
1659 2165 1888 2210 mortem
1916 2156 1992 2209 sic
2021 2171 2118 2224 ap-

537 2244 778 2312 pellans:
813 2260 932 2298 nam
975 2255 1026 2298 et
1049 2245 1248 2299 Jacobo
1274 2245 1450 2315 gladio
1475 2253 1636 2315 caput
1659 2245 1953 2300 abscissum
1992 2257 2114 2310 est,

536 2343 589 2388 et
612 2335 880 2389 multoties
933 2343 1173 2389 mortuus
1212 2344 1304 2391 est
1331 2336 1583 2391 Joannes.
1637 2337 1827 2391 Sedere
1853 2348 2020 2391 autem
2053 2339 2122 2391 ad

540 2429 794 2482 dexteram
822 2446 1015 2496 meam,
1049 2439 1093 2482 et
1123 2429 1188 2482 ad
1209 2430 1468 2483 sinistram
1489 2447 1658 2483 meam
1681 2473 1694 2496 ,
1722 2448 1823 2484 non
1858 2441 1930 2486 est
1959 2448 2122 2486 meum

537 2521 678 2586 dare,
703 2520 790 2573 sed
815 2521 990 2590 quibus
1033 2531 1268 2590 paratum
1305 2531 1395 2575 est.
1437 2521 1587 2589 Quod
1626 2531 1802 2576 autem
1849 2523 2010 2590 dicit,
2041 2531 2122 2577 est

538 2610 822 2680 ejusmodi.

611 2702 858 2757 Certantis
885 2713 955 2756 est
976 2704 1237 2774 prwmiunt
1255 2705 1432 2757 mereri
1449 2714 1495 2758 et
1522 2706 1765 2775 accipere.
1783 2735 1854 2746 -—
1872 2705 1978 2758 Ves
2007 2706 2122 2773 qui-

541 2794 660 2846 dem
684 2794 1006 2861 moriemini,
1033 2793 1364 2859 occidemini,
1397 2805 1452 2849 et
1481 2795 1738 2850 honorem
1763 2795 1998 2866 martyrii
2029 2797 2124 2848 oli-

541 2884 775 2938 tinebitis
809 2903 821 2937 :
856 2894 1220 2940 verumtamen
1251 2897 1306 2941 ut
1349 2888 1586 2941 omnium
1631 2888 1786 2957 primi
1827 2888 1964 2954 sitis,
2017 2905 2122 2942 non

540 2986 624 3029 est
649 2991 822 3030 meum
863 2976 1010 3042 dare,
1039 2976 1132 3032 scd
1161 2992 1368 3042 eorum,
1397 2979 1486 3047 qui
1513 2979 1808 3041 decertant,
1845 2979 2120 3049 accipere,

539 3070 609 3123 ob
635 3071 804 3140 majus
828 3069 1082 3134 studium,
1115 3071 1184 3123 ob
1209 3078 1465 3139 majorem
1493 3073 1652 3124 animi
1680 3071 2027 3126 alacritatem.
2061 3071 2126 3126 Ut

537 3170 713 3217 autem
737 3163 874 3233 quod
896 3163 1010 3218 dico
1033 3163 1363 3219 manifestius
1380 3163 1592 3228 evadat,
1618 3180 1874 3234 ponamus
1894 3165 2121 3236 aliquem

540 3269 661 3309 esse
689 3256 1096 3323 agonntlietam;
1127 3254 1322 3309 deinde
1357 3265 1580 3308 matrem
1605 3295 1620 3320 ,
1651 3256 1737 3310 cui
1779 3255 1990 3310 athletae
2019 3255 2126 3309 duo

543 3347 648 3398 sint
697 3347 807 3410 lilii,
837 3346 902 3400 ad
946 3347 1320 3414 agonothetam
1352 3346 1608 3401 accedere
1635 3361 1754 3402 cum
1788 3347 1906 3402 liliis
1927 3349 2038 3402 suis
2065 3363 2126 3401 ac

540 3435 738 3497 dicere,
789 3437 880 3488 Die
908 3445 966 3489 ut
1014 3436 1066 3489 hi
1107 3437 1212 3489 duo
1254 3436 1343 3489 lilii
1393 3438 1494 3490 mei
1525 3451 1776 3490 coronam
1817 3439 2120 3507 accipiant:

542 3525 666 3594 quid
691 3527 849 3594 igitur
870 3526 958 3581 ille
984 3526 1497 3596 respondebit?-lloc
1513 3527 1692 3596 ipsum
1716 3529 1985 3594 nimirum,
2017 3546 2124 3584 non

543 3629 625 3671 est
658 3634 834 3672 memn
857 3619 1006 3687 dare,
1028 3620 1350 3689 agonotheta
1376 3635 1519 3687 sum,
1543 3610 1630 3690 qui
1655 3637 1757 3675 non
1783 3621 1848 3675 ad
1875 3624 2121 3693 gratiam,

543 3718 636 3762 aut
657 3710 1066 3779 supplicantium
1094 3711 1361 3779 precibus,
1392 3719 1448 3765 et
1477 3711 1814 3780 prensatione
1843 3712 2122 3780 adductus,

543 3801 638 3856 sed
661 3817 880 3872 operum
911 3804 1053 3857 exitu
1081 3803 1296 3872 praemia
1321 3804 1586 3858 distrihuo
1614 3821 1627 3857 :
1659 3803 1710 3858 id
1732 3805 1874 3860 enim
1899 3806 2127 3861 maxime

542 3905 625 3949 est
670 3898 1022 3965 agonothclaz,
1057 3907 1113 3951 ut
1139 3913 1245 3952 non
1290 3911 1509 3964 temere,
1563 3908 1652 3951 aut
1705 3914 1917 3969 quoquo
1968 3901 2127 3954 modo

545 3990 761 4059 prsentia
790 3989 1063 4059 largiatur,
1086 3991 1178 4046 sed
1207 3991 1461 4044 honorem
1488 3989 1778 4045 fortitudini
1802 3991 2004 4046 delerat
2031 4010 2045 4046 :
2077 3994 2126 4047 id

546 4081 796 4136 nimirum
827 4093 880 4136 et
907 4081 1148 4137 Christus
1171 4081 1316 4137 facit.
1346 4081 1460 4136 Non
1492 4092 1549 4135 ut
1577 4083 1825 4148 auferret,
1859 4099 1978 4152 qua:
2005 4093 2128 4138 sunt

541 4171 872 4239 substantiae,
919 4174 990 4228 ita
1039 4173 1286 4243 loquutus
1326 4183 1426 4240 est,
1455 4173 1547 4227 scd
1599 4182 1654 4226 ut
1702 4173 1800 4228 hoc
1846 4173 2123 4241 indicaret,

545 4281 650 4319 non
683 4266 848 4335 ipsius
877 4281 996 4320 esse
1040 4266 1203 4320 solius
1232 4265 1390 4332 dare,
1439 4265 1532 4320 sed
1563 4281 1747 4320 eorum
1770 4308 1784 4331 ,
1817 4267 1906 4335 qui
1939 4265 2129 4320 decer-

545 4365 680 4420 tant,
708 4358 971 4425 accipere.
1003 4356 1132 4411 Nam
1161 4358 1204 4412 si
1232 4358 1395 4412 solius
1432 4365 1576 4411 esset
1598 4355 1784 4426 ipsius,
1815 4371 2002 4412 omnes
2027 4357 2129 4411 ho-

545 4446 717 4498 mines
740 4447 873 4499 salvi
918 4446 1106 4502 fierent
1130 4490 1144 4514 ,
1178 4457 1230 4502 et
1256 4447 1322 4502 ad
1352 4447 1674 4517 agnitionem
1714 4447 1954 4502 veritatis
1984 4450 2130 4502 veni-

543 4545 664 4590 rent
695 4551 708 4589 :
741 4536 786 4590 si
811 4537 974 4591 solius
1000 4548 1141 4592 esset
1186 4538 1370 4606 ipsius,
1417 4537 1722 4594 differentes
1761 4538 1994 4594 honores
2023 4554 2125 4594 non

546 4636 728 4684 essent
769 4645 781 4682 :
826 4644 1012 4684 omnes
1058 4631 1198 4684 enim
1242 4630 1354 4699 ipse
1383 4629 1639 4698 condidit,
1667 4640 1721 4686 et
1745 4630 2018 4701 aequaliter
2047 4640 2129 4685 est

545 4721 621 4776 illi
651 4736 775 4776 cura
823 4722 890 4777 de
913 4723 1178 4777 omnibus.
1213 4723 1380 4778 Porro
1415 4721 1726 4779 differentes
1751 4739 1870 4779 esse
1898 4726 2128 4779 honores

547 4831 611 4870 ex
641 4815 806 4870 Paulo
846 4815 898 4870 id
927 4825 1227 4884 exponente
1253 4829 1560 4878 cognosces,
1595 4815 1720 4869 dum
1750 4817 1840 4880 ait,
1875 4817 1988 4869 Alia
2017 4818 2123 4869 cla-

545 4909 669 4962 ritas
698 4909 837 4973 solis,
869 4917 914 4961 et
942 4909 1045 4960 alia
1074 4907 1278 4960 claritas
1307 4907 1474 4972 lunaz,
1513 4917 1556 4960 et
1582 4908 1684 4960 alia
1719 4909 1924 4961 claritas
1954 4909 2130 4960 stella-

544 5016 676 5054 rum.
698 4998 861 5054 Stella
879 5000 1008 5052 enim
1025 5015 1053 5051 a
1069 4997 1214 5053 stella
1235 4996 1404 5064 diﬂ’ert
1418 4995 1645 5050 claritate
1662 4997 1737 5069 (Ι.
1761 4997 1876 5051 Cor.
1900 4999 1986 5052 15.
2009 4998 2122 5070 41).

542 5092 611 5147 Et
638 5106 853 5156 rursus,
897 5090 957 5145 Si
999 5090 1111 5157 quis
1149 5088 1521 5158 supera’diﬁcat
1549 5105 1705 5159 supra
1747 5087 2126 5157 fundamentum

547 5185 661 5248 hoc,
694 5200 894 5245 aurum,
926 5191 1210 5252 argentum,
1251 5181 1444 5255 lapides
1470 5182 1713 5252 pretiosos
1760 5179 1872 5253 (Id.
1910 5183 1961 5236 '5.
2014 5183 2122 5249 1'2).

543 5275 614 5330 Ut
643 5275 785 5330 enim
812 5274 1020 5329 virtutis
1048 5275 1356 5329 varietatem
1389 5272 1648 5328 indicaret
1668 5273 1880 5340 Paulus,
1907 5272 1982 5327 sic
2003 5289 2126 5329 Ora-

543 5367 742 5423 tionem
797 5367 1219 5422 accommodavit
1269 5383 1283 5420 :
1340 5377 1395 5423 et
1424 5365 1538 5421 hzec
1566 5365 1795 5431 dicebat,
1845 5367 1997 5420 simul
2043 5365 2128 5420 ἰ.ι-

544 5473 714 5514 nuens
744 5476 850 5514 non
883 5474 1040 5530 posse
1085 5474 1183 5515 nos
1209 5459 1526 5515 dormiendo
1549 5459 1632 5512 vel
1661 5458 1932 5513 stertendo
1960 5459 2009 5512 in
2045 5474 2128 5513 re-

544 5565 703 5618 gnum
732 5550 981 5604 caelorum
1009 5548 1246 5615 introire,
1293 5550 1385 5605 sed
1412 5565 1508 5619 per
1527 5549 1721 5605 multas
1765 5549 2128 5605 tribulationes

542 5636 852 5708 accipienda
875 5656 992 5695 esse
1015 5642 1097 5696 illa
1128 5642 1362 5712 praemia.
1389 5640 1519 5696 Nam
1539 5645 1658 5711 quia
1683 5649 1961 5712 propterea
1986 5639 2128 5711 quod

540 5735 834 5809 plurimum
874 5733 1102 5788 amicitia
1129 5743 1182 5788 et
1224 5732 1394 5805 gratia
1447 5732 1586 5801 apud
1627 5733 1800 5801 ipsum
1843 5731 2126 5798 valebant,

2212 407 2499 462 censebant
2519 406 2633 460 fore
2661 416 2717 460 ut
2745 407 2888 475 ipsos
2917 407 3076 461 etiam
3097 405 3297 462 honore
3323 413 3508 468 caeteris
3525 422 3716 479 anteler-
3735 451 3740 481 :

2216 509 2319 563 ret,
2350 515 2416 554 ne
2443 501 2485 554 si
2518 499 2634 554 lucc
2661 499 2762 554 illis
2791 499 3022 568 suspicio
3051 499 3342 566 insedisset,
3373 507 3716 576 negligentimcs

2212 591 2531 658 evaderent,
2566 601 2622 645 ut
2649 591 2717 645 ab
2743 591 2840 645 hac
2867 606 2959 646 eos
2999 591 3248 661 opinione
3273 593 3552 662 abduceret,
3588 603 3716 673 dixit,

2215 685 2336 740 Non
2363 695 2434 739 est
2459 702 2623 738 meum
2649 686 2792 752 dare,
2821 685 2913 739 sed
2944 693 3200 752 vestrum,
3228 687 3270 742 si
3296 689 3474 756 velitis,
3491 693 3717 761 accipere:

2215 789 2272 832 ut
2317 779 2570 848 majorem
2613 779 2776 832 animi
2816 777 3148 834 alacritatem
3176 780 3486 847 exhibeatis,
3522 793 3572 837 ut
3594 787 3724 855 tnajo-

2216 885 2328 925 rem
2356 871 2624 937 laborem,
2653 880 2710 925 ut
2733 870 2964 925 studium
2997 871 3166 940 majus
3200 889 3213 924 :
3249 871 3482 940 operibus
3502 873 3626 928 enim
3651 891 3722 931 co-

2218 978 2376 1019 ronas
2396 978 2635 1034 propono
2653 1007 2668 1031 ,
2698 974 2751 1018 et
2792 963 3062 1018 laboribus
3103 963 3348 1030 honores,
3378 974 3426 1019 et
3453 968 3637 1035 prtemia
3655 984 3724 1024 su-

2217 1055 2334 1110 dori
2363 1073 2376 1109 :
2409 1057 2522 1110 haec
2548 1055 2686 1125 apud
2715 1071 2801 1111 me
2821 1054 3212 1110 commendatio
3237 1055 3371 1109 valet
3397 1058 3616 1127 maxime,
3638 1076 3731 1130 quae

2218 1149 2288 1204 ab
2311 1163 2530 1219 operum
2559 1149 2884 1204 exhibitione
2912 1158 3211 1219 promanat.

2283 1243 2344 1297 ὕ.
2390 1241 2548 1296 Vides
2577 1257 2662 1295 me
2698 1257 2802 1296 non
2848 1241 3040 1296 frustra
3070 1241 3267 1296 dixisse
3297 1256 3391 1296 nec
3427 1241 3575 1311 ipsius
3613 1259 3732 1307 esse,

2222 1349 2320 1388 nec
2345 1334 2538 1397 Patris,
2572 1334 2666 1387 sed
2692 1349 2896 1396 eorum,
2923 1334 3010 1403 qui
3042 1335 3337 1397 decertant,
3361 1333 3549 1388 labores
3582 1346 3732 1389 exant-

2223 1424 2353 1490 lant,
2395 1431 2450 1477 et
2477 1423 2734 1480 molestiis
2791 1423 3202 1479 conflictantur?
3231 1425 3504 1494 Propterea
3536 1425 3734 1479 nimirum

2223 1525 2276 1570 et
2302 1515 2600 1570 Jemsalem
2650 1515 2857 1570 dicebat
2892 1532 2906 1568 :
2942 1516 3149 1580 Quoties
3173 1515 3309 1568 volui
3335 1533 3610 1586 congregare
3637 1516 3737 1584 ﬁlios

2223 1617 2410 1663 vestros
2434 1608 2856 1678 quemadmodum
2878 1608 3072 1677 gallina
3095 1608 3268 1677 pullos
3290 1624 3422 1671 suos,
3445 1621 3489 1661 et
3515 1607 3739 1662 noluistis!

2228 1698 2357 1753 Ecce
2393 1699 2703 1765 relinquetur
2729 1700 2907 1752 domus
2933 1708 3097 1752 vestra
3130 1697 3332 1752 deserta
3357 1700 3375 1768 (
3398 1697 3516 1751 Luc.
3545 1699 3618 1752 l3.
3643 1698 3739 1764 54).

2227 1791 2388 1846 Vides
2403 1792 2517 1845 lieri
2536 1807 2640 1846 non
2666 1807 2839 1861 posse,
2861 1802 2919 1846 ut
2935 1809 2998 1848 ex
3019 1793 3124 1847 illis
3143 1792 3232 1862 qui
3251 1792 3402 1845 otiosi
3418 1800 3549 1856 sunt,
3567 1807 3619 1845 ac
3634 1791 3744 1846 desi-

2225 1881 2340 1945 des,
2364 1890 2420 1937 et
2459 1883 2630 1952 supini
2658 1882 2868 1952 jacent,
2904 1883 3040 1937 ullus
3058 1882 3348 1952 aliquando
3374 1882 3542 1935 salvus
3566 1880 3668 1934 fiat?
3687 1880 3744 1934 Ex

2227 1975 2332 2030 hoc
2359 1983 2414 2030 et
2443 1975 2586 2030 aliud
2618 1975 2886 2045 quidpiam
2931 1991 3184 2029 arcanum
3237 1975 3506 2038 discimus,
3533 1989 3623 2026 non
3647 1973 3750 2026 satis

2226 2081 2346 2122 esse
2373 2069 2682 2138 martyrium
2718 2067 2784 2121 ad
2821 2083 3130 2137 supremum
3169 2067 3425 2121 honorem
3454 2075 3505 2120 et
3527 2064 3749 2118 altissima

2227 2161 2369 2215 sedis
2398 2159 2782 2215 cenciliandam
2816 2161 3244 2230 praerogativam.
3268 2161 3403 2214 Ecce
3429 2173 3632 2227 namque
3648 2171 3751 2226 pra:-

2227 2251 2356 2306 dixit
2389 2252 2502 2304 istis
2528 2251 2647 2306 fore
2669 2251 2900 2320 quidem,
2927 2261 2984 2304 ut
3008 2253 3328 2322 martyrium
3357 2258 3656 2319 paterentur,
3679 2262 3752 2301 nec

2229 2343 2427 2398 idcirco
2457 2353 2634 2397 tamen
2670 2343 2888 2396 omnino
2916 2342 3115 2410 primos
3143 2342 3378 2396 honores
3420 2353 3751 2408 consequeren-

2231 2447 2316 2492 tur
2343 2453 2359 2490 :
2391 2436 2585 2506 quippe
2609 2451 2730 2490 cum
2753 2442 2933 2489 essent
2960 2434 3227 2500 nonnulli,
3255 2433 3343 2504 qui
3373 2432 3557 2502 majora
3585 2437 3755 2499 possent

2229 2543 2340 2584 ase
2383 2538 2585 2597 patrata
2629 2525 2914 2581 ostendere
2963 2543 2977 2591 ;
3027 2525 3078 2580 id
3117 2525 3268 2595 quod
3309 2523 3537 2578 indicans
3555 2521 3754 2575 dicebat:

2231 2619 2446 2673 Calicem
2473 2617 2676 2688 quidem
2703 2633 2868 2669 meum
2898 2617 3094 2683 bibatis,
3124 2626 3168 2669 et
3198 2615 3469 2684 baptismo,
3493 2629 3582 2682 quo
3601 2628 3676 2680 ego
3695 2609 3758 2662 ba-

2229 2711 2412 2778 ptizor,
2442 2707 2818 2779 baptizabimini
2841 2723 2861 2762 :
2888 2707 3057 2761 sedere
3085 2714 3257 2759 autem
3287 2705 3354 2759 ad
3371 2706 3626 2764 dexteram,
3647 2709 3684 2754 et
3706 2699 3756 2750 tul

2229 2804 2518 2870 sinistram,
2549 2820 2651 2857 non
2682 2813 2754 2858 est
2785 2819 2948 2857 meum
2977 2802 3116 2856 dare.
3151 2801 3272 2855 Non
3317 2799 3453 2870 quod
3479 2798 3667 2862 sedeat,
3689 2794 3760 2848 sed

2231 2896 2332 2949 hoc
2359 2895 2498 2951 idem
2541 2897 2712 2961 valet,
2743 2896 2884 2965 quod
2930 2895 3185 2964 majorem
3231 2893 3483 2962 consequi
3519 2891 3761 2951 honorem,

2230 2987 2429 3055 primas
2459 2999 2634 3055 partes
2681 2987 2942 3050 obtinere,
2992 2986 3330 3053 superiorem
3373 2984 3603 3038 omnibus
3644 2980 3762 3034 lieri:

2229 3077 2361 3133 dixit
2388 3079 2548 3148 igitur
2571 3078 2759 3132 sedere
2787 3077 2853 3130 ad
2899 3076 3172 3130 dexteram
3218 3086 3273 3131 et
3309 3076 3375 3130 ad
3416 3075 3688 3135 sinistram,
3723 3077 3768 3122 ut

2231 3185 2416 3225 eorum
2462 3169 2697 3240 opinioni
2727 3184 2785 3223 se
2811 3167 3249 3223 accommodaret
3285 3187 3300 3223 :
3332 3169 3405 3222 illi
3443 3167 3576 3222 enim
3613 3163 3770 3231 primas

2229 3271 2409 3331 partes
2437 3259 2775 3328 appetebant,
2801 3267 2852 3314 et
2883 3269 2941 3313 ut
2967 3260 3174 3315 exteris
3198 3260 3453 3315 omnibus
3478 3257 3680 3326 majores
3699 3267 3786 3331 api

2233 3361 2502 3424 parerent.
2538 3352 2649 3406 lloc
2673 3353 2832 3422 igitur
2861 3353 3031 3422 ipsum
3057 3352 3256 3422 inquit,
3283 3360 3340 3405 ut
3368 3365 3464 3404 vos
3481 3347 3774 3404 cmterisma—

2229 3446 2374 3514 jores
2402 3443 2703 3514 appareatis
2727 3485 2741 3509 ,
2773 3443 3128 3512 omnibusque
3175 3442 3544 3507 sublimiores,
3590 3440 3672 3491 hac
3693 3449 3771 3488 una

2233 3553 2290 3592 re
2321 3553 2425 3592 non
2465 3537 2688 3607 potestis
2717 3537 3031 3606 acquirere:
3071 3550 3194 3588 nam
3226 3546 3456 3590 mortem
3489 3531 3678 3603 quidem
3699 3541 3775 3596 op-

2235 3629 2444 3696 petetis,
2479 3635 2535 3680 ut
2560 3637 2734 3680 autem
2758 3641 3066 3696 supremum
3094 3625 3366 3680 honorem
3395 3620 3672 3679 obtineatis,
3693 3632 3772 3672 non

2233 3729 2316 3775 est
2341 3735 2515 3774 memu
2537 3717 2850 3777 etmcedcre.
2879 3718 2972 3772 sed
3001 3719 3195 3787 quibus
3226 3727 3466 3788 paratum
3491 3723 3587 3771 est.
3606 3713 3666 3768 Et
3684 3707 3776 3780 qui-

2237 3810 2457 3863 busnam
2499 3824 2682 3878 quaeso
2721 3817 2960 3877 paratum
3004 3810 3126 3863 est?
3169 3809 3483 3872 Videamus,
3513 3808 3699 3876 quinam
3721 3799 3774 3853 illi

2235 3901 2342 3953 sint
2369 3901 2504 3954 beati
2533 3916 2594 3954 ac
2619 3908 2713 3953 iter
2736 3899 2893 3964 beati,
2918 3901 3112 3968 quique
3131 3898 3448 3968 splendidas
3463 3898 3576 3953 illas
3597 3905 3780 3949 θοι-ουλε

2235 3999 2650 4060 consequuntur.
2684 3989 2908 4056 Quinam
2940 3989 3097 4058 igitur
3122 3989 3202 4044 illi
3235 3998 3384 4056 sunt,
3412 4000 3465 4043 et
3489 4001 3612 4058 quas
3633 3984 3691 4038 ob
3713 3995 3779 4034 res

2235 4092 2411 4154 geStas
2438 4081 2570 4136 adeo
2596 4081 2877 4151 splendide
2910 4082 3282 4135 coronantur?
3326 4079 3463 4135 Audi
3489 4077 3606 4149 quid
3633 4075 3778 4129 dicat:

2236 4173 2522 4242 Postquam
2549 4175 2691 4226 enirn
2713 4171 2897 4226 decem
2926 4171 3181 4242 indignati
3211 4181 3341 4227 sunt
3357 4173 3424 4226 de
3440 4169 3651 4232 duobus,
3671 4159 3780 4234 quod

2235 4263 2439 4321 scilicet
2461 4279 2580 4319 cum
2604 4279 2633 4318 a
2659 4272 2801 4320 cestu
2828 4277 2889 4320 se
2909 4262 3320 4331 disjunxissent,
3361 4263 3430 4317 de
3465 4251 3781 4316 transferendo

2237 4357 2289 4410 in
2317 4371 2376 4410 se
2404 4370 2654 4424 supremo
2679 4353 2883 4410 honore
2903 4352 3296 4420 deliberarent,
3332 4353 3456 4408 vide
3485 4346 3723 4422 quomodo
3745 4352 3783 4397 et

2239 4449 2447 4504 illorum
2473 4449 2769 4518 passionem
2799 4448 3050 4518 corrigat,
3075 4455 3128 4501 et
3156 4445 3385 4500 istorum
3417 4463 3432 4500 :
3468 4441 3650 4498 vocatis
3672 4435 3780 4492 enim

2239 4543 2338 4597 illis
2373 4542 2440 4597 ad
2468 4557 2525 4596 se
2564 4542 2642 4595 sic
2671 4541 2745 4595 ait
2779 4558 2791 4593 :
2827 4539 3095 4611 Principes
3123 4540 3356 4609 gentium
3384 4537 3690 4590 dominantur
3717 4541 3781 4580 eoo

2234 4651 2370 4700 rum,
2421 4643 2468 4686 et
2516 4634 2601 4698 qui
2643 4631 2812 4703 magni
2839 4640 2973 4696 sunt,
3027 4639 3329 4700 potestatem
3358 4634 3582 4682 exercent
3609 4624 3656 4676 in
3687 4631 3782 4673 eos:

2235 4726 2374 4795 apud
2395 4742 2479 4779 vos
2503 4733 2667 4778 autent
2690 4741 2788 4777 non
2819 4726 2888 4776 ita
2913 4723 3004 4776 erit
3027 4721 3149 4786 ;sed
3165 4723 3473 4790 quicumque
3487 4714 3785 4772 volueritintrt

2235 4831 2320 4869 vos
2351 4817 2543 4885 primus
2567 4829 2688 4876 esse,
2711 4812 3033 4882 ﬁatomnittm
3051 4811 3260 4864 ultimus
3287 4809 3478 4881 (Marc.
3499 4807 3580 4861 10.
3603 4800 3780 4863 $2.45)-

2237 4906 2504 4975 Perspicis
2537 4907 2636 4957 hoc
2662 4905 2779 4958 illos
2806 4903 3059 4968 voluisse,
3092 4911 3147 4956 ut
3175 4902 3364 4971 primi,
3391 4900 3615 4970 majores
3647 4904 3690 4946 et
3715 4905 3781 4943 su-

2238 4997 2475 5065 periores
2502 4993 2808 5062 evaderent,
2838 5003 2996 5063 atque
3019 5001 3076 5046 ut
3103 4992 3173 5045 ita
3206 4990 3387 5046 dicam
3422 4990 3648 5060 ipsorum
3675 4980 3782 5052 prin-

2237 5085 2424 5156 cipes?
2448 5087 2732 5156 Propterea
2759 5101 2949 5154 nempe
2976 5085 3235 5138 adversus
3266 5084 3373 5138 hoc
3402 5083 3641 5136 insistens
3660 5085 3786 5128 eteo-

2239 5193 2356 5230 rum
2389 5191 2584 5231 arcana
2625 5177 2678 5230 in
2722 5177 2952 5230 medium
2981 5174 3262 5244 proferens
3295 5174 3431 5228 dixit
3451 5216 3464 5237 ,
3499 5170 3595 5234 Qui
3618 5160 3786 5219 volneri:

2236 5270 2368 5323 inter
2395 5285 2482 5322 uos
2510 5271 2702 5338 primus
2728 5285 2853 5333 esse,
2885 5270 2950 5323 sit
2983 5268 3206 5322 omnium
3233 5267 3470 5319 minister
3494 5262 3593 5336 (Ib.
3623 5275 3663 5313 υ.
3700 5250 3785 5320 ιι).

2239 5359 2294 5414 Si
2327 5359 2550 5428 primum
2591 5373 2903 5413 consessum
2947 5359 3215 5428 appetitis,
3268 5357 3464 5426 inquit,
3491 5363 3543 5407 et
3565 5355 3787 5405 summum

2237 5453 2518 5520 honorem,
2542 5453 2784 5507 ultimum
2805 5450 3181 5522 pcrsequimiui
3214 5450 3420 5515 locum,
3443 5456 3497 5504 et
3519 5454 3574 5500 ut
3593 5437 3787 5496 omnium

2237 5546 2353 5600 sitis
2395 5545 2671 5613 vilissimi,
2699 5545 2936 5599 omnium
2969 5541 3285 5607 humillimi,
3315 5540 3557 5595 omnium
3590 5524 3786 5587 minimi.

2237 5650 2439 5706 vosque
2462 5635 2698 5691 omnimn
2737 5645 3034 5705 postremos
3059 5631 3340 5688 collocetis
3375 5648 3388 5683 :
3423 5628 3537 5684 hzcc
3558 5622 3683 5682 ciiitn
3707 5613 3794 5671 vir-

2239 5739 2323 5784 tus
2350 5729 2605 5787 honorem
2635 5729 2780 5784 illum
2809 5729 3049 5800 largitur,
3080 5741 3256 5795 neque
3285 5725 3445 5794 longe
3471 5721 3614 5775 abest
3635 5719 3787 5768 excut-
