3980 6184
305 187 406 242 ΤΠ

302 328 472 397 plum,
493 318 637 390 quod
664 329 718 374 et
744 319 967 373 mullum
997 318 1222 373 excedit.
1254 317 1368 372 Non
1393 319 1524 372 enim
1547 318 1678 372 venit
1705 315 1879 371 Filius

305 413 538 477 hominis,
558 420 613 464 ut
642 412 1011 466 ministrentur
1035 411 1100 475 ei,
1133 410 1219 464 sed
1246 420 1300 464 ut
1315 409 1640 475 ministraret,
1663 417 1708 463 et
1729 408 1869 464 daret

302 499 521 557 animam
533 518 698 569 suam,
721 501 1109 572 redemptionem
1129 518 1220 572 pro
1242 501 1410 554 multis
1433 490 1621 572 (Marc.
1645 499 1732 556 10.
1751 500 1867 569 43).

300 593 367 650 Ut
408 592 716 663 intelligatis
755 592 893 647 istud
922 607 1041 647 esse
1080 591 1218 663 quod
1264 593 1434 646 claros
1469 591 1642 646 reddit
1669 599 1724 647 et
1750 591 1871 644 illu-

298 695 454 749 stres,
482 683 676 749 videte,
699 683 886 755 inquit,
913 684 1177 755 quomodo
1203 674 1290 739 res
1320 684 1448 739 mihi
1474 686 1829 740 successerint
1852 725 1866 745 ,

298 775 382 845 qui
405 791 581 844 neque
602 776 826 842 honore,
853 791 1024 846 neque
1051 775 1218 846 gloria
1243 776 1454 846 indigeo
1481 793 1498 830 :
1528 775 1870 830 nihilominus

299 875 474 920 tamen
495 864 596 919 hac
619 866 826 919 ratione
852 865 988 919 bona
1013 865 1289 920 innumera
1311 873 1435 920 sunt
1459 881 1487 918 a
1512 881 1596 919 me
1616 864 1866 935 perfecta.

295 957 596 1026 Antequam
620 957 761 1012 enim
783 970 996 1012 carnem
1024 957 1395 1026 assumpsisset
1418 954 1526 1021 ille,
1547 969 1683 1012 acse
1698 955 1866 1024 ipsum

296 1047 602 1118 abiecisset,
644 1046 914 1117 perierant
951 1047 1128 1101 omnia
1151 1086 1169 1113 ,
1209 1055 1264 1101 et
1299 1045 1367 1101 de
1407 1045 1654 1100 omnibus
1693 1055 1866 1100 actum

295 1146 410 1195 erat
437 1157 453 1192 :
485 1147 762 1210 postquam
790 1147 969 1193 autem
993 1138 1229 1208 seipsum
1255 1137 1468 1206 dejecit,
1495 1152 1682 1192 omnes
1712 1137 1762 1190 in
1789 1137 1868 1191 al-

295 1240 405 1284 tum
437 1231 649 1295 evexit,
695 1229 1034 1285 maledictum
1064 1229 1296 1296 delevit,
1332 1240 1554 1284 mortem
1580 1229 1868 1297 exstinxit,

296 1321 598 1391 paradisum
620 1321 848 1390 aperuit,
879 1319 1154 1392 [tetanum
1187 1323 1456 1375 mortuilm
1487 1309 1738 1386 reddidit,
1767 1323 1872 1374 ct-

294 1413 469 1467 lorum
499 1410 726 1467 fornices
751 1409 1032 1478 rescierit,
1063 1403 1327 1482 primitias
1353 1409 1568 1466 nostras
1593 1411 1646 1465 in”
1678 1407 1867 1465 εειικιι

295 1503 530 1568 sustulit,
560 1504 743 1557 orbem
770 1512 1030 1558 terrarum
1057 1501 1251 1571 pietate
1282 1502 1601 1572 complevit,
1631 1516 1866 1557 errorem

295 1596 494 1665 abegit,
521 1596 798 1649 veritatem
837 1593 1068 1659 reduxit,
1116 1593 1378 1664 primitias
1417 1602 1623 1648 nostras
1665 1593 1866 1662 re‘gium

295 1688 344 1741 in
375 1689 629 1742 thronum
658 1685 933 1752 subvexit,
970 1685 1245 1739 innumera
1278 1684 1413 1739 bona
1439 1684 1718 1754 prtestitit:
1751 1699 1867 1753 qua:

293 1795 471 1850 neque
499 1795 618 1848 ego,
647 1794 817 1848 neque
843 1779 1097 1833 mortales
1142 1792 1326 1832 omnes
1369 1787 1587 1847 possent
1628 1777 1868 1832 oratione

291 1869 596 1939 complecti.
637 1869 712 1923 Ac
741 1867 884 1938 prius
913 1867 1159 1938 quidem,
1198 1883 1353 1938 quam
1395 1883 1452 1922 se
1499 1867 1863 1931 humiliasset,

292 1959 471 2028 angeli
497 1967 698 2012 tantum
722 1959 890 2028 ipsum
911 1968 1165 2013 noverant
1193 1975 1207 2012 :
1235 1966 1516 2029 postquam
1555 1962 1730 2012 autem
1775 1969 1865 2011 ss-

293 2049 467 2120 ipsum
496 2049 811 2117 humiliavit,
839 2051 1012 2104 omnis
1032 2065 1151 2104 eum
1181 2059 1367 2103 natura
1387 2047 1598 2118 agnati!
1615 2041 1861 2101 humana.

293 2141 458 2197 Vides
487 2157 592 2212 quo
621 2150 777 2212 pacto
804 2140 944 2210 quod
980 2155 1039 2196 se
1069 2139 1451 2202 humiliaverit,
1496 2137 1664 2194 nihilo
1693 2137 1866 2191 minor

289 2233 352 2288 sit
373 2233 653 2300 redditus,
672 2233 764 2288 sed
800 2233 1075 2288 innumera
1097 2233 1398 2296 indelucra,
1428 2232 1698 2286 innumera
1722 2239 1865 2286 recte

291 2323 426 2378 facta
464 2325 848 2394 promanarint,
879 2324 1098 2394 ejusque
1123 2322 1286 2396 gloria
1312 2323 1504 2379 clarius
1530 2322 1728 2377 idcirco
1752 2321 1858 2376 elu-

1326 187 1412 246 σε
1437 182 1713 244 CHRISTI
1743 176 2096 236 PHECIBL‘S.
2135 200 2190 211 —-
2213 170 2549 228 ΜΟΝΙΤΕΜ.

3444 186 3542 242 779

1979 296 2131 352 xerit.
2161 299 2308 368 Quod
2336 303 2380 355 si
2412 302 2461 355 in
2495 301 2620 362 Deo.
2653 301 2742 371 qui
2770 302 2920 356 bonis
2949 301 3198 358 nantibus
3220 299 3409 366 amuit,
3439 317 3537 356 nec

1978 388 2081 444 ulla
2108 405 2166 445 re
2195 390 2412 462 indiget,
2443 391 2582 461 quod
2612 392 2842 462 seipsum
2866 391 3238 460 lnuniliaverit,
3266 401 3468 446 tantum
3494 393 3542 445 id

1975 480 2100 536 boni
2131 482 2356 551 peperit,
2389 483 2668 552 pluresque
2722 481 2946 538 famulos
2988 482 3060 537 illi
3105 483 3437 547 conciliavit,
3483 497 3544 536 ac

1977 583 2194 640 regnum
2224 571 2482 633 dilatavit,
2511 572 2637 642 quid
2670 581 2723 626 tu
2751 572 2952 627 vereris
2971 612 2986 636 ,
3017 587 3084 626 ne
3110 587 3230 627 eum
3275 581 3326 626 te
3367 571 3544 626 humi-

1973 663 2206 730 liaveris,
2226 664 2400 717 minor
2415 662 2546 719 tias?
2576 664 2707 717 Tum
2730 663 3005 718 sublimior
3017 663 3149 730 eris,
3173 673 3280 718 tum
3300 678 3545 733 magnus,

1977 763 2089 810 tum
2110 755 2308 821 clarus,
2339 763 2448 808 tum
2478 755 2699 810 illustris
2717 796 2733 820 ,
2759 769 2882 809 cum
2911 755 3136 824 teipsum
3167 753 3508 809 lloccifcceris
3531 794 3545 812 .

1973 862 2095 903 cum
2142 847 2342 917 primas
2383 856 2558 914 partes
2597 861 2702 900 non
2744 846 3094 916 appetiveris,
3137 846 3230 900 sed
3266 844 3544 900 inferiores

1975 944 2132 1010 ferre,
2167 953 2220 997 et
2242 941 2448 1006 occidi,
2492 948 2546 993 et
2586 940 2638 992 in
2688 939 2938 1005 periculis
2985 936 3218 999 versari,
3263 943 3545 990 contentus

1976 1036 2160 1101 fueris,
2193 1051 2312 1089 cum
2345 1031 2700 1088 ministerium
2739 1030 3006 1100 plerisque
3030 1067 3046 1094 ,
3088 1027 3433 1096 obsequium,
3489 1036 3544 1078 et

1973 1145 2153 1185 curam
2205 1127 2468 1182 studueris
2511 1125 2797 1190 exhibere,
2860 1131 3016 1190 atque
3057 1119 3212 1187 hujus
3262 1118 3338 1171 rei
3383 1131 3540 1172 causa

1973 1223 2182 1292 quidvis
2208 1235 2364 1292 agere
2390 1220 2599 1290 patique
2626 1226 2840 1287 paratus
2869 1212 3051 1268 fueris.
3087 1211 3178 1266 llis
3210 1211 3368 1280 igitur
3410 1226 3541 1263 con-

1975 1288 2262 1376 sidbrétis,
2296 1288 2656 1374 dilectissimi,
2703 1303 3050 1360 humilitatem
3112 1315 3320 1355 summo
3366 1301 3540 1354 studio

1975 1395 2264 1469 sedietnl’r,
2287 1405 2346 1458 et
2373 1399 2496 1458 dum
2522 1381 2694 1454 ﬂecti
2724 1395 3043 1452 contumelia
3090 1393 3347 1449 fuerimus
3365 1435 3380 1457 ,
3419 1409 3538 1447 cum

1974 1497 2230 1565 deSpecti,
2257 1510 2376 1548 cum
2399 1501 2634 1546 extrema
2655 1498 2844 1543 cuncta
2869 1486 3128 1558 perpessi,
3151 1500 3272 1539 cum
3294 1483 3537 1553 neglecti,

1973 1604 2034 1642 ac
2066 1585 2504 1650 iudihriohahiti,
2549 1597 2668 1636 cum
2698 1581 2966 1648 voluptate
3007 1577 3366 1648 perferamus,
3411 1574 3540 1630 nihil

1974 1681 2116 1735 enim
2145 1679 2225 1733 sic
2258 1677 2308 1730 in
2337 1675 2500 1729 altum
2525 1673 2737 1737 tollere,
2769 1670 2992 1739 gloriam
3011 1677 3066 1724 et
3086 1668 3340 1723 honorem
3363 1670 3540 1721 conci-

1977 1771 2130 1836 liare,
2163 1778 2322 1839 atque
2347 1765 2560 1822 efﬁcere
2581 1773 2640 1819 ut
2671 1775 2894 1833 magnus
2915 1760 3149 1827 videare,
3175 1759 3469 1823 consuevit,
3486 1768 3542 1813 ut

1975 1865 2143 1917 virtus
2183 1859 2514 1915 humilitatis.
2557 1855 2720 1923 Cujus
2764 1853 2918 1909 nobis
2966 1852 3220 1908 eximium
3273 1851 3540 1919 snecimen

1973 1952 2344 2010 ethlbontihtts
2373 1949 2628 2019 promissa
2651 1944 2908 2015 consequi
2939 1943 3074 1998 bona
3109 1942 3397 2012 contingat,
3421 1955 3540 2010 gra-

1974 2047 2044 2104 ea
2075 2055 2128 2103 ct
2164 2044 2490 2114 lienignitate
2523 2039 2730 2095 Domini
2780 2036 2946 2093 nostri
2983 2035 3108 2092 Jesu
3149 2034 3364 2098 Christi,
3415 2047 3535 2087 cum

1971 2155 2078 2211 quo
2096 2137 2282 2208 gloria,
2310 2134 2499 2198 honor,
2513 2139 2568 2186 et
2592 2130 2830 2184 adoratio
2853 2126 3012 2194 Patri,
3031 2134 3085 2180 et
3107 2123 3321 2194 Spiritui
3353 2129 3540 2178 sancto

1980 2247 2120 2289 nunc
2145 2239 2199 2288 et
2226 2242 2437 2299 semper
2462 2235 2515 2282 et
2541 2226 2594 2280 in
2615 2211 2805 2281 sareula
2834 2221 3168 2286 saeculorum,
3201 2221 3390 2273 Amen.

1181 2552 1766 2567 mm
1797 2550 1813 2560 ⁵
1825 2552 2116 2565 “’”””“““’“-““’”⁹
2131 2554 2159 2560 “’

1181 2567 2329 2578 Μ*

2245 2569 2329 2580 τη-

1181 2555 1766 2567 ..Ι--ι--σ-ν--ῄ
1797 2555 2159 2565 'W~"—w-—--u—
2192 2555 2244 2562 ς

597 2555 2244 2582 ῌπ-ῆ-ᾘΜ

317 2561 1008 2595 ω

1718 2678 2095 2793 ΜΟΝῙΤΠΜ

293 2921 616 2972 circumstat
643 2918 779 2982 disi,
818 2936 838 2970 ι
871 2925 923 2972 et
961 2935 1063 2973 non
1087 2921 1208 2988 jam
1231 2919 1542 2984 orationem,
1583 2921 1673 2973 sed
1699 2936 1869 2973 rocem

294 3017 570 3062 mortuam
606 3010 884 3076 excitasse,
912 3010 1044 3064 satis
1069 3017 1176 3062 tum
1218 3009 1712 3066 demonstravimus.
1746 3009 1872 3064 Haec

289 3112 466 3170 porro
493 3098 683 3154 confer
714 3114 838 3153 cum
899 3099 966 3154 iis
1000 3114 1122 3169 quae
1174 3099 1228 3154 in
1265 3099 1490 3154 homilia
1544 3099 1620 3155 De
1654 3099 1866 3155 Lazaro

289 3190 424 3246 dicit
452 3205 607 3245 num.
637 3191 691 3254 5,
719 3198 774 3245 et
811 3191 994 3245 statim
1025 3191 1327 3260 comperies
1357 3191 1498 3246 hanc
1549 3191 1720 3261 ipsam
1767 3192 1867 3247 ho-

289 3281 505 3336 miliam
531 3295 563 3335 a
593 3280 1008 3352 Chrysostomo,
1047 3281 1204 3351 quasi
1235 3288 1408 3351 nuper
1436 3282 1678 3337 habitam
1700 3314 1716 3347 ,-
1752 3288 1866 3337 me

290 3370 524 3429 morari.
561 3368 628 3426 Ut
658 3386 787 3427 vero
817 3371 1032 3427 caneris
1057 3385 1411 3428 occurramus
1437 3373 1507 3428 ab
1536 3371 1748 3428 Halesio
1775 3373 1873 3428 ob-

285 3462 456 3534 jectis
484 3463 842 3534 argumentis,
872 3464 1182 3520 consideres
1246 3464 1406 3519 velim
1461 3465 1764 3520 orationem
1805 3465 1873 3519 de

293 3553 509 3608 Lazaro
538 3554 905 3624 quatriduanu
932 3555 1366 3625 αὐτοσχεδίασμα
1397 3571 1520 3611 esse
1549 3556 1874 3627 Chrysost

292 3648 388 3702 mi.
431 3641 574 3698 Nam
634 3661 755 3699 cum
805 3660 872 3700 ex
931 3645 1160 3702 lectione
1226 3645 1502 3718 Evangelii
1559 3649 1626 3703 de
1665 3648 1872 3705 Lazaro

293 3735 689 3808 quatriduano,
729 3746 860 3792 tunc
901 3737 956 3791 in
987 3744 1132 3792 coetu
1163 3735 1417 3794 Ecclesia:
1448 3745 1688 3808 peracta,
1722 3739 1871 3793 Ano-

294 3829 424 3886 mmi
453 3839 506 3883 et
531 3827 728 3892 Judaei,
763 3836 826 3882 ut
852 3827 971 3898 ipse
1021 3827 1178 3884 initio
1217 3829 1370 3896 dicit,
1427 3829 1875 3886 contradictionis

298 3934 499 3976 ansam
532 3919 837 3990 arriperent
861 3919 1212 3990 dicerentqne
1241 3936 1348 3975 non
1387 3931 1571 3992 parem
1613 3930 1734 3978 esse
1771 3921 1876 3978 Pa-

296 4017 363 4070 tri
389 4028 547 4077 ennt,
582 4014 673 4083 qui
722 4010 936 4067 Patrem
967 4019 1304 4084 precantur,
1332 4025 1395 4067 ex
1431 4022 1673 4083 tempore
1705 4014 1877 4085 Chrys

295 4116 582 4164 wswmus
611 4105 750 4159 hanc
778 4105 1083 4160 orationem
1114 4104 1340 4160 habuit:
1373 4103 1465 4159 ubi
1511 4105 1649 4159 mira
1685 4101 1876 4160 solita-

295 4213 404 4268 que
472 4197 523 4250 vi
579 4196 984 4252 ratiociniornm
1043 4197 1285 4252 adversa:
1325 4196 1495 4266 partis
1547 4200 1870 4268 argumenta

297 4291 520 4362 depellit
548 4308 562 4344 :
590 4306 654 4346 ac
701 4291 826 4346 licet
870 4291 1044 4346 oratio
1073 4307 1180 4345 non
1214 4301 1430 4346 assueta
1463 4300 1744 4361 troporum
1779 4301 1871 4347 or-

301 4393 560 4439 namenta
603 4399 714 4454 prie
760 4399 821 4440 se
886 4382 1044 4449 ierat,
1103 4383 1232 4454 quia
1282 4381 1540 4438 nimirum
1577 4383 1634 4438 id
1687 4389 1869 4439 rerum

303 4475 546 4532 conditio
608 4488 717 4531 non
773 4475 1106 4546 postulabat,
1157 4483 1402 4531 attamen
1445 4475 1640 4546 stylus,
1696 4483 1880 4545 neque

308 4566 427 4636 ipso
496 4567 720 4638 penitus
777 4567 1040 4624 dillitente
1094 4565 1316 4624 Halosin
1342 4604 1358 4635 ,
1416 4565 1874 4640 Chrysostdmutn

311 4662 530 4716 omnino
570 4659 734 4729 sapit.

377 4750 477 4806 Sed
504 4751 679 4822 pergit
739 4748 1012 4815 Halesius,
1052 4770 1074 4803 ι
1138 4749 1300 4808 Potio
1345 4749 1514 4824 quam
1571 4752 1748 4808 reddit
1779 4759 1879 4808 cur

301 4841 556 4898 Christus
583 4840 848 4898 Lazarum
898 4843 1220 4899 nominatim
1271 4845 1579 4916 compellet,
1629 4853 1882 4916 aposnm

299 4931 406 5002 οδε
427 4933 495 4988 ad
529 4931 805 4988 infernum
837 4944 893 4990 et
919 4933 1166 5004 ejusdem
1197 4935 1579 5006 prosopopoeia
1615 4933 1879 4989 νέανικωο

302 5022 474 5095 τέρεν
523 5023 676 5078 olent
701 5025 985 5080 audaciam
1012 5023 1249 5095 alicujus
1305 5025 1511 5096 ingenii
1554 5026 1884 5083 recentiori.

302 5121 564 5176 moneta,
582 5127 688 5168 non
705 5123 888 5170 autem
913 5115 1058 5170 illam
1076 5113 1308 5170 Joannis
1327 5116 1676 5172 soliditatem.
1689 5137 1708 5170 ι
1721 5117 1892 5173 Ratio

298 5211 484 5258 autem
517 5202 633 5268 illa,
656 5218 820 5274 quam
837 5205 1267 5277 Chrysostomus
1293 5204 1472 5273 affert,
1502 5221 1602 5262 cur
1623 5207 1886 5264 Christus

298 5291 574 5350 Lazarum
623 5297 948 5352 nominatim
1000 5299 1428 5368 compellaverit,
1479 5299 1704 5366 Lazaro,
1759 5301 1876 5355 ueni

302 5384 474 5453 foras,
512 5387 829 5457 hujusmodi
887 5399 1007 5444 est:
1046 5387 1146 5454 Ne,
1181 5391 1229 5444 si
1266 5390 1562 5446 absoia’tam
1601 5401 1776 5446 nocent
1805 5391 1877 5446 ad

302 5488 544 5531 mortuos
585 5478 888 5543 direxisset,
929 5497 1132 5545 omnes,
1181 5483 1272 5553 qui
1305 5485 1358 5536 iit
1389 5483 1641 5554 sepulcris
1706 5493 1879 5550 erant,

302 5568 590 5634 excitaret,
621 5568 674 5625 id
723 5579 838 5636 est,
888 5569 932 5626 si
967 5571 1196 5632 dixisset
1231 5582 1464 5642 tantum,
1529 5572 1658 5630 Veni
1714 5573 1880 5643 foras,

1973 2930 2095 2972 cum
2127 2916 2237 2969 haec
2267 2930 2370 2969 vox
2399 2930 2505 2970 non
2570 2916 2743 2987 magis
2803 2915 3090 2982 Lazarum,
3148 2933 3312 2988 quam
3368 2919 3534 2974 alium

1972 3007 2277 3079 quempiam
2306 3017 2575 3068 evocaret.
2611 3022 2800 3062 omnes
2835 3008 3059 3062 omnino
3109 3009 3307 3065 mortui
3355 3025 3537 3066 resur-

1972 3099 2174 3155 recturi
2201 3108 2394 3152 erant:
2429 3107 2575 3152 tanta
2624 3113 2818 3168 nempe
2867 3108 2984 3153 erat
3015 3099 3217 3155 Christi
3274 3102 3533 3170 potentia.

1973 3193 2046 3246 De
2075 3192 2346 3246 ratiocinii
2412 3191 2722 3261 huiusmodi
2755 3192 3010 3264 ἀκριϐείᾳ
3052 3207 3159 3248 non
3208 3193 3536 3263 disputabo:

1972 3284 2069 3341 sed
2099 3284 2266 3340 libere
2311 3275 2528 3338 dicam:
2570 3282 2615 3337 si
2661 3299 2728 3338 ex
2761 3275 3074 3353 huiusmodi
3122 3282 3418 3338 ratiociniis
3454 3301 3539 3336 vo-

1974 3375 2130 3440 θείας
2184 3373 2448 3431 sententia
2506 3374 2727 3431 ferenda
2785 3377 2892 3442 sit,
2944 3377 3359 3446 quamplurima:
3417 3376 3536 3430 alite

1976 3467 2641 3542 Chrysoswmihomilite,
2696 3478 2834 3539 quas
2889 3477 3066 3524 tamen
3129 3481 3277 3524 certo
3327 3474 3542 3525 constat

1975 3561 2128 3618 lllum‘
2163 3561 2420 3626 edidisse,
2463 3569 2526 3614 ex
2580 3559 2938 3630 genuinarum
2994 3557 3131 3613 serie
3170 3557 3540 3629 expungendus

1973 3657 2154 3706 erunt.
2179 3649 2334 3716 Quod
2357 3649 2474 3718 pari
2515 3647 2726 3702 ratione
2763 3647 2911 3702 dicas
2962 3647 3030 3702 de
3086 3649 3413 3718 apostrophe
3473 3648 3538 3703 ad

1975 3740 2248 3796 infernum
2273 3749 2328 3795 et
2353 3741 2419 3796 de
2451 3741 2850 3812 prosopopteia,
2881 3753 3000 3809 quae
3028 3740 3106 3794 sic
3134 3740 3331 3796 habet:
3361 3739 3545 3806 Quatt-

1973 3833 2042 3887 do
2070 3833 2231 3902 ﬂebat
2251 3831 2448 3897 oiatio,
2481 3843 2583 3888 non
2615 3834 2900 3887 resurrexit
2922 3843 3180 3898 mortuus,
3218 3833 3307 3887 sed
3332 3835 3543 3904 quando

1975 3918 2112 3980 dixit
2153 3942 2175 3978 ο
2222 3920 2448 3988 Lazare,
2491 3926 2605 3981 veni
2640 3923 2810 3996 foras,
2848 3943 2866 3978 ι
2915 3935 3037 3980 tunc
3081 3939 3318 3980 mortuus
3371 3942 3543 3981 resur-

1978 4019 2136 4074 rexit.
2163 4017 2209 4073 0
2240 4018 2426 4072 mortis
2461 4018 2791 4087 tyrannidem
2815 4017 2836 4072 .'
2863 4033 2894 4071 ο
2939 4018 3270 4088 tyrannidem
3327 4019 3537 4072 virtutis

1978 4110 2148 4173 illius,
2199 4121 2317 4180 qua:
2375 4110 2613 4164 animam
2669 4105 2821 4162 illam
2860 4107 3122 4164 detinebat
3150 4108 3238 4161 !'o
3297 4105 3544 4175 inferne!

1976 4198 2121 4272 facta
2149 4209 2227 4256 est
2256 4203 2449 4265 oratio,
2488 4213 2534 4256 el
2562 4211 2832 4255 mortuum
2867 4213 2972 4255 non
3014 4199 3242 4254 dimittis
3267 4202 3295 4256 ν
3329 4198 3541 4272 Nequa-

1975 4301 2154 4362 quam,
2195 4293 2388 4363 inquit.
2429 4291 2550 4358 Qua
2586 4293 2650 4346 de
2670 4306 2833 4346 causa
2855 4294 2881 4348 ?
2918 4292 3056 4358 Quia
3087 4308 3190 4345 non
3216 4293 3400 4361 jussus
3429 4309 3540 4346 sum

1974 4383 2256 4448 dimittere,
2269 4387 2373 4439 etc.
2388 4383 2528 4450 Quot
2544 4390 2763 4438 exstant
2790 4383 2931 4454 apud
2945 4383 3392 4454 Chrysostomum
3416 4399 3544 4454 apo.

1976 4469 2212 4544 streplra-
2240 4481 2294 4529 et
2338 4473 2733 4545 prosopoth
2758 4474 3116 4546 huiusmodi?
3144 4474 3200 4529 Si
3227 4475 3544 4532 advertisset

1977 4564 2230 4622 Hirtius
2269 4565 2413 4622 hanc
2439 4565 2717 4622 ltomiliam
2742 4567 2796 4623 in
2826 4568 2952 4636 alia,
2980 4585 3145 4641 quam
3176 4569 3545 4642 Chrysostomi

1976 4665 2096 4710 esse
2128 4665 2291 4710 nemo
2333 4655 2583 4711 dubitare
2626 4666 2827 4728 potest,
2879 4660 3165 4730 perspicue
3212 4659 3548 4722 memorari,

1977 4753 2188 4802 certum
2223 4747 2398 4803 habeo
2432 4747 2608 4818 ipsum
2653 4761 2756 4806 nec
2784 4750 3185 4821 apostrOphen,
3209 4765 3309 4805 nec
3355 4765 3550 4820 proso-

1977 4841 2253 4912 pOptnia'tn
2285 4841 2434 4896 illam
2480 4849 2542 4896 ut
2568 4839 2783 4907 νοθείας
2819 4851 3200 4915 argumentum
3256 4842 3549 4898 allaturum

1978 4931 2170 4989 fuisse.
2200 4933 2384 5001 Quare
2412 4926 2706 4990 Frontonis
2767 4933 2950 4990 Βαεωὶ
2982 4933 3292 5004 exemplum
3354 4932 3548 4998 secuti,

1980 5025 2130 5082 iilam
2157 5027 2298 5081 inter
2327 5027 2562 5096 genuina
2597 5034 2759 5096 Opera
2793 5027 2954 5082 edere
2983 5027 3116 5081 nihil
3164 5025 3405 5082 cunctati
3455 5041 3548 5082 su-

1980 5119 2122 5184 nias,
2193 5119 2424 5189 ipsique.
2484 5123 2543 5172 ut
2590 5128 2766 5188 supra
2788 5117 2992 5173 dictum
3048 5127 3150 5182 est,
3209 5117 3431 5172 alteram
3485 5117 3553 5170 de

1981 5205 2185 5263 Christi
2219 5208 2474 5278 precibus
2515 5207 2912 5272 subnectimns,
2945 5222 3052 5262 non
3118 5209 3279 5263 modo
3334 5208 3461 5279 quia
3496 5207 3548 5262 id

1984 5299 2290 5371 argumenti
2313 5297 2677 5370 temporisque
2701 5301 2838 5354 ratio
2867 5300 3222 5370 postulat,sc‘-d
3243 5301 3402 5356 etiam
3424 5301 3551 5371 quia

1984 5391 2254 5464 posteri“
2282 5391 2480 5461 prieris‘
2505 5391 2833 5463 γνησιότητα
2859 5390 3053 5448 asserit
3080 5399 3134 5446 et
3160 5393 3464 5448 continuat.

2056 5480 2355 5554 Utriusque
2411 5495 2541 5540 vero
2603 5497 2722 5538 eam
2775 5484 3274 5553 interpretationem
3313 5485 3548 5547 edimus.

1991 5588 2152 5647 quam
2173 5569 2518 5632 concinnavit
2547 5572 2751 5633 Fronto
2782 5573 3026 5631 Dncaeus.
