3980 6184
429 203 526 259 779
1104 201 1143 254 S
1201 191 1483 252 JOANNIS
1521 186 2011 248 CHRYSOSTOMI
2052 181 2376 241 ARCIIIEP.
2417 174 2965 234 CONSTANTINOP.
3522 172 3615 231 780

439 463 3609 521 ___________________________________________

693 3255 785 3317 (De
796 3254 967 3305 Christi
983 3252 1211 3317 precibus
1223 3258 1669 3315 eontra‘Anomaaos,
1682 3256 1781 3318 lx.)

521 3363 573 3416 l.
625 3359 898 3415 Hodierno
941 3360 1028 3415 die
1074 3360 1359 3416 suscitatus
1409 3375 1440 3414 a
1485 3361 1708 3418 mortuis
1760 3361 2025 3432 Lazarus,

450 3452 737 3506 multorum
782 3451 937 3506 nobis
974 3451 1352 3521 variorumque
1388 3450 1758 3507 scandalorum
1801 3452 2028 3509 dissolu-

452 3545 652 3600 tionem
686 3544 943 3614 impertit.
986 3543 1110 3599 ll:ec
1144 3544 1285 3599 enim
1322 3544 1480 3600 lectio
1516 3545 1699 3600 nescio
1737 3560 1843 3617 quo
1874 3554 2028 3617 pacto

449 3636 719 3691 lueretieis
736 3651 940 3703 ansam,
965 3634 1228 3690 etJudaJis
1244 3636 1676 3692 contradictionis
1693 3638 2025 3693 occasionem

450 3725 637 3780 dedit:
669 3741 775 3781 non
811 3741 879 3782 ex
907 3727 984 3782 rei
1028 3727 1269 3795 veritate,
1297 3727 1469 3792 absit,
1494 3727 1588 3783 sed
1609 3728 1677 3782 ob
1706 3728 2025 3785 malitiosum

450 3816 663 3872 illorum
688 3818 945 3873 animum.
974 3817 1248 3889 Siquidem
1279 3818 1429 3873 multi
1460 3834 1527 3873 ex
1555 3817 1821 3875 haereticis
1844 3818 2028 3876 dicunt

448 3908 679 3963 similem
721 3909 863 3965 Patri
902 3925 1007 3965 non
1048 3924 1169 3967 esse
1209 3910 1423 3991 Filium.
1450 3910 1588 3979 Quid
1630 3910 1736 3965 ita?
1765 3910 2025 3979 Quoniam

448 3999 675 4072 iudiguit
702 4002 965 4071 precibus,
997 4002 1261 4073 inquiunt,
1281 4001 1525 4058 Christus
1548 4002 1615 4058 ad
1636 4002 1970 4058 excitandum
1992 4018 2025 4057 a

447 4090 676 4147 mortuis
713 4092 970 4148 Lazarum
1005 4109 1019 4151 :
1049 4093 1149 4148 nisi
1193 4093 1334 4148 enim
1384 4101 1701 4165 apprecatus
1729 4102 1888 4159 esset,
1920 4093 2026 4151 La-

447 4200 632 4240 zarum
691 4201 797 4241 non
866 4186 1174 4243 excitasset.
1234 4186 1300 4241 Et
1360 4187 1449 4255 qui
1514 4184 1627 4241 ﬁeri
1686 4185 1918 4255 poterit,
1967 4193 2027 4240 ut

448 4274 498 4329 is
534 4275 624 4346 qui
656 4284 902 4347 precatus
938 4284 1059 4344 est,
1089 4277 1160 4331 sit
1198 4276 1388 4332 similis
1420 4276 1503 4343 ei,
1549 4275 1640 4347 qui
1678 4275 2024 4347 supplicatio.

448 4380 574 4419 nem
616 4366 863 4421 admisit?
890 4368 1021 4421 Nam
1068 4366 1156 4422 hic
1195 4369 1409 4439 quidem
1456 4377 1735 4437 precatur,
1768 4368 1859 4423 ille
1896 4381 2025 4423 vero

444 4468 634 4524 preces
657 4455 1002 4523 supplicantis
1020 4456 1253 4512 admisit.
1272 4456 1647 4528 Blasphemant
1664 4467 1864 4525 autem,
1882 4456 2026 4528 quod

448 4559 557 4599 non
594 4545 889 4615 intelligant
912 4548 1380 4603 condescensionis
1405 4550 1571 4620 gratia
1601 4565 1789 4620 preces
1813 4558 1867 4606 et
1895 4564 2023 4621 pro-

446 4644 570 4707 pter
599 4635 921 4693 adstantium
970 4638 1385 4695 imbecillitatem
1421 4640 1568 4697 fusas
1605 4657 1745 4700 esse.
1789 4643 2021 4715 Alioqui,

406 4776 415 4795 ,ι
446 4725 556 4795 dic,
583 4741 783 4798 quaeso,
830 4729 949 4800 quis
974 4729 1145 4799 major
1169 4739 1282 4796 est,
1318 4729 1409 4801 qui
1440 4731 1582 4786 lavat
1605 4732 1805 4803 pedes,
1837 4747 1904 4787 an
1934 4733 2025 4788 ille

402 4822 417 4903 ,4
446 4817 602 4888 cujus
647 4819 813 4889 pedes
871 4821 1048 4876 lavat?
1103 4820 1333 4878 Omnino
1383 4823 1532 4877 illum
1584 4823 1841 4894 majorem
1901 4840 2024 4881 esse

445 4911 617 4980 dices,
647 4913 797 4985 cujus
825 4914 989 4983 pedes
1011 4915 1140 4972 lavit
1163 4917 1207 4971 is
1230 4957 1254 4982 ,.
1275 4917 1365 4987 qui
1391 4916 1601 4971 lavabat
1624 4915 1803 4988 (Joan.
1820 4918 1917 4972 ’13.
1943 4916 2021 4987 5).

523 5002 754 5060 Christus
778 5004 934 5062 ludia
955 5009 1105 5079 pedes
1129 5010 1271 5064 lauit.
1292 5037 1366 5051 —-
1386 5009 1543 5080 Atqui
1565 5008 1715 5065 Iuda:
1740 5008 2027 5080 proditoris

449 5093 619 5160 pedes
644 5096 774 5153 lavit
798 5096 1084 5155 Salvator?
1110 5099 1370 5171 siquidem
1403 5115 1525 5156 cum
1560 5099 1833 5172 discipulis
1861 5108 1977 5156 erat
2006 5118 2021 5155 :

447 5186 570 5254 quis
589 5202 717 5257 ergo
736 5188 946 5259 major?
964 5206 1089 5245 num
1105 5189 1318 5247 Christo
1339 5192 1564 5250 Domino
1584 5193 1821 5265 proditor
1838 5192 1868 5248 J
1873 5192 2022 5261 udas,

444 5278 874 5351 quandoquidem
894 5280 1011 5353 ejus
1027 5282 1188 5353 pedes
1206 5284 1332 5340 lavit
1347 5284 1626 5341 Christus?
1640 5285 1815 5341 Absit.
1836 5284 2024 5342 Utrum

458 5384 589 5425 vero
610 5370 894 5443 humilius,
928 5375 1105 5431 lavare
1146 5376 1341 5447 pedes,
1381 5393 1450 5433 an
1476 5377 1723 5449 precari?
1745 5376 1898 5433 Haud
1922 5376 2024 5431 du-

452 5461 604 5517 bium
628 5464 760 5535 quin
780 5463 941 5533 pedes
967 5466 1165 5523 lavare.
1197 5467 1297 5536 Qui
1313 5484 1441 5541 ergo
1467 5469 1612 5541 quod
1633 5477 1751 5525 erat
1774 5468 2025 5524 humilius

449 5552 629 5612 lacere
654 5574 762 5616 non
792 5563 1355 5635 recusavit,quomodo
1385 5563 1562 5620 facere
1588 5563 1729 5635 quod
1758 5572 1874 5620 erat
1899 5562 2026 5618 sub-

2142 3259 2324 3317 limius
2384 3266 2692 3319 recusaret?
2743 3264 2857 3320 Sed
2899 3265 3076 3321 omnia
3126 3275 3353 3337 propter
3400 3266 3685 3323 adstantium

2135 3350 2439 3410 Judazorum
2487 3356 2903 3413 imbecillitatem
2946 3358 3172 3426 ﬂebant,
3231 3368 3289 3414 ut
3329 3375 3393 3415 ex
3436 3372 3685 3430 progressu

2136 3446 2399 3501 sermonis
2426 3448 2720 3517 apparebit.
2751 3449 3049 3515 Quinetiam
3074 3449 3250 3505 Judaei
3277 3448 3683 3507 contradictioni:

2134 3536 2258 3593 inde
2286 3539 2619 3594 occasionem
2649 3541 2968 3610 arripientes
3007 3542 3191 3598 dicunt
3224 3561 3239 3597 :
3273 3544 3360 3615 qui
3397 3543 3482 3609 lit,
3504 3552 3559 3597 ut
3581 3558 3684 3598 eum

2132 3626 2421 3683 Christiani
2470 3629 2634 3684 Deum
2674 3629 2937 3698 habeant,
2981 3632 3072 3702 qui
3119 3632 3304 3687 locum
3348 3633 3434 3688 ubi
3474 3641 3686 3688 mortuus

2127 3716 2337 3785 jacebat
2368 3718 2605 3775 Lazarus
2630 3720 2903 3789 ignorabat
2923 3722 2955 3775 ?‘
2973 3721 3407 3793 quandoquidem
3444 3723 3686 3778 sororibus

2132 3807 2318 3863 Lazari
2347 3810 2567 3866 Marthae
2591 3820 2645 3867 et
2669 3811 2847 3867 Maria:
2873 3812 3119 3869 Salvator
3141 3814 3360 3871 dicebat
3375 3856 3391 3882 ,
3423 3813 3516 3874 Ubi
3536 3813 3686 3884 posui-

2132 3900 2224 3953 stis
2251 3916 2364 3954 eum
2390 3899 2568 3973 (Joan.
2602 3902 2691 3957 ll.
2728 3902 2855 3973 34)?
2885 3902 3064 3971 Vides,
3105 3904 3301 3975 inquit,
3332 3902 3687 3977 ignorantiam?

2134 3989 2295 4045 Vides
2337 3991 2800 4049 imbecillitatem?
2827 3993 2989 4050 lllene
3012 3995 3102 4065 qui
3136 3996 3304 4051 etiam
3345 3997 3517 4053 locum
3553 3997 3685 4066 igno-

2131 4082 2287 4147 ravit,
2317 4092 2402 4139 est
2430 4084 2607 4141 Deus?
2651 4080 2723 4138 At
2746 4100 2844 4157 ego
2881 4087 2957 4143 sic
2990 4103 3084 4143 eos
3117 4074 3399 4159 alloquar,
3439 4105 3540 4145 non
3565 4086 3686 4158 quod

2132 4176 2204 4231 ita
2254 4179 2511 4245 sentiam,
2567 4179 2662 4237 sed
2719 4186 2779 4235 ut
2839 4195 3025 4236 eorum
3066 4180 3426 4251 objectionem
3481 4180 3686 4254 ignomi-

2132 4270 2286 4324 niose
2310 4270 2569 4340 rejiciam.

2201 4361 2460 4419 Probatur
2483 4363 2738 4421 Christum
2772 4383 2873 4421 non
2899 4366 3156 4438 ignorasse
3181 4368 3269 4422 ubi
3311 4377 3438 4422 esset
3465 4366 3682 4422 Lazarus.

2131 4483 2202 4497 -—
2226 4454 2526 4525 lgnoravit,
2556 4457 2657 4524 ais,
2678 4457 2942 4523 Christus,
2967 4473 3001 4513 ο
3036 4458 3222 4514 ,Ιυάαξθ
3239 4501 3255 4527 ,
3286 4459 3409 4531 quia
3434 4459 3577 4519 dixit.
3603 4456 3687 4510 Ubi

2132 4550 2365 4620 posuistis
2391 4550 2543 4606 eum?
2570 4550 2751 4621 Itaque
2780 4551 3040 4622 ignoravit
3071 4553 3231 4607 etiam
3262 4553 3315 4607 in
3342 4551 3579 4622 paradiso
3604 4548 3686 4601 Pa-

2132 4648 2234 4709 ter,
2256 4641 2345 4697 ubi
2373 4641 2716 4696 absconditus
2736 4651 2879 4697 esset
2897 4642 3087 4697 Adam.
3118 4643 3389 4698 Circuibat
3403 4642 3539 4697 enim
3555 4652 3686 4709 quas:

2131 4746 2253 4788 eum
2281 4732 2333 4787 in
2363 4733 2608 4802 paradiso
2636 4749 2882 4804 quaerens
2901 4776 2917 4802 ,
2942 4749 3005 4789 ac
3040 4724 3223 4789 dicens
3254 4753 3269 4789 :
3308 4736 3469 4789 Adam
3504 4734 3584 4786 ubi
3615 4730 3689 4784 es?

2132 4827 2280 4895 quasi
2302 4826 2521 4892 diceret,
2542 4827 2629 4882 ubi
2651 4826 2993 4882 absconditus
3012 4828 3105 4882 es?
3129 4826 3304 4896 Quare
3325 4844 3431 4881 non
3461 4827 3597 4896 prius
3617 4823 3686 4876 lo-

2130 4930 2253 4972 cum
2271 4917 2421 4981 dixit,
2448 4933 2515 4972 ex
2528 4933 2634 4989 quo
2657 4933 2776 4973 cum
2804 4917 3001 4973 fiducia
3020 4935 3137 4975 cum
3168 4920 3281 4973 Deo
3310 4915 3688 4986 colloquebatnr

2136 5017 2334 5076 Adam?
2362 5016 2557 5079 Adam,
2575 5014 2665 5068 ubi
2675 5014 2762 5068 es?
2779 5012 2868 5067 Ille
2891 5025 3020 5067 vero
3041 5006 3207 5079 quid?
3230 5007 3423 5062 Vocem
3445 5012 3685 5058 tuantau-

2138 5111 2242 5165 divi
2260 5111 2314 5163 in
2332 5107 2586 5178 paradiso
2597 5104 2994 5169 ambulantis,et
3010 5101 3183 5164 timui,
3201 5115 3260 5154 eo
3281 5092 3600 5169 quod‘nudus
3611 5102 3683 5142 es-

2138 5218 2264 5265 sem,
2283 5209 2332 5254 et
2348 5198 2599 5254 abscondi
2617 5213 2697 5251 me
2712 5195 2862 5266 (Gen.
2883 5196 2936 5250 5.
2956 5195 3009 5251 9.
3039 5191 3149 5264 10).
3172 5191 3227 5247 Si
3246 5190 3410 5254 hanc,
3452 5184 3681 5245 cludate.

2129 5298 2291 5339 vocas
2320 5284 2670 5354 ignorantiam
2691 5327 2706 5351 ,
2734 5284 2879 5340 illam
2909 5300 3120 5356 quoque
3158 5283 3509 5354 ignorantiam
3548 5288 3679 5330 voca.

2132 5374 2350 5432 Dicebat
2371 5375 2513 5432 enim
2535 5374 2780 5431 Christus
2804 5375 3025 5430 Martha:
3048 5384 3103 5430 et
3130 5374 3323 5437 Marias,
3360 5369 3459 5428 Ubi
3475 5362 3683 5442 posuistis

2132 5485 2244 5523 eum
2262 5469 2288 5523 .9
2316 5468 2465 5526 Hanc
2506 5470 2667 5538 igitur
2695 5469 3047 5540 ignorantiam
3083 5468 3279 5524 vocas?
3305 5465 3442 5533 Quid
3470 5475 3589 5531 ergo
3611 5456 3681 5510 di-

2133 5577 2243 5630 ces,
2273 5577 2400 5619 cum
2414 5562 2651 5619 audieris
2677 5563 2842 5618 Deum
2871 5561 3038 5619 Caino
3057 5561 3342 5627 dicentem,
3370 5556 3467 5613 Ubi
3488 5562 3557 5608 est
3578 5548 3682 5604 Abel
