3980 6184
221 251 323 310 78’!

221 369 386 440 frater
406 373 526 419 tuus
547 361 700 438 (Gen.
723 361 776 418 ι.
797 360 883 431 9)?
902 356 1038 428 Quid
1060 357 1139 414 ais
1157 357 1201 413 ⁸2
1225 355 1284 413 Si
1305 356 1444 412 hanc
1465 350 1816 427 ignorantiam

229 473 415 524 vocas,
437 455 583 511 illam
605 468 819 524 quoque
839 451 1195 522 ignorantiam
1215 465 1369 505 voca.
1386 448 1582 518 Accipe
1592 445 1818 500 alteram

218 553 388 610 etiam
408 565 474 606 ex
494 549 769 618 Scriptum
791 560 943 600 sacra
964 543 1499 600 demonstrationem.
1522 538 1664 594 Dixit
1680 538 1821 592 Deus

220 642 482 705 Abraltm,
506 641 712 696 Clamor
739 636 1081 692 Sodomorum
1103 643 1150 688 et
1168 631 1465 688 Gomorrhar
1491 630 1620 683 venit
1635 627 1703 682 ad
1718 644 1818 682 me.

219 732 551 788 Descendens
577 729 734 800 igitur
754 724 928 781 ridebo
947 765 965 791 ,
994 725 1038 778 si
1056 722 1332 777 secundum
1351 721 1619 774 clamorem
1647 733 1818 774 eorum

218 827 308 896 qui
345 824 483 880 uenit
520 822 591 876 ad
624 836 737 886 me,
769 824 1225 872 censummantur:
1261 814 1345 868 sin
1378 821 1549 866 autent
1593 826 1728 876 non,
1766 819 1820 862 ut

233 916 410 970 sciam
424 912 538 984 (Id.
561 911 739 966 l830.
753 912 867 984 21).
888 913 993 979 Qui
1009 913 1354 968 novitomnia
1373 920 1666 982 antequam
1685 909 1815 966 dant

228 1006 402 1078 (Dan.
452 1008 546 1062 15.
585 1007 699 1076 42),
730 1005 823 1077 Qui
853 1006 1018 1061 corda
1051 1014 1108 1061 et
1148 1021 1309 1061 renes
1351 1012 1630 1061 scrutatur
1670 1003 1815 1058 Deus

232 1099 422 1172 (Psat.
466 1100 517 1153 7.
541 1099 653 1170 10),
675 1100 766 1170 qui
786 1098 940 1154 novit
954 1099 1313 1170 cogitationes
1330 1097 1611 1152 hominum
1635 1093 1813 1166 (Psat.

225 1195 300 1251 93
333 1195 384 1248 .l
401 1195 476 1264 1).
498 1194 651 1250 solus
666 1192 902 1257 dicebat,
926 1190 1256 1247 Descendens
1278 1190 1443 1261 igitur
1459 1187 1660 1254 videbo,
1679 1187 1726 1241 si
1741 1202 1818 1241 se-

223 1285 471 1340 cundum
486 1287 769 1341 clamorem
784 1285 1084 1355 eorum,qui
1101 1285 1236 1339 venit
1255 1285 1324 1338 ad
1343 1293 1818 1349 me,consumman-

224 1388 322 1434 tur
342 1395 364 1432 :
388 1380 477 1432 sin
499 1387 674 1432 autem
696 1393 822 1442 non,
839 1386 899 1432 ut
915 1378 1105 1432 sciam.
1127 1373 1187 1429 Si
1211 1373 1345 1429 illud
1362 1382 1446 1430 est
1472 1367 1818 1444 ignorantia),

223 1469 341 1527 hoc
363 1485 584 1540 quoque
602 1469 708 1525 erit
725 1469 996 1540 ignorare.
1021 1468 1194 1540 Atqui
1209 1482 1389 1538 neque
1409 1465 1709 1522 secundum
1728 1479 1818 1520 ve-

225 1569 325 1618 tus
344 1569 734 1617 testamentum
752 1560 915 1617 Pater
935 1562 1176 1633 ignorat,
1196 1575 1376 1630 neque
1393 1555 1693 1614 secundum
1717 1569 1819 1611 no-

222 1667 364 1710 vum
403 1661 791 1710 testamentum
821 1651 1016 1711 Filius.
1048 1653 1186 1721 Quid
1217 1661 1304 1708 est
1332 1653 1497 1725 igitur
1521 1649 1678 1714 illud,
1712 1647 1819 1702 De-

223 1746 487 1802 tendens
511 1743 715 1811 ridebo,
737 1750 788 1800 st
799 1745 1086 1802 secundum
1101 1745 1384 1800 clamorem
1402 1759 1607 1808 eorum,
1624 1741 1715 1812 qui
1735 1755 1819 1795 ae-

222 1841 304 1896 nit
333 1842 410 1895 ad
439 1856 542 1901 me,
565 1848 999 1894 consummantur
1025 1854 1046 1894 :
1065 1839 1151 1894 sin
1179 1847 1356 1893 autem
1379 1851 1502 1900 non,
1520 1845 1578 1888 ut
1602 1835 1817 1890 sciam?

293 1919 432 1975 Non
470 1919 628 1990 facile
660 1917 986 1974 credendum.
1009 1945 1086 1958 --
1110 1917 1345 1985 Rumor,
1388 1916 1592 1985 inquit,
1627 1915 1694 1969 ad
1731 1928 1818 1968 me

222 2011 522 2083 peruenit:
562 2009 660 2065 sed
694 2008 999 2064 accuratius
1027 2008 1150 2062 volo
1186 2020 1374 2063 rursus
1399 2005 1577 2077 reipsa
1604 2005 1819 2076 experi-

222 2111 475 2161 mentum
517 2116 748 2172 capere:
777 2111 884 2156 non
932 2099 1073 2171 quod
1111 2100 1351 2171 ignorem
1392 2111 1527 2168 ego,
1577 2096 1673 2154 sed
1715 2095 1815 2151 ho-

223 2197 406 2252 mines
435 2210 468 2250 a
496 2207 586 2250 me
608 2192 792 2249 doceri
822 2192 1004 2256 velim,
1035 2199 1095 2246 ut
1121 2205 1191 2246 ne
1220 2199 1423 2247 temere
1448 2188 1608 2245 ﬁdem
1640 2187 1821 2244 verbis
1859 2217 1862 2220 ~

221 2288 543 2352 adhibeant,
572 2293 769 2356 neque,
794 2285 841 2340 si
859 2284 983 2356 quis
1001 2282 1262 2339 adversus
1286 2281 1514 2338 alterum
1545 2279 1815 2350 quidpiam

222 2381 395 2447 dicat,
423 2379 583 2435 facile
619 2375 947 2434 credendum
985 2388 1138 2440 esse,
1183 2386 1366 2429 verum
1398 2371 1486 2427 ubi
1527 2369 1673 2442 prius
1715 2369 1815 2438 ipsi

221 2473 521 2543 diligenter
558 2468 926 2541 palpaveriut,
972 2475 1028 2522 et
1081 2479 1194 2521 rem
1234 2464 1403 2535 ipsam
1450 2461 1818 2532 experimento

223 2562 548 2628 didicerint,
583 2570 695 2616 tum
720 2558 936 2615 demum
970 2569 1093 2613 esse
1126 2553 1474 2612 credendum.
1501 2555 1678 2622 Atque
1718 2551 1819 2618 hac

222 2656 292 2712 de
318 2665 493 2711 causa
533 2653 590 2708 in
619 2652 729 2707 alio
755 2651 1047 2720 Scriptura:
1075 2648 1195 2705 ineo
1219 2647 1435 2704 dicebat
1464 2663 1479 2702 :
1510 2644 1820 2720 Noliteere-

223 2750 350 2805 dere
373 2747 518 2803 omni
555 2745 703 2801 uerbo
727 2742 1011 2816 (EcciiJ9.
1043 2741 1160 2812 16).
1183 2740 1325 2797 Nihil
1353 2739 1498 2797 enim
1539 2738 1611 2794 ita
1653 2737 1815 2793 vitam
1834 2737 1845 2747 ”

224 2839 512 2895 hominum
536 2837 732 2893 evertit
757 2842 813 2891 et
841 2832 1174 2905 pessumdat,
1195 2847 1262 2888 ac
1287 2831 1335 2887 si
1362 2831 1484 2901 quis
1511 2829 1691 2886 statim
1718 2828 1782 2882 iis
1800 2869 1815 2892 ,

222 2945 350 3000 qua:
380 2928 582 2999 passim
607 2927 890 2992 dicuntur,
922 2923 1080 2980 ﬁdem
1113 2923 1325 2978 habeat.
1361 2921 1474 2976 Hoc
1505 2921 1667 2976 etiam
1692 2934 1820 2989 pro.

221 3021 393 3091 pheta
417 3018 587 3074 David
615 3017 942 3089 prophetans
969 3015 1182 3072 (licebat
1209 3032 1223 3070 :
1252 3013 1610 3068 Detraltentem
1632 3019 1818 3065 secreto

223 3112 466 3181 ποτὶωο
485 3126 594 3174 suo,
624 3109 765 3179 [tunc
791 3107 1121 3180 persequebar
1146 3106 1314 3178 (Paul.
1345 3105 1466 3161 l00.
1498 3102 1579 3174 5).

291 3203 356 3258 ἲ.
399 3201 569 3258 Vides
594 3215 704 3271 quo
723 3209 881 3272 pacto
909 3199 1054 3254 nulla
1085 3197 1343 3254 acciderit
1372 3194 1668 3268 ignorantia
1695 3192 1828 3252 Sal--

221 3293 426 3360 vatori,
447 3309 570 3348 cum
600 3291 756 3358 dixit,
789 3291 889 3348 Ubi
912 3291 1150 3363 posuistis
1169 3305 1283 3344 eum
1298 3289 1324 3343 P
1349 3288 1488 3345 sicut
1514 3301 1689 3358 neque
1712 3286 1817 3342 Pa-

223 3387 291 3442 tri
322 3400 453 3441 arm
477 3383 610 3438 dixit
632 3382 860 3450 Adamn,
894 3380 998 3438 Ubi
1018 3381 1115 3437 es?
1137 3381 1221 3438 vel
1247 3380 1410 3445 Cain,
1454 3378 1556 3435 Ubi
1582 3387 1654 3435 est
1694 3377 1820 3433 Abel

223 3482 395 3549 pater
412 3485 532 3531 tas
550 3476 578 3530 7
601 3475 708 3540 vei,
742 3473 1060 3528 Descendens
1086 3472 1282 3540 ridebo,
1333 3471 1379 3527 si
1399 3470 1676 3526 secundum
1712 3470 1818 3523 cla-

219 3584 420 3623 morem
446 3583 641 3631 eorum,
673 3565 759 3635 qui
785 3564 916 3619 venit
935 3563 1004 3617 ad
1030 3580 1128 3630 me,
1158 3570 1608 3617 consummantur:
1628 3560 1709 3615 sin
1734 3576 1820 3613 au-

221 3672 326 3716 tem
353 3677 483 3724 non,
509 3658 762 3712 utsciam.
788 3655 907 3712 Jam
947 3670 1076 3727 ergo
1112 3664 1322 3725 tempus
1363 3661 1447 3709 est
1489 3661 1546 3708 ut
1586 3667 1708 3708 cum
1749 3651 1817 3706 iis

219 3750 607 3822 conﬂigamus,
632 3749 722 3820 qui
749 3747 1019 3804 Christum
1046 3747 1232 3802 dicunt
1277 3755 1495 3818 propter
1538 3744 1822 3800 imbecilli-

221 3852 394 3899 tatem
425 3857 636 3910 orasse,
665 3856 787 3897 cum
814 3840 1074 3896 Lazarum
1099 3839 1403 3894 suscitaret.
1433 3835 1820 3894 Attenditeita-

217 3933 888 4008 mdilectissimimuam
919 3930 1366 4003 diligentissime,
1419 3944 1622 3999 quaeso.
1676 3928 1818 3984 Mor-

222 4035 353 4082 tuus
381 4024 655 4094 estigitur
678 4020 931 4088 Lazarus,
959 4037 1058 4078 nec
1087 4021 1140 4076 in
1167 4021 1269 4076 illis
1297 4021 1430 4077 locis
1469 4031 1585 4077 erat
1621 4020 1774 4076 Iesus
1798 4060 1816 4086 ,

216 4117 321 4174 sed
343 4118 397 4172 in
418 4115 661 4180 Galilaaa,
693 4114 933 4186 dixitque
954 4113 1228 4184 discipulis
1255 4114 1366 4169 Suis
1389 4129 1404 4168 :
1433 4112 1659 4168 Lazarus
1687 4113 1818 4166 ami-

218 4227 316 4265 cus
341 4219 514 4264 noster
532 4207 715 4261 dormit
732 4205 947 4277 (Joann.
975 4205 1064 4261 11.
1089 4205 1199 4278 11).
1229 4203 1308 4260 llli
1328 4215 1504 4261 autem
1545 4213 1813 4277 putantes,

217 4300 374 4370 quod
397 4299 471 4355 de
496 4312 687 4354 somno
709 4298 830 4369 ejus
852 4298 1182 4368 loqueretur,
1214 4297 1398 4352 dicunt
1435 4297 1512 4351 illi
1537 4314 1552 4351 :
1574 4291 1822 4365 Domine,

221 4393 276 4448 si
300 4391 507 4459 dormit,
532 4391 701 4447 salvus
718 4391 813 4445 erit
841 4390 948 4462 (Ib.
978 4407 1025 4445 υ.
1045 4389 1156 4464 ιε).
1186 4391 1323 4445 Dicit
1341 4391 1420 4445 eis
1442 4389 1599 4446 Iesus
1639 4405 1815 4445 mant-

225 4484 388 4552 fests,
416 4483 647 4538 Lazarus
691 4492 918 4538 mortuus
943 4493 1014 4538 est
1045 4482 1151 4556 (Ib.
1189 4500 1240 4539 tt.
1280 4484 1392 4554 14).
1434 4481 1594 4538 Venit
1624 4482 1818 4540 deinde

229 4576 479 4634 Salvator
499 4579 890 4651 Jerosolymam
919 4579 987 4634 ad
1016 4579 1196 4636 locum
1223 4580 1312 4636 ubi
1334 4579 1568 4634 Lazarus
1581 4577 1812 4647 iacebat,

223 4675 294 4723 et
322 4668 522 4724 obviam
549 4665 728 4740 prodit
757 4669 838 4725 illi
863 4683 1018 4726 soror
1044 4669 1252 4737 Lassri,
1281 4677 1336 4726 et
1359 4671 1433 4725 ait
1459 4670 1534 4725 illi
1573 4662 1818 4730 Dom,

216 4761 277 4815 si
300 4761 484 4832 fuisses
510 4762 615 4830 hic,
656 4763 815 4831 frater
834 4779 976 4818 meus
1000 4779 1101 4818 non
1135 4767 1310 4831 fuisset
1336 4773 1562 4819 mortuas
1595 4762 1714 4834 (Ib.
1764 4778 1814 4817 tt.

211 4853 289 4911 ’1
327 4855 364 4925 ).
407 4855 468 4912 Si
515 4853 706 4912 fuisses
730 4855 839 4912 hic.
865 4853 1088 4912 lnt‘lrma-
1103 4868 1187 4926 es,
1209 4857 1420 4913 mulier.
1467 4856 1648 4913 Nescit
1676 4869 1817 4912 nunc

209 4945 422 5002 mulier
440 4945 737 5016 Christum,
759 4946 886 5004 licet
905 4961 1131 5019 corpore
1155 4959 1392 5019 praesens
1413 4963 1520 5004 non
1544 4957 1708 5014 esset,
1735 4947 1819 5003 di-

208 5039 470 5094 vinitatis
489 5041 729 5110 potantia
757 5050 1075 5110 praesentem
1119 5039 1326 5097 fuisse:
1357 5041 1451 5097 sed
1481 5057 1546 5097 ex
1575 5041 1816 5112 corporis

209 5129 512 5200 prmaentia
545 5129 783 5200 magistri
813 5131 1066 5187 virtutem
1093 5131 1328 5188 metitur.

293 5219 542 5276 Christus
556 5237 649 5275 cur
675 5233 909 5293 precatus
931 5224 1190 5294 fuerit.—
1211 5225 1346 5280 Dicit
1368 5226 1416 5281 ei
1445 5222 1671 5292 Martha,
1705 5224 1815 5282 Do-

202 5311 432 5375 ιιιίηωί
452 5312 635 5381 fuisses
659 5313 760 5382 hic,
790 5311 954 5384 frater
970 5331 1112 5372 meus
1135 5331 1236 5371 non
1261 5316 1440 5388 fuisset
1467 5326 1714 5371 mortuus.
1750 5317 1816 5372 Et

211 5418 368 5454 nunc
396 5405 526 5470 scio,
552 5405 748 5475 inquit,
775 5406 893 5476 quia
932 5423 1258 5479 quacumque
1297 5408 1583 5480 poposceris
1615 5425 1647 5462 a
1684 5407 1813 5476 Deo,

213 5493 380 5547 dabit
397 5495 486 5550 tibi
506 5492 650 5550 Deus
675 5495 780 5568 (Ib.
803 5514 854 5552 υ.
878 5497 994 5571 2‘2).
1027 5498 1274 5558 Salvator
1322 5501 1481 5571 igitur
1525 5499 1814 5557 secundum

287 5630 308 5660 ¹
338 5630 775 5699 Deest,
817 5635 865 5685 in
903 5638 1086 5694 duobus
1124 5649 1230 5693 ttss.
1273 5648 1384 5699 Quae
1409 5639 1557 5693 verba
1589 5636 1728 5692 savii.
1770 5639 1816 5690 ln

209 5708 298 5742 tua
309 5707 389 5756 rg.
411 5703 462 5744 et
482 5693 862 5746 .\lutel.hah¢nt.

1058 240 1149 298 DE
1184 237 1455 298 CHRISTI
1494 234 1855 303 PREGIBUS,
1896 233 2172 292 CONTRA
2209 237 2587 298 ANOSKEOS.
2628 240 2720 298 IX.

3408 248 3543 304 789-

1931 350 2070 407 hanc
2099 351 2409 422 petitionem
2436 369 2629 426 preces
2673 355 2846 412 oli'ert.
2871 356 3058 428 Neque
3093 359 3235 416 enim
3263 362 3510 432 precibus

1928 443 2194 514 indigebat
2224 446 2384 513 Deus,
2409 456 2467 501 ut
2487 454 2756 503 mortuum
2781 450 3084 507 suscitaret.
3126 453 3320 509 Annon
3359 455 3504 512 enim

1925 533 2061 590 alios
2091 535 2252 590 etiam
2280 545 2522 592 mortuos
2549 538 2824 594 suscitavit
2850 539 3119 610 tQuando
3156 544 3232 598 illi
3277 550 3512 606 occurrit

1926 627 2140 697 quidam
2171 636 2437 696 mortuus,
2467 629 2559 700 qui
2605 631 2658 684 in
2697 640 2848 701 porta
2894 633 3123 689 civitatis
3165 635 3508 706 eﬂ’erebatur,

1927 723 2298 778 tantummodo
2325 723 2556 778 loculum
2587 724 2793 796 tetigit,
2846 734 2900 782 et
2942 737 3212 783 mortuum
3253 731 3506 785 excitavit

1926 814 2060 888 (Lua
2111 817 2164 871 'I.
2194 816 2306 888 14).
2329 815 2464 872 Nunt
2487 817 2735 887 precibus
2762 829 2874 873 tum
2903 819 3144 890 indiguit,
3175 829 3229 875 ut
3249 823 3509 877 excitaret

1925 904 2277 962 defunctum?
2329 906 2398 961 Et
2440 907 2568 962 alibi
2608 923 2794 963 rursus
2832 917 3034 963 tantum
3072 910 3235 965 verbo
3273 912 3508 983 puellam

1925 1007 2008 1054 est
2034 999 2371 1070 alloquutns,
2414 998 2623 1054 ΤαιὶιΙια
2647 999 2794 1056 ϐηηή
2821 999 3012 1073 (Marc.
3045 1001 3101 1057 5.
3126 1003 3184 1057 tt
3213 981 3344 1075 ){et
3379 981 3511 1060 con-

1930 1088 2105 1147 testim
2134 1091 2349 1147 tradidit
2370 1107 2488 1146 eam
2518 1059 2841 1162 parentibus
2853 1092 2963 1147 suis
2985 1109 3189 1150 sanam.
3381 1109 3510 1166 (pres-
3593 1096 3640 1142 .'-"
3671 1059 3680 1062 μ
3709 1079 3718 1123 ί

1924 1182 2075 1237 cibus
2107 1191 2218 1237 tum
2249 1183 2514 1254 indiguit?
2539 1183 2678 1252 Quid
2703 1196 2879 1240 autem
2903 1185 2970 1241 de
2995 1186 3250 1256 magistro
3275 1188 3466 1260 loquor
3484 1190 3510 1244 ἲ

1925 1275 2181 1344 Discipuli
2209 1276 2325 1344 ejus
2355 1277 2469 1332 solo
2499 1277 2666 1333 verbo
2685 1287 2927 1333 mortuos
2946 1279 3293 1336 suscitabant.
3318 1281 3506 1338 Petrus

1923 1380 2104 1421 nonne
2144 1366 2424 1422 Tabithatn
2451 1368 2616 1423 verbo
2645 1367 2933 1424 excitavit?
2967 1369 3162 1424 Paulus
3192 1387 3370 1428 nonne
3394 1373 3508 1428 suis

1923 1456 2160 1511 vestibus
2185 1457 2334 1526 signa
2358 1457 2519 1512 multa
2541 1456 2706 1514 fecit?
2735 1459 2892 1514 Disce
2920 1459 3189 1530 quidpiam
3212 1461 3510 1518 mirabilius

1925 1547 2042 1604 istis
2070 1564 2084 1602 :
2110 1550 2476 1618 apostolorum
2501 1551 2690 1606 umbra
2721 1560 2963 1608 mortuos
2993 1554 3306 1610 suscitabat.
3368 1554 3510 1623 επ..

1923 1641 2098 1695 rebant
2125 1640 2293 1706 enim,
2317 1642 2506 1712 inquit,
2530 1643 2583 1696 in
2608 1643 2830 1714 grabatis
2849 1653 3085 1714 tegrotos,
3112 1653 3168 1698 ut
3186 1647 3364 1704 saltem
3388 1663 3526 1700 um»

1922 1729 2014 1784 bra
2037 1728 2182 1785 Petri
2199 1730 2517 1786 obumbraret
2554 1749 2854 1803 quemquam
2890 1735 3210 1799 illorum,“
3243 1738 3516 1810 confertius
3585 1729 3592 1738 ’

1922 1821 2272 1876 excitabantur
2305 1822 2442 1894 (Act.
2497 1823 2691 1889 5.15).
2727 1824 2863 1892 Quid
2907 1827 3070 1896 ergo?
3114 1828 3512 1899 Discipulorumv

1921 1911 2112 1968 umbra
2136 1923 2375 1968 mortuos
2404 1914 2691 1981 excitabat,
2718 1925 2772 1970 et
2795 1917 3048 1987 magister
3089 1920 3336 1988 precibus
3383 1936 3510 1992 ege-

1922 2001 2032 2070 bat,
2060 2011 2118 2057 ut
2143 2014 2413 2059 mortuum
2441 2005 2742 2062 excitaret?
2777 2004 2884 2062 Sed
2907 2019 3123 2078 propter
3147 2012 3387 2068 mulieris
3415 2013 3515 2068 im»

1921 2092 2268 2150 becillitatem
2292 2095 2513 2151 adhibet
2542 2112 2727 2166 preces
2751 2097 3015 2154 Salvator.
3069 2101 3160 2156 Ait
3181 2104 3321 2158 enim
3367 2104 3503 2175 ipsi,

1922 2181 2160 2251 Domine,
2183 2185 2228 2239 si
2256 2186 2442 2255 fuisses
2465 2185 2568 2255 hic,
2587 2187 2748 2257 frater
2775 2205 2911 2244 meus
2927 2207 3029 2246 non
3044 2192 3222 2262 fuisset
3242 2204 3508 2252 mortuus:

1921 2287 1970 2333 et
1989 2294 2124 2332 nunc
2141 2279 2265 2346 scio,
2287 2281 2408 2347 quia
2428 2288 2754 2352 quacumque
2781 2285 3070 2354 poposceris
3097 2301 3130 2338 α
3174 2286 3326 2354 Deo,
3365 2289 3508 2343 dabit

1922 2372 2014 2427 tibi
2041 2370 2202 2427 Deus.
2234 2371 2519 2428 Postulasti
2542 2388 2750 2444 preces,
2778 2375 2847 2430 do
2876 2390 3082 2446 preces.
3113 2377 3402 2448 Expositos
3421 2390 3511 2436 est

1922 2463 2045 2521 fons
2072 2481 2087 2529 ;
2119 2464 2494 2536 quodcumque
2526 2465 2739 2522 tandem
2767 2482 2864 2523 vas
2891 2467 2980 2538 qui
3007 2469 3265 2536 attulerit,
3320 2471 3508 2543 implet

1922 2557 2073 2613 illttd.
2104 2558 2160 2614 Si
2184 2573 2432 2630 magnum
2459 2558 2637 2624 fuerit,
2662 2574 2910 2629 magnum
2933 2561 3095 2616 sumit
3121 2562 3213 2617 :si
3233 2564 3512 2634 exiguum,

1920 2649 2087 2706 sumit
2111 2649 2382 2721 exiguum.
2417 2649 2543 2706 Haec
2561 2649 2721 2720 igitur
2750 2665 2937 2721 preces
2963 2652 3270 2722 postulavit,
3302 2664 3356 2708 et
3383 2654 3508 2710 Sal-

1922 2751 2074 2798 vator
2100 2758 2287 2813 preces
2306 2745 2591 2800 concessit.
2621 2745 2771 2800 Alius
2795 2744 2948 2807 dixit,
2987 2745 3106 2800 Non
3144 2764 3258 2801 sum
3295 2748 3506 2818 dignus,

1921 2843 1976 2886 ut
2000 2833 2158 2888 intres
2176 2833 2267 2888 sub
2293 2844 2687 2902 tectumrmeum,
2714 2836 2804 2890 sed
2825 2846 3020 2890 tantum
3044 2839 3125 2892 die
3165 2839 3341 2905 verba,
3383 2838 3510 2893 Fiat

1923 2923 2042 2988 tibi,
2089 2933 2139 2978 et
2177 2925 2442 2980 sanabitur
2463 2942 2588 2995 puer
2614 2942 2757 2979 meus
2784 2941 2805 2980 :
2835 2936 2941 2980 tum
2969 2928 3098 2981 dixit
3122 2929 3170 2982 ei
3197 2928 3438 2984 Saluator
3478 2947 3500 2986 :

1923 3014 2223 3071 Secundum
2241 3017 2395 3086 [idem
2414 3025 2554 3071 tuam
2581 3019 2673 3086 fiat
2693 3016 2781 3071 tibi
2809 3018 3020 3089 (Matth.
3047 3019 3100 3075 8.
3119 3021 3172 3076 8-
3215 3021 3331 3092 15).
3353 3021 3510 3076 Alius

1921 3107 2096 3164 dixit:
2131 3107 2287 3174 Veni,
2318 3121 2448 3164 sana
2475 3110 2638 3164 tiliam
2671 3125 2844 3165 meam
2871 3128 2884 3164 :
2919 3119 3030 3166 tum
3055 3111 3130 3165 sit
3156 3111 3260 3178 illi,
3305 3113 3507 3182 Sequar

1922 3207 1974 3255 te
2014 3198 2122 3273 (Ib.
2149 3199 2204 3256 9.
2255 3200 2342 3257 18.
2387 3201 2497 3272 19).
2554 3200 2734 3271 Itaque
2783 3211 2938 3271 prout
2982 3215 3042 3258 se
3093 3201 3290 3258 habent
3329 3202 3504 3258 homi-

1922 3307 2054 3346 num
2074 3292 2396 3360 voluntates,
2423 3293 2686 3350 medelam
2711 3292 2929 3349 adhibet
2954 3293 3212 3350 medicus.
3241 3295 3356 3350 Alia
3386 3312 3507 3351 rur-

1921 3397 2017 3440 sus
2045 3385 2182 3440 clam
2205 3385 2506 3441 vestimenti
2536 3385 2653 3456 ejus
2701 3385 2966 3441 fimbriam
3013 3387 3204 3456 tetigit,
3255 3396 3314 3443 et
3365 3387 3508 3442 clam

1922 3476 2185 3532 medelam
2239 3476 2470 3534 obtinuit
2519 3475 2627 3546 (Ib.
2672 3492 2722 3531 υ.
2751 3477 2844 3532 20.
2888 3477 3023 3549 sqq.)
3068 3495 3083 3532 :
3139 3478 3510 3548 unusquisque

1922 3579 2082 3642 prout
2118 3569 2390 3636 credebat,
2436 3569 2596 3625 etiam
2646 3570 2935 3626 sanitatem
2975 3569 3346 3639 recuperabat.
3399 3570 3510 3626 Ista

1926 3663 2058 3719 dicit
2085 3680 2098 3716 :
2131 3663 2264 3729 seio,
2294 3662 2417 3732 quia
2441 3676 2792 3732 qumcumqne
2821 3662 3128 3732 poposceris
3147 3676 3175 3716 a
3205 3662 3384 3727 Patre,
3405 3661 3506 3717 da-

1922 3753 2004 3809 bit
2026 3753 2118 3808 tibi
2138 3753 2316 3818 Pater,
2339 3760 2393 3808 et
2407 3751 2656 3822 quoniam
2685 3765 2870 3821 preces
2894 3751 3254 3820 postulaverat
3275 3752 3508 3819 Martha,

1922 3860 2110 3917 preces
2131 3845 2203 3900 illi
2230 3845 2494 3900 concessit
2518 3844 2780 3910 Salvator,
2807 3859 2910 3898 non
2941 3843 3080 3913 quod
3109 3843 3223 3914 ipse
3253 3845 3504 3915 precibus

1922 3937 2205 4007 indigeret,
2237 3935 2331 3992 sed
2362 3935 2503 4006 quod
2531 3935 2770 3990 mulieris
2798 3934 3090 3989 infirmitati
3122 3950 3325 3989 morem
3353 3949 3509 4005 gere-

1921 4037 2026 4092 ret,
2051 4043 2216 4100 seque
2243 4028 2352 4083 Deo
2378 4043 2482 4082 non
2503 4026 2774 4082 adversari
2797 4025 3123 4092 ostenderet,
3149 4040 3329 4080 verum
3350 4025 3507 4096 quid-

1922 4118 2049 4189 quid
2080 4118 2194 4188 ipse
2221 4116 2426 4184 fecerit,
2455 4115 2559 4172 hoc
2584 4117 2742 4172 etiam
2773 4116 2886 4171 fieri
2926 4131 2954 4170 a
3001 4116 3177 4170 Patre.
3232 4114 3506 4170 Formnvit

1923 4209 2066 4265 Dens
2097 4206 2366 4263 hominem
2392 4223 2422 4261 a
2450 4207 2714 4277 principio
2742 4222 2757 4259 :
2789 4206 2891 4261 fuit
2923 4207 3197 4276 utriusque
3217 4221 3511 4262 commune

1923 4303 2250 4372 ﬁgmentum.
2280 4301 2557 4356 Faciamus
2571 4300 2737 4366 enim,
2766 4299 2955 4370 inquit,
2985 4299 3238 4353 hominem
3264 4300 3332 4352 ad
3366 4301 3504 4353 ima-

1921 4399 2086 4468 ginem
2126 4405 2174 4451 et
2217 4393 2596 4450 similitudinem
2615 4401 2838 4448 nostram
2869 4391 3020 4463 (Gen.
3047 4393 3096 4446 1.
3127 4390 3199 4448 36
3297 4391 3512 4447 Rursus.

1921 4490 2183 4546 latronem
2215 4486 2381 4542 voluit
2409 4486 2460 4539 in
2494 4483 2798 4554 paradisum
2844 4483 3232 4545 intromittere,
3276 4493 3330 4538 et
3370 4498 3504 4537 con»-

1923 4579 2096 4635 testim
2123 4577 2346 4632 verbum
2398 4575 2647 4647 protulit,
2691 4588 2755 4629 ac
2798 4572 3062 4629 latronem
3103 4573 3155 4628 in
3198 4573 3513 4644 paradisum

1925 4671 2247 4737 introduxit,
2297 4685 2470 4740 neque
2528 4666 2775 4738 precibus
2817 4665 3079 4736 lndiguit:
3131 4665 3344 4720 tametsi
3385 4675 3510 4735 post

1925 4763 2188 4822 Adamum
2221 4775 2413 4817 omnes
2442 4759 2696 4815 Dominus
2723 4758 2794 4814 ab
2819 4757 2967 4812 aditu
2999 4757 3137 4811 illius
3160 4762 3387 4811 arceret.
3412 4755 3510 4809 Po-

1923 4857 2032 4913 suit
2054 4856 2196 4914 enim
2227 4855 2531 4911 ﬂammeum
2557 4852 2791 4924 gladium
2815 4849 2882 4905 ad
2908 4848 3314 4905 custodiendum
3342 4863 3499 4918 pars-

1921 4951 2097 5008 dismn
2146 4948 2254 5022 (Ib.
2279 4950 2333 5004 3.
2355 4945 2456 5020 2t)
2483 4963 2500 5002 :
2529 4955 2586 5001 at
2613 4943 2860 5000 Christus
2909 4942 3227 4997 auctoritate
3255 4951 3354 4996 sua
3409 4955 3502 5010 pat-

1923 5043 2160 5099 radisum
2190 5041 2418 5112 aperuit,
2464 5047 2521 5094 et
2548 5037 2808 5109 latronem
2863 5032 3156 5090 introduxit
3204 5030 3355 5104 (Luc.
3409 5031 3507 5088 ἃᾶ

1923 5135 2038 5209 43).
2086 5134 2371 5190 Latronem
2391 5171 2411 5200 ,
2443 5129 2685 5196 Domine,
2732 5126 2788 5183 in
2839 5124 3142 5198 paradisum
3175 5121 3511 5179 introducist

1927 5228 2086 5283 Pater
2113 5235 2236 5281 tuus
2259 5224 2334 5280 ob
2351 5235 2511 5279 unum
2529 5228 2814 5302 (necatum
2840 5218 3100 5274 Adamum
3129 5217 3285 5286 eiecit
3309 5231 3341 5272 e
3360 5230 3512 5287 para-

1924 5319 2063 5387 diso,
2089 5325 2145 5374 et
2175 5325 2230 5372 tu
2255 5316 2516 5372 latronem
2537 5301 2883 5368 introducta?
2908 5325 3029 5410 eum
3068 5309 3155 5410 qui
3202 5308 3348 5410 mille
3393 5324 3510 5410 nta-
3575 5369 3594 5410 ζ

1925 5409 2120 5475 lorum,
2166 5408 2312 5463 mille
2335 5407 2596 5464 scelerum
2643 5417 2766 5460 reus
2805 5403 2957 5458 erat?
2994 5411 3049 5456 et
3084 5401 3397 5471 simpliciter
3435 5401 3516 5455 ita

1925 5515 2145 5578 propter
2173 5517 2328 5558 unam
2355 5507 2542 5556 vocem
2573 5499 2624 5554 in
2660 5496 2961 5568 mradisum
3010 5509 3132 5551 etnn
3177 5492 3518 5548 introducisr

1927 5597 2038 5667 Ego
2067 5609 2196 5652 vero
2221 5592 2502 5648 introduco
2533 5609 2545 5645 :
2577 5603 2702 5645 nam
2745 5601 2844 5645 nec
2885 5586 3011 5644 illud
3057 5585 3260 5656 absque
3299 5593 3384 5640 me
3422 5581 3506 5637 fa-

1926 5697 2068 5743 ctum
2096 5695 2205 5752 est,
2231 5693 2402 5752 neque
2426 5682 2568 5737 istud
2596 5681 2794 5752 absmte
2822 5677 2980 5735 Patre
3002 5691 3122 5733 meo
3153 5695 3164 5730 :
3197 5675 3298 5733 sed
3323 5683 3380 5732 et
3403 5673 3502 5725 hoc
