3980 6184
456 304 564 362 783

459 436 638 477 meum
665 428 768 486 est,
791 427 844 474 et
872 417 998 473 illud
1019 424 1102 472 est
1129 414 1302 471 Patris
1333 414 1459 470 mei.
1493 412 1601 486 Ego
1621 411 1753 468 enim
1774 411 1828 466 in
1861 410 2040 479 Patre,

457 522 504 567 et
532 511 689 566 Pater
715 509 768 564 in
793 526 869 564 me
894 507 1074 580 (Joan.
1109 508 1194 562 14.
1227 506 1294 562 10
1321 504 1365 577 ).

529 605 584 657 3.
611 603 784 672 Atque
812 608 870 654 ut
895 599 1077 655 videas
1098 597 1354 653 orationis
1384 611 1543 665 opera
1572 610 1678 649 non
1707 594 1868 649 fuisse
1893 607 2041 648 mor-

459 703 606 747 tuum
653 691 976 756 excitatum,
1026 688 1150 744 audi
1199 688 1515 743 orationem.
1561 685 1696 752 Quid
1739 685 1880 741 enim
1925 685 2042 738 ait?

465 783 669 838 Gratias
695 800 790 854 ago
821 783 928 844 tibi,
958 781 1136 847 Pater,
1180 781 1418 850 quoniam
1456 779 1640 832 audisti
1684 794 1763 832 me
1787 775 1897 850 (Id.
1953 777 2038 831 ll.

458 874 570 948 Il).
598 875 734 943 Quid
763 874 932 944 ergo?
958 873 1200 927 llreecine
1231 872 1435 943 species
1475 881 1556 925 est
1581 866 1881 924 orationis?
1927 870 2042 923 [nec

456 967 627 1021 forma
655 963 1100 1035 supplicationis?
1125 961 1328 1017 Gratias
1347 949 1444 1033 ago
1469 961 1576 1027 tibi,
1599 961 1835 1032 quoniam
1855 959 2046 1013 audisti

455 1074 555 1113 me.
586 1054 695 1128 Ego
721 1067 909 1122 autem,
937 1055 1126 1126 inquit,
1157 1053 1395 1121 sciebam,
1423 1053 1541 1123 quia
1568 1067 1766 1122 semper
1793 1067 1872 1105 me
1895 1050 2043 1105 audis

457 1147 564 1212 (Ib.
588 1164 635 1202 υ.
665 1146 780 1217 42).
807 1147 862 1202 Si
890 1161 1019 1216 ergo
1047 1147 1173 1209 scis,
1208 1145 1430 1199 Domine
1449 1185 1466 1211 ,
1495 1158 1708 1213 semper
1735 1141 1906 1197 audiri
1934 1152 1982 1196 te
2010 1156 2042 1196 a

457 1242 634 1305 Patre,
662 1256 759 1295 cur
785 1240 850 1294 de
878 1241 942 1293 iis
972 1255 1090 1310 quae
1119 1238 1223 1292 seis
1249 1237 1459 1292 Patrem
1485 1234 1792 1304 interpellas
1811 1234 1838 1290 ?
1876 1233 2044 1303 Equi-

455 1332 577 1387 dem
619 1335 732 1386 scio
751 1371 766 1396 ,
797 1329 995 1400 inquit,
1023 1329 1146 1399 quia
1184 1343 1397 1397 semper
1420 1326 1570 1381 audit
1597 1341 1682 1380 me
1707 1325 1865 1380 Pater
1894 1341 1908 1378 :
1935 1322 2042 1378 Sed

456 1433 662 1496 propter
690 1423 960 1495 popuium,
1001 1423 1089 1494 qui
1129 1423 1448 1486 circumstat,
1490 1420 1631 1485 dixi,
1664 1429 1717 1472 ut
1741 1427 2044 1488 cognoscant

455 1531 656 1581 omnes,
684 1514 802 1584 quia
831 1523 884 1567 tu
935 1529 1015 1568 me
1067 1512 1246 1567 misisti
1293 1511 1312 1581 (
1335 1509 1475 1564 Ibid.
1499 1509 1542 1582 ).
1569 1509 1705 1564 Num
1732 1509 1890 1579 igitur
1916 1522 2042 1578 pro-

458 1614 577 1674 pter
599 1603 905 1659 defunctum
935 1603 1150 1658 oravit?
1187 1618 1314 1658 num
1343 1601 1679 1674 supplicavit,
1712 1609 1770 1655 ut
1796 1614 2041 1669 resurge-

456 1703 538 1749 ret
565 1693 839 1748 Lazarus?
867 1709 995 1748 num
1026 1693 1179 1758 dixit,
1203 1692 1381 1756 Pater,
1407 1691 1609 1761 impera
1640 1690 1796 1745 morti
1826 1698 1885 1744 ut
1913 1688 2042 1744 obe~

455 1788 604 1843 dist?
648 1803 774 1843 num
813 1787 980 1852 dixit,
1015 1788 1207 1854 Pater,
1251 1787 1452 1857 impera
1491 1786 1733 1851 inferno,
1765 1795 1824 1840 ut
1859 1793 2041 1854 portas

458 1895 564 1935 non
582 1879 845 1948 occludet,
867 1880 962 1935 sed
986 1889 1229 1950 prompte
1250 1889 1518 1934 mortuum
1545 1877 1767 1934 reddat?
1792 1877 1899 1934 Sed
1924 1894 2042 1948 pro-

456 1980 568 2040 pter
594 1971 837 2044 populant
862 1971 995 2026 hunc
1020 1972 1425 2026 circumstantem
1454 1969 1562 2025 dixi
1579 2011 1594 2036 ,
1626 1971 1830 2041 inquit,
1872 1978 1925 2024 ut
1951 1985 2040 2023 co-

454 2071 695 2133 gnoscant
734 2079 904 2117 omnes
921 2105 936 2130 ,
975 2063 1093 2132 quia
1124 2071 1177 2116 tu
1205 2078 1287 2117 me
1309 2061 1509 2116 misisti.
1537 2060 1654 2116 Non
1678 2076 1804 2131 ergo
1829 2061 2038 2132 signum

454 2159 538 2208 est
575 2151 626 2206 id
666 2152 806 2222 quod
833 2154 1034 2223 geritur
1050 2195 1065 2220 ,
1089 2152 1183 2208 sed
1207 2153 1482 2207 instructio
1503 2167 1687 2208 eorum
1707 2152 1794 2221 qui
1822 2151 2037 2206 adsunt.

528 2243 605 2298 οι»
629 2244 860 2313 inﬁdeles
888 2245 1144 2298 adstantes
1173 2243 1334 2298 oravit
1361 2241 1613 2298 Christus.
1633 2271 1706 2282 -—
1726 2241 1904 2308 Vides,
1933 2256 2040 2313 quo

456 2345 610 2405 pacto
635 2352 740 2390 non
764 2344 982 2406 propter
1009 2344 1274 2391 mortuum
1304 2334 1492 2391 fierent
1532 2350 1716 2406 preces
1736 2376 1750 2400 ,
1781 2335 1876 2391 sed
1912 2351 2040 2406 pro-

457 2437 576 2496 pter
601 2427 842 2483 infideles
870 2429 958 2497 qui
987 2427 1229 2494 aderant,
1263 2425 1331 2483 Ut
1357 2437 1679 2498 cognoscant,
1710 2427 1899 2496 inquit,
1921 2428 2042 2498 quia

455 2529 508 2572 tu
537 2536 618 2574 me
640 2519 840 2574 misisti.
867 2521 936 2573 Et
961 2534 1066 2589 quo
1090 2528 1249 2590 pacto
1275 2519 1386 2574 fieri
1413 2519 1627 2590 poterit,
1657 2519 1800 2574 dicet
1825 2519 2037 2588 aliquis,

455 2619 514 2664 ut
555 2625 939 2681 cognoscamus
988 2619 1039 2666 te
1083 2611 1151 2665 ab
1199 2611 1290 2664 illo
1336 2612 1556 2665 missum
1605 2611 1767 2666 esse?
1811 2612 2041 2669 Attende

455 2714 639 2770 quasso
666 2700 964 2769 diligenter.
997 2701 1156 2768 Ecce,
1189 2701 1386 2771 inquit,
1419 2703 1628 2770 propria
1657 2717 1774 2756 mea
1803 2703 2039 2757 auctori-

458 2799 566 2845 tate
609 2801 874 2845 mortuum
915 2805 1081 2846 evoco
1118 2809 1132 2846 :
1163 2805 1289 2846 ecce
1331 2791 1544 2861 propria
1586 2800 1851 2862 potestate
1879 2793 2037 2847 morti

461 2885 668 2952 impero
701 2901 715 2938 :
746 2883 955 2938 Patrem
995 2897 1128 2938 voco
1169 2891 1372 2953 patrem
1405 2900 1420 2936 :
1452 2891 1506 2938 et
1532 2883 1790 2938 Lazarum
1818 2899 1982 2940 evoco
2010 2899 2041 2939 e

456 2973 722 3043 sepulcro.
767 2973 828 3029 Si
872 2974 1101 3044 primum
1134 2973 1260 3029 illud
1301 2989 1485 3029 verum
1529 2989 1635 3028 non
1679 2983 1795 3040 est,
1841 2991 1910 3030 ne
1941 2975 2041 3029 hoc

460 3063 549 3116 flat
574 3063 864 3118 secundum
899 3083 912 3119 :
946 3063 1026 3117 sin
1053 3074 1230 3118 autem
1260 3079 1389 3119 vere
1411 3063 1572 3119 Pater
1595 3073 1678 3118 est
1706 3073 1874 3134 pater,
1907 3065 2039 3119 obe-

455 3153 563 3209 diat
606 3164 848 3210 mortuus
896 3155 961 3210 ad
1008 3171 1194 3211 eorum
1245 3157 1333 3226 qui
1378 3155 1572 3211 adsunt
1613 3157 2036 3212 instructionem.

454 3246 590 3314 Quid
637 3249 777 3302 enim
840 3247 1083 3303 Christus
1149 3247 1400 3302 diccbat?
1449 3247 1642 3302 Lazare
1667 3289 1679 3312 ,
1731 3249 1842 3302 veni
1902 3248 2042 3318 foras

455 3335 561 3406 (Ib.
584 3335 698 3409 45).
738 3337 960 3405 Quando
987 3338 1145 3391 fiebat
1184 3339 1379 3403 oratio,
1421 3352 1527 3393 non
1558 3339 1852 3392 resurrexit
1891 3353 2038 3393 mor-

457 3437 580 3481 tuus
609 3445 624 3482 :
654 3428 744 3481 sed
771 3428 983 3497 quando
1007 3428 1158 3491 dixit,
1190 3428 1404 3495 Lazare,
1431 3432 1539 3483 veni
1565 3434 1723 3500 foras,
1750 3437 1875 3484 tunc
1898 3445 2040 3484 mor-

457 3527 577 3572 tuus
621 3519 927 3572 resurrexit.
973 3519 1016 3572 0
1060 3534 1305 3588 magnam
1350 3521 1543 3574 mortis
1584 3519 1954 3591 tyrannidem!
1995 3518 2041 3574 Ο

457 3623 698 3678 magnam
724 3609 1057 3679 tyrannidem
1080 3611 1292 3664 virtutis
1320 3610 1482 3675 illius,
1505 3626 1624 3680 qua:
1646 3611 1874 3664 animam
1898 3610 2040 3664 illam

455 3698 762 3754 detinebat!
810 3699 855 3754 Ο
895 3700 1128 3769 inferne,
1175 3701 1309 3755 facta
1340 3711 1422 3755 est
1451 3702 1621 3756 oratio
1643 3744 1657 3768 ,
1690 3712 1745 3756 ct
1772 3713 2038 3757 mortuum

458 3807 563 3849 non
601 3791 866 3846 dimittis?
912 3792 1251 3864 Nequaquam
1277 3833 1291 3859 ,
1337 3793 1523 3862 inquit.
1571 3795 1692 3860 Qua-
1728 3793 1795 3848 de
1839 3793 2040 3848 causa?

1169 299 1226 356 S.
1267 295 1547 355 JOANNIS
1585 293 2053 352 CHRYSOSTOMI
2093 291 2412 350 ARCIIIEP.
2457 291 2990 350 CONSTANTINOP.
3571 296 3658 356 Ἴθι

2151 409 2280 479 Quia
2312 425 2418 464 non
2441 408 2624 480 jussus
2651 426 2766 466 sum
2798 411 3086 467 dimittere.
3117 411 3300 469 Custos
3322 429 3428 470 sum
3457 430 3674 494 careeris,

2148 509 2238 580 qui
2265 524 2414 563 reum
2444 507 2532 564 hic
2557 507 2769 563 detineo
2794 525 2808 561 :
2837 508 2937 563 nisi
2957 508 3138 577 jussus
3167 507 3363 574 fuerim,
3393 512 3556 584 inquit.
3575 535 3666 574 non

2147 599 2408 654 dimittam
2441 617 2454 653 :
2485 599 2744 670 siquidem
2773 601 2942 653 oratio
2968 615 3072 653 non
3105 608 3314 670 propter
3338 619 3436 669 me,
3460 607 3543 660 sed
3563 623 3676 678 pro.

2146 701 2264 761 pter
2283 707 2376 746 eos
2401 691 2490 762 qui
2517 691 2738 745 aderant
2766 691 3026 756 infideles,
3053 699 3134 744 cst
3158 689 3311 745 facta.
3340 692 3459 747 Nam
3482 712 3566 766 ego
3594 704 3673 758 nisi

2145 782 2274 838 mihi
2307 783 2464 838 fuerit
2506 784 2820 853 imperatum
2841 824 2859 850 ,
2897 798 3050 838 reum
3081 799 3186 838 non
3215 783 3482 839 dimittam.
3509 788 3676 846 Vocem

2145 883 2428 942 exspecto,
2473 885 2531 928 ut
2565 875 2796 928 animam
2827 872 3110 928 dimittam.
3160 873 3380 944 Lazare,
3420 880 3519 932 ueni
3543 883 3666 951 foras.

2147 964 2366 1018 Audivit
2393 973 2716 1034 prmceptum
2737 962 3065 1018 dominicum
3088 973 3342 1032 mortuus,
3367 976 3418 1022 et
3436 971 3674 1029 confestim

2147 1054 2294 1127 leges
2324 1056 2519 1110 mortis
2536 1055 2774 1109 violavit.
2800 1055 3130 1110 Erubescant
3152 1057 3400 1122 hmretiei,
3425 1068 3472 1114 et
3496 1073 3677 1130 pereant

2145 1163 2174 1202 a
2200 1147 2334 1202 faeie
2359 1157 2535 1203 terrae.
2559 1145 2701 1202 Satis
2721 1147 2861 1202 enim
2891 1162 2955 1201 ex
2983 1146 3098 1215 ipso
3121 1145 3403 1217 Scriptura:
3427 1157 3554 1205 textu
3575 1167 3679 1206 con-

2145 1247 2251 1294 stat
2281 1253 2385 1293 non
2426 1237 2495 1291 ad
2541 1246 2810 1292 mortuum
2857 1236 3222 1292 suscitandum
3267 1241 3546 1294 orationem
3585 1256 3682 1297 esse

2146 1329 2333 1384 factam
2353 1369 2368 1394 ,
2399 1327 2495 1383 sed
2528 1336 2585 1382 ut
2610 1343 2817 1394 eorum,
2843 1327 2935 1397 qui
2963 1327 3219 1392 aderant,
3247 1326 3524 1384 intideiium
3559 1329 3679 1384 infir-

2144 1422 2312 1477 mitati
2351 1421 2744 1477 consuleretur.
2785 1419 3010 1484 Lazare,
3055 1421 3165 1474 veni
3206 1423 3364 1490 foras.
3403 1422 3563 1485 Quare
3584 1438 3685 1476 vero

2144 1521 2413 1568 mortuum
2442 1512 2752 1568 nominatim
2777 1512 3026 1566 vocavit?
3065 1511 3274 1580 Qumris
3302 1522 3355 1566 tu
3382 1514 3573 1582 quare?
3604 1513 3684 1579 Ne,

2144 1605 2190 1660 si
2230 1604 2526 1659 absolutam
2561 1619 2746 1659 vocem
2776 1603 2844 1658 ad
2885 1611 3126 1658 mortuos
3164 1603 3488 1670 direxisset,
3514 1619 3689 1671 omnes,

2143 1695 2234 1766 qui
2257 1696 2308 1748 in
2332 1695 2594 1765 sepulcris
2613 1704 2786 1762 erant,
2813 1694 3091 1761 excitaret,
3120 1693 3324 1750 ideirco
3343 1694 3486 1762 dicit,
3509 1695 3690 1762 Lazare,

2143 1789 2253 1843 veni
2282 1791 2439 1861 foras.
2473 1788 2550 1843 Te
2575 1803 2738 1842 unum
2765 1801 2949 1842 coram
2982 1785 3085 1841 hoc
3117 1786 3318 1856 populo
3342 1787 3543 1842 interim
3564 1803 3695 1843 revo-

2143 1893 2238 1946 co,
2285 1888 2343 1934 ut
2376 1878 2477 1934 hac
2503 1878 2556 1934 in
2586 1887 2737 1948 parte
2765 1877 3036 1948 specimen
3073 1879 3288 1932 virtutis
3316 1877 3597 1934 futurorum
3617 1894 3695 1934 es-

2143 1972 2378 2028 liibeam.
2423 1973 2535 2043 Ego
2571 1964 2714 2026 enim
2742 1972 2831 2041 qui
2874 1987 3037 2026 unum
3065 1970 3332 2038 excitavi,
3357 1979 3519 2026 totum
3544 1973 3697 2027 orbem

2143 2074 2405 2118 terrarum
2441 2062 2707 2118 excitabo.
2735 2062 2848 2134 Ego
2876 2062 3069 2132 quippe
3095 2078 3214 2116 sum
3237 2062 3530 2116 resurrectio
3554 2071 3596 2116 et
3614 2062 3698 2114 vita

2147 2152 2322 2222 (Joan.
2353 2153 2440 2207 ll.
2462 2151 2578 2222 25).
2599 2151 2812 2220 Lazare,
2830 2151 2942 2206 veni
2960 2155 3099 2224 foras
3115 2149 3224 2223 (Ib.
3251 2168 3301 2205 υ.
3322 2152 3436 2221 45).
3454 2151 3517 2205 Et
3537 2150 3704 2221 prodiit

2143 2253 2386 2300 mortuus
2418 2245 2610 2314 ligatus
2638 2243 2802 2314 pedes
2826 2252 2882 2299 et
2920 2257 3110 2298 manus
3139 2243 3364 2298 institis.
3391 2243 3435 2298 Ο
3459 2259 3562 2298 rem
3584 2243 3705 2296 inso-

2143 2339 2289 2393 litam
2315 2346 2368 2392 et
2396 2337 2733 2393 mirabilem!
2780 2336 2880 2404 Qui
2922 2351 2952 2390 a
2995 2337 3187 2390 mortis
3234 2335 3464 2391 vinculis
3502 2334 3706 2390 animam

2144 2429 2334 2496 solvit,
2366 2428 2454 2498 qui
2496 2426 2641 2484 fores
2684 2427 2874 2482 inferni
2907 2425 3199 2497 perfregit,
3233 2426 3328 2496 qui
3363 2433 3538 2496 portas
3563 2439 3706 2478 areas

2145 2530 2197 2575 et
2225 2517 2400 2575 vectes
2443 2521 2649 2574 ferreos
2673 2518 2961 2582 contrivit,
2990 2527 3048 2572 et
3075 2518 3316 2572 animam
3349 2531 3380 2570 a
3410 2515 3587 2571 mortis
3611 2515 3708 2567 vin-

2145 2613 2281 2668 culis
2305 2612 2582 2678 liberavit,
2623 2627 2729 2668 non
2757 2611 2926 2682 potuit
2955 2611 3115 2665 etiam
3162 2610 3383 2664 institas
3411 2608 3594 2662 mortui
3618 2608 3711 2661 sol-

2147 2702 2313 2757 vere?
2339 2701 2479 2757 Sane
2506 2701 2680 2772 potuit
2705 2718 2718 2755 :
2745 2700 2839 2755 sed
2866 2699 3066 2755 Iudaeis
3088 2699 3328 2769 imperat
3356 2699 3559 2754 solvant
3587 2696 3715 2750 insti-

2149 2802 2230 2848 tas
2253 2835 2268 2859 ,
2296 2808 2428 2863 quas
2470 2793 2568 2863 ipsi
2601 2792 2781 2862 prius,
2818 2791 2944 2845 dum
2973 2791 3118 2845 illum
3150 2790 3412 2861 sepulcro
3433 2788 3716 2852 conderent,

2145 2886 2504 2953 strinxerant,
2544 2893 2599 2939 ut
2629 2899 2845 2939 suorum
2873 2882 3210 2937 vinculorum
3254 2882 3451 2937 indicia
3491 2893 3719 2950 recogno-

2145 2985 2318 3044 scant,
2347 2985 2404 3030 ut
2429 2976 2795 3046 experimento
2816 2974 3041 3039 discant,
3073 2989 3142 3029 ex
3172 2973 3394 3044 iisqna:
3421 2973 3518 3043 ipsi
3543 2972 3723 3042 prasti-

2147 3072 2326 3136 terint,
2360 3070 2620 3124 Lazarum
2643 3085 2765 3124 eum
2796 3082 2917 3123 esse
2941 3082 3101 3138 quem
3143 3067 3252 3137 ipsi
3281 3067 3532 3136 sepulcro
3559 3062 3722 3118 condi-

2143 3162 2320 3218 derint
2368 3162 2408 3228 ί,
2450 3169 2504 3216 et
2547 3160 2814 3215 Christum
2856 3173 3014 3223 esse,
3072 3158 3167 3229 qui
3230 3157 3535 3214 secundum
3579 3154 3727 3210 Patris

2145 3253 2534 3323 beneplacitum
2566 3253 2618 3306 in
2658 3250 2916 3306 mundum
2939 3250 3189 3316 advenit,
3238 3250 3335 3321 qui
3367 3250 3488 3303 vitae
3510 3263 3570 3303 ac
3602 3247 3727 3301 necis

2146 3343 2306 3398 habet
2349 3351 2685 3414 potestatem.
2721 3341 2824 3411 ipsi
2865 3341 3031 3412 gloria
3059 3348 3114 3394 et
3145 3339 3452 3410 imperium
3497 3353 3593 3393 una
3627 3352 3730 3390 eum

2145 3435 2302 3490 Patre
2339 3442 2430 3488 tuo
2455 3434 2588 3487 initii
2625 3443 2842 3503 experte
2862 3473 2877 3498 ,
2921 3431 3189 3502 simulque
3221 3443 3422 3487 sancto
3450 3446 3515 3487 ac
3542 3427 3730 3483 viviﬁco

2145 3527 2346 3596 Spiritu
2371 3535 2484 3594 tuo,
2509 3539 2652 3580 nunc
2677 3534 2733 3580 et
2756 3539 2988 3594 semper,
3014 3531 3068 3579 et
3092 3524 3148 3578 in
3179 3524 3393 3580 saecula
3415 3522 3734 3579 smeulorum.

2146 3623 2342 3676 Amen.

2210 3737 2227 3768 ί
2262 3735 2404 3786 savii.
2430 3737 2479 3798 in
2495 3747 2648 3798 marg.
2673 3733 2818 3796 addit,
2845 3744 2996 3796 neque
3017 3729 3304 3782 reatitatem
3328 3735 3565 3794 taizquam
3606 3725 3741 3791 phat-

2146 3806 2302 3850 tasma
2325 3797 2592 3861 divulgent.

459 3926 3736 3957 ______________________________________.___.__________.___——

458 4040 624 4095 QUOD
667 4040 793 4086 NON
835 4039 1067 4084 DICERE
1111 4040 1191 4082 ET
1219 4041 1304 4082 AD
1345 4038 1523 4082 Αιιοε
1567 4038 1881 4093 BFFERRE,
1925 4037 2068 4090 QUB
2111 4035 2358 4091 SCIMUS,
2403 4032 2837 4077 PAUPERIORES
2881 4031 2996 4075 NOS
3027 4030 3310 4087 BEDDIT,
3347 4030 3434 4071 ET
3477 4018 3742 4070 GRATIAM

535 4143 920 4188 EXSTINGUIT
991 4145 1006 4184 2

533 4247 878 4301 FACIEBAT;
935 4246 1016 4288 ET
1082 4244 1150 4286 IN
1200 4242 1470 4287 VETEIUS
1539 4242 1716 4287 LEGIS
1785 4239 2295 4284 EMENDATIONEM
2362 4241 2377 4280 Ξ

1067 4142 1149 4184 ΕΤ
1191 4141 1256 4184 IN
1310 4141 1570 4196 PRECES,
1617 4139 1844 4193 QUIBUS
1895 4139 2199 4183 CHRISTUS
2244 4139 2359 4182 EST
2411 4137 2586 4194 USUS,
2644 4137 2725 4180 ΕΤ
2774 4119 3314 4189 AUCTORITATEM,
3366 4133 3500 4186 QUA
3559 4125 3741 4172 ΟΜΝΗ

2445 4239 2528 4282 ΕΤ
2592 4237 2764 4292 QUOD
2818 4235 3213 4281 INCARNATIO
3277 4221 3747 4287 ΕρυΑιιΤΑτκκ

535 4348 732 4392 IPSIUS
777 4348 907 4392 CUM
951 4347 1155 4390 PATRE
1199 4345 1323 4388 NON
1371 4344 1622 4398 MINUIT,
1671 4343 1788 4386 εει)
1832 4342 2204 4386 CONFIRMA'I‘
2245 4341 2491 4384 POTIUS.

1569 4469 2585 4544 ηπδδκῡειαόὺξφιρςιων

1032 4629 1249 4669 ιιοιιιιιλ
1287 4630 1499 4669 DECIIA.

533 4708 585 4762 Ι.
625 4703 1003 4778 Superioribus
1054 4704 1241 4758 diebus
1289 4703 1496 4759 abunde
1543 4705 1594 4759 in
1645 4704 1842 4759 celebri
1897 4711 2037 4758 cmtu

459 4799 748 4854 conciones
784 4795 1097 4861 habuimus,
1131 4794 1256 4849 dum
1285 4793 1572 4864 apostolica
1601 4795 1890 4850 certamina
1925 4803 2036 4849 tra-

455 4900 724 4946 ctaremus
744 4932 759 4956 ,
791 4897 846 4943 et
874 4888 1224 4958 spiritualium
1264 4897 1408 4942 recte
1446 4889 1705 4943 factorum
1735 4887 2039 4942 narratione

457 4999 556 5038 nos
587 4982 1017 5037 oblectaremus:
1054 4980 1164 5050 jam
1205 4994 1332 5035 vero
1377 4987 1586 5050 tempus
1627 4989 1743 5042 est,
1787 4987 1846 5033 ut
1887 4979 2038 5034 vobis

457 5073 695 5128 debitum
726 5072 1112 5143 persolvamus.
1149 5070 1356 5126 Etenim
1387 5069 1518 5124 nihil
1547 5077 1656 5136 est,
1698 5069 1840 5140 quod
1869 5069 2035 5139 impe-

463 5164 573 5219 diat
601 5181 614 5217 :
643 5173 804 5234 atque
836 5162 1079 5233 equidem
1119 5162 1311 5218 oblitos
1339 5177 1458 5217 esse
1481 5176 1576 5217 vos
1601 5162 1712 5218 seio
1738 5161 2034 5216 debitorum

456 5271 736 5322 meorum,
777 5254 919 5324 quod
958 5263 1063 5308 tam
1108 5253 1258 5308 multi
1299 5253 1415 5308 dies
1459 5252 1854 5309 intercesserint
1883 5271 1907 5306 :.
1930 5268 2038 5308 non

456 5355 632 5400 tamen
661 5361 725 5400 ea
756 5345 953 5401 idcirco
990 5345 1206 5410 celabo,
1245 5343 1340 5400 sed
1367 5359 1428 5399 ea
1456 5344 1608 5400 vobis
1646 5359 1835 5416 magna
1873 5344 2038 5399 animi

461 5438 737 5490 alacritate
764 5436 1082 5505 persolvam.
1109 5435 1163 5490 Id
1190 5451 1319 5490 vero
1355 5434 1511 5503 facio,
1539 5440 1647 5489 hon
1675 5435 1870 5502 solum,
1896 5433 2038 5505 quod

458 5527 614 5583 bonae
645 5528 766 5582 ﬁdei
797 5529 898 5583 sim
922 5527 1161 5595 debitor,
1190 5527 1282 5583 sed
1312 5527 1470 5582 etiam
1496 5526 1638 5598 quod
1668 5526 1878 5581 utilitati
1904 5541 2039 5582 mete

456 5620 754 5675 consulam.
791 5617 924 5674 Nam
964 5620 1016 5674 in
1052 5618 1416 5689 corporalibus
1441 5618 1653 5689 quidem
1679 5618 2038 5675 contractibus

445 5706 517 5779 ei,
549 5707 643 5780 qui
674 5721 912 5768 mutuum
942 5713 1199 5783 sumpsit,
1228 5712 1356 5769 utile
1383 5719 1484 5779 cst,
1508 5711 1553 5766 si
1583 5710 1630 5767 is
1651 5711 1740 5781 qui
1772 5719 2038 5766 mutuatus

2149 4618 2230 4664 est
2252 4649 2266 4672 ,
2296 4606 2639 4662 obliviscatur
2668 4621 2682 4659 :
2714 4601 2808 4657 sed
2835 4602 2890 4656 in
2930 4598 3314 4671 spiritualibus
3347 4599 3529 4670 pactis
3567 4596 3646 4661 ei,
3679 4591 3752 4663 qui

2147 4699 2384 4754 debitum
2411 4696 2748 4752 exsoluturus
2773 4701 2889 4759 est,
2933 4691 3224 4747 utilitatem
3275 4693 3429 4760 parit
3458 4689 3756 4747 maximam,

2147 4793 2194 4846 si
2219 4792 2307 4862 qui
2345 4789 2611 4858 accepturi
2638 4796 2795 4852 sunt,
2834 4784 3133 4841 debitorum
3160 4792 3457 4854 perpetuo
3483 4778 3756 4836 recorden-

2148 4890 2254 4937 tur.
2299 4881 2573 4952 Siquidem
2599 4889 2782 4935 mutua
2813 4877 3037 4948 pecunia
3079 4877 3350 4930 restituta
3400 4872 3616 4929 deserit
3653 4881 3756 4926 eum

2147 4972 2237 5042 qui
2279 4971 2569 5042 persolvit,
2606 4979 2660 5025 et
2697 4967 2912 5023 adeum
2944 4965 3169 5030 transit,
3207 4965 3312 5033 qui
3348 4965 3587 5034 recipit,
3619 4968 3759 5026 atque

2148 5064 2303 5120 unius
2349 5062 2643 5126 imminuit,
2676 5059 2895 5114 alterius
2923 5066 3079 5126 auget
3121 5055 3436 5112 facultates
3471 5075 3485 5112 :
3520 5056 3576 5110 in
3619 5049 3759 5123 spiri-

2149 5156 2377 5211 tualibus
2410 5170 2541 5211 vero
2565 5170 2672 5209 non
2698 5153 2824 5208 item
2851 5168 2866 5205 :
2895 5150 2988 5206 sed
3020 5149 3132 5203 ﬁeri
3158 5159 3366 5218 potest
3396 5159 3460 5204 ut
3485 5163 3604 5203 rem
3631 5141 3764 5198 debi-

2147 5258 2255 5303 tam
2283 5259 2338 5303 ct
2363 5259 2728 5318 pcrsowamus
2755 5253 2810 5299 et
2843 5242 3170 5298 retineamus
3208 5257 3226 5293 :
3264 5241 3543 5312 quodque
3578 5232 3761 5311 permi—

2147 5357 2264 5397 rum
2291 5351 2393 5405 est,
2425 5349 2536 5394 tum
2563 5339 2790 5394 maxime
2817 5337 2959 5392 illam
2987 5334 3288 5400 habemus,
3335 5351 3470 5390 cum
3503 5334 3624 5387 aliis
3655 5342 3752 5399 pcr-

2146 5433 2479 5488 solverimus.

2216 5521 2478 5576 Dissimile
2498 5521 2717 5576 debitum
2746 5520 2991 5590 pecunite,
3015 5528 3062 5572 et
3090 5517 3480 5586 spiritualium
3508 5531 3764 5570 rerum.—

2145 5615 2200 5670 Si
2226 5614 2366 5670 enim
2396 5611 2660 5668 defossam
2689 5611 2741 5664 in
2781 5620 2958 5666 mente
2984 5617 3257 5679 perpetuo
3289 5609 3613 5665 custodiam
3633 5647 3649 5674 ,
3678 5612 3766 5656 nec

2152 5707 2244 5763 ulli
2263 5706 2672 5771 connnunicein,
2705 5703 2959 5759 minuitur
2984 5701 3108 5757 mihi
3137 5699 3404 5769 lucrum,
3437 5699 3656 5756 decedit
3677 5689 3767 5743 ali-
