3980 6184
287 260 396 315 783

281 372 438 442 ἐμὸν,
487 373 710 427 κάκεῖνο
748 374 843 428 τοῦ
888 374 1103 448 Πατρός
1137 393 1261 448 μου.
1325 378 1475 450 Ἐγὼ
1519 380 1628 452 γὰρ
1673 382 1746 436 ἐν
1793 386 1875 453 τῷ

277 456 485 524 Πατρὶ,
516 453 617 510 καὶ
650 459 684 511 ὁ
705 457 910 526 Πατὴρ
944 456 1016 511 ἐν
1040 458 1194 528 ἐμοι.

348 547 420 610 γ’.
448 536 601 626 [528]
637 539 866 626 Καὶ-ἴνα
901 539 1150 626 ίδῃς,,ὄτι
1176 543 1278 626 οὐκ
1302 543 1526 613 ἐγένετο
1563 551 1875 626 προσευχῆς

274 623 438 708 ἔργον
467 625 528 708 16
556 623 873 708 »ἀναστῆναι
915 624 1009 679 τὸν
1039 625 1236 696 νεκρὸν
1255 667 1270 692 ,
1311 627 1543 684 ἄκουσον
1570 633 1673 704 τῆς
1700 623 1871 708 πρὸς-

272 707 466 777 ευχῆς.
500 706 566 760 Τί
609 706 720 781 γάρ
765 722 963 777 φησιν;
996 708 1355 778 Εὐχαριστῶ
1388 728 1509 777 σοι,
1539 706 1755 786 Πάτερ,
1784 718 1875 774 ὅτι

270 789 553 858 ἤκουσάς
582 808 724 861 μου.
764 789 829 844 Τί
856 786 986 857 οὗν;
1021 791 1180 846 τοῦτο
1219 797 1535 868 προσευχῆς
1561 794 1703 865 εἶδός
1730 802 1867 868 ἐστι,

270 873 431 928 τοῦτο
462 874 638 939 τύπος
665 875 909 942 ίκεσίας;
944 876 1302 945 Εὐχαριστῶ
1323 895 1443 947 σοι,
1476 880 1566 936 ὅτι
1596 882 1871 952 ἤκουσάς

263 975 409 1028 μου.
478 958 629 1028 Ἐγὼ
679 959 783 1041 δὲ,
822 961 1053 1041 φησὶνζ
1073 960 1245 1031 ᾔδειν
1295 962 1387 1018 ὅτι
1446 964 1707 1022 πάντοτέ
1748 988 1869 1041 μου

264 1042 533 1109 ἀκούεις.
563 1044 628 1097 Εί
677 1040 771 1099 οὖν
805 1038 988 1109 οἶδας,
1018 1036 1064 1098 ὧ
1119 1044 1324 1116 Κύριε,
1358 1047 1443 1101 ὃτι
1492 1049 1725 1105 πάντοτέ
1748 1036 1866 1108 *σου

262 1125 458 1179 ἀκούει
481 1129 510 1181 6
532 1127 745 1199 Πατὴρ,
766 1126 820 1181 τί
840 1126 1029 1182 λοιπὸν
1056 1127 1188 1199 περὶ
1206 1122 1282 1182 ὧν
1305 1126 1453 1195 οἶδας
1479 1134 1864 1206 παρενοχλείς;

273 1208 424 1278 Ἐγὼ
452 1209 577 1281 μὲν,
610 1210 795 1281 φησὶν,
827 1206 944 1265 οἶδα
972 1211 1054 1264 ὅτι
1090 1212 1321 1267 πάντοτέ
1348 1232 1453 1285 μου
1484 1217 1673 1272 ἀκούει
1705 1221 1734 1273 6
1762 1221 1869 1274 Πα-

258 1292 389 1365 τὴρ,
436 1293 614 1348 Ἀλλὰ
642 1294 741 1349 διὰ
764 1294 873 1349 τὸν
912 1292 1281 1363 περιεστῶτα
1320 1296 1510 1367 ὄχλον
1547 1297 1741 1369 εἷπον,
1766 1303 1869 1357 ἵνα

257 1375 457 1446 τνῶσι
489 1376 746 1444 πάντες,
785 1376 876 1431 ὅτι
910 1378 990 1433 σύ
1036 1395 1114 1449 με
1155 1377 1545 1443 ἀπέστειλας.
1570 1384 1662 1456 Μή
1695 1402 1747 1438 τι
1776 1384 1866 1441 διὰ

257 1459 353 1513 τδν
381 1459 578 1533 νεκρὸν
620 1459 997 1540 προσηύξατος
1039 1460 1114 1534 μὴ
1152 1462 1432 1518 ἱκέτευσεν
1465 1464 1553 1519 ἵνα
1590 1468 1797 1540 ἀναστῇ
1837 1471 1867 1525 6

258 1543 555 1614 Λάζαρος;
615 1544 691 1616 μὴ
724 1538 881 1597 εἷπε·
929 1544 1148 1617 Πάτερ,
1206 1544 1463 1602 κέλευσον
1503 1547 1597 1602 τὸν
1636 1538 1864 1607 θάνατον

260 1627 612 1693 ὐπακοῦσαις
652 1625 727 1698 μὴ
763 1622 887 1680 εἶπε
913 1668 927 1692 ,
959 1628 1182 1700 Πάτερ,
1220 1628 1480 1685 κέλευσον
1517 1629 1597 1702 τῷ
1630 1631 1753 1705 ᾅδῃ,
1789 1634 1865 1708 μὴ

256 1709 363 1774 τὰς
412 1709 590 1775 πύλας
636 1710 976 1785 ἀποκλείσῃ,
1017 1711 1155 1765 ἀλλά
1204 1712 1505 1785 προθύμως
1534 1715 1631 1768 τὸν
1671 1717 1864 1789 νεκρὸν

254 1791 586 1861 ἀποδοῦναι;
611 1795 797 1850 Ἀλλὰ
814 1794 912 1849 διὰ
927 1794 1036 1849 τόν
1054 1795 1420 1863 περιεστῶτα
1434 1797 1653 1852 τοῦτον
1674 1799 1865 1869 ὄχλον

254 1870 458 1939 εἷπον,
505 1879 691 1949 φησὶν,
743 1879 845 1934 ἵνα
890 1876 1082 1948 γνῶσι
1127 1877 1374 1946 πάντες,
1409 1879 1499 1933 ὅτι
1530 1882 1613 1936 σύ
1631 1898 1710 1952 με
1744 1883 1863 1938 ἀπ’·

253 1959 564 2025 ἐστειλας.
602 1960 815 2015 Οὐκοῦν
874 1961 976 2016 οὐκ
1029 1960 1148 2015 ἔστι
1190 1962 1252 2016 16
1288 1963 1573 2036 γινόμενον
1604 1969 1858 2038 σημεῖον,

253 2044 395 2098 ἀλλά
424 2046 735 2116 κατήχησις
763 2045 872 2099 τῶν
906 2045 1215 2118 παρόντων.

325 2124 488 2192 Εἶδες
516 2128 635 2193 πῶς
660 2128 761 2182 οὐκ
794 2127 1013 2196 ἐγένετο
1040 2130 1073 2201 ἡ
1103 2128 1378 2202 προσευχὴ
1404 2129 1493 2184 διά
1516 2129 1609 2184 τὸν
1641 2131 1856 2204 νεκρὸν,

255 2211 396 2266 ἀλλά
416 2211 507 2265 διὰ
532 2211 658 2275 τοὺς
685 2211 961 2282 παρόντας
987 2211 1275 2276 ἀπίστους,
1300 2212 1403 2269 ἵνα
1428 2212 1638 2283 γνῶσι,
1666 2217 1855 2288 φησὶν,

252 2294 347 2348 ὅτι
386 2294 470 2348 σύ
503 2310 581 2364 με
626 2294 1016 2361 ἀπέστειλας.
1055 2294 1168 2347 Καὶ
1217 2294 1336 2360 πῶς
1387 2294 1586 2368 ἔχομεν
1613 2297 1854 2367 γνῶναι,

253 2378 448 2449 φησὶν,
474 2378 558 2431 ὅτι
583 2376 748 2440 αὐτός
780 2394 837 2430 σε
864 2376 1187 2444 ἀπέστειλε;
1226 2378 1495 2451 Πρόσεχε,
1524 2379 1854 2451 παρακαλῶ,

255 2460 401 2531 μετά
436 2460 622 2533 πάσης
655 2459 967 2532 ἀκριϐείας.
1014 2461 1169 2528 Ἰδοὺ,
1199 2460 1355 2533 φησὶ,
1393 2461 1533 2533 μετά
1571 2462 1673 2533 τῆς
1715 2462 1858 2535 ἐμῆς

251 2544 553 2609 αὐθεντίας
591 2544 743 2599 καλῶ
770 2543 862 2598 τὶν
892 2544 1087 2617 νεκρόν
1108 2560 1120 2576 ο
1164 2544 1274 2599 ἰδοὺ
1317 2547 1384 2616 τῇ
1414 2546 1592 2619 οἰκείᾳ
1635 2543 1856 2620 ἐξουσίᾳ

251 2630 535 2684 ἐπιτάττω
557 2627 637 2700 τῷ
685 2628 900 2700 θανάτῳ
922 2645 939 2661 θ
985 2627 1140 2683 καλῶ
1181 2627 1274 2682 τὸν
1326 2629 1551 2701 Πατέρα
1601 2630 1851 2701 πατέρα·

249 2713 406 2769 καλῶ
434 2713 533 2767 καὶ
565 2713 655 2766 16v
685 2711 939 2784 Λάζαρον
972 2713 1036 2765 ἐκ
1063 2711 1160 2765 τοῦ
1189 2712 1387 2781 τάφου.
1425 2713 1491 2766 Et
1523 2714 1624 2767 οὐκ
1649 2713 1764 2767 ἐστι
1790 2714 1855 2769 16

250 2797 478 2869 πρῶτον
505 2795 726 2867 ἀληθὲς,
775 2795 909 2867 μηδέ
946 2794 1108 2849 τοῦτο
1145 2795 1425 2864 γενέσθωο
1460 2798 1511 2850 εί
1546 2797 1604 2850 δὲ
1635 2795 1854 2867 ἀληθῶς

248 2883 278 2934 6
311 2879 509 2952 Πατὴρ
534 2880 739 2951 πατὴρ,
775 2877 1102 2933 ὑπακουέτω
1130 2879 1226 2934 καὶ
1263 2881 1292 2933 6
1329 2879 1522 2953 νεκρὸς
1549 2879 1688 2951 πρὸς
1711 2879 1853 2933 διδα-

250 2964 487 3019 σκαλίαν
530 2963 641 3018 τῶν
681 2963 987 3036 παρόντων.
1019 2961 1085 3015 Τί
1131 2961 1241 3035 γὰρ
1289 2964 1318 3017 6
1366 2962 1603 3035 Χριστὸς
1657 2963 1851 3035 ἐλεγε;

249 3047 505 3117 Λάζαρε,
536 3046 715 3118 δεῦρο
746 3046 881 3112 ἔξω.
917 3047 1048 3101 Ὅτε
1082 3042 1311 3116 γέγονεν
1340 3047 1372 3117 ὴ
1407 3047 1717 3119 προσευχὴ,
1752 3047 1853 3102 οὐκ

248 3133 461 3203 ἀνέστη
488 3134 518 3186 6
542 3135 738 3204 νεκρός
759 3147 773 3162 ·
801 3130 917 3186 ἀλλ’
948 3131 1039 3183 ὅτε
1068 3125 1210 3197 εἷπε,
1242 3127 1487 3198 Λάζαρε,
1513 3128 1691 3199 δεῦρο
1712 3130 1851 3196 ἔξω,

247 3217 375 3271 τότε
407 3217 613 3286 ἀνέστη
644 3219 673 3271 6
726 3216 938 3288 νεκρός.
975 3214 1041 3268 Ὢ
1072 3214 1333 3287 τυραννὶς
1375 3212 1469 3267 τοῦ
1509 3213 1740 3267 θανάτου
1763 3231 1778 3246 ο
1807 3212 1853 3268 ὣ

246 3300 512 3373 τυραννὶς
534 3300 637 3370 τῆς
664 3299 947 3371 δυνάμεως
989 3298 1208 3370 ἐκείνης
1238 3298 1337 3369 τῆς
1373 3297 1714 3368 κατεχούσης
1752 3296 1852 3368 τὴν

245 3386 433 3457 ψυχήν
453 3400 469 3415 ⁸
503 3384 551 3437 ὣ
592 3383 719 3456 ᾷδη,
754 3382 1034 3454 προσευχὴ
1069 3380 1278 3451 γέγονε,
1324 3381 1420 3435 καὶ
1449 3381 1550 3435 οὐκ
1594 3379 1850 3447 ἀπολύεις

246 3468 344 3522 τὸν
378 3467 611 3538 νεκρόν;
642 3467 808 3538 Οὐχὶ,
852 3464 1006 3537 φησί.
1042 3464 1144 3519 Διά
1180 3463 1264 3530 τί;
1300 3464 1424 3519 Ὀτι
1470 3463 1533 3518 οὐ
1583 3466 1852 3537 προσετά-

248 3553 414 3625 χθην.
441 3550 676 3622 Δέσμιός
718 3552 837 3623 ειμι
870 3547 1058 3604 αὐτόθι
1087 3547 1338 3619 κατέχων
1379 3548 1473 3603 τὸν
1508 3547 1811 3603 ὑπεύθυνον
1834 3560 1852 3577 ·

262 3768 596 3787 -υῄ

1061 260 1149 316 DE
1183 261 1460 320 CHRISTI
1501 263 1865 338 PRECIBUS,
1906 274 2186 332 CONTRA
2225 278 2607 338 ΛΝΟΜἚΟΞ.
2651 282 2719 337 Χ.

3453 285 3556 342 784

1978 388 2180 482 ἐάνμὴ
2211 395 2555 482 προσταχθῶ,
2582 399 2770 468 φησὶν,
2791 401 2891 454 οὐκ
2918 402 3140 458 ἀπολύω
3160 423 3173 438 ο
3199 407 3232 478 ἡ
3259 408 3371 481 γὰρ
3391 427 3558 482 προα-

1975 476 2130 564 ευχὴ,
2161 480 2348 564 φησὶν,
2382 481 2444 534 οὐ
2476 481 2545 534 δι’
2575 482 2676 553 ἐμέ
2705 482 2950 552 γέγονεν,
2983 486 3121 541 ἀλλά
3149 476 3237 543 διά
3263 476 3389 556 τούς
3417 476 3558 564 παρ-

1974 556 2143 645 όνιιας⁸
2171 561 2454 645 ἀπίστους.
2487 564 2629 634 Ἐγὼ
2656 566 2788 640 γὰρ,
2827 569 2922 623 ἐὰν
2968 570 3042 642 μὴ
3076 576 3426 645 προσταχθῶ,
3457 556 3560 633 οὐκ

1973 640 2197 728 ἀπολύω
2224 644 2316 728 τὸν
2359 646 2698 703 ὑπεύθυνονο
2758 640 3153 726 ἀναμένωήτὴν
3203 640 3427 728 φωνὴν,
3471 662 3560 716 ἱνα

1972 723 2231 780 ἀπολύσω
2269 727 2368 800 τὴν
2395 728 2593 802 ψυχήν.
2627 732 2877 803 Λάζὶιρε,
2917 723 3275 805 δεῦροήέξω.
3319 723 3561 799 Ἤκουσε

1970 807 2065 893 τοιξ
2093 808 2416 893 δεσποτικοῦ
2452 814 2882 887 προστάγματος
2924 820 2954 873 6
2983 820 3197 893 νεκρὸς,
3227 823 3323 876 καὶ
3352 824 3557 891 εὐθέως

1970 889 2067 944 τοῦ
2098 891 2329 947 θανάτου
2354 896 2481 959 τοὺς
2508 895 2707 968 νόμους
2736 899 3063 971 παρέλυσεν.
3086 889 3555 974 ’Δίσχυνέσθωσαν

1970 976 2034 1062 οἱ
2058 977 2364 1062 αἱρετικολ,
2419 979 2517 1032 καὶ
2563 980 2952 1037 ἀπολέσθωσαν
2978 984 3088 1037 ἀπὸ
3130 986 3425 1058 προσώπου
3455 989 3559 1062 τῆς

1968 1058 2092 1129 γῆς.
2123 1060 2237 1143 Ιςαὶ
2267 1059 2377 1131 γάρ
2406 1062 2688 1129 ἀπέδειξεν
2712 1067 2743 1118 6
2768 1064 2947 1135 λόγος,
2988 1067 3071 1121 ὅτι
3114 1068 3176 1121 οὐ
3218 1069 3307 1123 διὰ
3335 1070 3435 1143 τὴν
3458 1058 3558 1127 τοῦ

1970 1140 2167 1228 νεκροῦ
2196 1143 2497 1200 ἀνάστασιν
2523 1146 2749 1216 γέγονεν
2777 1152 2810 1221 ή
2840 1151 3141 1223 προσευχὴ,
3172 1153 3311 1208 ἀλλά
3338 1140 3427 1210 διά
3456 1156 3558 1228 τὴν

1967 1224 2079 1310 τῶν
2118 1227 2243 1281 τότε
2302 1229 2589 1301 παρόντων
2641 1232 2888 1288 ἀπίστων
2936 1234 3243 1293 ἀσθένειαν.
3294 1224 3552 1310 Λάζαρε,

1967 1307 2146 1378 δεῦρο
2175 1310 2313 1376 ἔξω.
2340 1312 2452 1366 Καὶ
2473 1313 2562 1368 διὰ
2585 1314 2638 1367 τί
2665 1316 2928 1387 ὀνομαστὶ
2954 1318 3048 1372 16v
3072 1320 3268 1392 νεκρὸν
3293 1307 3552 1390 ἐκάλεσες

1966 1393 2067 1448 Διά
2092 1393 2183 1459 τίς
2218 1394 2338 1449 Ἵνα
2369 1396 2446 1468 μὴ
2490 1397 2590 1469 τὴν
2621 1399 2808 1471 φωνὴν
2850 1402 3261 1477 ἀπολελυμένην
3300 1407 3383 1470 είς
3424 1409 3558 1474 τούς

1966 1477 2196 1549 νεκροὺς
2229 1479 2542 1547 ἀποτείνας,
2571 1482 2780 1548 πάντας
2806 1486 2934 1548 τοὺς
2961 1487 3020 1540 ἐν
3060 1490 3174 1552 τοῖς
3196 1488 3388 1558 τάφοις
3412 1491 3554 1559 ἐγεί-

1970 1576 2070 1645 ρῃ»
2104 1559 2195 1645 διᾲ
2235 1562 2393 1617 τοῦτό
2435 1582 2598 1637 φησι,
2638 1566 2883 1637 Λάζαρε.
2915 1570 3093 1639 δεῦρο
3113 1571 3252 1637 ἐξω.
3284 1573 3352 1626 Σὲ
3388 1574 3556 1645 μόνον

1966 1644 2059 1697 ἐπὶ
2096 1643 2192 1698 τοῦ
2224 1646 2492 1717 παρόντος
2527 1649 2665 1712 τέως
2712 1650 3092 1723 ἀνακαλῶμαι
3118 1655 3301 1727 δχλου,
3330 1643 3418 1711 ἴνα
3462 1657 3552 1714 διὰ

1962 1727 2060 1783 τοῦ
2085 1730 2288 1801 μέρους
2313 1732 2407 1785 καὶ
2430 1732 2529 1803 τὴν
2557 1732 2667 1787 τῶν
2692 1734 2996 1805 μελλόντων
3020 1738 3270 1804 ἐπιδείξω
3291 1740 3550 1813 δύναμιν·

1960 1813 1994 1865 6
2046 1814 2158 1884 γάρ
2210 1812 2306 1868 ἕνα
2353 1816 2574 1887 ἐγείρας
2627 1815 2778 1886 ἐγὼ,
2811 1817 2909 1891 τὴν
2938 1821 3264 1894 οἰκουμένην
3310 1812 3551 1878 ἀνιστῶο

1975 1896 2126 1966 Ἐγὼ
2162 1897 2272 1969 γάρ
2298 1899 2415 1967 ειμι
2443 1899 2483 1967 ἡ
2527 1898 2870 1967 ἀνάστασις
2901 1903 2999 1957 καί
3031 1904 3070 1973 ὴ
3120 1903 3257 1972 ζωή.
3303 1905 3551 1977 Λάζαρε,

1960 1977 2141 2048 δεῦρο
2165 1979 2303 2045 ἔξω.
2329 1981 2442 2034 Καὶ
2469 1981 2692 2054 ἐξῆλθεν
2710 1985 2739 2037 ό
2768 1985 2962 2057 νεκρὸς
2986 1986 3271 2058 δεδεμένος
3292 1992 3549 2062 κειρίαις.

1964 2062 2029 2115 Ὢ
2061 2062 2170 2118 τῶν
2207 2063 2529 2135 παραδόξων
2569 2068 2942 2137 πραγμάτων
2978 2068 3130 2142 [529]
3177 2071 3206 2124 6
3241 2071 3341 2143 τὴν
3372 2073 3552 2144 ψυχὴν

1960 2147 2026 2199 ἐκ
2053 2146 2164 2201 τῶν
2193 2147 2410 2218 δεσμῶν
2450 2146 2546 2202 τοῦ
2575 2148 2806 2205 θανάτου
2836 2149 3024 2218 λύσας,
3058 2155 3087 2206 6
3121 2153 3219 2217 τὰς
3248 2154 3424 2220 πύλας
3452 2156 3549 2210 τοῦ

1958 2228 2088 2301 ᾅδου
2116 2230 2439 2301 διαρρήξας,
2465 2233 2494 2285 6
2525 2232 2703 2297 πύλας
2734 2233 2945 2304 χαλκᾶς
2990 2234 3085 2288 καὶ
3135 2236 3368 2307 μοχλοὺς
3400 2239 3551 2312 σιδη-

1959 2311 2090 2385 ροῦς
2120 2314 2451 2386 συντρίψας,
2490 2316 2588 2371 καὶ
2616 2317 2715 2389 τὴν
2739 2318 2918 2388 ψυχὴν
2957 2320 3023 2373 ἐκ
3052 2318 3166 2372 τῶν
3196 2319 3412 2392 δεσμῶν
3451 2311 3549 2377 τοῦ

1958 2399 2191 2454 θανάτου
2223 2399 2617 2471 ἐλευθερώσας,
2653 2402 2754 2455 οὐκ
2796 2402 3028 2472 ἠδύνατο
3060 2404 3157 2458 καὶ
3198 2404 3300 2469 τὰς
3337 2407 3550 2479 κειρίας

1955 2481 2117 2537 λῦσαι
2141 2482 2237 2537 τοῦ
2284 2483 2512 2555 νεκροῦ;
2543 2485 2671 2552 Ναὶ,
2703 2483 2965 2556 ἠδύνατο·
2997 2486 3137 2541 ἀλλά
3174 2489 3392 2543 κελεύει
3432 2493 3551 2556 τοῖς

1969 2565 2244 2633 Ἰουδαίοις
2276 2566 2439 2622 λῦσαι
2470 2568 2574 2633 τὰς
2601 2569 2836 2643 κειρίας,
2864 2569 2932 2634 ἃς
2971 2570 3128 2624 αὐτοὶ
3167 2573 3430 2646 πρότερον
3457 2577 3547 2631 ἐν-

1952 2650 2311 2720 ταφιάζοντες
2345 2651 2632 2722 ἐσφιγξαν,
2663 2654 2751 2707 ἵνα
2786 2653 2897 2709 τῶν
2935 2655 3152 2709 οἰκείων
3184 2657 3402 2729 δεσμῶν
3428 2662 3551 2715 ἐπι.

1953 2732 2206 2814 γνώσωσι
2236 2734 2304 2788 τὰ
2332 2736 2715 2807 γνωρίσματα,
2745 2738 2833 2791 ἵνα
2878 2740 2945 2808 τῇ
2993 2739 3159 2811 πείρᾳ
3190 2740 3454 2810 μάθωσιν,
3487 2743 3552 2814 ἐξ

1953 2812 2029 2873 ὧν
2056 2818 2321 2888 ἔπραξαν,
2351 2820 2433 2873 ὃτι
2484 2820 2739 2891 Λάζαρός
2764 2823 2914 2875 ἐστιν
2942 2823 2971 2875 6
3012 2824 3149 2896 παρ’
3177 2824 3360 2881 αὐτῶν
3395 2812 3551 2883 ἐνταέ

1955 2903 2210 2972 φιασθεὶς
2233 2917 2283 2969 ι,
2324 2906 2420 2958 καὶ⁸
2463 2904 2702 2977 Χριστός
2735 2907 2885 2978 ἐστιν
2915 2908 2944 2960 6
2987 2910 3109 2961 κατ’
3157 2909 3410 2965 εὐδοκίαν
3450 2912 3550 2967 τοῦ

1953 2987 2168 3058 Πατρός
2195 2987 2643 3058 παραγενόμενος
2691 2989 2774 3050 είς
2819 2989 2911 3043 τὸν
2950 2990 3176 3062 κόσμον,
3207 2994 3237 3045 6
3281 2992 3425 3065 ζωῆς
3455 2996 3549 3050 καὶ

1954 3067 2188 3124 θανάτου
2232 3070 2335 3142 τὴν
2379 3069 2630 3135 ἐξουσίαν
2681 3070 2842 3142 ἔχων.
2896 3071 3059 3143 Λύτῷ
3094 3075 3127 3143 ἡ
3175 3073 3306 3140 δόξα
3358 3077 3455 3130 καὶ
3484 3078 3550 3131 16

1952 3153 2154 3223 κράτος
2202 3154 2300 3208 σύν
2332 3153 2408 3223 τῷ
2437 3154 2660 3225 ἀνάρχῳ
2690 3171 2784 3208 σου
2834 3155 3012 3227 Πατρλ⁸
3042 3156 3141 3212 καὶ
3187 3154 3264 3228 τῷ
3293 3159 3550 3231 παναγίῳ

1952 3239 2049 3291 καὶ
2084 3235 2335 3308 ζωοποιῷ
2356 3253 2451 3290 σου
2479 3236 2783 3307 Πνεύματι,
2810 3237 2905 3293 νῦν
2929 3244 3025 3293 καὶ
3054 3241 3163 3306 ἀεὶ,
3183 3242 3280 3296 καὶ
3307 3245 3389 3307 είς
3415 3246 3546 3314 τοὺς

1952 3319 2154 3385 αἰῶνας
2178 3320 2289 3374 τῶν
2318 3319 2553 3375 αἰώνων.
2597 3319 2793 3392 ’Λμήν.

2017 3493 2049 3562 ξ
2075 3493 2195 3562 Ροεί
2213 3492 2788 3562 ἐνταφιασθείςβαῖίιλκὶῐι
2825 3508 2980 3558 marg.
3007 3495 3141 3548 addit
3185 3500 3267 3548 καὶ
3287 3500 3364 3549 ἵνα
3385 3498 3451 3562 μὴ
3487 3500 3546 3548 τὸ

1954 3558 2151 3619 πρᾶγμα
2171 3558 2237 3612 ὡς
2259 3555 2512 3619 φάντασμα
2542 3555 2859 3605 διαϐάλλωσι.

250 4037 385 4095 ὐτι
454 4036 522 4092 t6
549 4035 637 4107 μὴ
697 4035 920 4106 λέγειν,
977 4034 1127 4102 ἅπερ
1175 4034 1374 4105 (aper,
1444 4033 1545 4088 καί
1578 4036 1667 4101 είς
1717 4032 1960 4102 ἐτέρους
2020 4027 2317 4099 ἐκφέρειν,
2373 4027 2740 4097 πενέστερον
2799 4025 2974 4091 ποιεῖ,
3040 4024 3138 4079 καὶ
3194 4026 3313 4093 τὴν
3358 4024 3540 4093 χάριν

323 4131 656 4187 σϐέννυσιν
687 4130 786 4184 καί
809 4132 896 4196 εις
924 4128 1033 4195 τὰς
1057 4127 1266 4198 εὐχὰς,
1293 4126 1369 4194 ἀς
1416 4130 1450 4182 ὁ
1504 4128 1759 4197 Χριστὸς
1812 4125 2062 4194 ηὔξατο,
2094 4122 2192 4177 καί
2219 4121 2335 4191 τὴν
2369 4121 2684 4188 ἐξουσίαν,
2738 4119 2867 4191 μεθ’
2890 4114 2969 4190 ἧς
3029 4116 3265 4171 ἅπαντα
3325 4115 3534 4169 ἐποίει⁸

321 4226 426 4281 καὶ
454 4227 541 4290 εις
567 4220 685 4291 τὴν
714 4221 825 4276 τοῦ
853 4218 1117 4275 παλαιοῦ
1152 4218 1345 4288 νόμου
1375 4218 1724 4287 διόρθωσιν·
1764 4216 1866 4271 καί
1902 4214 1992 4268 ὅτι
2036 4214 2104 4269 τὸ
2130 4212 2507 4284 σαρκωθῆναι
2534 4213 2651 4291 τὴν
2713 4212 2963 4280 ἰσότητα
2986 4210 3175 4265 αὐτοῦ
3230 4206 3345 4277 τὴν
3387 4205 3539 4276 πρὸς

324 4319 434 4373 τὸν
456 4314 690 4385 Πατέρα
713 4316 824 4370 οὐκ
855 4310 1114 4380 ἐλαττοῖ,
1146 4309 1311 4367 ἀλλά
1343 4308 1443 4364 καί
1480 4311 1814 4379 συνίστησι
1834 4306 2101 4380 μᾶλλον.

801 4687 994 4755 Λόγος
1018 4682 1287 4750 δέκατος.

328 4773 396 4829 α’.
422 4770 645 4835 Ἰκανῶς
661 4770 720 4825 ἐν
734 4772 855 4833 ταῖς
870 4767 1182 4839 ἔμπροσθεν
1204 4762 1682 4836 ἐπανηγυρίσαμεν
1699 4762 1835 4834 ἠμέ-

250 4876 393 4929 ραις,
420 4857 529 4911 τῶν
555 4854 734 4911 ἄθλων
754 4852 1138 4923 ἐπιλαϐόμενοι
1160 4849 1269 4905 τῶν
1308 4847 1705 4915 ἀποστολικῶν,
1740 4847 1837 4901 καὶ

243 4946 313 5016 τῇ
341 4942 596 5014 διηγήσει
653 4937 764 4992 τῶν
804 4934 1193 5008 πνευματικῶν
1234 4932 1611 5016 ἐντρυφῶντες
1638 4948 1836 5003 κατορ-

243 5027 520 5099 Θωμάτων
544 5042 560 5056 ο
600 5023 719 5097 ὥρα
746 5021 810 5093 δὴ
837 5019 1024 5074 λοιπὸν
1051 5015 1346 5099 ἀποδοῷαι
1392 5016 1454 5069 16
1485 5015 1643 5087 χρέος
1677 5016 1807 5099 ὐμίν
1827 5032 1841 5045 ·

240 5095 344 5165 καλ
369 5108 483 5181 γάρ
504 5107 568 5161 16
593 5095 802 5161 κωλύον
830 5104 1007 5158 οὐδέν.
1041 5100 1147 5155 Καὶ
1192 5095 1311 5154 οῖδα
1351 5099 1450 5171 μὲν
1484 5099 1567 5181 ὅτι
1595 5097 1846 5169 ἐπιλέλη-

242 5192 341 5247 σθε
363 5179 473 5246 τῶν
506 5188 837 5261 ὀφλημάτων
869 5187 1029 5260 ὑμεῖς
1053 5184 1162 5238 τῶν
1184 5182 1334 5255 ἐμῶν
1363 5181 1451 5236 διὰ
1480 5179 1543 5235 16
1572 5181 1680 5235 τῶν
1704 5182 1844 5253 ἡμε-

243 5276 359 5348 ρῶν
387 5273 598 5344 πλῆθος
616 5289 632 5303 ⁸
662 5273 723 5326 οὐ
759 5272 864 5343 μὴν
890 5268 979 5323 διὰ
1005 5267 1165 5322 τοῦτο
1201 5266 1344 5322 αὐτά
1373 5263 1485 5348 ἐγώ
1523 5263 1844 5348 ἀποκρύψο-

241 5346 369 5431 μαι,
396 5356 535 5411 ἀλλά
567 5355 704 5427 μετά
726 5355 908 5423 πάσης
931 5353 1062 5424 ὐμῐν
1086 5350 1262 5404 ταῦτα
1289 5347 1559 5404 ἀποδώσω
1585 5346 1689 5418 τῆς
1710 5363 1845 5431 προ-

238 5430 470 5514 θυμίας.
501 5439 652 5493 Ποιῶ
678 5439 735 5493 δὲ
782 5437 962 5500 τοῦτο,
988 5436 1053 5489 οὐ
1080 5435 1147 5489 δι’
1190 5431 1615 5504 εὐγνωμοσύνην
1636 5430 1836 5514 μόνον,

239 5511 383 5580 ἀλλά
416 5526 517 5579 καὶ
544 5523 612 5576 δι’
634 5520 902 5591 ὠφέλειαν
928 5520 1094 5592 ἐμήν.
1155 5517 1283 5574 Ἐπὶ
1319 5515 1417 5587 μὲν
1445 5515 1558 5587 γάρ
1590 5511 1699 5568 τῶν
1728 5531 1837 5568 σω-

246 5608 498 5679 ματικῶν
527 5603 988 5675 συναλλαγμάτων
1023 5603 1213 5675 κέρδος
1255 5599 1334 5672 τῷ
1363 5595 1756 5669 δεδανεισμένῳ
1777 5595 1840 5650 16

243 5691 340 5751 th
368 5687 719 5748 δεδανεικάια
760 5687 1145 5744 ἐπιλαθέσθαι·
1178 5685 1349 5741 ἐπὶιόὲ
1390 5684 1497 5740 τῶν
1537 5696 1839 5753 πνευματι-

1938 4679 2051 4735 κῶν
2097 4674 2441 4748 συμϐολαίων
2478 4673 2666 4746 κέρδος
2694 4672 2776 4745 τῷ
2801 4673 3048 4746 μέλλοντι
3080 4674 3442 4731 καταϐάλλειν
3470 4674 3535 4727 16

1940 4762 2100 4835 χρέος
2132 4762 2411 4833 μέγιστον,
2440 4758 2503 4812 16
2541 4759 2670 4823 τοὺς
2704 4757 3061 4829 ὑποδέχεσθαι
3110 4758 3401 4829 μέλλοντας
3451 4760 3536 4813 δι-

1939 4844 2154 4916 ηνεκῶς
2187 4843 2498 4918 μεμνῆσθαι
2524 4841 2634 4896 τῶν
2664 4841 3018 4913 ὀφλημάτων.
3054 4841 3201 4894 Ἐκεῖ
3223 4842 3324 4912 μὲν
3349 4843 3454 4913 γάρ
3473 4842 3536 4897 16

1941 4930 2210 5001 δάνεισμα
2238 4927 2500 4983 ἀπώοθέν
2516 4927 2607 4980 τὸν
2625 4926 2723 4998 μὲν
2747 4924 3125 4980 καταϐαλόντα
3152 4925 3367 4995 ἀφίησι,
3404 4926 3536 4997 μεθ-

1951 5012 2164 5067 ίσταται
2223 5010 2281 5065 δὲ
2336 5010 2473 5083 πρὸς
2528 5009 2621 5064 τὸν
2662 5008 3076 5079 ὐποδεξόμενον,
3148 5008 3243 5061 καὶ
3294 5006 3388 5060 τοῦ
3434 5008 3536 5077 μὲν

1946 5095 2249 5167 ἠλάττωσε,
2290 5094 2386 5148 τοῦ
2425 5094 2483 5147 δὲ
2520 5092 2810 5146 ἐπλεόνασε
2840 5092 2940 5163 τὴν
2972 5090 3186 5145 οὐσίαν·
3225 5090 3319 5142 ἐπὶ
3351 5090 3407 5144 δέ
3425 5090 3534 5144 τῶν

1947 5179 2337 5250 πνευματικῶν
2388 5179 2487 5247 οὐχ
2536 5176 2732 5240 οὕτως,
2791 5174 2927 5229 ἀλλά
2973 5173 3198 5229 δυνατὸν
3249 5172 3381 5228 αὐτὸ
3441 5176 3534 5228 καὶ

1945 5263 2294 5329 καταϐαλεῖν,
2315 5262 2411 5316 καὶ
2442 5261 2589 5331 ἔχειν
2604 5278 2618 5291 υ
2653 5260 2750 5313 καὶ
2773 5259 2835 5312 16
2861 5259 2927 5329 δὴ
2944 5257 3272 5329 θαυμαστὸν,
3295 5258 3378 5311 ὅτι
3408 5258 3534 5312 τότε

1949 5347 2185 5418 μάλιστα
2217 5344 2350 5400 αὐτὸ
2382 5344 2603 5414 ἔχομεν,
2634 5343 2762 5396 ὅταν
2795 5341 3195 5413 καταϐάλωμεν
3229 5341 3462 5414 ἐτέροις.
3530 5354 3533 5359 ‘

2023 5513 2122 5567 Ἂν
2164 5512 2264 5583 μὶν
2288 5470 2407 5582 γὰρ.
2429 5512 2489 5566 ἐν
2512 5512 2580 5581 τῇ
2608 5508 2819 5580 διανοίᾳ
2844 5508 3153 5579 κατορύξας
3178 5507 3400 5579 φυλάξω
3454 5508 3536 5564 δι-

1944 5594 2159 5667 ηνεκῶς
2193 5593 2383 5667 μηδενὶ
2418 5594 2752 5667 μεταδιδοὺς,
2780 5591 3094 5647 ὲλαττοῦταί
3122 5610 3211 5663 μοι
3239 5592 3300 5647 16
3320 5593 3533 5666 κέρδος,

1951 5677 2199 5752 μειοῦται
2235 5679 2304 5733 τά
2331 5677 2430 5751 τῆς
2456 5675 2773 5750 περιουσίας
2797 5691 2810 5705 ·
2839 5673 2905 5731 ἂν
2962 5675 3017 5728 δέ
3050 5677 3125 5741 είς
3164 5675 3410 5760 ἅπαντας
3442 5674 3532 5741 ἐξ-
