3980 6184
204 228 292 287 185

202 339 312 415 quid
351 338 421 403 de
448 336 788 406 facultatibus
819 353 834 391 :
865 337 949 399 sin
984 343 1175 411 autem.
1200 335 1278 393 ad.
1310 350 1499 395 omnes
1527 334 1767 407 efferant,

98 494 105 503 ,
200 433 488 502 multosque
523 437 806 495 consortes
835 441 900 487 ac
933 427 1216 507 participes
1247 426 1456 501 iaciam,
1488 425 1616 493 mihi
1638 425 1774 484 divi-

206 528 280 583 tia:
304 522 611 607 spirituales
650 530 933 593 augentur.
979 523 1153 592 Atque
1196 519 1310 577 bare
1346 519 1416 577 ita
1456 534 1515 577 se
1550 516 1771 585 habere,

200 629 417 686 eumque
441 613 531 685 qui
557 611 767 675 caloris
792 610 1177 678 communicat,
1216 609 1515 679 depositum
1537 623 1770 678 augere;

198 709 276 781 qui
295 721 424 763 vero
450 703 750 769 abscondit,
775 711 1040 776 qumstum
1066 716 1283 761 omnem
1305 701 1648 768 imminuere,
1689 707 1772 757 tc-

198 810 296 854 .ttes
318 805 445 855 sunt
472 796 573 861 illi,
596 794 788 867 quibus
816 792 1031 853 fuerant
1057 794 1255 850 talenta
1279 792 1586 861 commissa,
1618 792 1662 846 is
1687 791 1772 845 cui

198 889 443 961 quinque,
476 887 523 949 is
548 887 633 945 cui
660 886 787 954 duo,
819 896 873 943 et
900 885 945 945 is
969 885 1056 945 cui
1086 900 1273 945 unum.
1302 884 1409 941 Alii
1433 883 1575 947 enim
1602 882 1776 953 dupli-

197 991 303 1043 cata
328 980 701 1053 proferebant,
724 995 845 1055 quae
869 980 973 1036 sibi
1004 980 1206 1040 credita
1237 978 1467 1046 fuerant,
1496 989 1551 1034 et
1572 978 1775 1037 idcirco

198 1074 485 1135 honoribus
511 1072 887 1133 efﬁciebantur
917 1070 1129 1145 (Matth.
1154 1070 1246 1131 25.
1270 1069 1360 1143 15)
1391 1089 1408 1127 :
1438 1072 1575 1129 alius
1598 1078 1774 1126 autem

196 1166 321 1239 apud
361 1180 431 1253 se.
463 1165 716 1230 servavit,
757 1179 858 1221 nec
887 1165 977 1219 ulli
1005 1163 1444 1229 communicavit,
1473 1179 1647 1234 neque
1675 1162 1775 1219 du-

198 1258 330 1328 plum
359 1255 591 1315 reddere
618 1254 812 1321 valuit,
837 1264 1000 1328 atque
1026 1254 1226 1311 idcirco
1266 1253 1481 1326 punitus
1517 1265 1615 1313 est.
1652 1253 1780 1311 llaec

195 1350 347 1421 igitur
374 1349 659 1405 audientes
687 1362 898 1416 omnes,
927 1356 981 1404 et
1010 1346 1153 1420 quod
1179 1346 1305 1404 inde
1332 1347 1650 1420 supplicium
1679 1346 1780 1407 im-

195 1442 358 1498 minet
402 1440 838 1506 reformidantes,
888 1438 1028 1512 quod
1056 1454 1225 1511 penes
1251 1454 1351 1501 nos
1380 1438 1540 1509 fuerit
1577 1438 1781 1507 bonum

197 1535 247 1589 in
279 1533 473 1590 fratres
500 1531 870 1597 conferamus.
914 1540 970 1593 et
1003 1531 1060 1593 in
1099 1530 1336 1593 medium
1364 1530 1627 1599 _qumibus
1652 1545 1779 1603 per-

195 1627 485 1692 solvamus,
507 1638 681 1697 neque
705 1621 1081 1683 recondamus.
1104 1620 1235 1682 Cum
1260 1624 1406 1683 enim
1430 1637 1552 1685 cum
1572 1620 1783 1687 casteria

197 1700 684 1789 communicantes,
727 1724 842 1772 tum
880 1715 1111 1787 amplius
1139 1715 1240 1785 ipsi
1273 1714 1581 1779 ditescimus
1613 1732 1629 1769 :
1658 1728 1783 1776 cum

201 1810 485 1883 participes
506 1809 641 1866 lucri
666 1809 859 1866 multos
882 1807 1125 1876 iacimus,
1147 1815 1255 1863 tum
1279 1806 1554 1871 facultates
1573 1816 1785 1869 nostras

200 1917 469 1976 augemus.
498 1901 662 1973 Atqui
706 1900 871 1959 minui
899 1899 1122 1973 gloriam
1163 1909 1306 1963 tuam
1334 1897 1630 1964 arbitraris,
1657 1912 1782 1952 cum

203 2001 257 2049 tu
296 2008 355 2049 ea
404 1991 553 2048 nosti
595 2005 717 2046 cum
761 1989 966 2057 multis,
1007 2004 1128 2064 quae
1172 1989 1318 2045 solus
1340 2001 1573 2059 noveras
1612 2004 1626 2042 :
1674 1986 1783 2049 imo

201 2098 321 2141 vero
361 2092 481 2140 tum
519 2092 746 2154 augetur
770 2080 940 2149 gloria
962 2122 977 2147 ,
1006 2090 1061 2137 et
1098 2079 1296 2138 utilitas
1323 2090 1445 2146 tua,
1484 2093 1605 2135 eum
1642 2078 1782 2149 invi-

200 2176 332 2232 diam
352 2175 658 2247 proculcas,
695 2189 816 2231 cum
844 2173 1067 2233 livorem
1090 2172 1403 2245 exstinguis,
1434 2187 1557 2229 cum
1583 2172 1784 2227 amoris

203 2269 249 2322 in
274 2267 473 2323 lratres
500 2265 772 2339 egregium
799 2265 1068 2337 specimen
1113 2263 1248 2319 edis.
1277 2262 1431 2332 Quod
1458 2261 1506 2318 si
1547 2262 1693 2321 solus
1729 2261 1782 2317 id

199 2356 367 2413 sciens
392 2355 733 2422 obambulcs,
761 2353 1004 2410 homines
1024 2354 1237 2429 quidem
1268 2361 1321 2409 te
1350 2359 1617 2425 tamquam
1651 2352 1787 2407 invi-

200 2447 315 2502 dum
339 2456 397 2502 et
423 2446 653 2503 fratrum
680 2460 894 2502 osorem
927 2447 1346 2512 aversabuntur,
1375 2455 1429 2503 et
1461 2445 1585 2519 odio
1615 2444 1783 2500 babe-

198 2537 321 2593 bont
351 2554 367 2592 :
404 2538 550 2592 Deus
585 2545 763 2597 autem
802 2546 1052 2608 tanquam
1100 2535 1167 2591 ab
1204 2536 1448 2611 improbo
1485 2545 1781 2592 extremum

197 2631 516 2703 supplicium
542 2631 740 2703 exiget.
764 2629 967 2686 Prtetcr
991 2629 1107 2687 luce
1132 2637 1309 2687 autem
1341 2629 1454 2701 ipsa
1484 2630 1642 2686 etiam
1663 2644 1784 2701 gra-

200 2724 264 2778 tia
287 2722 579 2778 confestim
610 2722 810 2781 nudum
840 2731 890 2779 te
911 2721 1284 2793 derelinquens
1309 2720 1544 2793 aufugiet
1574 2738 1591 2776 :
1617 2737 1789 2792 quan-

195 2814 481 2887 doquidem
528 2814 855 2879 frumentum
902 2827 1114 2884 quoque
1142 2813 1188 2870 si
1217 2828 1432 2885 semper
1474 2813 1526 2867 in
1576 2812 1786 2868 horreis

194 2906 261 2962 sit
301 2906 644 2965 reconditum
666 2947 682 2972 ,
713 2905 1077 2969 consumitur,
1107 2920 1228 2961 cum
1258 2919 1287 2960 a
1320 2905 1457 2959 tinea
1485 2904 1740 2960 credatur
1768 2906 1801 2958 :'

193 2999 235 3052 si
265 3013 397 3054 vero
426 2997 691 3068 prolatum
720 2995 867 3057 foras
895 2996 945 3051 in
974 3011 1099 3051 arva
1124 3003 1430 3068 spargatur,
1464 2995 1783 3066 multiplica-

194 3101 276 3145 tur
316 3104 648 3161 rursumque
690 3097 982 3144 renovatur
1013 3105 1028 3144 :
1063 3088 1136 3142 ita
1175 3103 1353 3142 sermo
1383 3100 1593 3159 quoque
1627 3084 1787 3155 spiri-

193 3182 379 3251 tualis,
426 3182 480 3237 si
525 3196 741 3254 semper
783 3182 926 3236 intus
971 3177 1351 3246 concludatur,
1394 3177 1521 3231 dum
1565 3175 1789 3244 invidia,

193 3282 444 3344 torpore,
481 3286 545 3327 ac
578 3271 697 3327 tabe
723 3270 1083 3340 corrumpitur
1101 3311 1117 3337 ,
1145 3277 1198 3325 et
1227 3267 1560 3324 consumitur
1586 3268 1787 3334 anima,

189 3364 295 3416 cito
314 3361 685 3437 exstinguitur
708 3379 723 3417 :
747 3361 829 3418 sin
851 3370 1026 3419 autem
1050 3368 1317 3432 tamquam
1338 3359 1391 3414 in
1414 3374 1600 3414 arvum
1620 3357 1793 3414 fertile

189 3452 242 3508 in
266 3456 492 3511 animas
517 3452 737 3509 fratrum
767 3454 1125 3526 diapergatur,
1167 3454 1235 3507 ita
1266 3451 1325 3506 lit
1350 3460 1409 3506 ut
1437 3461 1490 3507 et
1514 3452 1581 3509 iis
1606 3468 1636 3508 a
1666 3451 1787 3522 qui.

188 3543 287 3600 bos
313 3543 616 3615 suscipitur
641 3554 696 3609 et
719 3543 785 3599 iis
811 3559 842 3599 a
870 3544 1062 3614 quibus
1091 3542 1394 3623 possidetur
1414 3542 1792 3613 multiplicetur

191 3635 513 3691 thesaurus.
552 3634 619 3690 Et
645 3634 1090 3708 quemadmodum
1122 3633 1242 3689 fons
1261 3676 1276 3701 ,
1309 3648 1376 3689 ex
1403 3648 1510 3704 quo
1537 3632 1792 3705 frequen-

191 3735 271 3783 ter
300 3726 580 3799 hauritur,
612 3727 794 3797 purior
824 3726 900 3793 lit,
933 3736 984 3783 et
1010 3726 1276 3796 copiosius
1301 3725 1539 3792 scaturit,
1571 3725 1789 3783 obtura-

187 3828 275 3874 tus
297 3834 436 3875 vero
460 3818 777 3886 deStruitur,
802 3818 880 3873 sic
908 3828 961 3877 et
985 3808 1181 3879 donum
1212 3817 1507 3889 spirituale,
1532 3832 1597 3873 ac
1614 3832 1792 3873 sermo

184 3909 488 3979 doctrinm,
520 3908 564 3964 si
594 3909 900 3981 frequenter
928 3909 1221 3975 hanriatur,
1246 3918 1300 3969 et
1326 3907 1648 3985 hauriendus
1677 3909 1795 3981 qni-

187 4003 381 4063 busvis
426 4010 759 4072 exponetur,
804 4002 1021 4058 uberius
1062 4008 1246 4062 manat
1289 4018 1305 4057 :
1345 4000 1544 4058 invidia
1574 4017 1702 4059 vero
1740 4008 1796 4057 et

182 4092 363 4150 livore
394 4107 719 4162 suppressus
757 4091 1050 4167 minuitur,
1081 4107 1144 4146 ac
1175 4090 1386 4147 tandem
1417 4091 1790 4162 exstinguitur.

182 4185 429 4254 Quando
470 4184 630 4255 igitur
669 4193 813 4239 tanta
859 4182 1012 4242 nobis
1054 4183 1177 4257 inde
1217 4183 1413 4237 utilitas
1451 4183 1655 4251 oritur,
1698 4198 1796 4254 age

183 4276 335 4346 quod
364 4277 421 4331 in
450 4285 637 4335 nostra
658 4283 921 4347 potestate
944 4277 1103 4330 situm
1129 4273 1313 4341 fuerit,
1333 4275 1385 4329 in
1406 4274 1638 4331 medium
1663 4274 1791 4330 alie—

182 4383 408 4433 ramus,
432 4376 715 4440 totumque
737 4368 890 4423 vobis
915 4367 1150 4423 debitum
1177 4367 1536 4431 exsolVamus,
1568 4367 1613 4421 si
1647 4368 1797 4438 prius

995 223 1089 281 Μ
1124 222 1393 282 ειιιιετι
1429 220 1785 289 2W8,
1824 220 2097 280 CONTRA
2135 224 2509 283 ANOMCEOB.
2548 227 2619 283 Χ.
2706 264 2711 269 ι
2752 230 2757 237 ‘

3346 223 3453 281 786

1877 352 2039 407 quam
2064 340 2263 399 auxilio
2302 341 2583 412 indigeret.
2624 343 2793 402 Porro
2833 347 2998 405 multa
3038 348 3171 413 facta
3198 352 3360 409 etiam
3386 357 3461 413 ab

1879 443 1947 487 eo
1974 430 2159 492 fuiSSc.
2184 439 2243 491 ut
2268 432 2616 493 humilitatem
2647 436 2767 493 illos
2786 437 3025 506 doceret,
3045 442 3167 499 audi
3196 459 3315 515 qum
3333 459 3462 517 pro-

1877 519 2024 585 bent.
2052 523 2256 592 Aquam
2286 524 2432 581 misit
2460 525 2511 585 in
2540 526 2757 596 pelvitn,
2786 537 2841 583 et
2864 532 3014 599 quasi
3041 531 3142 589 hoc
3170 549 3276 591 non
3301 536 3458 593 sufﬂ-

1877 619 2055 678 ceret,
2099 610 2274 675 adhuc
2297 622 2352 671 et
2379 613 2547 673 linteo
2573 631 2633 673 se
2659 621 2953 689 praecinxit,
2984 621 3051 677 ad
3080 635 3372 683 extremam
3395 642 3463 685 se

1878 699 2137 774 dejiciens
2164 704 2442 771 vilitatem,
2464 720 2528 761 ac
2549 707 2927 779 discipulorum
2959 713 3119 784 pedes
3147 714 3325 774 lavare
3348 732 3462 776 θω-

1878 791 1992 861 pit,
2035 804 2088 853 et
2130 810 2252 851 cum
2296 794 2568 867 discipulis
2608 801 2767 857 etiam
2809 800 3093 871 proditoris
3130 807 3294 878 pedes
3331 808 3460 867 lavit

1880 882 2076 952 (Joan.
2102 887 2188 943 l3.
2215 887 2264 945 ι.
2287 887 2377 961 5).
2408 889 2537 957 Quis
2576 909 2684 949 non
2726 894 3063 966 Obstupescat
3098 909 3151 956 et
3192 904 3464 961 miretur?

1882 975 2032 1045 Ejus,
2058 980 2149 1049 qui
2173 982 2480 1051 proditurus
2509 983 2655 1041 illum
2684 999 2830 1053 erat,
2873 991 3033 1060 pedes
3062 993 3238 1061 lavat,
3278 1005 3334 1052 et
3360 997 3462 1054 Pc-

1883 1077 2021 1122 trurn
2045 1110 2061 1136 ,
2101 1074 2189 1140 qui
2233 1077 2510 1130 recusabat
2539 1093 2603 1132 ac
2643 1079 2886 1146 dicebat,
2917 1081 3164 1149 Domine,
3195 1104 3298 1144 non
3335 1089 3461 1144 milii

1882 1159 2070 1216 Iubebis
2106 1165 2257 1234 pedes
2311 1164 2422 1234 (Ib.
2467 1184 2513 1227 υ.
2541 1169 2593 1224 6.
2618 1170 2672 1226 8.
2696 1169 2772 1244 9),
2824 1189 2931 1229 non
2984 1176 3213 1244 omittit,
3252 1180 3345 1236 sed
3383 1183 3461 1236 ait

1882 1252 1955 1309 illi
1987 1271 2001 1307 :
2031 1255 2093 1315 Si
2130 1273 2229 1323 non
2258 1259 2424 1319 ιαυενο
2453 1263 2605 1332 pedes
2633 1274 2783 1333 tuor,
2811 1284 2909 1323 non
2940 1270 3089 1329 habes
3127 1283 3321 1341 partem
3348 1291 3457 1329 me-

1878 1363 1994 1407 cum
2020 1363 2040 1402 :
2072 1356 2182 1404 tum
2211 1351 2328 1416 ille,
2358 1351 2586 1420 Domine,
2598 1373 2699 1413 non
2738 1367 2932 1415 tantum
2961 1362 3134 1432 pedes,
3162 1364 3252 1419 sed
3275 1375 3323 1419 et
3345 1382 3460 1421 ina-

1880 1453 1976 1493 nus
2000 1449 2047 1495 et
2072 1450 2244 1510 caput.
2286 1441 2448 1505 Vides
2489 1446 2540 1501 in
2579 1446 2665 1507 bis
2699 1448 2907 1509 duobus
2933 1452 3178 1524 discipuli
3208 1472 3461 1525 reverem-

1884 1528 2031 1595 tiam,
2077 1538 2132 1589 et
2175 1533 2226 1588 in
2264 1537 2596 1594 recusatione
2634 1550 2691 1597 et.
2731 1542 2784 1597 in
2812 1546 3085 1602 assensu?
3122 1546 3276 1604 Licet
3313 1551 3459 1607 enim

1881 1622 2146 1691 contraria
2167 1623 2272 1689 sint
2292 1626 2471 1688 verba.
2495 1637 2729 1689 attamen
2751 1647 2858 1701 prae
2883 1635 3048 1691 nimio
3066 1635 3278 1695 fervore
3295 1640 3463 1698 uniuni

1884 1719 2165 1784 utrumque
2207 1716 2469 1783 prolatum
2500 1727 2598 1777 est.
2636 1719 2796 1777 Vides
2836 1734 2892 1779 ut
2936 1725 3132 1797 ubique
3171 1728 3380 1786 fervens
3407 1741 3465 1786 et

1883 1802 2109 1875 diligens
2134 1807 2320 1863 esset?
2349 1808 2563 1877 Verum,
2589 1823 2644 1866 ut
2669 1813 2850 1871 dicere
2892 1833 3230 1888 occeperam,
3257 1837 3324 1877 ne
3343 1837 3469 1892 pro-

1887 1903 2003 1963 pter
2045 1895 2121 1952 rei
2150 1898 2441 1967 vilitatem,
2482 1902 2574 1957 tibi
2615 1903 2669 1959 in
2708 1906 3066 1975 suspicionem
3093 1910 3308 1968 vilitatis
3348 1914 3468 1984 ejus

1887 1998 2074 2044 natura
2114 1989 2349 2058 veniret,
2396 2004 2674 2063 postquam
2718 2011 2903 2053 eorum
2944 1999 3072 2055 lavit
3112 2003 3312 2073 pedes,
3341 2007 3466 2062 audi

1884 2077 2007 2146 quid
2037 2078 2115 2132 eis
2143 2078 2363 2137 dixerit.
2395 2083 2548 2140 Scitis
2575 2086 2697 2157 quid
2723 2090 2925 2158 fecerim
2951 2092 3128 2147 vobis?
3163 2091 3258 2149 Var
3276 2098 3465 2151 vocatis

1887 2185 1993 2232 me,
2026 2168 2241 2243 Domine
2263 2189 2324 2226 ac
2350 2172 2595 2245 Magister
2611 2218 2627 2243 ,
2656 2187 2702 2231 et
2732 2177 2852 2233 bene
2877 2180 3043 2235 dicitis
3069 2198 3090 2238 .'
3116 2199 3230 2238 sunt
3257 2192 3463 2242 etenim.

1887 2260 1949 2317 Si
1986 2277 2105 2334 ergo
2144 2279 2236 2334 ego
2277 2264 2378 2318 lavi
2415 2266 2566 2335 pedes
2599 2279 2785 2323 vestros
2822 2268 3074 2327 Dominus
3110 2291 3171 2327 ac
3199 2274 3465 2346 Magister,

1889 2350 1960 2404 ita
1986 2361 2033 2405 et
2061 2368 2144 2409 vos
2171 2354 2350 2410 debitis
2376 2356 2510 2412 vobis
2536 2360 2744 2415 inuicem
2782 2364 2968 2433 facere.
3002 2364 3307 2436 Exemplum
3333 2371 3468 2425 enim

1886 2443 2003 2498 dedi
2028 2445 2190 2510 vobis,
2222 2455 2276 2499 ut
2314 2449 2739 2515 quemadmodum
2763 2467 2854 2522 ego
2885 2453 2984 2524 {cci
3007 2457 3143 2512 vobis
3161 2497 3178 2525 ,
3207 2458 3279 2515 ita
3307 2469 3355 2517 et
3381 2475 3470 2519 vos

1886 2535 2092 2590 invicem
2121 2537 2318 2604 faciatis
2347 2534 2397 2607 (1
2404 2537 2454 2592 b.
2482 2558 2531 2596 ti.
2555 2539 2770 2613 1245).

1962 2625 2030 2682 Ut
2077 2628 2233 2682 bonus
2275 2629 2513 2700 magister
2558 2629 2766 2686 balbutit
2812 2634 3066 2691 nobiscum
3109 2636 3359 2705 Citristns.
3399 2671 3472 2684 —

1893 2716 2049 2772 Vides
2078 2716 2146 2772 ab
2173 2733 2238 2773 eo
2275 2721 2437 2774 multa
2478 2736 2597 2777 esse
2639 2722 2808 2791 facta,
2854 2735 2914 2782 ut
2951 2730 3252 2799 catamitum
3296 2732 3470 2791 daret.

1887 2808 2017 2864 Nunt
2050 2811 2495 2881 quemadmodum
2527 2815 2782 2886 sapiemia
2815 2819 2975 2873 multa
3002 2822 3257 2887 praeditus
3300 2828 3470 2897 magi-

1886 2909 1999 2955 stcr
2023 2917 2142 2956 cum
2172 2902 2586 2960 bulbuticntibus
2616 2907 2855 2975 puerulis
2883 2908 3129 2979 balbutit,
3159 2929 3330 2985 neque
3358 2917 3471 2971 bal-

1886 2992 2063 3048 buties
2093 2994 2328 3064 magistri
2377 2994 2637 3051 inscitiam
2683 2998 2917 3068 indicat,
2964 3002 3058 3057 sed
3104 3016 3360 3074 quantum
3402 3008 3476 3064 de

1889 3083 2124 3153 puerulis
2148 3085 2217 3139 sit
2251 3085 2544 3151 sollicitus;
2588 3090 2666 3144 sic
2696 3088 2942 3145 nimirum
2970 3101 3023 3147 et
3060 3092 3334 3162 Christus,
3364 3111 3472 3152 non

1889 3174 1959 3230 ob
1982 3190 2092 3232 sua:
2123 3183 2325 3231 natura:
2354 3176 2608 3232 vilitatem
2638 3177 2756 3234 luce
2780 3180 2989 3249 agebat,
3033 3184 3128 3239 sed
3166 3187 3236 3242 ob
3268 3186 3471 3242 conde-

1889 3265 2244 3331 scensioncm.
2265 3269 2435 3336 Atque
2457 3268 2572 3324 lucc
2591 3284 2695 3324 non
2714 3279 2918 3328 temere
2934 3282 3060 3329 sunt
3080 3278 3471 3346 prmtereunda.

1889 3354 2021 3412 Nam
2049 3367 2103 3412 et
2130 3356 2230 3412 hoc
2256 3357 2428 3428 ipsum
2449 3399 2464 3423 ,
2492 3359 2535 3414 si
2564 3375 2807 3416 seorsum
2832 3362 2902 3419 ab
2929 3363 3047 3420 aliis
3071 3380 3102 3419 a
3126 3368 3279 3423 nobis
3305 3383 3470 3424 excu-

1893 3448 2074 3516 tiatur,
2102 3448 2221 3504 vide
2245 3458 2440 3520 quanta
2468 3450 2769 3507 absurditas
2798 3453 2920 3510 hinc
2945 3466 3212 3527 sequatur.
3244 3457 3298 3514 Si
3327 3459 3475 3514 enim

1893 3539 1939 3593 is
1966 3539 2057 3609 qui
2087 3539 2243 3606 lavat,
2275 3555 2340 3595 eo
2369 3542 2455 3610 qui
2498 3541 2701 3598 lavatur
2728 3545 2887 3600 vilior
2926 3554 2981 3602 et
3023 3547 3239 3604 inferior
3262 3550 3473 3609 videtur

1891 3643 2010 3684 esse
2040 3628 2310 3701 (castorum
2338 3633 2424 3702 qui
2458 3631 2598 3686 lavat
2620 3632 2864 3689 Christus
2883 3645 2985 3703 est,
3013 3645 3069 3692 ct
3096 3638 3360 3712 discipuli,
3381 3644 3475 3713 qui

1894 3716 2204 3792 lavantur),
2234 3736 2362 3795 ergo
2399 3722 2617 3778 inferior
2655 3724 2929 3795 discipulis
2966 3728 3067 3783 erit
3105 3729 3388 3787 Christus:
3417 3743 3476 3787 at

1895 3809 1997 3865 hoc
2038 3811 2239 3879 nullus,
2283 3828 2350 3867 ne
2387 3813 2431 3870 si
2477 3812 2703 3869 insaniat
2744 3816 2990 3885 quidem,
3030 3817 3243 3875 dixerit.
3292 3820 3477 3888 Vides,

1894 3911 2147 3972 quantum
2174 3902 2247 3959 sit
2274 3902 2472 3958 malum
2498 3920 2684 3960 causas
2704 3946 2721 3973 ,
2759 3906 2830 3962 ob
2855 3923 2986 3977 quas
3022 3910 3199 3965 omnia
3232 3908 3478 3971 Christus

1895 3993 2103 4065 agebat,
2136 3994 2424 4063 ignorare?
2452 3994 2544 4049 Vel
2575 3997 2746 4067 potius
2765 4039 2780 4064 ,
2809 3997 2977 4066 vides,
3008 4011 3262 4071 quantum
3287 4003 3355 4057 sit
3380 4002 3475 4059 bo—

1894 4100 2022 4138 num
2053 4086 2228 4139 omnia
2275 4085 2555 4157 diligenter
2592 4100 2875 4157 excutere,
2908 4106 3078 4160 neque
3103 4095 3288 4161 quovis
3316 4095 3479 4148 modo

1895 4177 2091 4250 aliquid
2119 4177 2187 4232 ab
2211 4194 2275 4233 eo
2301 4178 2498 4234 dictum
2530 4195 2648 4236 esse
2669 4182 2752 4236 vel
2780 4181 2997 4249 factum,
3025 4185 3118 4239 sed
3140 4186 3297 4240 etiam
3323 4187 3478 4259 cujus

1897 4268 1975 4322 rei
2012 4268 2213 4337 gratia,
2260 4278 2311 4323 ct
2342 4279 2558 4340 propter
2584 4271 2707 4341 quid
2727 4311 2744 4335 ,
2775 4272 3105 4343 adjungerei'
3144 4275 3324 4347 Neque
3349 4294 3483 4335 vero

1900 4369 2101 4414 tantum
2132 4361 2233 4417 hoc
2260 4361 2378 4416 loco
2407 4361 2456 4416 id
2484 4360 2628 4430 fecit,
2656 4361 2750 4418 sed
2777 4374 2826 4420 et
2860 4364 2984 4420 alibi
3018 4364 3119 4422 huc
3150 4369 3320 4438 ipsum
3346 4372 3476 4427 sub-

185 4469 375 4514 tnturu
420 4460 720 4516 debitorum
764 4460 986 4516 istorum
1031 4459 1278 4517 ordinem
1309 4459 1457 4515 vobis
1496 4458 1552 4514 in
1597 4475 1800 4514 memo-
1900 4453 2171 4510 indicavit.
2208 4452 2342 4510 Cum
2369 4455 2510 4515 enim
2537 4456 2775 4519 dixiSSet,
2807 4455 2933 4525 Quir
2960 4459 3125 4529 major
3148 4469 3255 4527 ert,
3282 4462 3365 4534 qui
3395 4480 3482 4519 re-

185 4552 341 4604 riam
366 4550 823 4608 revocaverimus.
1900 4544 2106 4612 cumbit,
2133 4563 2197 4599 an
2220 4547 2304 4618 qui
2329 4547 2621 4605 ministrat?
2645 4546 2859 4618 adjecit,
2889 4547 3074 4605 Nonne
3092 4553 3178 4625 qui
3205 4556 3485 4612 recumbit?

268 4639 335 4695 ί.
382 4641 543 4697 Scitis
568 4657 698 4713 ergo
732 4657 794 4697 ac
823 4641 1163 4708 meministis,
1195 4657 1366 4715 nuper
1394 4656 1491 4696 nos
1517 4640 1587 4697 de
1614 4640 1796 4711 nnige-
1905 4633 2016 4707 Ego
2050 4646 2219 4691 autent
2248 4638 2299 4691 in
2329 4638 2493 4691 medio
2526 4648 2739 4693 vestrum
2764 4656 2876 4697 sum
2896 4682 2912 4705 ,
2951 4642 3081 4697 sicut
3118 4645 3202 4713 qui
3232 4646 3483 4702 ministrat

180 4733 297 4788 niti
326 4732 507 4805 gloria
537 4733 864 4790 disserentes
900 4733 1083 4804 plures
1108 4732 1576 4788 condescensionis
1607 4732 1657 4786 in
1685 4746 1778 4786 ver

179 4827 277 4881 bis
308 4841 517 4882 causas
545 4841 889 4884 enumerasse
926 4841 1031 4881 :ac
1075 4826 1275 4881 dixisse
1314 4841 1411 4881 nos
1450 4840 1557 4881 non
1601 4835 1800 4881 tantum

169 4920 257 4973 ob
285 4919 491 4975 carnis
517 4918 795 4986 amietum,
823 4933 995 4990 neque
1025 4928 1240 4988 propter
1269 4918 1625 4974 inﬁrmitatem
1653 4916 1804 4973 andi-

176 5020 393 5065 torum
423 5018 626 5063 tantum
648 5023 791 5077 saepe
811 5008 1078 5064 Christum
1111 5009 1381 5063 humiliter
1406 5007 1567 5078 loqui,
1597 5023 1804 5065 verum-

173 5099 374 5155 etiam
415 5098 598 5153 multis
633 5097 686 5153 in
732 5092 901 5166 locis,
931 5098 1073 5169 quod
1114 5108 1169 5153 et
1211 5097 1557 5153 humilitatem
1598 5099 1804 5155 doceat.
1912 5091 2251 5148 manifestum
2279 5103 2380 5158 est,
2409 5109 2512 5146 non
2542 5093 2681 5163 quod
2716 5090 2981 5151 inferioris
3005 5095 3072 5148 sit
3111 5106 3349 5163 natum,
3391 5098 3488 5155 sed

175 5194 395 5265 Atque
425 5188 541 5245 illas
568 5187 781 5260 quidem
810 5203 1001 5245 causas
1043 5188 1173 5244 satis
1217 5197 1328 5245 tum
1374 5189 1677 5260 persequuti
1714 5207 1807 5244 sn-
1911 5192 1970 5238 ut
1989 5199 2083 5239 eos
2101 5181 2626 5254 erudiat:siquidem
2646 5183 2771 5238 alibi
2796 5199 3010 5257 quoque
3033 5185 3158 5242 dicit
3182 5207 3196 5243 :
3221 5186 3489 5261 Principes

176 5296 346 5347 ntus,
386 5288 452 5335 et
477 5279 639 5343 illius,
666 5295 826 5350 quam
853 5296 948 5348 pro
978 5279 1180 5335 Lazaro
1199 5321 1215 5346 ,
1243 5287 1297 5334 et
1320 5278 1539 5334 alterius
1567 5294 1724 5348 qnam
1756 5279 1807 5334 in
1910 5276 2130 5348 gentium
2157 5273 2481 5328 donu’nantur
2518 5289 2725 5340 eorum,
2764 5277 2907 5346 apud
2933 5271 3017 5332 nos
3042 5287 3211 5333 autem
3246 5296 3346 5335 non
3373 5283 3447 5336 ita
3470 5297 3491 5337 :

178 5374 312 5443 ipsa
360 5386 537 5428 cruce
564 5372 791 5437 obtulit,
820 5371 1079 5427 orationis
1113 5371 1426 5426 memoriam
1457 5370 1807 5436 rcfricuirnus,
1915 5367 2002 5421 sed
2023 5366 2111 5438 qui
2138 5365 2241 5419 vult
2268 5366 2399 5419 inter
2425 5381 2509 5420 vos
2536 5380 2641 5420 esse
2664 5368 2857 5434 primus
2876 5408 2891 5431 ,
2922 5369 2986 5422 sit
3015 5370 3238 5424 omnium
3272 5371 3496 5431 minister

181 5472 243 5518 et
266 5461 656 5530 ostendimus,
688 5461 827 5518 hanc
852 5463 1066 5532 quidem
1094 5460 1213 5516 ideo
1244 5461 1410 5516 fusam
1441 5474 1580 5530 csse,
1620 5471 1677 5517 ut
1698 5461 1811 5517 dis-
1919 5458 2131 5533 (Matth.
2158 5458 2248 5515 20.
2270 5458 2361 5513 ‘25.
2384 5457 2475 5512 9.6.
2498 5456 2621 5529 28).
2649 5456 2780 5513 Nam
2802 5457 2971 5514 Filius
2996 5458 3212 5516 hominis
3240 5479 3340 5519 non
3367 5467 3498 5521 mit

185 5551 556 5621 pensationis
596 5553 651 5608 in
694 5567 855 5608 carne
882 5551 1014 5607 lides
1043 5551 1442 5616 adstrucrctur,
1481 5551 1624 5608 illam
1650 5566 1812 5620 vero,
1920 5551 2217 5619 ministrari,
2239 5550 2329 5605 sed
2349 5550 2652 5604 ministrare.
2682 5550 2736 5605 Si
2758 5565 2888 5622 ergo
2911 5551 3055 5607 venit
3076 5560 3133 5606 ut
3151 5555 3499 5621 ministraret,

186 5656 255 5704 σι
278 5643 610 5700 auditorum
632 5643 981 5700 imbecillitati
995 5643 1318 5708 consuleret,
1336 5658 1457 5700 cum
1478 5642 1588 5716 ipse
1611 5658 1815 5716 nequa-
1930 5648 1985 5697 et
2017 5637 2372 5697 humilitatem
2415 5639 2631 5696 doceret
2652 5680 2671 5706 ,
2706 5639 2816 5698 noli
2847 5639 3082 5710 turbari,
3125 5656 3223 5700 nec
3269 5644 3501 5702 animum

1907 4726 2167 4800 (Luc.22.
2190 4726 2259 4795 27
2276 4726 2317 4801 ).
2363 4729 2472 4785 lloc
2500 4745 2625 4785 vero
2665 4733 2826 4788 etiam
2869 4734 3038 4802 dixit,
3075 4743 3130 4793 et
3167 4736 3291 4790 illud
3334 4737 3482 4806 fecit,

1904 4820 2194 4876 ostendens
2246 4820 2427 4875 multis
2477 4821 2528 4874 in
2582 4821 2713 4877 locis
2762 4837 2820 4877 se
2869 4824 3075 4878 minora
3125 4826 3363 4896 arripere
3416 4828 3482 4882 ad

1906 4910 2176 4968 docendos
2206 4911 2526 4981 discipulos,
2571 4921 2626 4966 et
2663 4913 2820 4967 simul
2864 4924 2920 4967 ut
2957 4930 3050 4971 eos
3075 4916 3141 4971 ad
3168 4916 3482 4974 modestiam

1907 5002 2212 5058 sectandam
2247 5000 2481 5061 inducat.
2512 5005 2686 5073 Atque
2721 5002 2835 5059 haec
2870 5004 3018 5060 illum
3047 5008 3222 5062 omnia
3258 5008 3488 5065 tolerare
