3980 6184
538 264 655 322 787'

540 401 853 475 desponde,
901 395 1073 453 sicubi
1118 408 1237 449 eum
1281 406 1400 462 quae
1445 387 1810 442 ministrorum
1860 389 1986 440 sunt
2029 389 2121 434 aut

542 472 805 567 perlicere
828 489 1024 544 videris
1049 494 1138 540 aut
1167 483 1337 539 effari.
1367 482 1441 535 Ita
1469 493 1681 550 quoque
1710 476 1903 530 multas
1921 472 2120 528 oratio-

543 604 639 643 nes
677 587 745 640 ab
781 584 966 639 eadem
1014 590 1191 634 mente
1233 575 1405 631 fundit
1438 590 1452 628 :
1493 569 1754 642 siquidem
1781 572 2124 623 accesserunt

542 683 607 736 ad
635 695 756 735 eum
779 677 1018 730 dicentes
1042 689 1056 726 :
1084 671 1316 734 Domine,
1347 667 1470 719 doce
1503 680 1592 717 nos
1617 677 1781 725 orare,
1810 660 1937 714 sicut
1958 656 2126 710 Joan-

542 789 629 826 nes
668 770 834 826 docuit
872 763 1148 833 discipulos
1177 778 1295 814 suos
1338 758 1499 830 (Luc.
1543 756 1630 810 11.
1670 753 1764 824 1).
1795 749 1932 817 Quid
1971 763 2119 819 ergo,

541 875 763 932 quu'so,
807 856 1107 911 faciendum
1152 851 1290 906 fuit?
1348 848 1485 905 Num
1525 860 1681 900 orare
1733 840 1959 898 docendi
2015 853 2121 892 non

541 953 736 1008 erant?
781 949 939 1017 Atqui
981 947 1080 1000 hac
1117 944 1184 998 de
1227 956 1386 997 causa
1428 944 1678 1002 venerat,
1711 943 1768 989 ut
1805 932 1870 987 ad
1908 945 2122 986 omnem

541 1047 661 1100 illos
691 1040 1080 1113 philosophiam
1125 1035 1456 1091 informaret.
1503 1031 1644 1101 Ergo
1668 1026 1892 1084 docendi
1931 1022 2124 1080 erant?

542 1139 775 1195 Proinde
796 1150 951 1191 orare
986 1133 1239 1203 oportuit.

617 1230 738 1284 Non
765 1227 910 1283 uerbo
935 1236 1148 1290 tantum,
1180 1223 1269 1277 sed
1293 1223 1443 1276 etiam
1471 1218 1699 1286 exemplo
1728 1215 2025 1271 docendam.
2053 1243 2126 1254 —

539 1325 922 1380 Verumtamen
957 1320 1058 1374 hoc
1081 1317 1242 1371 verbo
1277 1314 1451 1369 solum
1485 1311 1748 1382 agendum
1787 1309 1904 1376 fuit,
1933 1306 2122 1377 inquit.

538 1416 704 1486 Atqui
731 1429 833 1467 non
867 1412 935 1466 ita
967 1425 1029 1464 ea
1055 1424 1174 1479 quae
1202 1406 1396 1470 verbis,
1422 1413 1579 1474 atque
1602 1418 1664 1457 ea
1689 1416 1806 1472 qua:
1837 1399 1987 1454 factis
2022 1397 2123 1452 do-

541 1508 710 1563 ctrina
750 1503 1094 1575 proponitur,
1135 1497 1426 1567 discipulos
1466 1507 1774 1564 permovere
1809 1489 2123 1546 consuevit:

544 1606 824 1669 propterea
852 1609 956 1648 non
983 1592 1156 1648 verbis
1186 1590 1356 1645 solum
1383 1601 1478 1642 eos
1503 1599 1658 1639 orare
1684 1583 1860 1649 docet,
1892 1582 1986 1637 sed
2013 1582 2126 1650 ipse

542 1692 595 1744 in
635 1687 875 1742 oratione
914 1690 1252 1753 perseverat,
1297 1686 1351 1732 et
1397 1677 1448 1730 in
1491 1676 1716 1729 desertis
1760 1683 1898 1727 tatas
1940 1681 2124 1726 noctes

541 1778 744 1834 orando
770 1774 1033 1844 transigit,
1060 1781 1117 1826 ut
1143 1785 1238 1825 nos
1264 1768 1471 1823 erudiat
1496 1776 1550 1820 et
1576 1764 1882 1829 admoneat,
1912 1778 2032 1818 cum
2069 1761 2122 1816 in

541 1872 864 1941 colloquium
893 1869 1044 1924 nobis
1070 1881 1190 1922 cum
1226 1867 1334 1919 Deo
1361 1861 1680 1918 veniendum
1703 1869 1818 1925 est,
1845 1857 2124 1928 fugiendos

542 1965 799 2019 tumultus
827 1978 889 2016 ac
918 1959 1061 2030 vulgi
1094 1957 1294 2024 turbas,
1331 1965 1386 2010 et
1414 1957 1463 2008 in
1493 1952 1835 2010 solitudinem
1866 1949 2125 2005 seceden-

541 2057 667 2110 dum
694 2069 797 2108 non
830 2053 1068 2107 locorum
1093 2058 1317 2113 tantum,
1341 2046 1434 2100 sed
1456 2045 1614 2100 etiam
1640 2054 1962 2112 temporum.
1988 2038 2126 2094 Soli—

542 2147 670 2202 tudo
695 2154 873 2200 autem
897 2160 1000 2197 non
1029 2156 1182 2196 mons
1205 2147 1407 2194 tantum
1441 2147 1552 2202 est,
1589 2136 1682 2191 sed
1712 2136 1870 2190 etiam
1906 2132 2128 2188 cubicu-

541 2242 648 2295 lum
686 2255 714 2293 a
745 2238 978 2292 clamore
1008 2236 1262 2289 immune.

611 2333 664 2386 '5.
705 2329 808 2386 Cur
843 2328 1072 2384 Christus
1108 2336 1212 2379 oret
1255 2323 1376 2376 dum
1416 2321 1660 2376 miracula
1690 2319 1830 2390 facit.
1862 2347 1931 2357 —
1952 2318 2126 2384 Atque

542 2438 600 2480 ut
633 2423 936 2494 intelligatis
970 2417 1440 2475 condescensionis
1465 2429 1584 2470 esse
1617 2414 1910 2468 orationem
1937 2428 1950 2463 :
1974 2409 2124 2479 prin-

541 2519 681 2587 cipio
701 2516 912 2587 quidem
931 2515 1040 2584 jam
1061 2529 1126 2566 ex
1151 2512 1215 2565 iis
1235 2525 1353 2580 qua:
1380 2510 1519 2564 circa
1543 2507 1795 2561 Lazarum
1819 2503 2127 2558 acciderunt

545 2607 1028 2667 demonstravimus
1057 2622 1071 2660 :
1095 2613 1458 2658 verumtamen
1487 2599 1697 2653 aliunde
1724 2598 1884 2652 etiam
1917 2595 1967 2649 id
1999 2609 2126 2648 con-

541 2709 666 2754 stat.
706 2699 874 2766 Quam
911 2697 1053 2750 enim
1083 2695 1152 2749 ob
1182 2708 1398 2748 causam
1437 2692 1489 2746 in
1530 2690 1820 2758 majoribus
1858 2686 2127 2742 miraculis

542 2806 649 2846 non
688 2799 840 2856 orat,
882 2788 975 2844 sed
1023 2788 1077 2842 in
1119 2783 1457 2841 minoribus?
1486 2782 1615 2836 Nam
1647 2781 1726 2846 si,
1756 2779 1895 2849 quod
1930 2778 2126 2832 auxilio

544 2882 824 2952 indigeret,
854 2879 1075 2944 orabat,
1103 2887 1157 2934 et
1185 2876 1325 2946 quod
1365 2875 1466 2930 sibi
1496 2873 1848 2929 sufﬁcientem
1873 2871 2124 2924 virtutem

543 2990 649 3029 non
682 2975 931 3038 haberet,
979 2972 1030 3024 in
1059 2970 1308 3025 omnibus
1347 2982 1504 3023 orare
1542 2965 1783 3032 deberet,
1823 2972 1878 3018 et
1915 2962 2126 3016 Patrem

542 3085 733 3125 vocare
759 3087 772 3120 :
802 3066 940 3138 quod
977 3067 1021 3121 si
1050 3065 1224 3118 minus
1246 3063 1297 3117 in
1325 3061 1590 3126 omnibus,
1615 3059 1804 3114 saltem
1828 3059 1879 3112 in
1908 3055 2126 3126 majori—

543 3165 640 3218 bus
680 3180 693 3216 :
738 3174 878 3215 nunc
915 3165 1095 3212 autem
1136 3153 1461 3210 contrarium
1503 3153 1612 3222 agit
1650 3169 1663 3205 :
1701 3165 1822 3205 cum
1863 3149 1928 3203 de
1968 3148 2129 3203 rebus

543 3252 834 3322 majoribus
861 3249 1051 3318 agitur,
1096 3261 1202 3299 non
1241 3251 1391 3309 orat,
1422 3251 1479 3296 ut
1513 3257 1571 3296 se
1603 3241 1668 3296 ad
1699 3241 1830 3295 alios
1857 3239 2127 3294 docendos

543 3346 595 3399 id
636 3341 883 3397 ostendat
920 3341 1112 3409 egisse,
1149 3353 1255 3391 non
1297 3335 1436 3406 quod
1475 3343 1682 3387 careret
1716 3334 1927 3387 virtute.
1969 3332 2129 3387 Certe

543 3435 754 3505 quando
783 3447 946 3502 panes
973 3429 1262 3492 benedixit,
1309 3427 1604 3496 suspiciens
1639 3425 1692 3478 in
1728 3425 1919 3480 caelum
1959 3425 2130 3479 oravit

546 3530 735 3599 (Marc.
761 3529 814 3582 6.
839 3525 954 3596 ll),
985 3533 1042 3579 ut
1081 3539 1178 3578 nos
1211 3521 1432 3577 doceret
1461 3537 1563 3574 non
1593 3520 1738 3590 prius
1767 3517 2126 3588 attingendam

544 3635 665 3676 esse
691 3633 946 3682 mensam,
991 3631 1149 3686 quam
1182 3615 1380 3686 gratias
1417 3613 1682 3684 egerimus
1718 3610 1978 3667 conditori
2020 3608 2128 3664 fru-

543 3728 666 3783 gum
708 3712 815 3766 Deo
848 3729 860 3764 :
893 3720 946 3764 et
981 3723 1100 3763 cum
1143 3709 1337 3762 nudtos
1376 3716 1613 3760 mortuos
1649 3704 1978 3770 suscitasset,
2019 3718 2127 3756 non

545 3804 736 3868 oravit,
761 3801 852 3856 sed
879 3815 997 3855 eum
1023 3798 1279 3854 Lazarum
1302 3797 1493 3850 solum.
1536 3795 1600 3849 Et
1621 3810 1832 3849 causam
1857 3804 1965 3848 tum
1989 3793 2126 3847 dixi-

547 3911 687 3958 mus,
727 3893 867 3963 qnod
907 3889 1253 3945 imbecillitati
1285 3888 1605 3942 adstantium
1629 3886 1787 3941 vellet
1805 3886 2126 3943 consulere:

545 4001 703 4057 quam
726 3999 938 4039 causam
962 3984 1120 4036 etiam
1149 3982 1281 4035 dixit
1319 3982 1452 4050 ipse,
1481 3994 1600 4033 cum
1642 3987 1826 4048 aperte
1866 3977 1993 4032 illud
2032 3977 2129 4031 ad-

546 4078 677 4132 didit
711 4094 724 4132 :
755 4074 972 4146 Propter
1001 4073 1198 4127 turbant
1219 4115 1232 4136 ,
1276 4088 1388 4145 qua:
1413 4071 1732 4135 circumstat,
1761 4070 1886 4123 dixi.
1931 4070 1994 4124 Et
2024 4085 2129 4124 non

544 4172 651 4242 jam
681 4169 973 4224 orationem
996 4207 1012 4233 ,
1049 4165 1143 4220 sed
1169 4179 1354 4219 vocem
1395 4172 1661 4217 mortuum
1703 4163 1969 4216 excitasse
2003 4161 2130 4215 Satis

551 4273 660 4314 tum
689 4257 1188 4315 demonstravimus.
1214 4255 1388 4326 Atque
1415 4263 1471 4309 ut
1493 4253 1594 4308 hoc
1620 4252 1948 4308 manifestius
1975 4251 2130 4307 intel-

551 4352 702 4422 ligas,
730 4350 868 4404 vide.

625 4440 873 4494 Probatur
892 4440 1144 4495 Christum
1159 4436 1382 4493 eamdem
1404 4437 1584 4491 habere
1603 4445 1896 4506 potestatein
1917 4453 2068 4508 quant
2089 4446 2134 4490 ct

553 4531 708 4584 Pater
723 4530 1183 4596 habet.—Quando
1200 4531 1340 4583 enim
1360 4529 1680 4599 puniendum
1706 4527 1882 4593 fuerit,
1901 4539 1952 4582 et
1967 4545 2137 4598 quan-

550 4623 620 4678 do
633 4621 834 4676 honore
851 4620 1210 4687 afficiendum,
1227 4631 1278 4675 et
1290 4621 1498 4691 quando
1516 4631 1727 4690 peccata
1742 4620 2135 4686 dimittenda,et

549 4713 762 4784 quando
784 4714 924 4782 leges
941 4711 1194 4778 ferendae,
1208 4721 1261 4767 et
1276 4711 1486 4780 quando
1507 4713 1773 4782 quidpiam
1791 4728 1996 4778 eorum,
2016 4727 2134 4782 quae

551 4807 765 4877 majoris
781 4806 1032 4859 momenti
1052 4813 1194 4870 sunt,
1212 4804 1472 4874 agendum
1495 4805 1673 4870 luerit,
1698 4821 1954 4874 nusquam
1987 4805 2132 4860 illum

549 4913 742 4953 vocare
761 4899 967 4952 Patrem
987 4897 1245 4962 invenies,
1266 4909 1365 4950 nec
1385 4911 1560 4961 orare,
1576 4897 1668 4949 sed
1685 4912 1802 4950 cum
1822 4899 2134 4952 auctoritate

549 4999 734 5044 cuncta
769 4986 1044 5056 perficere.
1100 4989 1273 5055 Atque
1321 4985 1510 5039 horum
1549 4985 1760 5055 quidem
1803 4985 2004 5056 singula
2035 5003 2135 5058 ego

548 5081 839 5134 numerabo
870 5097 882 5132 :
929 5087 980 5130 tu
1013 5094 1140 5131 vero
1172 5076 1453 5147 diligenter
1485 5076 1759 5132 Considera
1785 5119 1799 5143 ,
1846 5093 1951 5147 quo
1982 5089 2134 5146 pacto

549 5187 808 5241 nusquam
841 5171 1072 5239 indigeat
1104 5171 1361 5224 oratione.
1418 5168 1609 5233 Venite,
1656 5170 1843 5240 inquit,
1893 5170 2134 5224 benedicti

552 5264 725 5319 Patris
763 5264 881 5326 mei,
928 5262 1174 5332 possidete
1214 5271 1448 5332 paratum
1488 5261 1624 5316 vobis
1665 5279 1892 5331 regnum,
1929 5273 1984 5317 et
2019 5279 2136 5318 rur-

556 5367 681 5408 sus:
716 5354 966 5409 Discedite
1014 5372 1044 5408 a
1084 5372 1183 5418 me,
1213 5353 1486 5418 maledicti,
1528 5356 1580 5408 in
1606 5361 1772 5426 ignem
1799 5357 1884 5426 qui
1928 5365 2134 5427 paratus

546 5465 623 5506 εει
644 5449 840 5502 diabolo
863 5457 909 5502 et
925 5449 1116 5518 angelis
1136 5449 1246 5518 ejus
1265 5446 1475 5516 (Matth.
1496 5448 1583 5502 '25.
1613 5449 1827 5516 5141)
1849 5449 1986 5504 Ecce
2011 5464 2131 5505 cum

548 5541 692 5596 muni
719 5541 1031 5594 auctoritate
1058 5540 1318 5609 supplicio
1343 5538 1524 5603 afficit,
1555 5549 1608 5592 et
1637 5539 1858 5604 honore,
1883 5557 1981 5596 nec
2007 5558 2130 5596 ora-

549 5632 696 5688 tione
736 5631 838 5684 ulla
876 5631 1094 5700 indiget.
1143 5631 1348 5684 Rursus
1379 5629 1588 5700 quando
1615 5631 1888 5703 paralytici
1922 5635 2132 5703 corpori

553 5721 750 5778 mederi
791 5724 970 5792 voluit,
1023 5723 1246 5795 Surgcns
1283 5722 1402 5781 tolle
1436 5722 1617 5779 lectum
1651 5734 1814 5798 tuum,
1857 5739 1903 5782 et
1931 5728 2132 5784 ambula

1246 255 1305 310 S.
1345 249 1623 309 JOANNIS
1661 243 2135 304 CHRYSOSTOMI
2171 243 2490 302 ARCIIIEP.
2530 244 3060 305 CONSTANTENOP.
3635 264 3719 323 733

2230 380 2420 454 (Marc.
2443 383 2501 438 2.
2553 382 2610 454 9)
2634 401 2648 440 :
2668 383 2880 453 quando
2905 399 2935 438 a
2959 392 3132 440 morte
3156 384 3393 456 liberare,
3413 389 3585 450 Tatitha
3602 403 3726 467 sumi,

2229 489 2378 544 surge
2429 473 2628 548 (Marc.
2666 476 2720 532 5.
2759 476 2849 539 41)
2877 492 2892 529 :
2923 475 3136 546 quando
3178 490 3210 531 a
3249 481 3457 548 peccatis
3493 483 3724 548 immunem

2229 564 2476 632 reddere,
2498 563 2819 637 Conﬁde,ﬁli,
2838 567 3157 621 dimittuntur
3168 566 3255 621 tibi
3272 581 3456 640 peccata
3474 583 3546 628 tua
3559 577 3728 648 (Matth.

2230 658 2284 713 9.
2311 657 2370 729 2)
2416 675 2430 711 :
2481 660 2693 728 quando
2721 659 2990 714 daemones
3034 662 3322 729 increpare,
3351 661 3456 717 Tibi
3491 665 3603 734 dico,
3640 686 3730 724 ηια-

2231 747 2427 818 lignum
2479 749 2808 813 dwmonium,
2846 750 2927 803 exi
2962 748 3024 802 ab
3061 766 3120 804 eo
3159 749 3346 820 (Marc.
3377 753 3426 807 5.
3453 753 3502 824 8)
3530 760 3730 826 :quaudo

2231 839 2624 909 reprimendum
2688 840 2786 894 fuit
2831 857 2996 904 mare,
3061 839 3215 906 Tace,
3259 842 3516 900 obmutesce
3565 846 3653 918 (ld.
3688 851 3728 907 ι.

2232 930 2323 1001 39)
2368 949 2380 984 :
2431 933 2643 1002 quando
2689 932 2917 1001 aliquem
2967 932 3114 1003 lepra
3165 944 3453 1004 correptum
3497 939 3732 1009 mundare,

2241 1022 2389 1088 Volo,
2432 1024 2677 1078 mundare
2729 1023 2938 1096 (Matth.
2970 1025 3022 1080 8.
3048 1025 3102 1094 5)
3136 1042 3150 1077 :
3193 1026 3396 1095 quando
3433 1027 3582 1098 legem
3611 1030 3736 1100 lene,

2230 1114 2474 1176 Audistis,
2515 1116 2632 1184 quia
2668 1115 2858 1168 dictum
2908 1125 2982 1170 est
3008 1117 3226 1184 antiquis
3247 1158 3260 1180 ,
3284 1116 3400 1171 Non
3435 1119 3638 1176 occides:
3669 1138 3739 1193 ego

2231 1216 2398 1260 autem
2423 1207 2536 1260 dico
2563 1200 3039 1274 vobis,Quidi:cerit
3065 1209 3215 1276 fratri
3247 1224 3355 1273 suo,
3383 1209 3528 1278 fatue,
3558 1227 3650 1266 rens
3671 1215 3743 1268 erit

2230 1299 2472 1369 gehennae
2517 1297 2647 1369 ignis
2676 1296 2786 1368 (Id.
2818 1299 2872 1352 5.
2901 1299 2992 1353 21.
3029 1296 3144 1370 22).
3175 1298 3330 1354 Vides
3355 1308 3409 1353 ut
3459 1301 3612 1354 omnia
3649 1317 3740 1357 cum

2233 1389 2387 1445 herili
2417 1390 2730 1445 auctoritate
2759 1389 3016 1460 perﬁciat,
3045 1401 3098 1444 et
3133 1390 3186 1443 in
3208 1389 3491 1460 gehennam
3514 1392 3679 1461 ejiciat,
3705 1403 3746 1448 et

2233 1482 2284 1537 in
2308 1497 2528 1552 regnum
2557 1481 2878 1548 introducat,
2919 1490 2974 1538 et
3007 1481 3293 1552 paralysim
3319 1489 3479 1547 sanet,
3506 1491 3553 1536 et
3569 1491 3744 1538 mortem

2230 1575 2427 1645 abigat,
2465 1583 2518 1630 et
2548 1583 2761 1644 peccata
2800 1574 3051 1641 dimittat,
3091 1583 3147 1628 et
3169 1573 3427 1628 daemonia
3451 1574 3672 1643 increpet,
3709 1582 3751 1628 et

2231 1682 2380 1722 mare
2427 1667 2771 1736 compescat?
2823 1665 3057 1721 Tametsi
3106 1665 3230 1736 quid
3285 1665 3468 1735 majus,
3503 1678 3674 1734 quaeso,
3706 1663 3745 1718 in

2232 1774 2454 1830 regnum
2484 1759 2839 1825 introducere,
2871 1760 2992 1814 etin
3013 1757 3312 1829 gehennam
3334 1757 3554 1826 injicere,
3583 1765 3753 1826 peccata

2230 1849 2520 1916 dimittere,
2543 1865 2662 1905 cum
2690 1849 3000 1907 auctoritate
3027 1850 3169 1918 leges
3193 1849 3354 1914 ferre,
3385 1863 3446 1902 an
3475 1863 3618 1917 panes
3640 1862 3755 1903 crea—

2231 1943 2330 1997 re?
2358 1943 2546 1998 Nonne
2571 1943 2910 1998 manifestum
2931 1951 3032 2007 est,
3061 1950 3116 1995 et
3134 1940 3434 1995 confessum
3450 1940 3574 2010 apud
3589 1955 3756 2004 omnes,

2231 2035 2347 2090 haec
2377 2035 2482 2089 illis
2511 2050 2632 2090 esse
2670 2035 2871 2105 majora
2891 2033 2915 2088 ‘l
2939 2033 3300 2088 Nihilominus
3324 2041 3492 2086 tamen
3514 2032 3558 2085 in
3586 2030 3756 2100 majori—

2230 2129 2329 2184 bus
2357 2143 2688 2199 nequaquam
2719 2135 2854 2192 orat,
2897 2136 2953 2180 ut
2978 2125 3227 2181 ostendat
3257 2125 3310 2179 in
3339 2125 3610 2179 minoribus
3634 2125 3756 2178 etiam

2232 2235 2291 2275 se
2317 2235 2422 2276 non
2457 2219 2526 2274 ob
2569 2219 2929 2272 inﬁrmitatem
2972 2218 3180 2271 virtutis
3213 2216 3269 2271 id
3296 2217 3483 2286 egisse,
3512 2213 3595 2269 sed
3616 2215 3674 2268 ob
3691 2228 3760 2266 en-

2231 2327 2346 2367 rum
2383 2311 2474 2380 qui
2512 2318 2625 2365 tum
2669 2309 2890 2363 aderant
2933 2307 3314 2362 eruditionem.
3357 2308 3520 2376 Atque
3557 2313 3608 2360 ut
3629 2304 3762 2358 discas

2229 2414 2488 2476 quantum
2520 2405 2589 2458 sit
2616 2413 2827 2472 peccata
2856 2401 3138 2465 dimittere,
3172 2410 3368 2456 testem
3389 2399 3477 2453 tibi
3504 2397 3763 2468 prephetam

2230 2497 2427 2552 citabo.
2461 2495 2666 2550 Nullius
2697 2495 2892 2564 quippe
2917 2493 3138 2548 alterius
3165 2492 3276 2547 hoc
3295 2506 3414 2546 esse
3433 2488 3644 2545 ostendit
3667 2501 3764 2557 pro-

2231 2589 2390 2658 pheta
2411 2631 2424 2654 ,
2455 2588 2554 2644 nisi
2590 2588 2684 2643 Dei
2714 2587 2900 2642 solius.
2936 2587 3062 2653 Quis
3087 2586 3223 2640 enim
3262 2583 3435 2652 Deus,
3472 2581 3772 2652 inquit,sicut

2230 2693 2303 2750 tu,
2334 2685 2569 2755 auferens
2599 2681 2907 2753 iniquitates,
2938 2679 3303 2734 transcendens
3330 2678 3595 2748 impietate:
3621 2672 3770 2745 (Hiclt.

2233 2778 2284 2832 7.
2316 2776 2448 2848 l8)?
2497 2776 2634 2844 Quin
2676 2777 2837 2831 etiam
2880 2776 2932 2830 in
2967 2790 3189 2844 regnum
3248 2773 3595 2836 introducere,
3643 2765 3775 2823 multo

2233 2868 2403 2938 majus
2429 2877 2532 2936 est,
2561 2884 2717 2938 quam
2748 2875 2973 2922 mortem
2995 2866 3210 2920 solvere
3242 2883 3256 2920 :
3300 2864 3395 2920 sed
3427 2871 3480 2918 et
3499 2861 3612 2917 illud
3633 2868 3772 2913 tamen

2231 2976 2352 3016 cum
2393 2972 2654 3033 potestate
2683 2968 2915 3032 prcestat.
2973 2960 3179 3014 Rursus
3230 2960 3379 3028 leges
3420 2957 3554 3012 ferre
3594 2969 3683 3009 non
3715 2960 3776 3005 est

2231 3055 2613 3124 snbjectorum,
2642 3053 2734 3108 sed
2765 3067 2949 3107 eorum
2975 3051 3064 3122 qui
3095 3059 3330 3120 regnant
3359 3067 3373 3104 :
3401 3058 3452 3103 et
3481 3045 3582 3100 hoc
3603 3042 3776 3115 quidem

2231 3149 2426 3202 clamat
2451 3147 2562 3216 ipsa
2589 3161 2764 3202 rerum
2796 3154 2981 3200 natura
3013 3160 3026 3196 :
3057 3159 3176 3198 cum
3211 3157 3399 3214 regum
3433 3149 3620 3195 tantum
3639 3137 3697 3192 sit
3719 3135 3780 3189 le-

2231 3255 2326 3311 ges
2363 3240 2589 3293 seisccre
2623 3256 2636 3290 :
2685 3237 2824 3308 quod
2855 3238 3027 3307 ipsum
3055 3250 3277 3306 quoque
3313 3235 3596 3307 Apostolus
3623 3225 3783 3281 indicat

2234 3330 2316 3384 his
2342 3329 2560 3383 verbis:
2609 3327 2688 3381 De
2729 3327 3007 3398 virginibus
3054 3337 3238 3384 autem
3293 3330 3593 3399 praeceptum
3615 3313 3784 3371 Dontini

2232 3439 2332 3475 non
2363 3421 2538 3484 habeo,
2568 3419 2830 3472 consilium
2849 3426 3012 3471 autem
3027 3416 3112 3481 do,
3143 3425 3411 3486 tamquam
3433 3405 3784 3466 miscricordiam

2232 3521 2564 3583 consequutus
2601 3528 2634 3564 a
2673 3509 2916 3574 Domino,
2952 3519 3008 3561 ut
3033 3508 3128 3561 sint
3155 3506 3334 3574 ﬁdelis
3377 3504 3457 3578 (1.
3485 3501 3598 3559 Cor.
3625 3500 3672 3553 7.
3692 3495 3786 3564 25).

2232 3603 2363 3659 Nam
2395 3604 2516 3674 quia
2551 3616 2737 3657 servus
2762 3610 2874 3656 erat
2904 3608 2958 3655 et
2985 3598 3254 3664 minister,
3302 3613 3410 3652 non
3445 3602 3526 3651 est
3553 3603 3697 3648 ausus
3721 3588 3787 3648 iis,

2233 3711 2350 3765 qua:
2398 3695 2466 3748 ab
2502 3694 2650 3748 initio
2693 3701 2957 3763 praecepta
2995 3689 3232 3757 fuerant,
3281 3687 3572 3758 quidquam
3610 3678 3788 3736 addere.

2233 3787 2479 3842 Christus
2513 3796 2692 3841 autem
2721 3799 2825 3839 non
2853 3785 2924 3838 ita
2949 3799 2964 3836 :
3000 3781 3096 3839 sed
3119 3797 3339 3838 summa
3367 3795 3493 3834 cum
3520 3771 3792 3831 auctoritate

2233 3879 2421 3933 recitat
2450 3876 2593 3946 leges
2612 3878 2876 3946 antiquas,
2908 3881 2964 3929 et
2987 3887 3110 3928 suas
3130 3887 3328 3927 rursus
3343 3866 3643 3924 introducit.
3668 3856 3793 3929 Quod

2234 3970 2280 4026 si
2306 3969 2617 4039 simpliciter
2649 3969 2795 4039 leges
2829 3966 2970 4022 ferre
2997 3965 3160 4020 solius
3210 3973 3297 4020 est
3344 3962 3510 4033 regia:
3560 3951 3795 4039 potestatis

2234 4077 2354 4117 cum
2377 4077 2480 4115 non
2508 4059 2665 4115 modo
2690 4038 2834 4130 leges
2851 4073 2973 4113 eum
2997 4057 3136 4112 ferre
3161 4065 3511 4126 compertum
3536 4047 3702 4111 fuerit,
3722 4038 3795 4097 sed

2234 4153 2394 4208 etiam
2423 4162 2630 4206 veteres
2659 4149 2963 4214 emendare,
3002 4163 3121 4219 quae
3165 4145 3393 4201 tandem
3440 4141 3646 4198 occasio
3672 4133 3799 4190 relin-

2235 4253 2428 4316 quetur
2453 4244 2538 4312 iis,
2567 4245 2656 4315 qui
2681 4243 2947 4298 voluerint
2975 4239 3322 4311 impudenter
3348 4231 3662 4292 adversari?
3686 4223 3798 4316 Salis

2235 4338 2377 4393 enim
2404 4352 2468 4393 ex
2500 4335 2599 4391 hoc
2633 4334 2799 4405 liquet
2825 4349 2947 4388 eum
2973 4330 3214 4402 ejusdem
3238 4345 3368 4386 esse
3387 4343 3512 4383 cum
3533 4325 3682 4381 Patre
3703 4315 3802 4376 sub-

2237 4430 2464 4485 stantim.

2307 4542 2361 4596 4.
2395 4539 2613 4602 Verum,
2647 4549 2703 4593 ut
2733 4538 2781 4593 id
2825 4537 2966 4608 quod
2995 4537 3113 4592 dico
3144 4535 3500 4591 manifestius
3527 4529 3722 4594 evadat,
3752 4521 3801 4576 ad

2238 4635 2408 4704 ipsum
2439 4633 2725 4704 Scriptura:
2758 4632 2930 4685 locum
2959 4629 3234 4684 veniamus
3268 4627 3492 4700 (Matth.
3522 4625 3577 4681 5.
3603 4622 3674 4691 1).
3700 4617 3801 4672 Cum

2237 4725 2565 4780 ascendisset
2595 4724 2647 4777 in
2689 4731 2945 4789 montem,
2981 4720 3171 4792 inquit,
3217 4720 3477 4785 sedebat,
3521 4727 3574 4773 et
3611 4716 3803 4792 circulu-

2237 4816 2501 4870 stantibus
2528 4814 2774 4869 omnibus
2801 4815 2964 4884 erepit
3005 4789 3184 4868 dicere
3211 4829 3225 4883 ς
3257 4812 3426 4868 Beati
3458 4813 3702 4879 ραιιρετεε
3727 4789 3807 4860 ⁶Ρέ’

2238 4904 2366 4970 ritu,
2397 4902 2566 4970 utiles,
2609 4901 2985 4964 misericordes,
3001 4897 3180 4953 mundi
3224 4899 3394 4953 corde
3435 4909 3454 4949 .'
3511 4891 3697 4948 deinde
3717 4894 3802 4956 post

2239 4996 2356 5050 illas
2383 4995 2731 5051 beatitudines
2761 4993 2834 5046 ait
2862 5010 2874 5046 :
2901 4989 3074 5044 Nolite
3099 4999 3308 5060 putare,
3338 4985 3583 5056 quoniam
3611 4978 3712 5036 veni
3729 4973 3808 5032 sol-

2238 5107 2350 5144 vere
2378 5091 2556 5160 legem,
2585 5097 2672 5141 aut
2699 5087 2969 5158 praphetas
2999 5099 3020 5138 :
3049 5099 3148 5136 non
3169 5083 3292 5136 veni
3321 5087 3546 5146 solvere,
3577 5073 3663 5131 sed
3681 5072 3808 5125 αάέηι·

2239 5185 2376 5253 Plere
2432 5181 2550 5255 (Ib.
2598 5197 2646 5236 υ.
2701 5181 2824 5252 17).
2871 5180 2998 5246 ριιίε
3041 5177 3183 5231 θηίῐη
3225 5176 3341 5230 hoc
3386 5173 3684 5244 suspicams
3719 5166 3801 5255 Βέιῖ

2239 5287 2328 5331 aut
2381 5252 2506 5346 quid
2550 5291 2618 5331 ex
2665 5275 2730 5331 iis
2769 5290 2887 5344 qua:
2926 5273 3064 5327 dicta
3097 5273 3339 5334 fuerant,
3391 5264 3710 5324 contrarium
3739 5252 3814 5308 luit

2242 5368 2527 5436 prioribus,
2554 5375 2612 5420 ut
2636 5366 2734 5420 hoc
2756 5365 3000 5421 diceret?
3029 5363 3198 5425 Beati,
3232 5362 3441 5433 inquit,
3471 5369 3709 5431 pauperes
3724 5347 3811 5417 δρέ-

2237 5462 2339 5514 ritu
2394 5459 2512 5530 (lb.
2569 5475 2617 5513 v.
2658 5459 2750 5526 5),
2790 5459 2891 5514 hoc
2939 5468 3044 5524 est,
3099 5456 3342 5510 humiles
3386 5471 3405 5510 :
3460 5451 3608 5522 atqui
3644 5445 3820 5502 dixerat

2241 5551 2342 5608 hoc
2372 5568 2582 5623 quoque
2605 5562 2753 5607 vetus
2783 5559 3180 5606 testamentum.
3215 5546 3562 5615 Sacriﬁcium
3586 5541 3710 5595 enim
3732 5533 3818 5586 υιο

2241 5646 2446 5716 spiritus
2471 5644 2857 5710 contribulatus,
2888 5659 2976 5696 cor
2995 5650 3270 5696 contritum
3289 5650 3340 5693 et
3370 5637 3692 5692 humiliatun'
3714 5623 3825 5678 Dm

2244 5713 2341 5790 non
2381 5736 2620 5803 despiciet
2649 5733 2816 5807 (Psal.
2971 5733 3077 5803 19).
3123 5732 3180 5786 Et
3229 5745 3454 5800 rursus,
3496 5728 3635 5781 Bentt
3667 5713 3820 5770 mites:
