3980 6184
242 185 346 247 ’187

241 307 378 366 mou;
399 298 567 354 αὐτὸν
596 294 951 351 ἐπιτελοῦντα
978 311 1082 348 που
1113 295 1209 348 καὶ
1247 293 1642 364 φθεγγόμενον.
1672 292 1830 347 Οὕτω

239 397 338 453 καὶ
369 392 573 456 πολλὰς
597 389 708 444 τῶν
735 389 912 460 εὐχῶν
942 387 1052 442 ἀπὸ
1083 387 1180 458 τῆς
1215 387 1387 459 αὐτῆς
1426 384 1666 440 ἐπιτελεῖ
1689 382 1833 455 γνὼ-

243 506 375 566 μτης.
408 485 520 540 Καὶ
544 483 655 555 γὰρ
685 481 990 555 προσῆλθον
1023 479 1173 550 αὐτῷ
1197 479 1464 547 λέγοντες,
1494 479 1692 547 Κύριε,
1743 475 1833 530 δί-

239 581 434 644 δαξον
464 576 626 648 ἡμᾶς
661 576 1130 644 προσεύχεσθαι,
1162 571 1367 641 ὥσπερ
1409 570 1681 639 Ἰωάννης
1712 569 1832 624 ἐδί-

238 670 389 737 δαξε
443 669 587 736 τοὺς
637 667 912 739 μαθητὰς
970 664 1179 720 αὑτοῦ.
1242 665 1308 718 Τί
1350 659 1443 719 οῦν
1481 662 1628 736 [552]
1663 664 1829 735 ἐχρῆν

237 766 440 826 ποιεῖν,
472 761 596 815 εἰπέ
641 777 767 832 μοις
801 759 878 830 μὴ
926 757 1137 822 διδάξαι
1164 756 1361 821 αὐτοὺς
1387 747 1782 828 προσεύχεσθαι
1812 772 1826 820 ;

251 855 415 910 una
433 853 525 908 διὰ
553 851 714 906 τοῦτο
733 848 920 922 ἢλθεν,
939 851 1027 904 ἵνα
1051 850 1134 913 εἰς
1158 850 1338 903 πᾶσαν
1365 848 1560 912 αὐτοὺς
1585 847 1827 918 ἐναγάγῃ

238 947 586 1020 φιλοσοφίαν.
621 945 766 1000 Ἀλλ’
808 944 978 1016 ἐχρῆν
1016 941 1268 1010 διδάξαις
1321 939 1530 996 Οὐκοῦν
1571 939 1828 1007 εὐξασθαι

237 1039 368 1100 εδει.

319 1156 465 1211 Ἀλλ’
493 1156 602 1211 ἔδει
627 1156 832 1228 ῥήματι
855 1156 1016 1210 τοῦτο
1037 1155 1197 1228 μόνον
1213 1154 1460 1227 ποιῆσαι,
1479 1154 1664 1226 φησίν.
1687 1153 1828 1207 Ἀλλ’

235 1249 336 1319 οὐχ
363 1247 542 1312 οὕτως
577 1249 611 1319 ἡ
651 1248 740 1302 διὰ
767 1247 880 1301 τῶν
911 1248 1197 1320 ῥημάτων,
1228 1248 1304 1312 ὡς
1328 1249 1362 1318 ἡ
1397 1245 1487 1300 διά
1519 1245 1629 1299 τῶν
1689 1262 1830 1316 πρα-

236 1341 469 1413 γμάτων
490 1341 813 1395 διδασκαλία
838 1342 967 1405 τοὺς
987 1340 1464 1412 μαθητευομένους
1479 1340 1694 1406 ἐνάγειν
1708 1341 1831 1391 είω-

238 1436 327 1488 θε.
373 1433 478 1487 Διά
497 1450 582 1486 τοι
607 1433 770 1486 τοῦτο
801 1433 922 1502 οὐχὶ
954 1433 1192 1487 διδάσκει
1238 1433 1437 1496 αὐτοὺς
1465 1432 1632 1503 εὐχὴν
1668 1430 1830 1502 μόνον

236 1526 342 1598 τὴν
363 1526 457 1580 διὰ
480 1525 587 1578 τῶν
619 1526 902 1596 ῥημάτων,
929 1524 1066 1579 ἀλλά
1104 1524 1200 1579 καὶ
1225 1524 1386 1588 αὐτὸς
1412 1523 1644 1578 διατελεῖ
1671 1522 1831 1576 τοῦτο

234 1618 436 1683 ποιῶν,
472 1617 567 1672 καὶ
590 1615 811 1688 εὔχεται
827 1616 1260 1690 διανυκτερεύων
1289 1619 1348 1670 ἐν
1383 1619 1504 1680 ταῖς
1534 1615 1793 1688 ἐρημίαις
1811 1655 1827 1676 ,

238 1711 390 1782 ἡμᾶς
424 1709 698 1764 παιδεύων
714 1711 809 1764 καὶ
836 1709 1126 1774 νουθετῶν,
1163 1709 1385 1763 ἐπειδὰν
1408 1709 1692 1780 μέλλωμεν
1716 1710 1830 1778 ὁμι-

239 1801 353 1856 λεῖν
374 1799 458 1872 τῷ
483 1800 624 1870 Θεῷ,
655 1799 880 1870 φεύγειν
918 1800 1182 1872 θορύϐους
1213 1799 1308 1853 καὶ⁸
1333 1798 1433 1863 τὰς
1469 1800 1527 1852 ἐν
1561 1798 1711 1870 μέσῳ
1736 1815 1832 1852 τα-

243 1894 434 1966 ραχὰς,
472 1893 568 1946 καὶ
584 1893 722 1964 πρὸς
750 1892 988 1964 ἐρημίαν
1021 1892 1345 1963 ἀναχωρεῖν,
1371 1889 1492 1961 οὐχὶ
1522 1889 1706 1946 τόπων
1735 1891 1831 1961 μό-

239 2006 348 2052 νον,
383 1986 524 2041 ἀλλὰ
574 1986 670 2040 καὶ⁸
700 1985 928 2056 καιρῶν.
972 1983 1210 2057 Ἐρημία
1238 1983 1296 2037 δὲ
1341 1983 1466 2054 οὐχὶ
1505 1983 1632 2056 ὖρος
1668 1984 1830 2054 μόνον

236 2081 384 2134 ἐστὶν
407 2118 423 2143 ,
497 2078 636 2133 ἀλλά
699 2078 795 2132 καὶ
859 2074 1102 2142 οἰκίσκος
1159 2077 1410 2152 κραυγῆς
1477 2073 1830 2148 ἀπηλλαγμέ-

235 2191 345 2238 νος.

296 2298 370 2358 γ’.
388 2290 502 2343 Kal
520 2292 609 2344 ἵνα
634 2290 843 2361 μάθητε
863 2291 945 2344 ﬁt
976 2287 1438 2358 συγκαταϐάσεὼς
1453 2289 1602 2342 ἐστιν
1616 2289 1650 2358 ή
1668 2288 1824 2359 εὐχὴ,

233 2385 482 2455 μάλιστα
515 2383 613 2455 μὲν
637 2384 732 2437 καὶ
765 2383 865 2454 ῆδη
889 2381 982 2436 διά
1009 2381 1119 2435 τῶν
1135 2381 1268 2452 περὶ
1291 2380 1383 2434 τὸν
1411 2378 1663 2449 Λάζαρον
1689 2395 1828 2449 συμ-

232 2476 451 2529 ϐάντων
480 2475 843 2546 ἀπεδείξαμεν
858 2491 874 2506 ·
909 2474 1048 2546 πλὴν
1070 2473 1207 2528 ἀλλά
1227 2473 1321 2527 καὶ
1357 2472 1622 2544 ἑτέρωθεν
1643 2471 1823 2541 δῆλον.

232 2567 397 2631 Τίνος
422 2566 532 2638 γὰρ
560 2567 747 2621 ἕνεκεν
774 2567 869 2622 ἐπὶ
895 2565 1006 2620 τῶν
1025 2566 1288 2638 μειζόνων
1317 2565 1418 2619 οὐκ
1447 2562 1668 2635 εὐχεται
1695 2563 1829 2618 θαυ-

235 2661 451 2729 μάτων,
500 2658 616 2712 ἀλλ’
657 2659 752 2712 ἐπὶ
777 2658 886 2712 τῶν
930 2658 1266 2722 ἐλαττόνων;
1319 2657 1382 2710 Εἰ
1433 2655 1544 2728 γὰρ
1572 2655 1829 2728 δεόμενος

235 2750 491 2821 βοηθείας
521 2748 720 2821 ηὐχετο
744 2751 839 2803 καὶ
857 2749 957 2804 οὐκ
992 2749 1131 2820 ἔχων
1164 2747 1426 2819 αὐτοτελῆ
1447 2747 1700 2819 δύναμιν,
1733 2750 1828 2802 ἐπὶ

236 2845 459 2899 πάντων
487 2842 741 2914 εὔχεσθαι
782 2843 890 2898 ἔδει
923 2842 1135 2896 καὶτὸν
1184 2836 1403 2912 Πατέρα
1437 2839 1625 2894 καλεῖν
1645 2858 1659 2872 ο
1696 2841 1827 2895 εἰδὲ

236 2943 316 3013 μὴ
360 2941 458 2994 ἐπὶ
486 2941 727 3007 πάντων,
757 2940 863 2993 κᾶν
897 2940 990 2993 ἐπὶ
1041 2937 1151 2992 τῶν
1202 2936 1486 3008 μειζόνων.
1523 2935 1639 2989 Νῦν
1680 2935 1736 2989 δέ
1766 2935 1828 2989 τὸ

235 3034 483 3088 ἐναντίον
514 3035 686 3086 ποιεῖ’
742 3031 837 3085 ἐπὶ
876 3030 987 3084 τῶν
1036 3030 1300 3100 μειζόνων
1349 3028 1690 3099 πραγμάτων
1727 3028 1828 3081 οὐκ

233 3125 482 3197 εὔχεται,
512 3125 599 3178 ἵνα
629 3123 801 3194 δείξῃ,
836 3123 918 3175 ὅτι
945 3124 1075 3186 τούς
1125 3121 1320 3185 ἄλλους
1351 3119 1624 3175 παιδεύων
1669 3118 1829 3173 τοῦτο

232 3216 435 3279 ἐποίει,
466 3215 586 3285 οὐχὶ
614 3213 898 3284 δυνάμεως
928 3212 1202 3282 δεόμενος,
1239 3213 1369 3266 Ὅτε
1410 3209 1542 3280 γοῦν
1571 3211 1699 3275 τοὺς
1729 3210 1830 3282 ἀρ-

232 3323 362 3375 τους
390 3309 718 3379 εὐλόγησεν,
760 3304 1070 3374 ἀναϐλέψας
1108 3306 1189 3369 είς
1217 3304 1309 3358 τὸν
1343 3303 1572 3374 οὐρανὸν
1599 3302 1824 3374 ηὔξατο,

232 3403 385 3474 ἡμᾶς
414 3399 689 3456 παιδεύων
715 3396 997 3468 τραπέζης
1036 3395 1110 3466 μὴ
1140 3394 1403 3467 πρότερον
1437 3395 1825 3465 ἀπογεύεσθαι,

231 3496 342 3558 ἓως
363 3495 433 3549 ἃν
457 3492 942 3564 εὐχαριστήσωμεν
967 3485 1045 3560 τῷ
1081 3489 1209 3552 τοὺς
1229 3489 1475 3560 καρποὺς
1504 3487 1825 3557 πεποιηκότι

230 3586 384 3657 Θεῷο
424 3587 522 3640 καὶ
552 3583 780 3647 πολλοὺς
830 3583 1064 3653 νεκροὺς
1103 3580 1434 3650 ἀναστήσας,
1465 3579 1565 3632 οὐκ
1601 3572 1823 3650 ηὐξατο,

231 3679 328 3732 ἐπὶ
352 3676 412 3730 δὲ
444 3675 694 3746 Λαζάρου
731 3673 912 3743 μόνον.
956 3672 1067 3726 Καὶ
1096 3671 1196 3742 τὴν
1224 3667 1405 3723 αἰτίαν
1443 3669 1565 3722 τότε
1601 3670 1827 3741 εἰρήκασ

237 3785 360 3838 μεν,
391 3767 478 3821 ὅτι
515 3766 616 3836 τὴν
639 3764 922 3819 ἀσθένειαν
948 3763 1059 3816 τῶν
1097 3761 1382 3834 παρόντων
1419 3759 1823 3832 διορθούμενος,

232 3861 303 3932 ῆν
343 3859 444 3912 καὶ
493 3857 656 3921 αὐτὸς
704 3852 848 3920 εἰπε,
902 3855 1091 3924 σαφῶς
1127 3854 1269 3909 οὐτω
1295 3853 1572 3925 προσθεὶς,
1619 3854 1704 3908 ὅτι
1729 3853 1828 3908 διὰ

229 3953 345 4007 τὸν
371 3951 565 4020 ὄχλον
591 3948 699 4003 τὸν
748 3946 1112 4018 περιεστῶτα
1161 3943 1354 4002 εἷπον.
1397 3946 1508 3999 Καὶ
1545 3946 1629 3999 ὅτι
1666 3946 1764 4016 οὐχ
1791 3947 1826 4017 ἡ

231 4044 392 4113 εὐχὴ,
432 4040 548 4094 ἀλλ’
580 4042 614 4111 ἡ
648 4041 802 4111 φωνὴ
828 4040 920 4093 τὸν
952 4039 1145 4110 νεκρὸν
1168 4039 1409 4109 ἤγειρεν,
1475 4037 1676 4100 ἱκανῶς
1717 4039 1827 4092 ἀπ·-

229 4136 520 4204 εδείξαμεν
564 4133 836 4187 τότε-καὶ
904 4133 991 4186 ἵνα
1041 4131 1216 4202 μάθῃς
1250 4129 1408 4183 τοῦτο
1456 4129 1825 4201 σαφέστερον,

232 4229 354 4300 ὅρα.

307 4346 480 4400 Ὅταν
509 4344 620 4416 γὰρ
646 4342 898 4406 κολάζειν
930 4340 1046 4410 δέῃ,
1074 4338 1168 4392 καὶ
1202 4339 1330 4392 ὅταν
1358 4339 1547 4409 τιμᾷν,
1576 4338 1672 4392 καὶ
1700 4339 1826 4392 ὅταν

239 4439 615 4509 ἁμαρτήματα
639 4434 883 4504 ἀφιέναι,
914 4432 1009 4486 καὶ
1040 4432 1168 4484 ὅταν
1194 4429 1527 4501 νομοθετεῖν,
1563 4429 1658 4482 καὶ
1697 4432 1825 4484 ὅταν

240 4547 294 4582 τι
322 4531 430 4582 τῶν
458 4527 639 4598 πολλῷ
671 4525 936 4599 μειζόνων
969 4525 1066 4595 δέῃ
1095 4523 1292 4584 ποιεῖν,
1319 4519 1554 4592 οὐδαμοῦ
1587 4519 1678 4574 τὸν
1711 4521 1824 4574 Πα-

240 4621 373 4691 τέρα
405 4617 676 4673 καλοῦντα
701 4616 865 4670 αὐτὸν
888 4616 1163 4686 εὑρήσεις,
1194 4613 1315 4666 οὐδέ
1350 4611 1661 4682 εὐχόμενον,
1691 4611 1828 4666 ἀλλά

238 4714 380 4784 μετά
405 4711 696 4774 αὐθεντίας
725 4711 945 4764 ἅπαντα
977 4706 1308 4778 πράττοντα.
1333 4703 1447 4758 Καὶ
1467 4703 1670 4758 τούτων
1693 4704 1825 4759 ἐκα-

236 4823 362 4859 στον
394 4803 510 4873 ἐγὼ
546 4803 644 4874 μὲν
685 4799 1183 4872 ἀπαριθμήσομαι·
1241 4799 1305 4851 σὺ
1346 4796 1404 4850 δέ
1455 4795 1648 4851 σκόπει
1688 4797 1826 4866 μετὰ

233 4897 548 4969 ἀκρισείας.
578 4895 697 4959 πῶς
731 4891 969 4963 οὐδαμοῦ
1001 4891 1172 4944 δεῖται
1198 4889 1384 4960 εὐχῆς.
1410 4889 1609 4952 Δεῦτε,
1637 4890 1822 4960 φησὶν,

232 4993 289 5044 οί
315 4987 714 5058 εὐλογημένοι
747 4984 855 5038 τοῦ
887 4983 1120 5050 Πατρός
1148 4998 1284 5048 μου,
1327 4979 1828 5049 κληρονομήσατε

240 5083 362 5151 τὴν
408 5079 868 5150 ἡτοιμασμένην
911 5075 1058 5145 ὑμῖν
1102 5074 1449 5138 βασιλείαν.
1501 5071 1604 5125 Καὶ
1641 5073 1824 5135 πάλιν,

234 5175 574 5242 Πορεύεσθε
591 5171 693 5226 ἀπ’
708 5169 877 5238 ἐμοῦ,
906 5171 962 5223 οἱ
981 5165 1405 5234 κατηραμένοι,
1431 5167 1518 5231 εἰς
1538 5165 1606 5218 τό
1627 5164 1744 5232 πῦρ
1761 5165 1827 5218 τὸ

238 5265 692 5337 ἡτοιμασμένον
719 5262 800 5327 τῷ
829 5261 1090 5325 διαϐόλῳ
1129 5259 1227 5312 καὶ
1263 5258 1390 5322 τοῖς
1414 5257 1690 5326 ἀγγέλοις
1722 5260 1828 5311 αὺ-

235 5359 364 5413 τοῦ.
412 5358 544 5411 Ἰδοὺ
571 5354 789 5419 κολάζει
818 5355 916 5408 καὶ
940 5354 1078 5424 τιμᾷ
1107 5351 1245 5423 μετὰ
1275 5350 1561 5413 αὐθεντίας
1585 5350 1842 5428 ἁπάσης,

237 5449 335 5504 καὶ
374 5449 546 5519 εὐχῆς
590 5448 849 5517 οὐδεμιᾶς
881 5445 1074 5500 δεῖται.
1127 5444 1320 5506 Πάλιν,
1364 5444 1492 5497 ὅταν
1535 5442 1825 5514 διορθῶσαι

243 5538 407 5609 σῶμα
437 5538 538 5611 δὲῃ
569 5536 978 5607 διαλελυμένον.
1022 5536 1316 5604 Ἐγερθεὶς
1342 5527 1492 5602 ἆρον
1517 5535 1623 5587 τὸν
1653 5533 1828 5599 κράϐ-

243 5629 424 5685 6ατόγ
454 5643 598 5691 σου,
629 5628 729 5682 καί
767 5626 1072 5695 περιπάτει
1094 5643 1106 5655 ·
1135 5627 1264 5678 ὅταν
1312 5622 1848 5710 ἀπαλλάξαικθανάί

597 5719 868 5778 ΡΑτιιοι..
917 5719 1032 5779 Gn.
1081 5715 1364 5778 XLVIII.

1031 178 1121 238 DE
1156 179 1439 240 CHRISTI
1472 173 1839 246 PRECIBUS,
1877 176 2162 237 CONTRA
2192 180 2575 240 ΑΝοΜαςοδ.
2605 185 2674 238 Χ.

3398 182 3505 242 788

1935 307 2050 357 του,
2090 291 2308 348 Ταλιθὰ
2352 293 2548 365 κοῦμι,
2589 293 2917 362 ἀνάστηθι»
2967 294 3094 348 ὅταν
3145 291 3512 366 ἐλευθερῶσαι

1933 383 2371 456 ἁμαρτημάτων,
2406 385 2642 454 Θάρσει,
2685 384 2919 450 τέκνον,
2951 384 3252 454 ἀφέωνταί
3287 398 3407 439 σου
3453 390 3516 441 αἰ

1933 472 2246 541 ἁμαρτίαιο
2281 475 2409 528 ὅταν
2456 475 2780 546 ἐπιτιμῆσαι
2809 473 3050 544 δαίμοσι,
3083 473 3186 529 Σοί
3228 473 3405 544 λέγω,
3447 474 3514 529 τὸ

1932 563 2203 629 πονηρόν
2238 563 2568 633 δαιμόνιον,
2606 565 2816 630 ἔξελθε
2845 565 2945 618 ἀπ’
2976 565 3196 620 αὐτοῦ’
3232 565 3362 618 ὅταν
3411 581 3516 619 κα·-

1930 654 2210 708 ταστεῖλαι
2239 656 2340 729 τὴν
2389 656 2684 722 θάλασσαν,
2729 657 2950 723 Σιώπα,
2996 657 3341 726 πεφίμωσο·
3388 657 3516 710 ὅταν

1933 745 2174 817 καθαραί
2222 765 2345 803 τινα
2381 747 2559 821 λέπρα
2599 749 2981 820 κατεχόμενον,
3033 749 3216 813 Θέλω,
3269 749 3516 816 καθαρί-

1931 838 2140 904 σθητιο
2181 837 2310 891 ὅταν
2356 839 2740 910 νομοθετῆσαι,
2784 836 3118 893 Ἠκούσατε
3161 838 3252 892 ὅτι
3303 836 3515 907 ἐρρέθη

1935 926 2086 1002 [555]
2117 930 2244 997 τοῖς
2286 931 2579 1001 ἀρχαίοις,
2602 933 2687 987 Οὐ
2732 936 3054 1001 φονεύσεις
3073 949 3086 963 ·
3115 929 3231 1000 ἐγὼ
3261 928 3331 982 δὲ
3359 927 3518 999 λέγω

1930 1015 2094 1085 ὑμῖν,
2127 1023 2226 1086 Ὃς
2243 1019 2322 1074 ἂν
2338 1018 2478 1087 εἴπῃ
2493 1018 2574 1086 τῷ
2587 1018 2831 1090 ἀδελφῷ
2849 1023 3057 1089 αὐτοῦ,
3079 1017 3268 1086 Μωρὲ,
3299 1016 3516 1085 ἔνοχος

1931 1106 2107 1163 ἔσται
2142 1111 2229 1177 εἰς
2257 1111 2376 1177 τὴν
2421 1108 2677 1180 γέενναν
2724 1112 2833 1166 τοῦ
2875 1113 3085 1180 πυρός.
3134 1106 3287 1172 Εἶδες
3337 1107 3515 1162 πάντα

1935 1201 2073 1270 μετά
2105 1201 2393 1266 αὐθεντίας
2421 1201 2677 1260 ποιοῦντα
2698 1203 3044 1273 δεσποτικῆςι,
3065 1203 3160 1257 καὶ
3183 1203 3263 1265 εἰς
3292 1200 3515 1270 γέενναν

1931 1292 2288 1359 ἐκϐάλλοντα,
2327 1295 2421 1348 καὶ
2451 1297 2534 1358 εἰς
2562 1295 2844 1365 βασιλείαν
2876 1296 3184 1364 εἰσάγοντα,
3219 1293 3314 1348 καὶ
3336 1291 3516 1364 παρά-

1931 1384 2086 1440 λυσιν
2126 1385 2534 1458 διορθούμενον,
2565 1389 2661 1442 καὶ
2705 1389 2787 1452 εἰς
2836 1388 3067 1442 θάνατον
3116 1384 3512 1446 ἀπελαύνοντα,

1933 1477 2030 1531 καὶ
2055 1477 2333 1550 ἁμαρτίας
2359 1479 2613 1548 ἀφιέντα,
2643 1480 2739 1534 καὶ
2762 1480 3012 1550 δαίμοσιν
3036 1477 3396 1550 ἐπιτιμῶντα,
3417 1477 3516 1530 καὶ

1931 1567 2029 1639 τὴν
2058 1569 2330 1624 θάλατταν
2355 1573 2822 1639 καταστέλλοντα;
2857 1574 3050 1627 Καίτοι
3078 1574 3132 1626 τί
3160 1573 3364 1644 μεῖζον,
3392 1569 3518 1626 εἰπὲ

1934 1678 2049 1730 μοι,
2082 1663 2162 1725 εἰς
2193 1662 2474 1732 βασιλείαν
2497 1667 2833 1734 εἰσαγαγεῖν,
2866 1667 2960 1720 καὶ
2985 1668 3064 1730 εἰς
3088 1665 3313 1735 γέενναν
3345 1663 3519 1736 ἐμϐα-

1929 1749 2064 1817 λεῖν,
2102 1753 2198 1806 καὶ
2227 1753 2506 1826 ἁμαρτίας
2541 1757 2784 1825 ἀφιέναι,
2817 1756 2913 1810 καὶ
2946 1758 3144 1826 νόμους
3167 1755 3343 1809 θεῖναι
3379 1753 3519 1827 μετά

1929 1843 2237 1913 αὐθεντίας,
2265 1843 2298 1916 ἢ
2324 1847 2524 1918 ἄρτους
2552 1847 2810 1919 ποιῆσαι;
2845 1849 2947 1902 οὐκ
2971 1847 3193 1920 εὔδηλον
3231 1849 3325 1902 καὶ
3362 1849 3516 1919 ὡμοι-

1929 1933 2230 2007 λογημένον
2270 1933 2496 2003 ἅπασιν,
2533 1940 2614 1993 ὅτι
2647 1935 2819 1993 ταῦτα
2854 1939 3081 1994 ἐκείνων
3112 1941 3321 2011 μείζω;
3373 1936 3515 1992 Ἀλλ’

1929 2027 2079 2099 ὅμως
2103 2029 2196 2082 ἐπὶ⁹
2228 2029 2339 2084 τῶν
2383 2027 2648 2102 μειζόνων
2679 2033 2779 2086 οὐκ
2805 2029 3046 2104 εὔχεται,
3075 2033 3288 2097 δεικνὺς
3315 2034 3396 2086 ὅτι
3419 2031 3516 2086 καὶ

1928 2122 2022 2176 ἐπὶ
2049 2115 2158 2176 τῶν
2191 2124 2492 2180 ἐλαττόνων
2523 2126 2586 2179 οὐ
2619 2126 2687 2180 δι’
2717 2126 3005 2180 ἀσθένειαν
3046 2126 3326 2198 δυνάμεως
3355 2125 3515 2180 τοῦτο

1927 2214 2124 2280 ἐποίει,
2176 2215 2316 2271 ἀλλὰ
2363 2217 2453 2271 διὰ
2501 2217 2851 2273 διδασκαλίαν
2889 2219 2998 2274 τῶν
3038 2218 3160 2272 τότε
3205 2219 3510 2291 παρόντων.

1928 2306 2039 2360 Καὶ
2064 2308 2150 2361 ῖνα
2176 2309 2379 2381 μάθῃς,
2409 2310 2534 2364 ὅσον
2550 2311 2698 2366 ἐστὶν
2727 2311 3001 2384 ἁμαρτίας
3023 2312 3262 2381 ἀφιέναι,
3279 2311 3514 2383 παράγω

1929 2411 2012 2452 σοι
2039 2400 2292 2474 μάρτυρα
2315 2402 2408 2456 τὸν
2434 2405 2724 2475 προφήτην
2743 2423 2756 2437 ·
2784 2405 2997 2469 οὐδενὸς
3020 2404 3128 2477 γὰρ
3150 2405 3337 2477 ἐτέρου
3358 2403 3514 2459 τοῦτο

1925 2491 2200 2546 δείκνυσιν
2238 2495 2270 2548 '6
2301 2496 2610 2567 προφήτης,
2647 2497 2681 2568 ἢ
2713 2497 2808 2551 τοῦ
2855 2497 2992 2551 Θεοῦ
3027 2499 3214 2568 μόνου.
3267 2498 3364 2562 Τίς
3403 2498 3514 2567 γὰρ

1928 2583 2094 2652 Θεὸς,
2119 2586 2306 2656 φησὶν,
2328 2585 2531 2656 ὥσπερ
2549 2587 2652 2651 σὺ,
2669 2588 2926 2658 ἐξαίρων
2942 2589 3213 2660 ἀνομίας,
3237 2589 3516 2658 ὑπερϐαί-

1927 2693 2051 2729 νων
2090 2677 2366 2745 ἀδικίας;
2410 2680 2521 2733 Καὶ
2553 2679 2615 2733 τὸ
2643 2682 2723 2743 εἰς
2774 2680 3054 2751 βασιλείαν
3102 2678 3158 2734 δέ
3193 2681 3514 2749 εἰσαγαγεῖν

1927 2768 2022 2822 τοῦ
2051 2770 2142 2824 τὸν
2166 2769 2396 2826 θάνατον
2419 2770 2580 2827 λῦσαι
2610 2772 2790 2845 πολλῷ
2823 2771 3005 2845 μεῖζόν
3031 2775 3148 2827 ἐστι
3167 2790 3181 2804 ’
3225 2768 3342 2826 ἀλλ’
3363 2774 3514 2844 ὅμως

1929 2863 2152 2915 κάκεῖνο
2184 2865 2303 2934 μετ’
2347 2863 2600 2930 ἐξουσίας
2633 2863 2800 2918 ποιεῖ.
2844 2866 2956 2919 Καὶ
2997 2865 3058 2919 τὸ
3090 2865 3404 2935 νομοθετεῖν
3431 2863 3510 2926 δὲ,

1927 2954 1989 3007 οὐ
2015 2953 2126 3008 τῶν
2152 2954 2630 3026 ὑποτεταγμένων,
2657 2957 2793 3011 ἀλλὰ
2819 2957 2928 3011 τῶν
2949 2956 3346 3027 βασιλευόντων
3363 2955 3511 3010 ἐστί’

1928 3047 2022 3099 καὶ
2055 3046 2216 3100 τοῦτο
2256 3047 2358 3119 βοᾷ
2403 3049 2500 3119 μὲν
2541 3050 2680 3120 αὐτὴ
2713 3048 2824 3103 τῶν
2855 3046 3201 3121 πραγμάτων
3240 3052 3273 3121 ἡ
3305 3048 3470 3119 φύσις
3494 3065 3509 3078 ·

1930 3135 2196 3207 βασιλέων
2241 3138 2351 3210 γὰρ
2392 3139 2553 3210 μόνον
2598 3141 2716 3194 ἐστί
2748 3141 2958 3195 τιθέναι
3006 3143 3238 3212 νόμους’
3273 3141 3513 3196 δείκνυσι

1926 3228 1984 3284 δὲ
2017 3229 2109 3283 καὶ
2128 3231 2156 3283 ὁ
2181 3230 2524 3296 Ἀπόστολος,
2552 3232 2696 3287 οὕτω
2716 3233 2889 3302 λέγων
2911 3251 2925 3265 °
2958 3235 3098 3303 Περί
3121 3235 3190 3289 δὲ
3222 3233 3338 3289 τῶν
3361 3249 3511 3304 παρ-

1929 3320 2118 3374 θένων
2157 3321 2452 3392 ἐπιταγὴν
2480 3325 2702 3394 Κυρίου
2739 3327 2851 3380 οὐκ
2875 3328 3015 3397 ἔχω,
3045 3327 3288 3397 γνώμην
3321 3325 3390 3380 δὲ
3423 3325 3515 3381 δίς

1927 3407 2074 3479 δωμι
2118 3412 2200 3479 ὡς
2244 3413 2581 3482 ἠλεημένος
2630 3415 2751 3472 ὖπύ
2789 3417 3013 3484 Κυρίου
3068 3417 3288 3483 πιστὸς
3335 3413 3510 3473 εἶναι.

1941 3499 2162 3574 Ἐπειδὴ
2207 3502 2317 3574 γάρ
2345 3504 2530 3568 δοῦλος
2560 3500 2628 3576 ἧν
2677 3507 2771 3560 καὶ
2814 3506 3081 3575 διάκονος,
3108 3509 3206 3561 οὐκ
3244 3507 3512 3581 ἐτόλμησε

1929 3592 2248 3663 προσθεῖναι
2276 3597 2390 3655 τοῖς
2413 3595 2472 3662 ἐξ
2505 3597 2681 3668 ἀρχῆς
2705 3596 3170 3668 νομοθετηθεῖσιν.
3211 3601 3269 3653 Ὀ
3290 3599 3346 3653 δὲ
3379 3602 3514 3674 Χρι-

1930 3682 2054 3747 στὸς
2088 3683 2188 3754 οὐχ
2232 3683 2426 3752 οὕτως,
2462 3683 2602 3740 ἀλλά
2655 3690 2797 3759 μετὰ
2843 3687 3044 3760 πολλῆς
3083 3689 3185 3757 τῆς
3225 3689 3513 3758 αὐθεντίας

1927 3775 2055 3839 τοὺς
2099 3775 2366 3842 παλαιοὺς
2404 3779 2774 3849 ἀναγινώσκει
2821 3778 3043 3852 νόμους,
3086 3779 3340 3848 καὶτοὺς
3379 3787 3512 3856 παρ’

1928 3865 2096 3922 αὐτοῦ
2121 3867 2284 3922 πάλιν
2316 3870 2550 3939 εἰσάγει.
2584 3871 2648 3924 Εἰ
2668 3869 2726 3926 δέ
2751 3871 2812 3925 τὸ
2845 3869 3043 3944 νόμους
3069 3873 3254 3938 ἁπλῶς
3281 3871 3509 3938 τιθέναι,

1931 3959 2217 4033 βασιλικῆς
2243 3962 2402 4034 μόνον
2431 3963 2580 4019 ἐστὶν
2609 3963 2879 4031 ἐξουσίας.
2922 3967 3049 4022 ὅταν
3079 3966 3399 4039 εὐρίσκηται
3431 3970 3509 4040 μὴ

1932 4053 2094 4124 μόνον
2138 4055 2338 4125 νόμους
2369 4054 2542 4120 τιθεὶς
2591 4051 2769 4124 οὗτος,
2803 4058 2939 4112 ἀλλά
2965 4060 3060 4112 καὶ
3087 4061 3214 4122 τούς
3245 4059 3508 4124 παλαιοὺς

1926 4145 2326 4218 διορθούμενος,
2345 4147 2430 4210 τίς
2447 4148 2801 4203 ὑπολείπεται
2827 4149 2986 4217 λόγος
3000 4151 3112 4212 τοῖς
3133 4149 3510 4219 ἀναισχυντεῖν

1834 4251 1838 4285 ς
1928 4236 2305 4308 βουλομένοιςς
2352 4238 2486 4291 Ἀπὸ
2508 4240 2615 4311 γὰρ
2647 4239 2840 4293 τούτου
2872 4239 3050 4309 δῆλον,
3083 4240 3166 4293 ὅτι
3209 4240 3309 4310 τῆς
3340 4241 3508 4314 αὐτῆς

1924 4327 2114 4392 οὐσίας
2151 4329 2268 4381 ἐστὶ
2298 4328 2376 4400 τῷ
2405 4331 2780 4400 γεγεννηκότι.

1999 4519 2110 4574 Kal
2135 4519 2223 4574 ἵνα
2253 4519 2586 4591 σαφέστερον
2621 4521 2648 4574 ὃ
2676 4519 2823 4590 λέγω
2855 4520 3103 4591 γένηται,
3135 4522 3222 4576 ἐπ’
3249 4523 3379 4577 αὐτὸ
3409 4526 3508 4595 τῆς

1926 4611 2150 4683 Γραφῆς
2193 4611 2438 4683 ἔλθωμεν
2471 4611 2534 4664 τὸ
2575 4613 2797 4685 χωρίον.
2845 4612 3111 4666 ’Λνελθὼν
3142 4617 3220 4679 είς
3269 4615 3329 4668 τὸ
3359 4617 3507 4687 ὅρος,

1929 4703 2112 4772 φησὶν,
2147 4701 2405 4772 ἐκάθητο,
2456 4705 2551 4758 καὶ
2598 4703 2984 4776 περιεστώτων
3031 4706 3247 4760 πάντων
3305 4708 3508 4778 ἤρξατο

1927 4794 2127 4863 λέγειν’
2150 4793 2438 4864 Μακάριοι
2459 4799 2513 4850 οἱ
2528 4797 2749 4866 πτωχοὶ
2769 4795 2850 4862 τῷ
2865 4799 3179 4866 πνεύματι,
3203 4800 3256 4850 οί
3277 4799 3504 4866 πραεῖς,

1927 4889 1981 4940 οἰ
2032 4885 2379 4957 ἐλεήμονες,
2415 4890 2470 4942 οι
2521 4889 2765 4957 καθαροὶ
2808 4887 2884 4957 τῇ
2923 4889 3158 4957 καρδίᾳ.
3205 4884 3338 4942 Εἶτα
3369 4891 3511 4961 μετά

1926 4981 2054 5044 τοὺς
2085 4982 2471 5053 μακαρισμούς
2497 4981 2740 5045 ἐκείνους
2765 4980 2944 5048 λέγει’
2973 4980 3070 5048 Μὴ
3099 4981 3388 5049 νομίσητε
3415 4983 3508 5037 ὅτι

1927 5067 2118 5141 ἦλθον
2143 5071 2481 5126 καταλῦσαι
2526 5073 2634 5126 τὸν
2665 5074 2855 5142 νόμον
2890 5073 2928 5142 ἢ
2970 5073 3111 5139 τοὺς
3149 5075 3462 5142 προφήτας
3484 5094 3500 5108 ·

1927 5167 2037 5218 οὐκ
2068 5161 2260 5234 ἦλθον
2288 5167 2646 5230 καταλῦσαι,
2686 5165 2850 5221 ἀλλὰ
2886 5164 3225 5234 πληρῶσαι.
3275 5166 3372 5228 Τίς
3397 5167 3506 5238 γὰρ

1928 5257 2088 5310 τοῦτο
2127 5257 2518 5323 ὑπώπτευσεν;
2553 5257 2586 5329 ἢ
2618 5257 2671 5311 τί
2708 5257 2817 5311 τῶν
2845 5259 3154 5330 εἰρημένων
3175 5258 3413 5311 ἐναντίον
3439 5253 3510 5330 ἦν

1928 5352 2038 5412 τοῖς
2064 5349 2367 5420 προτέροις,
2400 5351 2486 5402 ἵνα
2511 5349 2666 5403 τοῦτο
2699 5352 2862 5422 εἴπῃς
2893 5349 3208 5420 Μακάριοι,
3240 5352 3428 5423 φησὶν,
3453 5354 3510 5407 οι

1929 5441 2150 5510 πτωχοὶ
2179 5437 2258 5506 τῷ
2287 5443 2600 5510 πνεύματι,
2637 5444 2936 5509 τουτέστιν,
2969 5444 3019 5495 οἰ
3057 5445 3507 5515 ταπεινόφρονες.
3594 5506 3610 5520 μ

1943 5532 2096 5586 Ἀλλά
2117 5531 2276 5586 τοῦτο
2298 5534 2392 5587 καὶ
2416 5535 2449 5605 ἡ
2479 5534 2692 5590 Παλαιά
2724 5531 2846 5589 εἷπε
2867 5554 2881 5568 ο
2914 5536 3108 5590 Θυσία
3141 5535 3252 5607 γὰρ
3284 5534 3362 5603 τῷ
3387 5534 3511 5600 Θεῷ

1931 5623 2166 5696 πνεῦμα
2186 5627 2715 5697 συντετριμμένον·
2731 5627 2982 5698 καρδίαν
2996 5624 3510 5698 συντετριμμένην

3145 5720 3218 5779 17
