3980 6184
266 262 374 325 789

253 384 466 447 Matth.
491 382 549 441 5.
578 380 636 453 ι)
658 397 674 435 :
700 380 883 438 ethoc
909 379 1128 437 Hesaias
1146 392 1333 437 rursus
1349 373 1693 439 vociferatur,
1707 370 1836 427 dum

261 485 327 524 ex
346 482 586 539 persona
604 467 847 524 Deidicit
864 486 879 523 :
897 466 1067 538 Super
1079 486 1230 540 quem
1244 470 1547 540 respiciam,
1571 469 1677 525 nisi
1693 484 1849 538 super

261 561 445 616 mitem
465 571 515 617 et
539 561 792 631 quietum,
810 570 859 619 et
878 570 1177 617 trementem
1187 577 1451 617 sermones
1468 577 1606 616 meos
1634 558 1847 633 (Hesai.

260 650 422 721 66.2)
438 651 467 705 7
489 649 644 706 Beati
659 650 1022 707 misericordes
1040 650 1260 719 (Matth.
1276 653 1333 709 5.
1352 652 1408 724 7)
1428 671 1442 708 :
1461 662 1514 709 et
1534 652 1637 709 hoc
1657 667 1850 709 rursus

263 742 475 815 ubique
483 742 792 813 dispersum
805 752 911 801 est.
933 742 1015 798 Ne
1027 743 1311 813 defraudes
1324 745 1849 816 enim,inquit,uitam

260 836 538 905 pauperis,
558 835 848 905 supplicem
873 836 929 891 in
949 835 1297 892 tribulatione
1310 837 1541 905 positum
1558 854 1621 892 ne
1636 837 1850 905 rejicias

258 926 449 999 (Ecca.
477 927 535 990 4.
561 927 619 1000 ι)
647 942 662 981 :
701 934 755 983 et
779 938 968 996 magna
1002 923 1197 995 ubique
1227 922 1451 980 habetur
1479 926 1678 981 mentio
1705 924 1856 980 beni-

258 1021 497 1093 gnitatis.
527 1016 673 1074 Beati
700 1017 876 1072 mundi
917 1017 1066 1071 corde
1092 1015 1306 1088 (Matth.
1334 1017 1389 1074 5.
1418 1017 1499 1088 8).
1544 1018 1656 1073 lloc
1692 1018 1854 1073 etiam

262 1109 396 1167 dixit
420 1108 586 1166 David
618 1126 636 1163 :
664 1107 765 1162 Cor
785 1106 1029 1162 mundum
1047 1121 1163 1160 crea
1180 1105 1235 1160 in
1259 1122 1339 1164 me
1368 1104 1528 1173 Deus,
1555 1116 1604 1161 et
1621 1107 1856 1178 spiritum

261 1212 455 1261 rectum
480 1202 667 1255 innata
688 1199 742 1252 in
769 1198 1039 1252 visceribus
1061 1197 1183 1253 meis
1210 1194 1383 1270 (Psal.
1413 1197 1502 1253 50.
1534 1196 1625 1269 l2)
1670 1215 1684 1252 :
1726 1196 1856 1253 reli-

263 1306 398 1363 quas
441 1291 603 1347 etiam
650 1287 1006 1346 beatitudines
1056 1287 1104 1343 si
1144 1289 1263 1357 quis
1301 1296 1598 1357 percurrat,
1637 1287 1859 1349 multam,

261 1381 611 1438 concordiam
655 1393 778 1435 esse
822 1380 1138 1448 comperiet.
1180 1376 1291 1433 Cur
1335 1378 1515 1448 igitur,
1564 1392 1684 1433 cum
1730 1378 1860 1432 nihil

266 1469 595 1527 contrarium
623 1468 888 1538 prioribus
913 1466 1161 1534 dixisset,
1191 1467 1388 1536 adjecit
1414 1484 1428 1519 :
1460 1465 1636 1523 Nolite
1660 1476 1857 1537 putare,

266 1562 515 1632 quoniam
539 1558 648 1613 verti
686 1558 878 1613 soluere
918 1557 1099 1627 legem,
1137 1567 1226 1611 aut
1259 1556 1531 1629 prophetas
1560 1556 1773 1628 (Matth.
1803 1557 1857 1612 ὅ.

270 1652 416 1723 l7)?
438 1650 557 1707 Non
579 1650 649 1706 ob
673 1664 737 1705 ea
760 1665 878 1720 qua:
905 1648 1043 1704 dicta
1066 1646 1280 1703 fuerant
1314 1647 1452 1703 hanc
1477 1649 1861 1704 correctionem

271 1741 536 1813 adjunxit.
583 1738 719 1796 Nam
766 1743 890 1810 quia
941 1738 1009 1793 ad
1058 1738 1528 1809 ampliﬁcationem
1578 1738 1862 1809 quamdam

272 1833 651 1889 mandatorum
687 1831 910 1902 gradum
941 1829 1177 1886 facturus
1201 1839 1334 1894 erat,
1375 1844 1445 1887 ne
1478 1830 1863 1887 incrementum

275 1934 528 1997 putarent
550 1923 955 1994 repugnantiam
985 1938 1103 1979 esse
1132 1922 1436 1992 quamdam,
1472 1931 1567 1979 aut
1599 1923 1866 1979 accessio—

276 2034 399 2075 nem
417 2032 541 2077 esse
568 2031 826 2088 pugnam,
864 2014 1065 2070 idcirco
1102 2014 1255 2080 dixit,
1290 2012 1464 2068 Nolite
1500 2023 1699 2084 putare,
1738 2031 1866 2085 quo-

274 2110 415 2164 niam
445 2107 561 2163 veni
585 2106 775 2162 solvere
813 2106 991 2178 legem,
1019 2115 1104 2159 aut
1131 2105 1403 2176 prophetas
1432 2121 1452 2158 :
1483 2106 1582 2160 hoc
1607 2114 1707 2172 est,
1748 2121 1870 2175 per-

275 2200 498 2257 iectiora
526 2198 767 2255 dicturus
789 2212 906 2252 sum
934 2196 1018 2263 iis,
1048 2212 1167 2267 qua:
1194 2207 1320 2251 ante
1343 2205 1467 2252 sunt
1486 2196 1646 2251 dicta.
1670 2198 1865 2252 Exem-

278 2295 353 2364 pli
376 2307 560 2357 causa,
598 2290 844 2351 Audistis,
872 2285 992 2345 Non
1021 2289 1214 2344 occides
1239 2305 1259 2343 :
1286 2305 1376 2360 ego
1405 2298 1572 2345 autem
1587 2288 1726 2355 dico,
1742 2284 1795 2339 Ν
1800 2305 1869 2343 ou

278 2385 535 2439 irasceris.
576 2381 820 2445 Audistis,
851 2377 905 2435 Ν
909 2397 974 2437 on
1015 2379 1360 2446 nitecltalteris,
1406 2396 1499 2450 ego
1536 2387 1706 2433 autem
1731 2378 1865 2443 dico,

276 2467 894 2539 Quicumquemulierem
930 2467 1137 2539 respicit
1154 2469 1221 2523 ad
1245 2469 1701 2540 concupiscendum
1735 2485 1866 2535 eam,

281 2564 391 2632 iam
423 2562 696 2618 nitecltatus
742 2564 813 2613 est
867 2557 1084 2633 (Matth.
1113 2559 1258 2615 5.21.
1289 2559 1378 2615 22.
1405 2561 1496 2614 27.
1521 2559 1637 2633 28),
1669 2571 1723 2616 et
1748 2560 1871 2621 talia

280 2671 652 2728 qmncumque.
677 2654 756 2715 Ne
782 2656 940 2725 igitur
963 2654 1358 2724 ahrogationem
1379 2668 1500 2711 esse
1526 2653 1722 2723 putetis
1739 2667 1872 2708 con-

282 2749 739 2804 summationem:
772 2736 876 2802 nan
904 2746 1045 2801 enim
1070 2756 1153 2802 est
1177 2745 1476 2816 abrogatio,
1504 2746 1598 2801 sed
1624 2745 1875 2815 adimple-

285 2840 363 2894 tio
392 2856 405 2891 :
445 2848 500 2893 et
524 2838 665 2909 quod
696 2837 749 2893 in
777 2838 1092 2909 corporibus
1119 2836 1395 2913 fecit,.hoc
1423 2848 1476 2893 et
1508 2838 1559 2891 in
1584 2837 1704 2907 lege
1728 2837 1871 2892 iacit.

154 2970 161 2975 -
279 2929 426 2999 Quid
470 2938 651 2986 autem
701 2930 755 2985 in
791 2929 1106 3000 corporibus
1149 2929 1437 2999 prmstititl
1465 2928 1597 2987 Cum
1634 2930 1874 2985 mutilata

286 3021 455 3077 multa
482 3024 719 3077 membra
745 3022 1051 3090 reperisset,
1080 3031 1133 3077 et
1158 3020 1341 3076 omnia
1367 3020 1581 3079 deiectu
1610 3020 1873 3087 laborare,

289 3109 537 3183 perfecit,
576 3111 714 3171 etin
731 3114 1144 3173 convenientem
1171 3113 1409 3171 restituit
1431 3110 1877 3181 pulchritudinem

290 3213 343 3257 et
365 3203 726 3273 integritatem
755 3218 770 3256 :
799 3217 865 3257 ac
893 3201 1053 3257 rebus
1076 3202 1208 3272 ipsis
1235 3202 1481 3258 omnibus
1507 3202 1775 3273 patefecit,
1819 3218 1879 3263 se

293 3303 532 3348 veterum
570 3294 747 3365 legum
794 3302 1067 3348 auctorem
1119 3294 1298 3360 fuisse,
1347 3308 1413 3347 ac
1449 3305 1653 3350 natura:
1682 3303 1880 3353 ηοω-ξε

286 3383 647 3439 cosiditoretu.

358 3474 644 3544 Conﬁrmat
663 3474 890 3531 Christus
908 3491 971 3530 ex
990 3476 1254 3530 sanatione
1277 3476 1419 3544 caci,
1448 3492 1500 3531 se
1519 3476 1683 3547 legum
1703 3487 1882 3529 aucto-

287 3582 395 3620 rem
412 3565 792 3636 esse—Atque
812 3564 912 3620 hoc
930 3564 1078 3620 illum
1098 3564 1382 3621 ostendere
1394 3565 1681 3631 studuisse,
1708 3582 1773 3621 es
1792 3582 1880 3621 sa-

289 3659 513 3714 natione
536 3658 668 3714 caici
704 3659 970 3729 pnncipue
1010 3668 1237 3714 constat.
1287 3659 1609 3715 Prmteriens
1648 3662 1788 3716 enim
1831 3669 1886 3716 et

285 3766 498 3807 meum
519 3750 806 3823 quemdam
835 3751 1040 3818 videns,
1071 3751 1239 3806 lutum
1267 3750 1412 3817 fecit,
1436 3761 1495 3807 et
1515 3751 1776 3823 ejusmodi
1800 3752 1884 3807 ln-

294 3856 406 3901 tum
434 3844 608 3899 oculis
634 3843 805 3901 illevit
841 3843 1144 3909 caementis,
1182 3844 1339 3915 eique
1363 3843 1496 3903 dixit
1527 3862 1542 3899 :
1592 3844 1746 3910 Vade,
1772 3846 1887 3901 lava

289 3938 347 3990 in
365 3936 572 3991 Siloam
608 3934 789 4005 (loca.
825 3935 878 3991 9.
912 3935 965 3990 6.
998 3934 1074 4006 7).
1113 3935 1276 4005 Cujus
1304 3936 1383 3992 rei
1420 3938 1590 4007 gratia
1625 3952 1746 3997 cum
1772 3941 1888 3992 suto

288 4025 444 4093 jnisn
466 4035 710 4082 mortuos
734 4025 1037 4096 frequenter
1063 4026 1300 4090 suscitet,
1328 4037 1383 4082 et
1418 4027 1521 4082 alia
1547 4029 1711 4084 nmlta
1741 4029 1889 4084 simi-

292 4117 363 4170 lia
391 4117 521 4172 edat
544 4116 820 4183 miracula,
848 4117 937 4171 hic
959 4132 1093 4186 Opus
1118 4118 1381 4188 quoddam
1409 4118 1612 4188 adjicit,
1655 4120 1782 4177 dum
1803 4121 1887 4174 lu-

298 4217 408 4263 tum
443 4207 687 4273 conlicit,
730 4217 788 4263 et
823 4208 898 4263 illi
935 4209 1119 4264 oculos
1150 4209 1336 4279 lingit?
1374 4210 1510 4265 Num
1544 4212 1677 4267 satis
1724 4211 1890 4281 liquet

300 4301 504 4359 idcirco
524 4300 576 4355 id
601 4301 712 4356 lteri
732 4341 749 4367 ,
782 4311 838 4356 ut
872 4317 993 4357 cum
1017 4301 1287 4358 audiveris
1318 4302 1483 4358 Deum
1512 4303 1784 4373 pulverem
1800 4319 1890 4359 ac-

300 4394 509 4463 cepisse
532 4393 602 4448 de
630 4400 767 4449 terra
797 4392 1177 4463 hominemque
1200 4392 1482 4461 formasse,
1510 4393 1687 4449 discas
1713 4410 1779 4449 ex
1801 4395 1885 4459 iis,

304 4498 418 4554 qua:
446 4498 597 4540 nunc
612 4492 888 4554 genuntur,
927 4483 1071 4542 hunc
1092 4485 1240 4543 illum
1264 4499 1405 4553 esse,
1435 4487 1524 4557 qui
1564 4486 1833 4543 hominem
1854 4504 1889 4544 ε

610 4577 893 4633 iormavit‘l
931 4578 1140 4649 Alioqui
1167 4578 1271 4637 nisi
1296 4580 1401 4635 hoc
1436 4580 1673 4637 indicare
1706 4582 1887 4649 vellet,

310 4668 633 4738 superﬂuum
656 4668 843 4726 luisset
865 4668 917 4726 id
936 4669 1079 4740 quod
1096 4670 1303 4741 agebat.
1324 4670 1526 4728 Deinde
1544 4683 1601 4727 ut
1627 4672 1892 4743 intelligas

303 4771 457 4814 natm
482 4758 583 4814 luti
609 4759 738 4814 nihil
768 4758 835 4815 ad
866 4759 1040 4819 visum
1067 4774 1212 4816 caeco
1239 4762 1625 4820 restituendum
1660 4765 1884 4835 opitula-

300 4857 417 4905 tum
456 4848 536 4904 illi
575 4863 717 4916 esse,
764 4851 857 4906 sed
879 4850 1085 4921 absque
1111 4851 1198 4908 illa
1225 4853 1447 4909 materia
1473 4853 1591 4910 solo
1610 4854 1762 4924 jussu
1787 4855 1891 4910 ﬁn-

292 4954 432 5010 gere
474 4941 660 4996 oculos
689 4941 943 5011 patuisse,
987 4942 1228 5014 adjungit
1266 4953 1321 5000 et
1358 4945 1468 5000 ait:
1512 4944 1669 5014 Vade,
1696 4948 1809 5002 lava
1840 4948 1894 5002 in

296 5029 530 5085 Siloam.
577 5030 864 5101 Postquam
902 5033 1045 5091 enim
1068 5033 1187 5103 ipso
1213 5034 1296 5091 sui
1319 5034 1514 5105 (ψεῦάί
1540 5036 1703 5092 modo
1742 5037 1895 5095 nobis

291 5121 566 5189 ostendit,
598 5122 720 5193 quis
742 5133 887 5181 esset.
901 5126 992 5197 qui
1015 5124 1289 5183 hominem
1309 5141 1337 5180 a
1354 5127 1618 5198 principio
1636 5138 1891 5195 creasset,

288 5223 436 5270 tunc
470 5215 549 5269 ait
575 5213 674 5283 illi,
711 5213 870 5283 Vade,
917 5215 1033 5273 lana
1056 5217 1111 5271 iu
1141 5217 1357 5275 Siloam.
1387 5218 1457 5275 Ut
1483 5218 1643 5290 igitur
1665 5221 1898 5291 Optimus

286 5308 602 5364 statuarius
627 5309 813 5364 volens
840 5324 937 5379 per
961 5325 1125 5379 opera
1149 5323 1300 5368 stum
1335 5310 1580 5381 peritiam
1604 5322 1896 5381 ostentare,

292 5411 524 5472 partem
548 5400 837 5472 Quendam
862 5403 1082 5471 omittit,
1127 5403 1253 5461 dum
1290 5412 1521 5460 statuam
1558 5405 1728 5478 lingit,
1760 5417 1819 5463 ut
1843 5408 1897 5463 in

1060 260 1179 317 ns
1212 258 1480 322 cutusrt
1519 250 1871 320 PBECIBUS,
1909 247 2179 309 comas
2220 204 2595 309 ΑΝοΜοΕὸδ.
2637 250 2704 305 x.

1950 382 2073 425 cum
2101 367 2354 436 venisset,
2377 377 2535 439 atque
2559 370 2743 425 oculos
2770 369 2842 427 illi
2880 370 3220 441 restituisset,
3240 372 3413 443 partis
3441 375 3537 435 beo

1950 457 2141 515 nelicio
2168 457 2237 519 de
2262 468 2374 515 toto
2400 459 2558 519 [idem
2585 460 2863 519 insereret.

2009 546 2126 614 (Cur
2139 549 2193 604 in
2211 550 2370 604 oculis
2390 549 2689 604 miraculum
2704 550 3070 611 editum—Ac
3086 551 3205 613 vide
3222 568 3325 623 qua
3346 554 3399 609 in
3414 568 3540 623 par.

1954 649 2006 695 te
2021 640 2072 695 id
2092 641 2432 712 praestiterit:
2457 657 2561 695 non
2580 642 2630 695 in
2651 657 2830 709 manu,
2858 657 2921 698 ac
2944 642 3097 713 pede,
3125 644 3217 698 sed
3249 645 3303 703 in
3341 647 3538 714 oculis,

1953 733 2096 803 quod
2136 733 2495 790 membrorum
2544 744 2846 793 nostrorum
2888 734 3301 805 pulcherrimum
3342 748 3445 802 est,
3485 747 3542 794 et

1957 826 2192 883 maxime
2209 827 2585 891 necessarium,
2599 837 2767 898 etquo
2780 828 2977 884 nullum
2991 828 3143 900 nobis
3158 829 3439 899 pretiosius
3455 837 3543 889 est

1957 916 2273 975 tiietnhrtmi.
2289 916 2555 975 Castorum
2570 919 2657 989 qui
2672 919 3088 990 pulcherrimum
3104 922 3436 991 maximeque
3446 937 3541 977 le-

1959 1010 2247 1067 cessarium
2258 1011 2459 1081 lingere
2473 1012 2665 1080 potuit,
2680 1011 2804 1066 nimi
2811 1026 2929 1069 rum
2943 1012 3145 1079 oculos,
3170 1011 3233 1068 ha
3241 1012 3308 1069 ud
3321 1011 3543 1073 dubium

1959 1102 2087 1171 quin
2105 1116 2316 1156 nantium
2332 1117 2542 1173 quoque
2556 1102 2827 1173 etpedem,
2847 1118 2911 1160 ac
2923 1112 3112 1159 caetera
3124 1103 3547 1175 possitmembra

1962 1190 2216 1247 formare.
2247 1192 2291 1248 Ο
2316 1193 2501 1249 beatos
2527 1193 2645 1248 illos
2670 1194 2852 1249 oculos
2869 1234 2885 1261 ,
2930 1193 3020 1264 qui
3049 1193 3406 1264 spectaculum
3426 1208 3545 1249 om-

1964 1282 2120 1338 nibus
2142 1282 2372 1349 luerunt,
2403 1285 2493 1353 qui
2514 1284 2754 1348 aderant,
2776 1292 2829 1339 et
2855 1296 3042 1339 omnes
3061 1282 3127 1339 ad
3156 1282 3542 1356 serapiehaslt,

1966 1388 2253 1444 vocemque
2264 1387 2358 1441 per
2367 1388 2521 1430 suam
2534 1373 2979 1444 pulchritudinem
3001 1375 3300 1443 mittebant,
3320 1384 3376 1432 ct
3393 1377 3546 1432 Chrio

1965 1466 2033 1520 sd
2050 1465 2296 1519 virtutem
2317 1479 2505 1520 omnes
2522 1465 2793 1523 adstantes
2812 1465 3094 1521 docebant.
3118 1467 3401 1525 Ettinivoro
3421 1483 3547 1537 per-

1967 1556 2159 1611 mirum
2190 1554 2307 1620 fuit,
2337 1554 2476 1625 quod
2504 1554 2684 1622 liehat,
2713 1570 2832 1609 cum
2860 1570 3038 1611 czncns
3063 1556 3303 1613 videntes
3326 1572 3551 1617 cernere

1966 1644 2185 1703 doceret
2216 1664 2229 1700 :
2255 1646 2397 1714 quod
2439 1646 2619 1716 utique
2659 1645 2901 1701 Christus
2946 1646 3185 1707 indicans
3221 1647 3397 1707 aiebat
3429 1664 3442 1701 :
3485 1645 3553 1705 In

1959 1735 2211 1807 judicium
2233 1737 2347 1793 veni
2384 1737 2440 1792 in
2467 1737 2599 1793 [tunc
2623 1738 2887 1802 nttmdum,
2925 1748 2979 1792 ut
3005 1740 3094 1809 qui
3122 1755 3224 1793 non
3250 1739 3443 1806 vident,
3469 1740 3550 1792 ui.

1970 1825 2139 1893 deant,
2166 1836 2214 1880 et
2236 1826 2323 1896 qui
2349 1825 2535 1895 vident,
2557 1828 2677 1884 caeci
2699 1829 2824 1897 ﬁant
2850 1826 3029 1899 (locis.
3054 1829 3109 1885 9.
3132 1828 3248 1900 39).
3271 1827 3317 1885 0
3342 1828 3550 1885 beatam

1968 1918 2292 1975 cmcitatem!
2315 1919 2462 1984 Quos
2488 1920 2629 1973 enim
2656 1935 2685 1972 a
2714 1928 2905 1977 natura
2936 1935 3039 1977 non
3060 1920 3285 1991 accepit,
3322 1935 3353 1975 a
3381 1920 3554 1990 gratia

1971 2010 2196 2085 accepit,
2243 2025 2344 2065 nec
2393 2017 2595 2065 tantum
2629 2011 2807 2065 damni
2838 2025 3028 2080 passus
3051 2019 3135 2068 est
3166 2027 3231 2068 es
3270 2012 3552 2076 dilatione.

1971 2112 2226 2173 quantum
2277 2118 2344 2159 ex
2378 2101 2577 2172 opiﬁcii
2618 2103 2782 2158 modo
2816 2103 3047 2160 lucratus
3091 2112 3193 2159 est.
3237 2103 3375 2170 Quid
3411 2105 3554 2159 enim

1971 2195 2140 2251 oculis
2178 2194 2284 2249 illis
2326 2194 2441 2250 lteri
2480 2202 2655 2264 potest
2683 2193 2998 2259 mirabilius,
3042 2208 3178 2262 quos
3202 2194 3557 2253 immaculata:

1972 2296 2277 2355 sancqu
2295 2299 2484 2339 manus
2510 2284 2611 2341 illas
2637 2283 2833 2354 lingere
2853 2284 3080 2355 dignatas
3104 2287 3264 2340 sunt?
3294 2284 3555 2356 Quodque

1974 2378 2027 2433 in
2050 2377 2219 2434 sterili
2239 2377 2451 2445 accidit,
2481 2377 2585 2437 hoc
2614 2379 2806 2433 factum
2829 2387 2913 2432 est
2938 2379 3038 2437 hoc
3062 2378 3202 2434 loco.
3228 2378 3360 2434 Nam
3389 2387 3448 2433 ut
3470 2379 3558 2433 illa

1975 2470 2179 2526 mdium
2214 2486 2283 2526 ex
2305 2469 2559 2527 dilatione
2584 2470 2727 2540 cepit
2749 2469 3145 2535 detrimentum,
3174 2469 3270 2527 sed
3296 2470 3463 2527 niulto
3491 2471 3556 2526 il-

1974 2560 2190 2616 lustrior
2209 2561 2398 2627 evasit,
2424 2576 2545 2630 qua:
2569 2575 2673 2619 non
2703 2561 2821 2631 lege
2848 2562 3071 2623 natura,
3111 2559 3206 2617 sed
3235 2560 3354 2632 lege
3375 2562 3561 2632 gratia:

1976 2653 2140 2709 tilium
2168 2652 2409 2722 accepit:
2438 2652 2519 2708 sic
2538 2652 2792 2711 stituier
2816 2661 2875 2711 et
2898 2666 3072 2707 caicus
3114 2651 3248 2715 nihil
3279 2668 3347 2708 ex
3369 2662 3564 2723 praste-

1978 2745 2079 2802 rita
2103 2747 2264 2805 laesus
2301 2754 2387 2805 est
2423 2746 2681 2814 caecitate,
2725 2747 2821 2805 sed
2847 2746 3032 2818 ingens
3059 2746 3267 2804 lucrum
3291 2747 3415 2805 inde
3440 2764 3565 2820 pere

1975 2837 2138 2907 cepit,
2165 2838 2250 2895 cui
2277 2838 2458 2895 datum
2482 2848 2584 2904 est,
2615 2848 2675 2895 ut
2699 2839 2844 2909 prius
2866 2840 3035 2895 solem
3061 2841 3563 2910 justitizecerneret,

1978 2943 2041 2984 ac
2063 2928 2257 2989 deinde
2284 2927 2425 2987 hunc
2452 2930 2747 3000 subjectum
2779 2931 3045 2987 sensibus.

2048 3020 2103 3076 5.
2131 3008 2243 3076 Lex
2281 3021 2573 3093 imperfecta
2597 3021 2866 3086 quomodo.
2887 3050 2960 3064 -
2983 3021 3110 3079 Hanc
3132 3037 3164 3077 a
3190 3023 3566 3092 medicantur,

1982 3126 2051 3166 ne
2084 3127 2226 3182 aegre
2273 3111 2528 3178 feramus,
2567 3113 2613 3169 si
2640 3113 2852 3182 quando
2875 3113 2957 3169 vel
2984 3128 3084 3170 nos
3110 3114 3275 3185 ipsos,
3318 3114 3405 3170 vel
3431 3116 3567 3171 alios

1981 3202 2239 3273 quosdam
2271 3204 2440 3273 premi
2463 3204 2850 3263 calamitatibus
2871 3204 3146 3261 videamus
3174 3206 3256 3263 :si
3281 3207 3422 3263 enim
3444 3221 3565 3263 cuiu

1980 3292 2268 3363 gratiarum
2296 3295 2505 3350 actione
2550 3309 2614 3350 ac
2657 3294 2920 3363 patienter
2957 3294 3189 3352 feramus
3219 3304 3410 3355 cuneta
3451 3312 3570 3368 quae

1984 3384 2253 3451 accidunt,
2289 3386 2509 3441 omnino
2536 3387 2735 3446 bonum
2778 3386 2934 3445 [iaetu
2979 3386 3267 3459 multisque
3288 3388 3449 3447 bonis
3477 3404 3573 3445 cu-

1988 3477 2243 3533 mulatum
2271 3478 2447 3536 omnis
2473 3487 2652 3533 nostra
2678 3477 2955 3534 calamitas
2977 3480 3250 3537 sortiatur.
3288 3479 3401 3535 Sed
3430 3481 3571 3550 quod

1985 3566 2166 3625 dicere
2194 3567 2438 3624 volebam
2464 3568 2911 3638 quemadmodum
2940 3584 3183 3639 corpora,
3210 3585 3333 3641 qua
3360 3571 3571 3628 defectu

1989 3656 2320 3725 laborabant,
2350 3657 2582 3726 perfecta
2612 3667 2666 3713 et
2687 3660 2885 3729 integra
2927 3659 3191 3719 reddidit:
3221 3661 3299 3719 sic
3325 3672 3379 3718 et
3396 3663 3573 3733 legent

1989 3748 2352 3821 imperfectam
2378 3764 2499 3805 cum
2525 3750 2837 3820 accepisset,
2862 3751 3184 3819 emendavit,
3212 3756 3572 3824 autsimul,

1990 3852 2043 3897 et
2066 3842 2343 3898 meliorem
2363 3841 2430 3897 ad
2452 3851 2649 3901 statum
2676 3843 2871 3899 evexit.
2904 3843 3073 3900 Nemo
3096 3854 3301 3912 autem,
3325 3862 3455 3903 clins
3477 3866 3573 3906 all-

1989 3933 2068 3989 dit
2095 3935 2455 4004 imperfectam
2482 3934 2646 3995 fuisse
2671 3936 2862 4005 legem,
2902 3952 3001 3992 nos
3027 3952 3147 3992 eum
3179 3939 3266 4008 qui
3301 3939 3439 3994 lator
3461 3941 3578 4009 ejus

1992 4025 2163 4081 fuerat
2190 4041 2443 4083 accusare
2469 4026 2604 4081 velle
2626 4027 2945 4091 arbitretur;
2976 4028 3237 4098 siquidem
3266 4029 3576 4098 imperfecta

1991 4124 2108 4170 erat
2131 4116 2217 4171 illa
2246 4132 2352 4172 non
2385 4132 2455 4172 ex
2482 4131 2579 4172 sua
2618 4128 2826 4184 natura,
2873 4117 2967 4174 sed
2996 4133 3280 4189 progressu
3320 4122 3580 4190 temporis

1992 4207 2186 4263 deinde
2212 4208 2335 4263 talis
2358 4218 2631 4267 evaserat.
2671 4208 3107 4278 Quandoquidem
3156 4218 3267 4266 tum
3295 4213 3574 4280 temporis,

1989 4312 2115 4354 cura
2167 4299 2468 4357 introducta
2515 4308 2619 4367 est,
2672 4298 2964 4355 admodum
2989 4298 3226 4369 perlecta
3263 4309 3397 4367 erat,
3429 4311 3484 4357 et
3512 4302 3579 4357 iis

1992 4392 2080 4461 qui
2108 4390 2434 4461 recipiebant
2454 4406 2572 4449 eam
2597 4391 2923 4447 conveniens
2951 4410 2966 4447 :
2998 4402 3278 4464 postquam
3302 4404 3482 4451 auem
3511 4396 3579 4452 ab

1990 4482 2087 4538 illo
2105 4482 2293 4539 edoeta
2314 4491 2502 4539 natura
2531 4483 2783 4554 deinceps
2806 4485 2977 4539 crevit
3011 4484 3065 4539 in
3090 4486 3300 4555 melius,
3332 4487 3447 4544 haec
3472 4487 3577 4544 ins.-

1995 4576 2278 4645 perfectior
2313 4576 2499 4644 evasit,
2551 4592 2657 4633 non
2687 4591 2752 4632 ex
2797 4591 2893 4633 sua
2921 4587 3132 4647 natura,
3161 4579 3255 4635 sed
3296 4581 3368 4636 ob
3400 4582 3576 4638 incre-

1992 4676 2234 4722 mentum
2256 4668 2468 4724 virtntis
2492 4683 2700 4735 eorum,
2730 4684 2865 4739 quos
2889 4669 2978 4725 illa
3003 4669 3278 4727 docuerat.
3302 4673 3369 4727 Et
3392 4687 3581 4742 quem-

1994 4758 2279 4816 admodum
2322 4775 2481 4816 arcus
2529 4769 2586 4816 et
2624 4761 2849 4831 sagittae,
2891 4776 3014 4832 quas
3054 4762 3205 4832 regio
3248 4763 3472 4833 puerdo
3512 4763 3583 4819 ad

1996 4853 2434 4909 exercitationem
2466 4853 2640 4923 potius
2664 4852 2916 4908 fabricata
2939 4854 3067 4919 sint,
3082 4868 3249 4924 quam
3262 4853 3331 4908 ad
3351 4868 3581 4925 pugnam

1998 4955 2053 5001 et
2074 4945 2295 5011 bellum,
2323 4944 2411 5001 ubi
2438 4959 2572 5015 puer
2593 4944 2825 5000 adolevit
2852 4952 2908 4999 et
2936 4944 2989 4999 in
3015 4944 3167 5000 bellis
3190 4944 3401 5001 fortiter
3421 4961 3583 5016 agon

1998 5038 2203 5106 didicit,
2228 5038 2436 5094 inutilia
2455 5037 2783 5094 reddtmtur:
2813 5039 2884 5092 ita
2913 5052 3125 5108 quoque
3151 5047 3355 5093 naturae
3380 5046 3583 5093 inlustras

2000 5132 2193 5188 accidit
2220 5150 2235 5187 :
2261 5130 2513 5201 quamdiu
2536 5129 2958 5200 hopes-tectiores
2980 5145 3224 5205 ennius,
3246 5145 3311 5185 ac
3330 5129 3589 5186 discendo

2005 5240 2103 5280 nos
2139 5224 2542 5289 exercebamus,
2570 5223 2939 5279 convenientia
2965 5223 3119 5279 nobis
3145 5238 3292 5279 arma
3334 5223 3585 5294 suppedi-

2004 5317 2154 5382 tavit,
2198 5330 2317 5385 qutc
2340 5313 2499 5370 facile
2521 5324 2731 5387 gestare
2755 5325 3063 5385 poteramus
3099 5333 3115 5370 :
3159 5329 3283 5371 cum
3324 5329 3454 5371 vero
3472 5314 3586 5386 jam

2008 5408 2160 5463 factis
2185 5408 2239 5463 in
2258 5406 2453 5463 virtute
2477 5406 2850 5477 progressibus
2872 5405 3221 5470 adolevimus,
3250 5405 3323 5462 ob
3349 5415 3590 5462 nostrain

290 5505 384 5547 eo
406 5492 549 5563 quod
573 5492 751 5557 datst,
795 5494 956 5549 totius
980 5495 1160 5564 operis
1182 5497 1452 5565 specimen
1475 5497 1604 5551 artis
1626 5496 1755 5553 edat
1783 5516 1797 5552 :
1832 5499 1902 5553 ita
2010 5499 2385 5570 perfectionem
2434 5499 2523 5553 illa
2567 5497 2823 5570 deinceps
2857 5498 3161 5569 imperfecta
3198 5507 3323 5555 sunt
3364 5497 3593 5555 reddita.

292 5581 562 5641 (hiatus
584 5585 749 5642 etiam
776 5600 894 5641 cum
933 5585 1168 5643 indicare
1196 5587 1354 5645 vellet
1379 5597 1548 5644 totum
1574 5589 1843 5646 hominem
1873 5606 1904 5646 a
2013 5593 2299 5664 Propterea
2325 5592 2471 5646 venit
2492 5590 2754 5657 Christus,
2784 5591 2965 5646 utalia
3006 5589 3208 5658 majora
3235 5591 3391 5646 nobis
3417 5590 3597 5646 trade-

298 5688 389 5732 ee
410 5674 571 5732 luisse
616 5674 890 5733 conditum
915 5715 931 5746 ,
976 5677 1119 5735 hunc
1150 5679 1518 5752 imperfectum
1569 5682 1811 5755 reliquit.
1851 5694 1907 5739 ut
2015 5693 2116 5741 ret.
2150 5686 2229 5742 Ac
2255 5680 2377 5739 vide
2402 5697 2562 5755 quam
2590 5683 2882 5755 prudenter
2900 5691 2955 5740 et
2976 5690 3187 5739 veteres
3217 5682 3362 5757 leges
3389 5681 3599 5749 recitet,
