3980 6184
501 295 601 355 791

438 440 444 447 '
507 438 570 484 et
602 438 763 479 novas
809 425 1083 491 proponat.
1134 413 1378 476 Audistis,
1428 409 1618 480 inquit,
1659 408 1779 480 quia
1811 408 1998 461 dictum
2022 416 2097 460 est

506 513 749 583 antiquis,
772 508 889 564 Non
904 507 1101 561 occides
1132 502 1343 569 (Matth.
1375 502 1426 555 5.
1454 501 1571 570 (ξι).
1605 499 1698 553 Dic
1724 499 1885 553 etiam
1925 512 1954 549 a
1984 510 2089 565 quo

508 607 575 657 sit
597 603 740 657 dictu
766 617 819 653 n.
847 598 929 653 Tu
954 598 1054 651 hoc
1071 594 1270 660 dixisti,
1299 609 1364 647 an
1392 594 1549 647 Pater
1571 591 1725 646 tuus?
1748 590 2088 661 Nequaquam

510 695 611 749 hoc
641 693 788 747 dicit.

577 784 679 838 Cur
718 783 1021 853 legislatoris
1055 796 1235 835 nomen
1261 789 1420 833 taceat
1445 776 1696 833 Christus.
1718 806 1790 817 —
1807 775 1916 831 Cur
1936 774 2092 842 igitur

507 876 608 931 hoc
634 875 816 935 tacuit,
846 888 1039 944 neque,
1082 874 1202 943 quis
1229 870 1444 936 dixerit,
1476 868 1791 935 declaravit,
1838 867 1931 921 sed
1962 882 2090 935 sup-

507 980 688 1037 pressa
724 965 1041 1036 legislatoris
1080 978 1306 1029 persona
1337 962 1506 1032 legem
1544 958 1797 1031 protulit?
1831 956 2091 1025 Quoniam

505 1059 551 1114 si
585 1058 829 1123 dixisset,
873 1053 995 1108 Non
1026 1052 1382 1125 occides,ego
1415 1061 1594 1109 autem
1616 1053 1734 1108 dico
1770 1050 1943 1115 vobis,
1972 1049 2090 1104 Non

502 1149 772 1215 irasceris,
805 1163 967 1219 grave
1010 1148 1193 1203 fuisset
1215 1148 1409 1212 visum,
1443 1145 1584 1217 quod
1622 1144 1850 1209 dicebat,
1878 1151 2093 1213 propter

505 1255 691 1296 comm
719 1242 809 1312 qui
855 1241 1144 1295 audiebant
1178 1238 1502 1303 vecordiam,
1551 1238 1641 1308 qui
1687 1237 1908 1291 necdum
1940 1234 2094 1288 intel-

506 1335 672 1403 ligere
725 1342 983 1403 poterant,
1030 1348 1156 1387 eum
1188 1331 1423 1385 nondum
1461 1330 1528 1385 ad
1574 1327 1859 1385 evertenda
1895 1327 2090 1395 priora,

506 1423 603 1479 sed
623 1423 688 1479 ad
710 1438 770 1478 ea
788 1422 1026 1493 augenda
1050 1423 1162 1476 lure
1186 1422 1393 1477 sancire
1420 1439 1431 1475 :
1455 1435 1518 1476 ac
1537 1420 1615 1475 sic
1634 1434 1756 1476 eum
1781 1417 2097 1486 compellas—

512 1526 630 1571 sent
658 1530 671 1567 :
698 1516 834 1584 Quid
858 1516 980 1571 ais?
1007 1514 1161 1570 Pater
1185 1526 1304 1570 tuus
1329 1513 1483 1580 dixit,
1506 1509 1625 1565 Non
1655 1508 1947 1577 occides,tn
1968 1525 2095 1565 vero

506 1609 662 1674 dicis,
681 1604 797 1661 Non
837 1607 1128 1662 irasceris?
1170 1607 1244 1660 Ne
1269 1607 1387 1675 quis
1426 1604 1583 1675 igitur
1602 1604 1741 1658 Patri
1772 1600 2096 1657 contrarium

506 1700 680 1769 ipsum
725 1706 952 1768 putaret,
997 1698 1078 1751 vel
1127 1706 1392 1766 tamquam
1431 1694 1627 1764 aliquid
1670 1694 1962 1762 sapientius
2005 1692 2096 1745 illo

507 1791 768 1858 proferre,
821 1805 926 1842 non
977 1788 1161 1841 dixit:
1203 1786 1435 1843 Audistis
1474 1801 1502 1838 a
1551 1786 1725 1839 Patre.
1776 1785 1999 1848 Rursus,
2050 1783 2094 1836 si

509 1875 1143 1947 dixisset,Audistisquia
1166 1875 1538 1945 dixianliquis,
1575 1872 1964 1929 intolerandum
1997 1874 2095 1925 hoc

506 1985 736 2040 quoque,
766 1984 938 2039 neque
976 1972 1149 2023 minus
1189 1982 1348 2037 quam
1388 1966 1517 2021 illud
1551 1966 1696 2035 prius
1721 1966 1891 2018 visum
1931 1972 2092 2017 esset.

507 2063 638 2118 Nam
671 2063 713 2116 si
756 2076 878 2116 cum
905 2060 1157 2124 dixisset,
1182 2060 1460 2130 Antequam
1500 2058 1750 2111 Abraham
1791 2058 1951 2124 ﬁeret,
2004 2072 2097 2126 ego

507 2173 619 2209 sum
667 2154 842 2225 (Joan.
872 2154 925 2209 8.
959 2152 1072 2225 58),
1126 2152 1389 2223 lapidibus
1429 2166 1552 2206 eum
1599 2150 1826 2204 obruere
1864 2148 2094 2218 aggressi

502 2256 649 2312 sunt,
693 2248 738 2302 si
763 2246 1068 2316 adiecisset.
1119 2258 1178 2300 se
1219 2258 1430 2314 quoque
1468 2241 1635 2313 Moysi
1663 2242 1833 2311 legem
1864 2240 2094 2305 dedisse,

507 2337 630 2407 quid
658 2351 761 2391 non
791 2335 1080 2391 fecissent?
1117 2333 1471 2403 Quamobrem
1515 2347 1689 2403 neque
1712 2331 1779 2386 de
1804 2345 1884 2399 se,
1926 2344 2098 2399 neque

505 2428 573 2482 de
600 2430 753 2482 Patre
793 2427 1078 2497 quidquam
1107 2426 1311 2492 dicens,
1353 2424 1447 2480 sed
1484 2424 1536 2479 in
1562 2422 1741 2477 medio
1767 2422 2095 2492 relinquens,

507 2534 626 2572 cum
671 2518 913 2584 dixisset,
956 2516 1203 2580 Audistis,
1245 2518 1364 2585 quia
1392 2515 1580 2568 dictum
1609 2522 1684 2568 est
1712 2513 1949 2579 antiquis,
1981 2507 2097 2566 Non

504 2610 753 2662 occides:
795 2607 936 2677 quod
987 2607 1038 2660 in
1087 2605 1401 2675 corporibus
1441 2604 1570 2674 egit,
1610 2617 1732 2657 cum
1772 2617 1837 2657 ex
1862 2599 2101 2655 delectus

502 2700 875 2769 supplemento
897 2698 1166 2753 docuisset
1185 2710 1300 2764 eos,
1331 2695 1450 2767 quis
1479 2695 1750 2751 hominem
1779 2709 1807 2747 a
1837 2692 2099 2764 principio

501 2789 853 2852 condidisset,
884 2788 934 2843 id
970 2788 1130 2843 etiam
1154 2782 1263 2842 hoc
1289 2786 1409 2842 loco
1435 2785 1701 2857 prtcstitit,
1733 2782 1858 2839 dum
1901 2799 1994 2853 per
2018 2783 2095 2837 le-

503 2882 587 2951 gis
628 2879 1052 2935 emendationem
1097 2886 1150 2933 et
1178 2877 1501 2932 additionem
1555 2875 1671 2946 ejus
1715 2874 1856 2946 quod
1895 2874 2097 2940 deerat,

507 2973 627 3044 quis
651 2973 740 3027 ille
769 2971 925 3028 luerit
962 2971 1139 3037 docet,
1169 2970 1258 3040 qui
1287 2967 1357 3023 ab
1382 2968 1530 3023 initio
1572 2968 1740 3039 legem
1777 2966 1916 3037 tulit.
1962 2965 2098 3019 Pro-

502 3076 690 3137 pterea
718 3080 930 3136 quoque
960 3064 1084 3119 dum
1111 3072 1291 3134 ageret
1321 3061 1391 3118 de
1414 3062 1689 3117 creatione
1709 3059 1962 3125 hominis,
2005 3073 2102 3113 ne-

502 3173 614 3229 que
632 3158 711 3212 sui
739 3156 1004 3221 meminit,
1048 3169 1221 3225 neque
1250 3154 1445 3219 Patris,
1478 3152 1572 3208 sed
1604 3152 1690 3207 hic
1717 3165 1930 3222 quoque
1959 3149 2100 3204 nulla

506 3266 761 3323 expressa
789 3266 1012 3320 persona
1031 3248 1357 3304 iodelinitam
1379 3244 1532 3300 aliert
1557 3245 1851 3299 orationem
1879 3242 2095 3297 dicens:

513 3345 611 3411 Qui
659 3344 775 3415 fecit
821 3342 885 3396 ab
934 3342 1099 3403 initio,
1148 3339 1430 3393 masculum
1467 3346 1515 3391 et
1558 3337 1798 3406 feminam
1838 3336 1953 3406 fecit
2017 3349 2101 3388 eos

512 3432 726 3505 (Matth.
764 3432 850 3485 l9.
880 3431 959 3499 4),
1009 3439 1064 3483 et
1113 3429 1273 3484 verbo
1319 3426 1531 3497 quidem
1579 3433 1875 3480 creatorem
1919 3423 2097 3487 tacuit,

508 3539 675 3595 opere
702 3531 878 3577 autem
907 3521 1107 3586 docuit,
1132 3519 1257 3573 dum
1283 3531 1569 3588 corporum
1594 3516 1857 3571 delectum
1884 3514 2098 3584 supple-

510 3616 606 3669 vit.
636 3615 711 3669 Ita
743 3614 827 3668 hic
852 3613 1013 3668 etiam
1043 3626 1162 3665 cum
1194 3610 1437 3674 dixisset,
1481 3608 1738 3675 Audistis,
1769 3608 1887 3679 quia
1912 3606 2102 3661 dictum

505 3719 581 3761 est
607 3707 845 3775 antiquis,
880 3705 1037 3760 tacuit
1062 3704 1276 3774 quidem
1305 3718 1334 3756 a
1372 3717 1479 3773 quo
1499 3701 1699 3757 dictum
1722 3707 1885 3767 esset,
1915 3713 2100 3755 verum

503 3800 746 3870 seipsum
785 3798 1037 3868 operibus
1065 3796 1193 3867 ipsis
1230 3796 1477 3851 ostendit.
1522 3796 1620 3864 Qui
1657 3794 1799 3850 enim
1837 3793 2103 3850 defectum

513 3893 798 3963 supplevit,
828 3892 941 3960 ipse
967 3887 1159 3959 estqui
1187 3888 1254 3943 ab
1279 3888 1429 3942 initio
1446 3888 1496 3941 in
1520 3886 1695 3941 lucem
1717 3886 1888 3957 ipsum
1910 3884 2098 3940 edidit.

502 3985 661 4053 Ipsos
692 3992 945 4052 prceterea
967 3989 1178 4035 veteres
1204 3979 1348 4049 leges
1367 3980 1510 4043 citat,
1537 3986 1595 4031 ut
1616 3992 1679 4032 ex
1705 3978 2103 4046 comparatione

502 4072 1035 4132 discantauditores,
1080 4085 1183 4124 non
1232 4071 1349 4139 ejus
1383 4069 1472 4138 qui
1512 4067 1847 4123 adversarius
1889 4067 1960 4122 sit
1990 4069 2103 4122 lucc

498 4180 636 4221 esse
664 4165 823 4219 verba
843 4204 859 4229 ,
902 4171 957 4218 et
983 4177 1042 4217 se
1076 4160 1263 4217 eadem
1304 4175 1424 4213 cum
1453 4160 1607 4214 Patre
1644 4158 1923 4229 praeditum
1953 4168 2103 4228 pote-

515 4266 672 4312 state.
702 4255 826 4309 llaec
849 4254 1006 4308 etiam
1033 4251 1203 4308 Judaei
1233 4251 1637 4315 intellexerunt,
1675 4259 1728 4304 et
1758 4249 1933 4303 mirati
1958 4258 2103 4302 sunt.

520 4350 693 4417 Atque
718 4355 775 4400 ut
812 4345 1031 4398 miratos
1060 4344 1181 4397 illos
1207 4356 1325 4397 esse
1351 4352 1662 4411 cognoscas,
1693 4338 1814 4393 audi
1835 4339 2105 4409 evangeli-

520 4450 655 4494 stam
698 4440 800 4492 hoc
841 4437 1196 4492 declarantem
1246 4449 1309 4489 ac
1359 4434 1669 4488 (licentem:
1714 4431 2106 4485 Admirabautur

522 4530 681 4585 turba
703 4543 855 4595 super
880 4526 1112 4580 doctrina
1145 4531 1278 4595 ejus,
1307 4527 1425 4592 quia
1447 4524 1659 4578 docebat
1687 4539 1770 4576 eos
1814 4523 1940 4575 sicut
1966 4530 2106 4591 pote-

509 4630 703 4674 statem
730 4617 950 4679 habens,
994 4627 1051 4671 et
1088 4632 1188 4670 non
1241 4617 1370 4670 sicut
1419 4614 1594 4670 scriba:
1628 4626 1674 4668 ct
1698 4612 1951 4667 Phariscei
1995 4611 2103 4682 (Iri.

523 4713 575 4765 7.
621 4711 710 4766 28.
751 4710 866 4777 29).
915 4707 1051 4776 Quid
1102 4708 1280 4777 igitur,
1339 4706 1382 4761 si
1440 4720 1712 4776 perperam
1773 4703 1876 4759 hoc
1930 4703 2106 4773 suSpi-

521 4799 821 4856 oabantur?
849 4798 987 4854 dicet
1014 4797 1206 4868 aliquis
1239 4815 1255 4851 :
1290 4805 1520 4851 attamen
1556 4810 1650 4850 eos
1685 4808 1789 4848 non
1819 4793 2111 4864 reprehen-

524 4893 621 4952 dit.
650 4906 748 4947 nec
774 4890 1082 4959 increpavit.
1123 4886 1217 4943 sed
1243 4895 1300 4942 et
1328 4886 1536 4940 illorum
1563 4884 1882 4940 sententiam
1910 4882 2110 4938 conﬁr-

526 4984 707 5039 mavit.
738 4982 872 5037 Cum
893 4982 1034 5036 enim
1056 4981 1232 5034 statim
1264 4976 1573 5033 accessisset
1595 4975 1839 5043 leprosos
1856 4987 1919 5027 ac
1945 4971 2111 5029 dixis-

533 5077 638 5132 set,
693 5067 932 5129 Domine,
969 5068 1014 5119 si
1049 5066 1145 5125 vis,
1184 5074 1328 5132 potes
1372 5079 1452 5118 me
1499 5062 1753 5116 mundare
1809 5059 1920 5133 (Id.
1951 5061 2005 5116 8.
2027 5060 2106 5123 2).

500 5158 674 5226 .Quid
705 5158 821 5213 ait?
853 5155 1006 5218 Volo,
1043 5156 1319 5210 mundare.
1352 5155 1465 5209 Cur
1485 5163 1670 5209 autem
1704 5168 1815 5208 non
1839 5153 2099 5223 simplici-

504 5261 617 5309 .ter
642 5250 805 5316 dixit,
842 5247 1106 5305 Muudare
1126 5249 1150 5301 ἶ)
1169 5247 1389 5302 tametsi
1418 5244 1751 5302 testificatus
1774 5245 1852 5299 illi
1889 5254 2006 5301 erat
2037 5245 2110 5301 le-

528 5360 730 5414 prosos
780 5349 1104 5413 potestatem
1139 5341 1317 5410 ipsum
1360 5339 1581 5404 habere,
1626 5352 1751 5392 cum
1786 5336 2015 5399 diceret,
2047 5335 2108 5391 Si

508 5433 632 5486 reis.
667 5429 775 5487 Sed
812 5446 880 5495 ne
922 5430 1277 5486 existimares
1317 5428 1603 5483 sententiae
1645 5434 1860 5482 tantum
1908 5426 2107 5496 leprosi

529 5520 972 5589 adscribendum,
1013 5519 1075 5577 Si
1107 5521 1207 5585 vis,
1256 5519 1458 5588 adjecit
1489 5519 1606 5589 ipse
1636 5532 1853 5587 quoque
1885 5516 2105 5581 dicens,

546 5612 697 5677 l'olo,
731 5614 1009 5669 mundare.
1033 5613 1125 5669 Sic
1139 5613 1266 5668 data
1279 5626 1445 5683 opera
1465 5627 1621 5667 suam
1643 5613 1842 5682 ubique
1866 5619 2107 5682 potesta-

530 5710 640 5759 tem
670 5702 1080 5771 maniiestabat,
1118 5719 1287 5774 seque
1321 5703 1504 5758 omnia
1531 5718 1597 5758 ex
1619 5701 1945 5759 auctoritate
1969 5716 2106 5772 pra:-

1214 301 1269 357 S.
1310 295 1588 356 JUANNIS
1627 292 2102 351 CHRYSOSTOMI
2142 251 2457 349 ARCHIEP.
2489 284 3019 346 CONSTA‘NTINOP.
3601 276 3690 332 70!

2203 417 2348 463 stare
2370 426 2383 465 :
2406 409 2546 477 alioq
2557 409 2608 460 ni
2626 407 2732 461 nisi
2749 407 2821 459 ita
2834 415 3001 471 esset,
3021 405 3289 475 superﬂua
3307 408 3387 465 illa
3402 422 3691 476 essetet-atto.

2274 500 2328 555 6.
2354 500 2491 555 Cum
2527 501 2693 570 igitur
2722 500 2777 553 in
2811 498 3068 554 omnibus
3088 498 3209 567 eius
3237 510 3524 570 potestatem
3547 509 3693 567 disca-

2197 600 2338 652 mus,
2385 587 2428 640 si
2473 585 2599 656 quid
2629 586 2753 639 alibi
2785 584 2982 639 humile
3008 584 3182 639 facere
3210 585 3349 639 illum
3376 589 3449 642 vel
3470 588 3619 648 dicere
3639 597 3701 649 vi-

2195 677 2454 745 derimus,
2475 691 2594 730 eum
2619 684 2834 746 propter
2848 691 2962 741 eas,
2989 689 3122 745 quas
3143 692 3306 744 nuper
3321 682 3700 752 enumeravimus,

2196 783 2406 835 causas,
2450 778 2559 821 tum
2603 767 2744 837 quod
2770 767 3038 822 auditores
3062 767 3126 821 ad
3160 767 3488 826 humilitatem
3518 774 3627 829 velit
3645 778 3697 831 in

2197 860 2388 925 citare,
2419 875 2484 912 ne
2508 859 2706 913 ideirco
2728 859 2981 913 vilitatem
3007 858 3081 912 illi
3103 859 3400 914 substantia:
3419 861 3708 932 imputemus;

2198 951 2456 1021 siquidem
2474 949 2577 1005 hoc
2597 951 2766 1019 ipsum
2785 948 2924 1018 quod
2945 964 3159 1004 carnem
3179 952 3467 1035 assumpsit,
3484 953 3542 1007 ab
3554 969 3607 1008 eo
3622 971 3706 1024 pra

2199 1042 2359 1095 nimia
2389 1042 2685 1095 humilitate
2704 1049 3011 1109 susceptum
3036 1049 3140 1103 est,
3172 1054 3276 1093 non
3298 1040 3428 1110 quod
3452 1041 3583 1098 Patre
3599 1054 3709 1100 esset

2196 1133 2435 1188 inferior.
2471 1131 2621 1188 Unde
2649 1147 2774 1186 vero
2806 1132 2856 1185 id
2885 1130 3137 1186 constat?
3164 1130 3294 1184 Nam
3322 1131 3419 1185 hoc
3445 1148 3622 1201 quoque
3641 1149 3714 1187 ve-

2197 1225 2367 1277 ritatis
2403 1223 2580 1278 hostes
2606 1222 2986 1277 circumierunt
3017 1222 3254 1276 dicentes
3280 1237 3294 1274 :
3325 1223 3368 1275 si
3405 1223 3596 1292 :equalis
3624 1232 3711 1278 erat

2202 1315 2363 1380 Patri,
2399 1330 2558 1384 quam
2585 1315 2655 1369 ob
2681 1329 2895 1368 causam
2925 1314 3082 1368 Pater
3105 1329 3316 1367 carnem
3343 1329 3440 1367 non
3464 1315 3712 1383 assumpsit,

2195 1408 2290 1463 sed
2321 1407 2486 1462 Filius
2515 1407 2651 1461 servi
2674 1407 2913 1461 .l'ormam
2958 1406 3170 1461 induit?
3212 1400 3400 1456 Annon
3441 1415 3515 1460 est
3539 1406 3713 1460 manile-

2195 1511 2361 1564 stunt,
2393 1498 2645 1568 quoniam
2676 1497 2898 1552 inferior
2917 1497 3070 1561 erat?
3121 1498 3278 1566 Atqui
3307 1496 3350 1549 si
3379 1505 3623 1565 propterea
3645 1510 3714 1548 που

2196 1603 2363 1647 stram
2403 1591 2636 1661 suscepit
2679 1599 2941 1655 naturam,
2979 1589 3260 1659 Spiritum,
3307 1604 3456 1659 quem
3493 1589 3580 1658 ipsi
3616 1588 3718 1641 Filio

2199 1684 2459 1739 minorem
2482 1698 2602 1737 esse
2626 1691 2901 1737 autumant
2932 1691 3058 1753 (non
3086 1681 3231 1736 enim
3262 1680 3360 1736 hoc
3386 1696 3476 1736 nos
3497 1680 3717 1749 dicimus),

2199 1789 2414 1829 carnem
2442 1774 2721 1844 oportebat
2761 1787 3054 1827 assumere.
3096 1772 3152 1826 Si
3202 1772 3343 1826 enim
3383 1771 3565 1827 ideirco
3592 1771 3722 1841 mujtn

2198 1875 2279 1919 est
2317 1863 2450 1918 Filio
2477 1864 2652 1927 Pater,
2684 1863 2932 1933 quoniam
2959 1862 3047 1917 ille
3087 1862 3391 1917 incarnatus
3418 1869 3512 1927 est,
3539 1862 3611 1917 hic
3643 1877 3724 1915 non

2203 1963 2286 2009 est
2313 1956 2635 2018 incarnatus,
2681 1956 2782 2008 erit
2827 1955 2985 2008 etiam
3018 1953 3248 2022 Spiritus
3275 1953 3387 2023 ejus
3430 1951 3496 2007 ob
3533 1952 3728 2006 eamdem

2200 2062 2414 2102 causam
2464 2049 2578 2117 ipso
2618 2047 2787 2117 major
2822 2062 2836 2099 :
2874 2063 3047 2117 neque
3093 2049 3235 2101 enim
3286 2048 3395 2115 ipse
3442 2060 3628 2100 camem
3663 2058 3729 2096 as.

2201 2140 2448 2210 sumpsit.

2276 2231 2358 2287 Ea:
2379 2231 2657 2302 Scripturis
2672 2232 2915 2302 probatur
2935 2231 3122 2286 Filium
3143 2249 3254 2287 esse
3280 2231 3419 2285 Patri
3441 2230 3668 2301 aqualem.
3685 2260 3733 2269 -κ

2200 2323 2304 2379 Sed
2333 2340 2401 2379 ne
2428 2324 2760 2394 argumentis
2803 2324 2943 2378 istud
2969 2324 3417 2387 demonstremus,
3446 2337 3537 2393 age
3557 2337 3614 2376 es
3636 2319 3736 2390 ipsis

2203 2417 2493 2486 Scripturis
2523 2417 2694 2485 ipsum
2727 2416 3014 2487 probemus
3040 2457 3055 2482 ,
3083 2426 3133 2470 et
3160 2416 3467 2470 humilitatis
3491 2429 3628 2470 causa
3649 2428 3739 2465 car-

2202 2523 2325 2563 nem
2353 2508 2496 2561 illum
2535 2507 2889 2576 assumpsisse
2932 2505 3298 2561 ostendamus.
3345 2505 3530 2560 Paulus
3569 2501 3739 2572 quidem

2201 2605 2371 2665 certe,
2402 2596 2491 2668 qui
2518 2597 2632 2653 lucc
2656 2605 2896 2662 noverat,
2927 2612 3046 2651 cum
3085 2595 3151 2650 ad
3177 2597 3445 2668 quidpiam
3486 2597 3621 2650 nolns
3644 2592 3743 2647 uti!e

2202 2704 2303 2744 nos
2331 2689 2709 2744 cohortaturus
2740 2697 2842 2756 est,
2867 2688 3107 2758 exempla
3143 2687 3304 2743 nobis
3328 2687 3527 2741 virtutis
3552 2684 3613 2739 de
3635 2682 3742 2738 cmlo

2202 2780 2434 2837 demittit
2461 2795 2475 2832 :
2509 2789 2566 2834 ut
2590 2794 2712 2833 cum
2743 2792 3112 2848 saepenumero
3139 2778 3382 2834 caritatis
3407 2775 3624 2832 colenda:
3645 2787 3746 2827 con-

2213 2871 2392 2925 silium
2421 2871 2536 2938 dat,
2583 2878 2635 2925 et
2665 2879 2719 2924 ut
2745 2886 2807 2924 se
2844 2881 3031 2925 mutuo
3069 2868 3314 2939 diligant,
3345 2867 3487 2938 cupit
3509 2861 3748 2935 discipulus

2205 2963 2447 3027 incitare,
2468 2961 2733 3017 Christum
2764 2962 2978 3018 adducit
3010 2960 3062 3014 in
3091 2959 3330 3016 tuedium
3351 2960 3551 3014 dicens:
3579 2952 3750 3011 Viridi-

2202 3054 2344 3124 ligite
2361 3069 2566 3118 uxores,
2602 3053 2730 3107 sicut
2756 3063 2802 3106 et
2825 3052 3052 3107 Christus
3076 3051 3260 3106 dilexit
3282 3048 3549 3104 Ecclesium
3570 3044 3747 3119 (Ep-iet.

2204 3142 2258 3198 5.
2291 3144 2406 3214 25).
2438 3144 2662 3212 Rursus,
2703 3145 2791 3199 ubi
2826 3145 2892 3199 de
2925 3144 3273 3215 elcemosyna
3305 3140 3543 3206 disserit,
3568 3138 3756 3207 idipsutu

2205 3235 2371 3292 facit:
2425 3237 2672 3308 quocirca
2720 3238 2882 3292 etiam
2909 3236 3033 3292 dicit
3077 3254 3090 3291 :
3138 3235 3303 3292 Scitis
3344 3234 3554 3307 gratiam
3582 3229 3751 3286 Domini

2204 3330 2361 3383 nostri
2393 3328 2517 3383 Jesu
2543 3328 2747 3395 Christi,
2787 3329 3023 3400 quoniam
3064 3339 3278 3398 propter
3303 3344 3391 3383 vos
3417 3341 3593 3398 egenus
3628 3325 3760 3394 factus

2203 3429 2295 3485 est,
2328 3437 2440 3474 cum
2475 3430 2600 3475 esset
2634 3419 2789 3484 dives,
2824 3430 2879 3474 ut
2911 3421 3051 3474 illius
3084 3420 3265 3490 inopia
3310 3435 3396 3473 vos
3423 3417 3591 3471 divites
3619 3410 3758 3467 essetis

2205 3510 2282 3582 (9..
2323 3510 2440 3565 (ἴον.
2474 3511 2529 3566 8.
2560 3509 2638 3585 9).
2694 3511 2897 3565 Horum
2943 3521 3115 3565 autem
3163 3510 3456 3566 verborum
3491 3506 3575 3563 hic
3610 3514 3764 3559 sensus

2203 3610 2285 3657 est
2314 3621 2326 3655 :
2357 3600 2802 3672 quemadmodmn
2844 3600 3013 3656 lactus
3046 3611 3129 3655 est
3153 3615 3362 3671 egenus
3405 3598 3642 3653 Dominus
3667 3603 3764 3645 tuus

2203 3706 2417 3746 carnem
2445 3706 2744 3755 assumens,
2776 3692 2845 3745 ita
2875 3699 2927 3745 tu
2956 3693 3006 3745 in
3034 3692 3274 3760 pecuniis
3304 3703 3507 3759 egenus
3533 3685 3642 3741 lias.
3660 3681 3766 3737 Nam

2207 3792 2263 3837 ut
2288 3782 2434 3836 illum
2464 3790 2675 3852 egestas
2700 3781 2883 3851 glorise
2906 3781 3037 3835 nihil
3067 3780 3224 3846 lzesit,
3260 3781 3342 3836 sic
3371 3792 3542 3848 neque
3566 3786 3613 3830 te
3639 3786 3767 3842 pecu-

2206 3873 2415 3927 niarum
2446 3871 2624 3942 inopia
2657 3871 2854 3927 Ledere
2884 3873 3099 3943 poterit,
3128 3871 3226 3927 sed
3257 3871 3455 3926 multas
3482 3867 3575 3923 tibi
3590 3862 3769 3921 divitias

2206 3965 2555 4034 comparabit.
2601 3964 2691 4019 Sic
2731 3974 2783 4019 et
2823 3963 2893 4019 de
2933 3963 3237 4018 humilitate
3266 3962 3411 4032 apud
3442 3960 3771 4041 Philippeqses

2206 4054 2475 4110 disserens
2494 4054 2763 4109 Christum
2792 4054 2842 4107 in
2872 4053 3102 4108 medium
3130 4053 3374 4118 adducit,
3400 4063 3623 4119 cumque
3642 4043 3772 4101 dixis-

2208 4155 2288 4199 set
2311 4185 2326 4208 ,
2400 4143 2699 4198 llumilitate
2749 4145 2844 4197 sibi
2909 4144 3117 4196 invicem
3170 4144 3464 4213 superiores
3513 4139 3775 4192 arbitrantes

2209 4236 2466 4309 (Philipp.
2497 4236 2552 4290 9..
2583 4235 2661 4306 5),
2707 4236 2968 4306 adjunxit,
3013 4234 3126 4288 Hoc
3166 4236 3307 4288 enim
3346 4234 3526 4288 sentite
3558 4231 3608 4284 in
3646 4224 3773 4285 robii.

2208 4327 2342 4397 quod
2386 4335 2433 4380 et
2459 4328 2512 4379 in
2538 4325 2737 4381 Christo
2772 4324 2917 4390 Iesu,
2948 4325 3042 4394 qui
3069 4340 3185 4378 cum
3219 4325 3276 4378 in
3321 4325 3491 4394 {arma
3531 4320 3622 4374 Dei
3657 4324 3774 4374 (suo

2211 4435 2311 4472 non
2346 4417 2582 4487 rapinam
2621 4418 2895 4471 arbitratus
2934 4421 3005 4470 est
3032 4431 3137 4470 esse
3168 4432 3224 4470 se
3260 4415 3515 4483 (aqualem
3556 4410 3672 4473 Dea,
3708 4401 3775 4459 δαί

2210 4510 2529 4580 semetipsum
2556 4508 2832 4564 exinauiuit
2862 4511 3083 4580 formam
3107 4509 3241 4563 serui
3270 4507 3533 4578 accipiens
3550 4501 3651 4574 (lb.
3673 4515 3715 4552 υ.
3734 4496 3775 4551 5.

2213 4601 2290 4671 7).
2322 4603 2493 4671 Atque
2530 4600 2575 4656 si
2604 4599 2744 4671 quod
2772 4609 2916 4656 esset
2942 4608 3128 4655 natura
3166 4598 3422 4662 inferior,
3463 4607 3668 4652 carnem
3705 4598 3775 4657 ge-

2211 4702 2357 4747 stare
2381 4692 2627 4762 digoatus
2652 4700 2757 4756 est,
2796 4706 2900 4745 non
2921 4690 3031 4761 jam
3063 4690 3190 4744 illud
3219 4689 3432 4744 factum
3458 4689 3561 4744 erit
3596 4678 3780 4739 humili.

2216 4784 2357 4850 tatis,
2401 4784 2495 4839 sed
2538 4783 2732 4839 frustra
2766 4784 2982 4854 protulit
3028 4783 3153 4838 illud
3185 4783 3420 4851 Paulus,
3453 4782 3578 4836 dum
3606 4778 3665 4833 ad
3701 4775 3776 4827 hu-

2217 4875 2491 4929 militatem
2519 4873 2849 4930 adhortatur.
2891 4874 3026 4930 Tum
3052 4875 3193 4930 enim
3240 4874 3526 4929 humilitas
3552 4881 3650 4935 est,
3683 4882 3776 4921 cum

2216 4967 2436 5036 atqualis
2457 4967 2637 5022 obodit
2652 4966 2993 5037 mqualiJloc
3008 4965 3436 5037 igiturindimns
3457 4975 3513 5020 et
3534 4964 3643 5031 ipse
3656 4956 3777 5012 dicit:

2220 5058 2320 5124 Qui
2347 5076 2458 5112 cum
2501 5059 2553 5113 in
2595 5061 2761 5131 forma
2793 5060 2886 5112 Dei
2928 5068 3071 5121 esset,
3117 5074 3221 5111 non
3262 5059 3512 5129 rapinam
3554 5055 3783 5109 arbitratus

2219 5163 2290 5209 est
2316 5168 2422 5207 esse
2445 5170 2499 5208 se
2514 5152 2759 5224 aqualem
2789 5153 2911 5216 Deo,
2942 5154 3029 5206 sed
3053 5152 3389 5221 semetipsum
3416 5144 3683 5205 exinanieit
3697 5146 3784 5211 {or-

2220 5258 2352 5295 mam
2378 5243 2506 5297 servi
2535 5240 2806 5311 accipiens.
2830 5241 2966 5309 Quid
2991 5250 3095 5306 est,
3129 5238 3254 5293 Non
3279 5240 3531 5309 rapinam
3556 5235 3789 5292 arbitratus

2221 5344 2294 5388 est
2332 5350 2442 5388 esse
2481 5351 2534 5389 se
2572 5335 2820 5403 aequalem
2864 5332 2971 5387 Deo
2992 5374 3008 5399 ,
3052 5332 3141 5387 sed
3173 5333 3518 5402 semetipsum
3556 5319 3792 5382 exinaniri!

2221 5428 2438 5495 formam
2470 5426 2597 5479 serui
2623 5426 2871 5495 accipiens
2887 5425 2913 5479 ?
2932 5426 3037 5493 Qui
3061 5425 3239 5494 rapuit
3265 5425 3479 5495 aliquid
3500 5440 3566 5480 es
3596 5422 3671 5485 iis,
3698 5428 3796 5487 tiu-'3

2222 5516 2352 5570 nihil
2403 5518 2469 5569 ad
2511 5530 2570 5570 se
2609 5516 2854 5580 attinent,
2909 5516 3037 5570 illud
3079 5524 3349 5585 perpetuo
3391 5516 3606 5577 retinet,
3651 5518 3796 5575 neque

2226 5617 2398 5680 potest
2439 5608 2630 5664 adduci
2658 5617 2720 5662 ut
2750 5607 2879 5663 illud
2905 5608 3166 5678 deponat,
3200 5609 3359 5678 quod
3394 5617 3625 5669 metuat,
3654 5611 3800 5668 neque

2228 5696 2557 5754 conﬁdenter
2577 5697 2706 5755 illud
2738 5697 3043 5769 possideat:
3084 5698 3171 5768 qui
3202 5712 3345 5756 vero
3384 5698 3584 5754 bonum
3615 5686 3799 5757 aliquod
