3980 6184
262 278 367 332 793

264 387 519 460 residet,
546 384 689 458 quod
713 382 909 442 auferri
941 398 1045 439 non
1070 388 1264 452 potest,
1298 379 1421 436 licet
1447 375 1575 437 illud
1593 372 1842 439 occultet,

262 480 485 536 usit-inte
512 480 683 534 timet.

337 570 631 628 Similitudo
659 584 691 622 a
716 583 858 623 terra
880 574 930 622 ιι
952 566 1060 635 ﬁlio
1093 564 1263 617 ducta.
1283 590 1357 602 —
1385 559 1542 617 Verbi
1570 557 1758 629 gratia,
1788 566 1849 612 ut

260 662 526 735 exemplis
558 659 700 732 quod
724 659 846 714 dico
872 655 1211 712 manifestum
1234 652 1443 716 evadat,
1471 652 1540 706 sit
1562 649 1843 720 quiSpiam,

258 754 507 825 ejusdem
533 764 675 808 unus
707 761 916 813 servus,
947 746 1085 802 alter
1110 743 1272 800 ﬁlius.
1297 743 1353 800 Si
1378 757 1507 812 ergo
1533 754 1717 795 servus
1748 736 1844 792 mi~

261 848 410 903 nime
456 841 862 901 convenientem
908 839 1007 910 ipsi
1056 836 1353 893 libertatem
1399 834 1537 890 elata
1579 848 1710 887 voce
1745 831 1846 888 sibi

265 936 523 1001 vindicet,
565 948 629 988 ac
655 931 873 988 domino
919 944 979 986 se
1020 936 1271 999 opponat,
1304 925 1491 980 adduci
1524 940 1627 978 non
1673 929 1849 993 potest

262 1038 323 1084 ut
348 1025 543 1083 servile
570 1022 855 1096 quidquam
889 1028 1031 1091 agat,
1062 1032 1235 1087 neque
1265 1015 1543 1086 praeceptis
1569 1014 1845 1082 obtempe-

260 1129 370 1188 rat,
398 1119 601 1176 veritus
629 1132 696 1173 ne
737 1115 841 1170 hoc
887 1114 1058 1184 ipsum
1105 1110 1306 1165 ofﬁciat
1333 1107 1585 1173 libertati,
1616 1116 1672 1161 et
1714 1104 1844 1160 obe—

259 1213 423 1268 dicns
451 1216 720 1281 praecepto
742 1205 843 1263 sibi
888 1202 1215 1259 obstaculum
1244 1198 1459 1270 obiiciat
1493 1217 1506 1253 :
1534 1198 1729 1269 quippe
1756 1194 1846 1265 qui

260 1303 528 1359 honorem
553 1297 856 1368 arripuerit,
882 1310 945 1350 ac
972 1302 1164 1364 praeter
1189 1291 1496 1361 dignitatem
1542 1286 1807 1358 possideat
1831 1303 1844 1340 :

262 1395 414 1448 ﬁlius
440 1400 617 1446 autem
657 1388 852 1444 servile
897 1385 1121 1457 quodvis
1167 1399 1301 1454 Opus
1329 1382 1586 1453 perﬁcere
1629 1378 1847 1432 minime

263 1480 556 1549 recusabit,
585 1494 706 1535 cum
735 1477 889 1540 sciat,
930 1475 1136 1529 tametsi
1166 1482 1354 1527 cuncta
1383 1484 1662 1526 servorum
1691 1468 1849 1522 obeat

261 1571 584 1639 ministeria,
636 1568 765 1624 nihil
814 1568 900 1622 illa
945 1580 1096 1633 suam
1140 1564 1435 1617 libertatem
1491 1560 1701 1625 ltesura,
1750 1556 1843 1611 sed

259 1664 543 1719 immotam
593 1661 736 1714 illam
785 1669 1209 1728 permansuram,
1259 1667 1380 1707 cum
1428 1665 1590 1719 opera
1635 1647 1845 1703 servilia

257 1753 497 1810 nativam
516 1751 589 1805 illi
608 1765 711 1805 non
734 1747 934 1818 possint
953 1745 1280 1801 nobilitatem
1300 1740 1508 1797 auferre
1529 1754 1545 1795 :
1567 1737 1707 1809 quod
1728 1751 1844 1793 eam

258 1861 372 1900 non
418 1833 603 1914 rapina
653 1851 855 1912 partam
898 1849 955 1893 ut
982 1850 1168 1892 servus
1214 1835 1419 1898 habeat,
1468 1832 1563 1889 sed
1607 1847 1638 1886 a
1681 1830 1848 1886 multo

262 1948 513 2009 tempore
539 1944 697 2004 atque
736 1932 802 1988 ab
827 1932 941 2000 ipso
985 1930 1156 1999 primo
1180 1927 1266 1982 die
1309 1924 1594 1980 nativitatis
1619 1921 1848 1992 acquisi-

260 2042 393 2085 tam.
426 2027 541 2082 lloc
569 2026 725 2097 igitur
751 2031 808 2080 et
835 2022 1024 2077 Paulus
1055 2019 1292 2075 indicans
1317 2018 1384 2072 de
1412 2015 1623 2072 Christo
1648 2013 1841 2084 inquit:

258 2116 693 2191 quandoquidem
738 2123 923 2168 natura
968 2112 1119 2176 liber,
1150 2119 1204 2165 et
1230 2110 1490 2180 genuinus
1535 2104 1672 2162 ﬁlius
1697 2113 1843 2171 erat,

258 2225 365 2264 non
393 2206 547 2279 quasi
577 2204 814 2275 rapinam
837 2202 1189 2272 :cqualitatcm
1212 2196 1309 2253 sibi
1332 2204 1653 2267 arrogasset,
1677 2196 1843 2266 ipsam

256 2300 448 2357 debuit
491 2297 778 2362 occultare,
807 2293 901 2349 sed
944 2292 1168 2347 formam
1214 2289 1354 2346 servi
1382 2287 1710 2344 conﬁdenter
1754 2301 1843 2341 as-

256 2392 511 2464 sumpsit.
532 2390 770 2447 Noverat
791 2387 957 2452 etiim,
987 2385 1149 2456 probe
1176 2391 1415 2449 noverat,
1433 2378 1843 2436 condescensio-

257 2498 383 2541 nem
411 2481 641 2554 gloriam
690 2480 787 2549 ipsi
816 2480 969 2533 suam
1009 2475 1324 2531 imminuere
1366 2487 1472 2527 non
1500 2485 1656 2542 posse
1681 2486 1694 2523 :
1723 2485 1844 2524 eum

256 2573 489 2630 ascititia
520 2588 624 2627 non
651 2579 822 2633 esset,
855 2582 1027 2639 neque
1055 2580 1151 2636 per
1194 2565 1431 2634 rapinam
1475 2561 1715 2633 qumsita,
1746 2576 1845 2615 nec

257 2666 440 2722 aliena
463 2673 519 2720 et
545 2677 652 2717 non
681 2660 912 2732 propria,
943 2657 1037 2714 sed
1067 2656 1322 2712 naturalis
1346 2669 1409 2710 ac
1432 2653 1687 2725 legitima.
1715 2652 1846 2707 Pro-

256 2768 447 2829 pterea
488 2755 629 2812 servi
672 2751 900 2807 formam
942 2748 1249 2817 assumpsit,
1282 2761 1403 2801 cum
1430 2744 1596 2815 probe
1640 2743 1842 2808 sciret,

254 2848 475 2918 sibique
520 2842 867 2915 persuaderet
911 2839 1060 2908 fore,
1111 2845 1169 2893 ut
1212 2836 1347 2892 nihil
1388 2835 1492 2891 hoc
1538 2836 1638 2907 ipsi
1667 2843 1848 2905 posset

257 2951 481 2993 nocere.
513 2934 800 2990 Enimvero
824 2931 1126 2986 nullatenus
1153 2928 1352 2994 nocuit,
1382 2926 1474 2982 sed
1504 2928 1633 2983 etin
1678 2925 1844 2981 forma

254 3028 401 3086 servi
432 3027 677 3084 eamdem
716 3025 938 3097 gloriam
967 3022 1202 3078 retinuit.
1243 3020 1400 3074 Vides
1429 3026 1488 3072 ut
1528 3017 1642 3087 ipsa
1669 3017 1846 3071 carnis

253 3119 558 3192 assumptio
586 3119 657 3175 sit
696 3117 950 3173 indicium
980 3115 1170 3170 Filium
1215 3113 1471 3182 aqualem
1498 3125 1621 3166 esse
1662 3110 1841 3174 Patri,

252 3209 935 3283 aquehancthuslitatem
954 3222 1059 3262 non
1075 3204 1415 3262 adventitiam
1431 3217 1749 3273 esse,neque
1759 3217 1848 3257 ae-

254 3304 458 3361 cedere
480 3302 662 3358 solere
690 3315 754 3356 ac
780 3298 1050 3362 recedere,
1075 3296 1172 3353 sed
1212 3297 1485 3351 immotam
1524 3303 1579 3350 et
1601 3292 1845 3349 stabilem

251 3410 405 3464 esse,
436 3392 755 3467 qualemque
796 3388 1044 3448 convenit
1088 3388 1255 3465 ﬁlium
1302 3401 1426 3457 erga
1457 3393 1659 3456 patrem
1703 3383 1843 3438 obti-

251 3501 392 3542 nere
411 3484 438 3540 2

324 3579 384 3633 7.
420 3575 505 3633 De
547 3574 821 3630 inimicitiis
868 3571 1196 3643 deponendis.
1225 3600 1295 3611 —
1318 3568 1444 3624 Haec
1484 3568 1640 3639 igitur
1666 3568 1846 3622 omnia

252 3670 507 3728 dicamus
528 3668 651 3736 illis,
677 3676 752 3733 et,
772 3675 1027 3738 quantum
1048 3664 1259 3735 quidem
1281 3663 1333 3717 in
1358 3661 1511 3716 nobis
1538 3661 1695 3715 situm
1722 3659 1843 3726 erit,

252 3766 324 3822 ab
349 3764 448 3820 illa
469 3777 634 3835 prava
663 3759 857 3816 haeresi
882 3760 1029 3830 ipsos
1047 3757 1311 3813 abducere
1337 3753 1664 3819 studeatnus,
1689 3761 1849 3822 atque

251 3855 321 3911 ad
362 3855 656 3911 veritatem
700 3850 976 3907 reducere.
1023 3847 1092 3903 Et
1123 3862 1252 3903 vero
1292 3860 1390 3901 nos
1437 3844 1537 3915 ipsi
1567 3860 1634 3899 ne
1679 3842 1847 3898 solam

254 3947 428 4004 ﬁdem
472 3944 630 4001 nobis
653 3943 723 4000 ad
764 3942 993 3997 salutem
1040 3939 1285 3996 sufﬁcere
1312 3951 1645 4002 censeamus,
1675 3934 1769 3990 sed
1795 3942 1849 3989 et

250 4037 686 4097 conversationis
704 4051 887 4092 curam
911 4048 1178 4107 geramus,
1195 4032 1515 4102 optimmque
1528 4031 1648 4086 vitae
1671 4029 1847 4100 speci-

252 4147 386 4189 utan
402 4129 632 4187 edamus
654 4147 669 4183 :
692 4137 752 4185 ut
768 4144 833 4183 ex
856 4136 1077 4197 utraque
1097 4133 1245 4195 parte
1268 4122 1549 4194 perfectura
1572 4123 1849 4177 utilitatem

254 4222 665 4295 percipiamus:
696 4231 751 4277 et
788 4219 858 4275 ad
886 4219 1027 4289 quod
1074 4233 1242 4288 nuper
1274 4216 1514 4271 hortatus
1538 4229 1677 4280 smn,
1710 4227 1852 4268 nunc

253 4333 506 4391 quoque,
535 4325 594 4371 ut
636 4315 810 4385 reipsa
840 4322 1174 4384 praestemus,
1206 4325 1300 4365 vos
1327 4309 1527 4373 hortor,
1561 4317 1613 4362 et
1643 4315 1853 4361 mutuas

258 4408 578 4465 inimicitias
618 4405 968 4476 deponamus,
1001 4418 1100 4458 nec
1146 4402 1374 4472 amplius
1415 4415 1573 4471 quam
1621 4412 1726 4452 uno
1767 4396 1853 4452 die

254 4500 549 4570 quisqvam
593 4495 821 4567 proximi
879 4497 951 4551 sit
994 4477 1284 4556 inimicus,
1325 4490 1419 4547 sed
1465 4499 1591 4545 ante
1643 4496 1851 4544 mutem

264 4592 409 4647 iram
431 4588 668 4659 sbjieiat,
713 4602 785 4643 ne
825 4599 950 4642 cum
999 4586 1144 4641 solus
1182 4583 1322 4654 apud
1350 4598 1411 4639 se
1450 4582 1628 4647 fuerit,
1659 4590 1714 4636 et
1735 4594 1854 4651 qua:

261 4690 421 4749 gesta
456 4681 714 4752 dictaque
748 4679 988 4746 fuerint,
1040 4677 1164 4733 odio
1207 4677 1533 4747 impellente,
1577 4675 1855 4745 diligenter

258 4771 575 4845 collegerit,
605 4770 964 4827 molestiam
995 4769 1155 4825 ﬁnem
1187 4768 1401 4834 el'llciat,
1424 4778 1477 4823 et
1503 4765 1855 4822 difﬁciliorem

253 4862 461 4921 reddat
483 4863 990 4919 reconciliationem.
1016 4862 1150 4917 Nam
1188 4859 1636 4945 quemadmodum
1668 4870 1859 4928 corpo-

254 4957 338 5012 n‘s
368 4955 550 5012 nostri
586 4969 711 5011 ossa
753 4968 875 5011 cura
902 4969 936 5011 e
961 4965 1058 5010 sua
1101 4953 1295 5009 fuerint
1336 4951 1465 5008 sede
1504 4951 1777 5016 convulsa,
1808 4949 1856 5007 si

249 5045 559 5103 cotfcstim
588 5046 954 5111 restituantur,
980 5056 1088 5100 non
1132 5058 1324 5114 magno
1350 5055 1472 5097 cum
1510 5041 1694 5097 labore
1734 5054 1859 5111 pro-

246 5138 451 5209 prium
490 5136 669 5192 locum
697 5143 1017 5208 receperant
1040 5152 1057 5190 :
1084 5136 1168 5190 sin
1210 5143 1387 5189 autem
1415 5132 1574 5204 longo
1620 5142 1858 5203 tempore

245 5237 428 5286 οιιη
454 5227 639 5286 sedem
664 5242 817 5285 suam
857 5227 1173 5295 manserint,
1218 5224 1503 5282 difﬁculter
1546 5236 1725 5297 postea
1768 5241 1858 5282 re-

250 5326 579 5385 vertuntur,
609 5328 667 5375 et
705 5320 761 5376 in
807 5332 965 5377 suum
1007 5320 1182 5375 locum
1226 5317 1471 5386 redeunt,
1513 5332 1578 5374 ac
1613 5318 1858 5374 restituta

250 5412 570 5468 mtllsorum
584 5411 791 5468 dierum
807 5413 981 5484 spatio
995 5411 1253 5485 indigent,
1270 5420 1330 5469 ut
1346 5412 1581 5482 adoptari
1596 5420 1784 5467 exacte
1796 5425 1859 5467 se

255 5504 507 5562 stabiliri
544 5506 751 5577 possint
775 5515 831 5562 et
855 5516 1169 5578 permanere
1200 5522 1213 5561 :
1246 5509 1324 5562 sic
1349 5503 1599 5559 nitnirutn
1626 5511 1683 5559 et
1724 5515 1858 5570 nos,

255 5595 550 5667 siquidem
578 5598 759 5655 statim
782 5612 903 5654 cum
948 5598 1178 5656 inimicis
1203 5596 1631 5665 reconciliemur,
1660 5595 1859 5653 decen-

261 5691 353 5740 ter
385 5684 448 5742 id
468 5689 697 5761 agimus,
729 5702 901 5761 neque
936 5705 1123 5765 magno
1154 5690 1327 5750 studio
1366 5690 1684 5766 indigemus,
1712 5699 1770 5747 ut
1806 5690 1864 5748 in

1042 271 1130 329 DE
1165 266 1437 327 οιιιιιδτι
1474 262 1830 332 ρειεοωυδ.
1866 259 2139 318 CONTRA
2178 260 2545 318 ANOWEOS.
2587 260 2653 314 Χ.

3424 262 3529 318 795

1951 379 2183 429 veterem
2213 372 2494 427 amicitiam
2523 373 2849 443 gratiamque
2885 373 3164 431 redeamus
3195 394 3208 432 :
3240 378 3321 432 sin
3351 387 3527 435 autem

1951 462 2259 519 diuturnum
2301 472 2510 533 tempus
2537 464 2931 532 intercesserit,
2965 473 3232 535 tamquam
3275 469 3405 526 odio
3430 487 3521 526 cx-

1952 555 2137 611 caecati
2177 555 2560 622 erubescimus,
2608 555 3001 624 confundimur,
3029 557 3148 614 aliis
3191 560 3486 632 indigemus
3513 605 3527 631 ,

1952 649 2039 718 qui
2066 660 2174 703 non
2218 647 2377 703 modo
2403 647 2765 716 reconcilient,
2790 648 2884 705 sed
2919 659 2974 705 et
3014 661 3291 723 postquam
3323 654 3374 709 in
3404 670 3529 726 gra-

1954 741 2080 795 tiam
2130 741 2357 796 reditum
2403 750 2504 807 est,
2553 756 2650 797 nos
2687 752 2992 798 constanter
3036 746 3315 812 retineant,
3356 747 3529 803 donec

1955 830 2185 900 priorem
2210 830 2583 887 conﬁdentiam
2609 833 3117 903 recuperaverimus.
3136 834 3285 899 Nihil
3317 837 3438 893 dico
3462 839 3529 895 de

1956 923 2238 994 ignominia
2266 931 2321 979 et
2348 922 2572 992 pudore.
2600 925 2791 979 Annon
2817 939 3155 997 summopere
3169 927 3528 984 condemnau-

1951 1016 2077 1070 dntu
2107 1024 2208 1081 est,
2239 1016 2283 1072 si
2333 1014 2453 1071 aliis
2477 1030 2747 1087 egeamus,
2776 1017 2865 1087 qui
2890 1033 3010 1072 cum
3038 1019 3232 1075 nostris
3277 1021 3529 1079 membris

1953 1122 2052 1162 nos
2075 1107 2363 1177 copulent?
2390 1106 2572 1178 Neque
2600 1121 2728 1163 vero
2771 1107 2940 1163 solum
2981 1107 3033 1162 id
3062 1111 3258 1164 malum
3296 1126 3362 1167 ex
3392 1128 3524 1168 cun-

1952 1199 2187 1253 ctatione
2213 1197 2297 1251 illa
2344 1205 2397 1252 et
2422 1198 2673 1253 dilatione
2706 1200 3065 1270 consequitur,
3097 1202 3189 1256 sed
3230 1204 3368 1274 quod
3403 1221 3524 1275 pce:

1951 1299 2067 1345 cata
2111 1290 2331 1346 minime
2384 1306 2529 1357 vera,
2576 1291 2766 1347 deinde
2812 1305 3025 1363 peccata
3065 1309 3184 1351 esse
3234 1295 3522 1352 videantur.

1952 1381 2332 1452 Quodcumque
2376 1381 2625 1451 loquutus
2668 1381 2827 1438 fuerit
2876 1383 3141 1450 inimicus,
3184 1388 3359 1442 omnia
3408 1404 3526 1443 cum
3564 1386 3579 1393 ’

1950 1471 2252 1541 suspicione
2279 1471 2614 1541 suscipimus,
2644 1472 2756 1529 sive
2797 1483 3025 1543 gestum,
3068 1475 3180 1531 sive
3218 1487 3485 1545 aspectum
3513 1521 3525 1541 ,

1953 1564 2063 1618 sive
2088 1578 2292 1627 vocem,
2322 1564 2434 1619 sive
2459 1564 2743 1619 incessum.
2775 1566 2906 1621 Cum
2936 1567 3076 1622 enim
3097 1569 3351 1636 cernitur,
3379 1570 3528 1624 inth

1954 1666 2120 1711 ratam
2148 1656 2379 1711 animam
2408 1656 2718 1718 inﬂammat.
2753 1658 2872 1711 etsi
2904 1674 3007 1713 non
3034 1670 3303 1728 cernatur,
3335 1663 3528 1730 pariter

1953 1762 2136 1803 rursus
2183 1748 2422 1803 dolorem
2479 1742 2660 1802 inurit.
2719 1748 2832 1803 Non
2900 1750 3042 1804 enim
3090 1757 3290 1806 tantum
3344 1768 3528 1807 eorum

1951 1850 2219 1911 aspectus,
2248 1841 2338 1912 qui
2382 1841 2629 1910 iniuriam
2668 1841 2979 1907 intulerunt,
3006 1842 3103 1919 sed
3142 1852 3197 1899 et
3235 1843 3532 1901 recordatio

1954 1934 2104 1989 nobis
2135 1933 2431 1989 molestiam
2475 1933 2665 1989 allerre
2707 1936 2983 1989 consuevit
3009 1952 3022 1990 :
3051 1950 3116 1991 ac
3137 1936 3182 1991 si
3210 1937 3436 1990 altcrttm
3463 1937 3532 1992 de

1952 2044 2016 2081 eu
2045 2027 2349 2098 loquentem
2394 2026 2735 2089 audierimus,
2777 2028 2974 2095 pariter
3017 2027 3174 2082 verba
3207 2026 3447 2093 facimus,
3476 2036 3532 2082 et

1954 2129 2114 2172 totam
2147 2118 2302 2187 plane
2332 2116 2492 2171 vitam
2525 2118 2575 2171 in
2624 2117 2832 2171 tristitia
2875 2126 2929 2172 ct
2954 2117 3139 2171 dolore
3170 2116 3488 2172 traducimus
3511 2157 3528 2183 ,
3621 2132 3630 2139 '

1950 2225 2013 2264 ac
2038 2209 2235 2279 majora
2268 2210 2421 2265 nubis
2452 2208 2582 2278 ipsis
2608 2208 2742 2263 mala
2768 2223 2926 2278 quam
2954 2208 3057 2263 illis
3085 2207 3379 2276 inferimus,
3402 2208 3527 2264 dum

1954 2313 2263 2371 perpetuum
2293 2302 2489 2357 bellum
2535 2302 2587 2357 in
2614 2302 2789 2359 anima
2815 2315 3211 2357 conservemus.

2024 2392 2269 2465 Epilogus
2295 2393 2554 2447 orationis.
2574 2423 2642 2432 —
2661 2392 2788 2448 Hme
2814 2393 2973 2463 igitur
2999 2394 3174 2449 omnia
3201 2408 3322 2449 cum
3346 2392 3531 2461 explo-

1950 2492 2062 2537 rata
2091 2484 2191 2538 sint
2222 2482 2397 2548 nobis,
2427 2482 2777 2549 dilectissimi,
2808 2484 3045 2538 maxime
3072 2483 3285 2554 quidem
3315 2482 3530 2539 studea-

1952 2591 2068 2629 tnus
2095 2574 2268 2629 nullas
2310 2589 2428 2630 cum
2475 2574 2652 2645 aliquo
2683 2572 2986 2629 inimicitias
3025 2589 3312 2640 exercere;
3342 2574 3531 2644 siquae

1952 2681 2078 2721 vero
2103 2666 2522 2734 intercesserint,
2548 2666 2735 2722 eodem
2766 2668 2882 2738 ipso
2904 2667 2990 2723 die
3018 2669 3441 2723 reconcilientur.
3472 2668 3531 2724 Si

1949 2757 2092 2814 enim
2145 2759 2371 2813 alterum
2436 2758 2719 2813 tertiumve
2782 2757 2924 2813 diem
2994 2758 3302 2828 attigerint,
3351 2759 3528 2813 statim

1949 2850 2106 2906 tertia
2145 2851 2205 2904 tit
2251 2859 2433 2922 quarta
2460 2890 2476 2914 ,
2523 2859 2579 2905 et
2628 2849 2717 2907 illa
2761 2849 2966 2920 quinta,
3010 2859 3168 2921 atque
3210 2851 3323 2908 haec
3365 2854 3531 2907 multo

1950 2940 2131 3009 plures
2160 2940 2352 2995 deinde
2376 2939 2490 2995 dies
2515 2939 2666 2995 nobis
2694 2940 2862 3010 pariet
2887 2941 3300 2996 inimicitiarum.
3322 2944 3530 3008 Quanto

1949 3029 2092 3083 enim
2117 3029 2345 3099 amplius
2373 3028 2688 3095 dill‘erimus,
2718 3037 2863 3084 tanto
2889 3030 3119 3098 amplius
3144 3031 3528 3088 erubescimus.

1950 3123 2018 3173 At
2039 3118 2296 3175 accedere
2325 3127 2377 3174 te
2422 3118 2601 3188 pudet,
2633 3126 2688 3175 et
2710 3119 3006 3175 deosculari
3035 3135 3158 3176 eum
3186 3121 3277 3191 qui
3309 3131 3358 3177 te
3396 3121 3528 3178 aﬁ‘e-

1948 3214 2020 3268 cit
2047 3211 2238 3282 injuria
2261 3211 2284 3267 ἵ

2019 3304 2100 3359 Ad
2134 3304 2589 3360 reconciliationem
2633 3319 2747 3357 cum
2788 3302 3003 3358 inimicis
3042 3304 3290 3358 hortatur.
3317 3335 3388 3345 —
3415 3303 3528 3361 [tuo

1950 3413 2076 3453 vero
2101 3397 2204 3453 hoc
2244 3397 2360 3453 laus
2387 3405 2492 3465 est,
2540 3396 2642 3453 hoc
2668 3411 2887 3462 corona,
2933 3396 3034 3453 hoc
3078 3398 3397 3463 eneomium,
3427 3398 3528 3453 hoc

1950 3491 2154 3546 lucrum
2186 3498 2241 3547 et
2265 3490 2546 3546 thesaurus
2583 3499 2664 3545 est
2688 3490 2843 3546 bonis
2872 3490 3164 3547 innumeris
3190 3492 3489 3547 cumulatus
3511 3532 3529 3560 ,

1950 3590 2005 3636 et
2054 3581 2170 3652 ipse
2217 3589 2270 3636 te
2297 3580 2690 3636 commendabit
2736 3581 3001 3647 inimicus,
3019 3592 3073 3637 et
3118 3597 3306 3638 omnes
3348 3582 3531 3638 laudav-

1951 3673 2101 3740 bunt,
2130 3671 2221 3742 qui
2261 3671 2528 3727 aderunt:
2559 3680 2614 3727 et
2650 3686 2779 3727 vero
2822 3673 2946 3727 licet
2974 3672 3218 3728 homines
3243 3673 3532 3742 reprehen-

1950 3764 2098 3832 dant,
2131 3762 2269 3819 Deus
2296 3763 2413 3819 sine
2438 3762 2601 3819 dubio
2642 3762 2938 3819 coronabit.
2970 3762 3122 3829 Quod
3160 3763 3206 3818 si
3233 3773 3532 3835 exspectes,

1951 3864 2010 3909 ut
2035 3855 2179 3925 prior
2201 3855 2379 3911 veniat
2401 3870 2464 3910 ac
2489 3854 2696 3910 veniam
2722 3862 2887 3924 petat,
2915 3870 3021 3911 non
3048 3862 3251 3909 tantum
3268 3864 3528 3925 qumstum

1955 3947 2137 4015 facies,
2168 3945 2432 4018 siquidem
2472 3946 2562 4003 ille
2608 3947 2885 4017 praemium
2935 3946 3220 4017 praeripiet,
3270 3954 3325 4002 et
3367 3955 3531 4002 totam

1954 4040 2379 4096 benedictionem
2419 4039 2473 4096 in
2497 4053 2558 4095 se
2587 4038 2872 4096 transferet
2902 4056 2917 4095 :
2948 4039 3034 4094 sin
3070 4046 3248 4096 autem
3277 4039 3423 4108 prior
3445 4054 3523 4094 ac

1952 4147 2159 4199 curras,
2190 4147 2295 4187 non
2318 4131 2676 4202 superaberis,
2705 4130 2799 4188 sed
2844 4130 2975 4186 iram
3000 4130 3200 4196 vinces,
3232 4129 3532 4200 passionem

1954 4222 2186 4293 subiges,
2232 4237 2482 4293 magnum
2535 4220 2886 4292 philosophia:
2926 4222 3195 4290 specimen
3232 4219 3382 4286 edes,
3413 4235 3533 4275 cum

1959 4315 2071 4369 Deo
2117 4313 2547 4383 obtemperabis,
2586 4311 2958 4382 jucundiorem
3000 4311 3218 4381 reliqum
3256 4311 3376 4365 vitae
3431 4320 3535 4367 tuae

1956 4422 2169 4461 cursum
2197 4404 2413 4473 reddes,
2444 4414 2499 4461 et
2518 4404 2586 4459 ab
2612 4402 2860 4459 omnibus
2883 4402 3108 4474 negotiis
3133 4418 3196 4459 ac
3222 4403 3535 4459 tumultibus

1956 4495 2285 4553 liberabcris.
2316 4495 2426 4551 Nec
2466 4493 2608 4565 apud
2649 4494 2812 4550 Deum
2837 4493 3032 4560 solum,
3062 4492 3156 4549 sed
3187 4503 3241 4550 et
3275 4493 3413 4564 apud
3442 4494 3536 4550 ho-

1958 4588 2131 4643 mines
2167 4585 2430 4642 lubricum
2469 4601 2535 4643 ac
2575 4585 2929 4656 periculosum
2972 4595 3057 4642 est
3102 4586 3298 4643 multos
3340 4586 3538 4643 habere

1959 4680 2222 4736 inimicos.
2246 4678 2385 4748 Quid
2420 4678 2541 4734 dico
2566 4678 2804 4735 multos?
2829 4678 3002 4735 Unum
3043 4693 3106 4735 ae
3151 4680 3323 4737 solum
3365 4680 3538 4736 inimi-

1958 4788 2081 4830 eum
2111 4772 2308 4829 habere
2333 4772 2688 4844 periculosum
2731 4781 2831 4839 est,
2863 4773 3001 4829 sicut
3025 4780 3191 4827 tutum
3219 4786 3284 4827 ac
3309 4772 3541 4827 salutare

1960 4865 2005 4919 si
2037 4864 2128 4921 tibi
2154 4877 2344 4923 omnes
2361 4864 2470 4920 sint
2495 4863 2672 4920 amici.
2701 4862 2820 4920 Non
2847 4864 2918 4919 ita
2943 4862 3144 4919 reditus
3170 4862 3537 4933 pecuniarum,

1964 4972 2071 5012 non
2116 4957 2190 5013 ita
2213 4972 2385 5026 arma,
2430 4958 2649 5023 mmnia,
2675 4956 2851 5021 fossae,
2881 4965 3041 5026 atque
3086 4954 3379 5011 innumera:
3418 4954 3544 5013 reli-

1960 5064 2082 5118 quae
2109 5049 2372 5106 machinae
2396 5063 2496 5105 nos
2520 5048 2728 5105 munire
2750 5047 2947 5115 solent,
2970 5056 3031 5103 ut
3054 5046 3286 5104 amicitia
3308 5046 3540 5105 sincera.

1966 5139 2076 5197 Hoc
2095 5140 2565 5212 prepugnaculum,
2592 5140 2695 5195 hoc
2712 5143 2988 5205 securitas,
3011 5138 3422 5210 hoeopuleutis,
3441 5137 3546 5194 hoc

1963 5232 2188 5300 deliciae,
2234 5233 2337 5288 hoc
2372 5231 2598 5297 efﬁciet,
2642 5238 2702 5286 ut
2740 5240 2796 5287 et
2838 5231 3000 5286 vitam
3057 5241 3373 5303 praesentem
3418 5242 3575 5286 cum.

1964 5323 2127 5377 atiimi
2169 5322 2549 5394 tranquillitate
2588 5321 2845 5393 agamus
2866 5363 2882 5390 ,
2929 5330 2985 5378 et
3033 5320 3263 5377 futuram
3293 5321 3545 5393 largietur

1967 5410 2155 5467 vitam.
2187 5412 2317 5481 Quae
2380 5413 2629 5468 nimirum
2676 5413 2861 5469 omnia
2904 5419 3084 5468 mente
3131 5421 3442 5481 versantes,
3493 5424 3549 5468 et

1967 5514 2219 5577 quantum
2248 5519 2317 5559 ex
2363 5519 2427 5559 ea
2469 5518 2529 5559 re
2570 5504 2775 5559 lucrum
2817 5503 3120 5574 decerpturi
3158 5505 3326 5561 simus
3367 5503 3550 5559 animo

1968 5605 2294 5668 reputantes,
2326 5596 2458 5652 nihil
2484 5612 2590 5652 non
2632 5610 2852 5669 agamus
2891 5603 3051 5668 atque
3077 5596 3380 5662 moliamur,
3412 5605 3470 5651 ut
3497 5605 3550 5651 ct

1970 5706 2108 5763 quos
2130 5689 2393 5749 habemus
2418 5688 2573 5749 nobis
2600 5689 3003 5750 reconciliernus
3045 5688 3312 5759 inimicos,
3340 5698 3395 5745 et
3418 5700 3553 5764 quos
