3980 6184
392 296 500 352 795
1099 308 1158 363 S.
1194 309 1472 371 JOANNIS
1510 317 1986 381 CHRYSUSTUMI
2026 325 2340 381 ARCHIEP.
2381 327 2917 390 CONSTANTINOP.
3560 332 3661 386 796

385 409 618 517 habituri
670 426 948 520 essemus,
1001 419 1381 520 impediamus‘,
1437 443 1636 499 eosque
1683 435 1774 500 qui
1825 435 1978 490 nobis
2084 437 2462 509 adipiscamur,
2494 443 2624 498 faxit
2645 446 2815 516 gratia
2842 455 2898 503 et
2941 447 3238 520 benignitas
3262 453 3474 511 Domini
3492 457 3666 511 nostri

385 504 558 610 amici.
596 515 722 610 sunt
758 508 1066 610 firmiores-
1095 517 1588 610 constantioresque
1643 523 1928 580 reddamus
1958 543 1974 579 :
2081 504 2209 583 Jesu
2235 504 2456 598 Christi,
2482 533 2566 588 cui
2594 504 2763 605 gloria
2791 545 2847 593 et
2871 504 3235 610 imperium

385 595 648 665 siquidem
697 596 908 654 initium
934 610 988 656 et
1035 601 1155 658 linis
1180 607 1354 662 omnis
1381 609 1590 667 virtutis
1628 623 1712 668 est
1731 614 1927 670 caritas
1957 633 1972 670 :
2082 619 2276 675 lorum.
2307 595 2500 680 Amen.

380 700 484 754 qua
511 687 720 743 sincere
757 703 822 744 ac
850 702 1106 764 perpetuo
1133 695 1367 756 fruentes
1395 711 1449 754 ut
1472 717 1693 775 regnum
1717 705 1972 762 caelorum

400 944 3534 1003 m‘u‘u—h—r—M
1673 985 1808 994 __
1905 987 1923 995 ,.
2026 988 2056 996 __
2083 988 2116 996 __
2152 988 2272 998 ___
2327 990 2758 999 _____.
2762 968 3624 1002 ..__.._._.._.._..__.____.-::

631 1217 712 1281 IN
755 1219 1156 1286 HOMILIAS
1185 1223 1392 1287 DUAS
1421 1221 1744 1286 CONTRA
1787 1222 2212 1288 ANOMOEOS
2249 1225 3004 1294 CONSTANTINOPOLI
3041 1227 3390 1292 HABITAS

450 1771 605 1830 Licet
630 1778 730 1831 has
761 1792 952 1832 contra
999 1783 1302 1834 Anommos
1347 1780 1607 1836 homilias
1655 1780 1968 1836 Constanti-

384 1888 570 1958 nopoli
622 1889 878 1945 habuerit
924 1889 1378 1963 Chrysostomus,
1435 1893 1692 1950 undecim
1752 1893 1971 1951 circiter

2073 1773 2254 1828 simile
2285 1778 2368 1828 est
2396 1770 2451 1826 id
2479 1772 2532 1825 in
2563 1771 2721 1826 titulo
2751 1770 3001 1840 posuisse
3032 1769 3311 1839 librarios,
3337 1771 3443 1827 hoc
3485 1767 3658 1845 Clu-ys

2071 1885 2296 1943 sostomi
2327 1884 2449 1940 loco
2475 1886 2694 1948 ductos,
2725 1885 2815 1955 qui
2841 1883 3003 1955 paulo
3032 1893 3152 1954 post
3181 1884 3396 1939 initium
3421 1883 3658 1956 legitur;

382 2005 543 2059 annis
574 2016 866 2077 postquam
899 2005 1023 2063 illas
1052 2007 1191 2064 alias
1237 2017 1429 2064 contra
1485 2012 1786 2067 Anomteos
1835 2026 1969 2066 cou-

2089 1991 2170 2054 Esi
2203 1997 2380 2053 ethoc
2429 1995 2750 2052 admirabile
2787 1997 2926 2068 quod
2959 1997 3195 2052 videmus
3250 1998 3306 2050 in
3370 1998 3471 2052 hac
3504 2008 3660 2067 parte

382 2118 570 2176 ciones
598 2118 904 2177 Antiochiae
930 2121 1258 2184 absolverat.
1289 2125 1596 2196 argumenti
1649 2134 1828 2182 tamen
1886 2141 1971 2180 ra-

2089 2114 2307 2170 rivitatis
2346 2111 2639 2167 Ecclesium
2668 2111 2804 2166 hanc
2829 2111 3153 2183 plantatam,
3200 2112 3654 2184 πεφυτευμένην,

385 2231 534 2288 tione
560 2230 732 2303 ducti,
753 2247 848 2290 eas
871 2245 1274 2306 consequenter
1294 2237 1600 2308 posuimus,
1625 2253 1785 2298 secus
1805 2256 1968 2309 quam

2089 2237 2121 2282 et
2159 2226 2502 2283 nihilominus
2521 2227 2676 2298 quasi
2707 2227 2763 2280 in
2795 2226 2968 2280 medio
3000 2227 3209 2280 camino
3259 2225 3430 2281 oleam
3459 2227 3660 2297 germi-

380 2344 587 2402 Fronto
628 2344 881 2416 Ducaeus,
911 2349 1004 2420 qui
1037 2350 1268 2420 primam
1305 2353 1494 2423 procul
1525 2351 1594 2408 ab
1623 2354 1745 2411 aliis
1783 2365 1970 2410 contra

379 2461 682 2516 Auomteos
724 2462 1088 2520 concionibus
1143 2466 1402 2534 positam,
1458 2482 1585 2522 cum
1645 2467 1750 2524 hoc
1788 2477 1968 2524 tamen

380 2571 558 2639 titulo,
587 2581 774 2627 contra
795 2573 1071 2630 Anomaeos
1101 2575 1190 2644 VI,
1210 2578 1475 2635 ediderat.
1504 2579 1812 2637 Secundam
1842 2599 1972 2640 vero

381 2688 572 2757 paucis
603 2697 727 2756 post
765 2688 962 2746 diebus
1011 2689 1252 2747 habitam
1307 2708 1417 2748 non
1454 2695 1746 2754 advertens
1773 2707 1970 2754 contra

381 2799 685 2856 Anommos
738 2815 881 2868 esse,
918 2800 975 2857 in
1029 2803 1281 2874 quintum
1341 2813 1548 2861 tomum
1600 2807 1967 2880 ablegaverat.

384 2905 579 2967 Habita
615 2921 796 2969 autem
829 2922 914 2970 est
941 2922 1176 2986 utraque
1203 2931 1350 2971 anno
1396 2917 1522 2973 598.
1560 2917 1718 2974 Prior
1763 2930 1846 2977 est
1877 2937 1967 2978 se-

2073 2351 2310 2406 nantem,
2352 2340 2603 2412 foliisque
2645 2347 2947 2394 comantem
3000 2348 3049 2394 et
3084 2339 3264 2410 fructu
3294 2355 3526 2410 gravem.
3566 2339 3656 2395 Sic

2075 2469 2206 2511 vero
2235 2454 2501 2524 loquitur,
2531 2462 2590 2508 ut
2615 2452 2787 2522 liquet
2810 2467 2879 2508 ex
2912 2451 2982 2508 iis
3006 2467 3130 2523 qua:
3161 2453 3500 2522 praecedunt,
3529 2454 3656 2524 quia

2075 2567 2168 2626 illa
2197 2571 2347 2626 urbis
2378 2585 2503 2641 pars
2531 2570 2601 2625 ab
2644 2569 2918 2626 haereticis
2952 2578 3011 2624 ut
3045 2568 3342 2640 plurimum
3378 2568 3659 2625 incoleba-

2075 2699 2203 2743 tur:
2237 2702 2414 2758 neque
2466 2695 2648 2742 tamen
2684 2685 2819 2742 dicit
2880 2701 3116 2758 usquam
3152 2686 3442 2744 ecclesiam
3508 2687 3653 2742 illam

2074 2815 2267 2858 recens
2318 2807 2583 2856 structam
2648 2800 2841 2857 fuisse.
2897 2799 3268 2868 Quamobrem
3323 2800 3502 2856 donec
3530 2800 3659 2871 quid

2071 2917 2278 2973 certius
2301 2925 2565 2989 emergat,
2599 2915 2728 2972 huic
2761 2915 3266 2987 manuscriptorum
3305 2915 3540 2973 duorum
3589 2916 3666 2970 ti-

381 3027 562 3084 cunda
628 3028 777 3084 illius
841 3028 910 3085 ad
964 3027 1636 3103 Constantinopolitanum
1703 3032 1965 3104 populum
2075 3029 2194 3085 tulo
2225 3044 2333 3085 non
2360 3029 2666 3085 habendam
2690 3029 2992 3086 esselidem
3017 3044 3238 3086 censeo.

383 3145 602 3208 concio,
633 3153 693 3201 ut
718 3145 875 3202 iuitio
908 3145 1026 3216 ipse
1068 3145 1434 3216 testiﬁcatur;
1487 3163 1677 3206 verum
1725 3166 1811 3216 ea,
1843 3169 1968 3226 qua:
2146 3152 2305 3218 Huic,
2333 3163 2394 3209 ut
2434 3153 2696 3221 diximus,
2725 3162 2781 3210 et
2833 3153 3097 3224 temporis
3125 3163 3179 3210 et
3215 3152 3523 3224 argumenti
3574 3169 3668 3209 ra-

385 3259 530 3314 hanc
554 3259 856 3330 przecessit,
888 3259 1164 3316 interiisse
1198 3259 1433 3316 videtur.
1476 3261 1533 3317 Si
1570 3263 1704 3322 ﬁdes
1750 3266 1967 3325 duobus

381 3371 614 3426 vetustis
644 3371 951 3437 codicibus,
1002 3373 1240 3443 priorem
1297 3373 1491 3430 habuit
1541 3376 1967 3449 Chrysostomus

383 3483 440 3538 in
464 3479 614 3536 Nova
654 3480 920 3548 Ecclesia,
953 3483 1013 3535 ὲν
1036 3485 1103 3554 τῇ
1149 3485 1325 3561 Καινῇ
1375 3483 1689 3562 Ἐκκλησέᾳ.
1727 3489 1796 3544 At
1828 3493 1967 3546 veri-

2074 3268 2222 3323 tioue
2251 3266 2422 3332 ducti,
2455 3267 2842 3338 subiungimus
2869 3266 3150 3323 homiliam
3184 3269 3238 3322 in
3267 3267 3656 3340 paralyticttm,

2073 3387 2127 3435 et
2161 3379 2238 3434 De
2266 3379 2546 3434 divinitate
2576 3377 2799 3446 Christi,
2831 3380 2996 3452 deque
3015 3380 3130 3450 eius
3150 3397 3270 3435 cum
3293 3379 3458 3436 Patre
3484 3397 3667 3453 tequ-

2076 3497 2250 3560 litate,
2282 3509 2448 3564 quam
2505 3494 2696 3564 paucis
2744 3504 2867 3566 post
2929 3495 3077 3552 illam
3141 3507 3328 3553 contra
3387 3498 3672 3553 Anomaeoa

399 3870 3649 3898 MM

406 4109 677 4155 Ποκιιυ
718 4107 1295 4153 CONSTANTINOPOLI
1339 4107 1575 4152 ΗΔΒΙΤΔ
1618 4106 1866 4151 CONTRA
1909 4102 2235 4151 ANOMOEOS
2276 4102 2359 4143 DE
2402 4099 3045 4144 INCOMPREHENSIBILI
3089 4099 3197 4141 DEI
3240 4099 3495 4142 NATUBA
3520 4098 3568 4155 ί,
3599 4099 3679 4144 ET

488 4209 658 4264 QUOD
699 4209 922 4257 NOYUM
962 4209 1437 4254 ΤΕεΤΑυεΝΤυΜ
1484 4208 1715 4254 VETER!
1758 4207 1982 4252 CONSOF

2089 4232 2105 4262 ,
2151 4202 2359 4258 ATQUE
2401 4199 2467 4245 IN
2512 4197 2661 4254 EOS,
2704 4198 2813 4254 QUI
2869 4198 3108 4245 DIVINIS
3152 4197 3275 4242 NON
3319 4196 3682 4242 INTBISUNT

482 4310 934 4358 CONVRNTIBUS.

2018 4405 2090 4418 —

2102 4551 2199 4592 vos
2248 4535 2668 4603 desiderabiles,
2717 4535 3062 4605 omniumque
3121 4537 3353 4591 maxime
3401 4535 3691 4592 amabiles.

2098 4627 2230 4696 Quis
2255 4628 2397 4685 enim
2430 4643 2536 4683 non
2563 4627 2918 4683 admiraretur
2944 4628 3156 4699 igneum
3181 4629 3376 4695 zelum,
3407 4627 3693 4684 caritatem

2099 4720 2300 4790 absque
2340 4718 2700 4786 simulatione,
2743 4717 3168 4774 benevolentiam
3207 4718 3260 4772 iu
3303 4728 3693 4788 praeceptores,

895 4566 1110 4606 IIOIIILIA
1148 4565 1410 4605 unm-mm
1440 4549 1540 4621 (a).

483 4647 537 4701 l.
579 4643 819 4700 Secunda
851 4644 1026 4698 concio
1052 4643 1492 4714 Constantinopoli
1517 4641 1689 4696 habita
1715 4655 1851 4694 anno
1867 4636 1990 4695 598.

413 4765 484 4778 —
503 4733 679 4793 Unum
708 4734 848 4804 apud
878 4748 974 4789 vos
1000 4733 1140 4788 diem
1167 4733 1415 4798 disserui,
1436 4743 1493 4788 et
1520 4731 1646 4788 inde
1673 4739 1876 4786 tantum
1900 4743 1996 4785 vos

408 4827 594 4893 dilexi,
619 4814 872 4898 quantum
917 4825 960 4879 si
1000 4823 1069 4879 ab
1104 4823 1254 4878 initio
1279 4823 1552 4878 vobiscum
1589 4836 1764 4876 essem
1793 4819 1994 4876 educa-

407 4929 501 4976 tus
527 4937 542 4975 :
572 4919 645 4974 ita
671 4933 789 4974 sum
815 4916 967 4973 vobis
994 4914 1230 4971 caritatis
1257 4913 1484 4968 vinculis
1519 4911 1831 4981 conjunctus
1859 4925 1921 4964 ac
1949 4910 1996 4965 si

410 5009 640 5082 plurimo
667 5018 907 5079 tempore
945 5007 1148 5063 fructus
1171 5002 1495 5060 dulcissimae
1537 4999 1938 5058 consuetudinis
1965 5014 1996 5054 a

413 5101 566 5160 vobis
608 5102 986 5174 percepissem.
1019 5097 1173 5168 Quod
1214 5099 1273 5152 lit
1297 5113 1404 5152 non
1435 5096 1555 5167 quia
1587 5110 1687 5166 ego
1712 5093 1996 5150 admodum

415 5195 486 5250 ad
538 5193 827 5249 amicitiam
876 5201 932 5248 et
977 5191 1252 5248 caritatem
1297 5189 1399 5244 sim
1443 5188 1686 5255 idoneus,
1740 5185 1836 5242 sed
1877 5185 1997 5256 quia

478 5373 494 5404 ι
531 5370 636 5430 Alii,
658 5370 877 5430 eiusdem
905 5367 966 5419 de
979 5364 1446 5431 incomprehensibili
1466 5369 1633 5431 contra
1653 5374 1896 5431 dum
1914 5361 2000 5431 Iro-

411 5432 548 5484 mtlia
566 5423 722 5482 scita.
735 5437 835 5481 Duo
849 5439 1012 5480 autem
1034 5423 1276 5490 adjiciunt,
1294 5427 1454 5479 habita
1466 5427 1556 5490 fuit
1577 5426 1628 5477 in
1641 5438 1761 5476 nova
1778 5423 2000 5484 ecclesia,

411 5493 542 5557 quod
564 5492 938 5557 additamentum
973 5500 1140 5557 notata
1161 5493 1360 5554 dignum
1384 5497 1479 5540 est.
1506 5491 1622 5540 vide
1643 5490 1895 5539 monitum.
1919 5493 2000 5537 sa-

411 5553 499 5626 ἤιε
525 5553 763 5626 etlgrel.
788 5553 980 5626 titulum
1004 5553 1457 5626 habentu'tsupra:
1504 5613 1534 5626 ν
1581 5625 1619 5626 η
1663 5611 1776 5626 ιν,

445 5617 555 5737 ἱ)ῧῖ
573 5621 624 5664 ιιι
646 5615 770 5666 hanc
813 5614 1061 5664 Homiliam
1095 5609 1386 5665 contulimus
1427 5613 1625 5665 codices
1663 5611 1838 5678 Regios
1863 5609 1998 5670 1933.

418 5679 439 5728 l
584 5676 720 5738 l965,
745 5677 865 5729 1973
885 5683 937 5727 et
949 5676 1158 5727 Colbert.
1184 5675 1293 5726 629.

2098 4811 2442 4868 concordiam
2482 4813 2620 4866 inter
2647 4825 2762 4875 vos,
2806 4825 2926 4881 quin
2970 4823 3103 4866 sane
3127 4810 3302 4866 omnia
3335 4811 3466 4866 satis
3505 4819 3697 4867 essent

2101 4913 2162 4960 ut
2205 4903 2293 4959 vel
2326 4903 2592 4974 lapideam
2644 4901 2878 4957 animam
2921 4901 3074 4957 vobis
3113 4901 3506 4959 conciliarent?
3551 4902 3696 4957 Pro-

2103 5003 2284 5065 pterca
2312 5009 2417 5048 non
2445 4993 2622 5048 minus
2644 5007 2740 5048 vos
2763 5007 3024 5060 amamus,
3046 5008 3205 5063 quam
3229 4992 3517 5047 Ecclesiam
3541 4989 3694 5045 illam

2103 5086 2159 5142 in
2187 5101 2290 5158 qua
2329 5086 2460 5154 nati,
2503 5084 2736 5150 educati,
2782 5092 2839 5139 et
2866 5083 3060 5140 eruditi
3089 5098 3275 5139 sumus
3305 5101 3319 5139 :
3351 5098 3509 5138 soror
3539 5080 3696 5141 enim

2105 5179 2246 5234 illius
2285 5177 2402 5234 haec
2443 5186 2546 5244 est,
2578 5192 2785 5248 vosque
2817 5177 3186 5248 cognationem
3219 5177 3364 5232 illam
3393 5190 3564 5246 Opere
3593 5175 3694 5230 de-

2105 5271 2367 5328 clarastis.
2395 5271 2651 5339 Quamvis
2676 5279 2853 5326 autem
2885 5270 2976 5326 illa
3005 5278 3250 5340 tempore
3288 5269 3360 5325 sit
3397 5269 3695 5340 antiquior,

2107 5362 2222 5418 hzcc
2251 5375 2426 5419 tamen
2476 5363 2582 5418 ﬁde
2612 5361 2902 5417 ferventior
2948 5369 3052 5428 est,
3098 5370 3154 5418 et
3195 5362 3306 5416 illic
3347 5362 3521 5431 major
3560 5376 3697 5416 con-

2106 5465 2296 5511 ventus
2325 5463 2408 5510 est
2441 5469 2507 5509 ac
2543 5453 2806 5509 celebrius
2834 5453 3120 5519 theatrum,
3163 5454 3258 5509 sed
3283 5453 3371 5509 hic
3399 5453 3575 5523 major
3604 5468 3700 5522 pa-

2107 5546 2314 5612 tientia,
2345 5543 2672 5615 majorisque
2710 5542 3034 5599 fortitudinis
3072 5543 3345 5600 indicium.
3378 5542 3512 5598 Nam
3537 5542 3702 5597 video

2108 5639 2454 5711 undequaquc
2484 5637 2571 5695 hic
2596 5636 2751 5708 lupos
2790 5637 3152 5705 obambulare,
3200 5639 3340 5695 ovile
3366 5646 3548 5698 autem
3580 5652 3698 5691 non
