3980 6184
244 302 347 360 795

1482 290 1764 348 CONTRA
1801 285 2180 349 ANOMCEOS.
2197 287 2293 343 XI.

3401 281 3509 340 793

243 418 403 478 ὂντας
433 407 873 484 ἀσφαλεστέρους
893 407 1086 461 ποιεῖν.
1120 406 1233 460 Καὶ
1253 405 1361 476 γὰρ
1393 402 1539 473 ἀρχὴ
1563 402 1658 456 καὶ
1679 400 1838 484 τέλος.
1933 399 2192 484 οὐρανῶν
2204 398 2515 484 ἐπιτυχεῖν,
2528 398 2718 484 χάριτμι
2745 402 2842 484 καὶ
2866 395 3255 484 φιλανθρωπία
3269 393 3366 450 τοῦ
3396 397 3511 484 ιςυ-

244 499 447 572 ἀρετῆς
471 481 694 568 ἁπάσης
719 481 762 566 ἡ
785 492 975 563 ἀγάπη
993 506 1010 520 ·
1039 484 1108 562 ἧς
1127 489 1339 572 γένοιτο
1381 485 1623 572 γνησίως
1677 481 1838 572 [διο]

247 568 341 640 καὶ
363 568 634 654 διηνεκῶς
679 575 1052 638 ἀπολαύοντας
1081 574 1250 645 ἡμᾶς,
1275 571 1375 642 τῆς
1407 568 1686 641 βασιλείας
1716 568 1828 622 τῶν

1936 483 2053 556 ρίου
2075 483 2238 554 ἡμῶν
2269 479 2446 553 Ἰησοῦ
2472 481 2734 552 Χριστοῦ,
2779 474 2825 548 ᾧ
2869 483 2903 552 ἠ
2937 480 3064 546 δόξα
3092 480 3187 534 καὶ
3211 480 3272 533 τὸ
3315 477 3513 550 κράτος

1933 568 2016 630 είς
2033 568 2160 630 τοὺς
2193 564 2396 629 αἰῶνας
2417 564 2528 618 τῶν
2551 562 2782 618 αἰώνων.
2826 564 3019 636 ’Δμήν.

1676 1205 1732 1266 Μ
1741 1201 2070 1264 ONITUM.

241 1748 442 1808 diebus
471 1747 940 1822 Constantinopoli
974 1748 1186 1806 habuit.
1211 1748 1269 1805 ld
1296 1764 1426 1805 vero
1460 1751 1607 1807 clare
1639 1751 1814 1823 signi-

239 1861 368 1917 ﬁcat
395 1859 850 1933 Chrysostomus,
892 1875 1017 1916 cum
1063 1859 1179 1915 ait:
1219 1858 1366 1914 Tunc
1412 1861 1598 1932 igitur.
1636 1860 1688 1916 id
1743 1869 1829 1917 est

237 1985 433 2041 nuper,
465 1977 526 2026 ut
553 1985 622 2026 ex
647 1969 1080 2041 praecedentibus
1112 1969 1306 2041 liquet,
1336 1986 1402 2025 ea:
1438 1969 1616 2025 Vetere
1646 1975 1827 2026 Testa-

235 2091 416 2138 mento
447 2082 861 2152 disputationem
890 2081 1042 2136 iilam
1081 2083 1328 2147 teximus,
1382 2098 1501 2153 quae
1529 2083 1594 2137 de
1652 2082 1825 2154 gloria

232 2170 502 2269 unigeniti
544 2196 680 2252 Filii
733 2197 828 2252 Dei
862 2196 1177 2262 habebatur,
1221 2213 1361 2251 nunc
1395 2211 1460 2251 ex
1516 2197 1825 2252 eodemhoc

231 2313 410 2382 ipsum
442 2312 695 2381 faciemus
715 2325 736 2364 :
764 2321 891 2366 tunc
927 2309 1063 2364 illud
1091 2309 1463 2380 aﬂ'erebamus,
1495 2310 1636 2380 quod
1681 2310 1823 2366 dice-

234 2425 330 2481 bat
358 2425 603 2482 Christus
623 2442 644 2481 :
688 2446 707 2479 ι
757 2425 818 2483 Si
851 2425 1130 2481 crederetis
1163 2423 1364 2496 Moysi,
1403 2425 1680 2480 crederetis
1712 2427 1821 2479 uti-

231 2556 341 2610 que
366 2549 420 2594 et
467 2540 598 2594 mihi
623 2556 643 2596 :
682 2559 703 2593 ι
745 2556 886 2595 nunc
927 2548 1104 2594 autem
1136 2538 1365 2594 dicimus
1416 2538 1514 2592 hoc
1553 2555 1586 2592 a
1642 2537 1825 2610 Moyse

231 2650 444 2703 dictum
479 2664 628 2704 esse:
671 2667 691 2701 ι
730 2648 1053 2721 Prophetam
1079 2649 1224 2704 vobis
1249 2649 1529 2704 suscitabit
1567 2647 1822 2704 Dominus

231 2763 386 2820 Deus
417 2778 482 2818 ea:
505 2763 765 2833 fratribus
796 2765 984 2820 uestris
1002 2781 1023 2819 :
1051 2765 1190 2819 sicut
1221 2781 1303 2822 me
1322 2766 1496 2836 ipsum
1521 2753 1817 2824 audietis.)

231 2877 455 2934 Etenim
480 2880 951 2951 quemadmodum,
973 2888 1080 2936 etc.
1115 2878 1297 2936 Locus
1342 2889 1523 2935 autem
1559 2879 1667 2947 ille,
1703 2901 1723 2932 ι
1759 2879 1822 2934 Si

228 2993 522 3048 crederetis
551 2993 745 3064 Moysi,
777 3001 908 3058 etc.,
955 3010 976 3045 ι
1007 2992 1259 3064 pluribus
1296 2992 1598 3062 explicatur
1625 2991 1680 3047 in
1714 2993 1816 3047 ho-

228 3105 390 3160 milia
428 3106 776 3176 praecedenti,
799 3120 920 3177 quae
943 3113 1029 3162 est
1083 3113 1269 3160 contra
1319 3105 1621 3171 Anommos,
1663 3120 1812 3160 num.

224 3224 287 3278 2.
331 3221 405 3278 Ex
463 3222 626 3278 dictis
663 3237 830 3294 porro
891 3221 1269 3295 Cbrysostomi
1327 3222 1554 3293 jamjam
1614 3222 1814 3290 allatis,

223 3339 411 3410 liquet
441 3352 567 3393 eum
599 3337 744 3392 hanc
768 3335 1088 3392 concionem
1121 3335 1403 3401 habuisse,
1428 3343 1490 3389 ut
1522 3349 1818 3407 argumen-

221 3462 355 3509 tum
378 3451 433 3508 iu
457 3450 782 3524 praecedenti
811 3448 1038 3505 bomilia
1066 3448 1405 3520 propositum
1439 3447 1494 3501 in
1529 3447 1632 3502 hac
1655 3446 1818 3502 etiam

223 3571 688 3636 prosequentur,
715 3563 862 3634 quod
883 3562 1048 3617 etiam
1077 3560 1350 3631 praestitit.
1382 3557 1645 3626 Quamvis
1673 3557 1820 3614 enim

1929 1751 2100 1806 multa
2134 1750 2200 1805 dc
2227 1747 2528 1821 paralytico
2564 1747 2725 1803 verba
2753 1745 2936 1813 faciat,
2989 1745 3173 1800 omnia
3219 1751 3401 1800 tamen
3435 1758 3504 1802 eo

1927 1871 2195 1935 spectant,
2227 1870 2290 1917 ut
2314 1877 2377 1917 ex
2421 1859 2733 1932 huiusmodi
2762 1857 2965 1914 Christi
2993 1858 3270 1928 operibus,
3295 1872 3418 1912 cum
3446 1863 3503 1910 et

1925 1977 2094 2032 Deum
2118 1985 2172 2031 et
2202 1975 2350 2030 Patri
2393 1975 2658 2046 aequalem
2704 1972 2937 2044 probet;
2972 1971 3116 2042 quod
3162 1979 3222 2025 ut
3261 1978 3500 2041 peragat.

1924 2101 2049 2161 post
2091 2087 2376 2160 paralytici
2410 2086 2695 2142 historiam
2734 2085 2800 2139 ad
2837 2085 2953 2140 haec
2983 2083 3297 2153 evangelica
3334 2081 3498 2137 verba

1921 2203 2265 2276 explananda
2301 2202 2663 2272 deproperat:
2711 2197 2885 2252 Pater
2941 2213 3085 2251 meus
3139 2212 3302 2266 usque
3346 2195 3502 2248 modo

1922 2322 2192 2384 operatur,
2251 2320 2303 2367 et
2355 2328 2450 2380 ego
2503 2324 2732 2381 operor:
2782 2315 2840 2364 et
2898 2306 3103 2363 Christi
3160 2306 3499 2362 divinitatem

1922 2428 2139 2500 egregie
2176 2440 2279 2498 pro
2309 2439 2464 2481 more
2493 2437 2596 2480 suo
2634 2429 2839 2477 tuetur.
2882 2419 3022 2474 Male
3057 2419 3220 2489 igitur
3267 2417 3384 2472 haec
3431 2417 3502 2472 de

1922 2541 2224 2613 paralytico
2266 2539 2462 2596 concio
2502 2553 2535 2594 a
2579 2535 2906 2609 praecedenti
2964 2543 3155 2590 contra
3203 2531 3502 2586 Anomoeos

1922 2666 2130 2714 semota
2153 2653 2409 2710 fueratin
2446 2652 2703 2708 omnibus
2750 2649 2906 2720 prius
2943 2646 3125 2711 editis,
3177 2643 3398 2714 quando
3445 2651 3503 2698 et

1922 2769 2101 2833 locus,
2129 2775 2184 2822 et
2215 2775 2455 2837 tempus,
2498 2773 2553 2819 et
2610 2770 3021 2834 argumentum.
3084 2767 3138 2813 et
3174 2757 3501 2828 Chrysosto-

1919 2893 2048 2934 mus
2088 2876 2227 2948 ipse,
2272 2875 2466 2931 ambas
2485 2873 2651 2930 simul
2689 2869 2992 2942 ponendas,
3017 2882 3117 2923 nec
3151 2873 3501 2934 sequestran-

1921 2992 2021 3049 das
2053 3004 2178 3047 esse
2205 2989 2423 3045 docent.

1993 3101 2198 3158 Prioris
2259 3094 2637 3169 interpretatio
2695 3093 2885 3148 Latina
2927 3099 3013 3146 est
3068 3090 3258 3144 incerti
3311 3087 3500 3155 cujus-

1922 3218 2086 3283 dam;
2139 3213 2396 3272 secundte
2442 3207 2699 3265 Flaminii
2741 3205 2964 3262 Nobilii.
3024 3201 3325 3272 Utramque
3369 3214 3500 3254 vero

1920 3330 2109 3386 multis
2155 3329 2210 3383 in
2241 3327 2379 3384 locis
2412 3324 2734 3393 castigatam
2775 3336 2808 3377 ο
2835 3318 3057 3391 regione
3094 3314 3268 3372 Graeci
3316 3321 3498 3370 textus

1921 3443 2197 3516 ponimus.

220 4091 392 4173 [5H]
446 4106 474 4136 ι
541 4095 786 4149 OMIAIA
828 4095 1089 4164 ρηθεῖσα
1143 4095 1216 4150 ἐν
1262 4099 1900 4153 Κωνσταντινουπόλει
1959 4099 2112 4169 πρὸς
2159 4101 2495 4172 Ἇνομοίους
2538 4103 2673 4174 περὶ
2734 4105 3193 4174 ἀκαταλήπτου,
3251 4113 3348 4165 καὶ
3402 4111 3495 4169 ὅτι

447 4186 774 4258 σύμφωνος
812 4188 852 4257 ἡ
895 4188 1018 4244 Νέα
1059 4189 1137 4259 τῇ
1174 4187 1428 4257 Παλαιᾷ,
1463 4189 1564 4245 καί
1605 4190 1755 4260 πρὸς
1783 4191 1927 4260 τοὺς
1961 4193 2563 4266 ἀπολιμπανομένους
2594 4197 2714 4252 τῶν
2749 4202 2923 4256 θείων
2949 4198 3283 4264 συνάξεων.

736 4521 924 4591 Λόγος
944 4520 1286 4588 ἑνδέκατος.

308 4613 378 4669 α’.
399 4613 537 4669 Μίαν
564 4615 696 4686 ὑμῖν
722 4615 1003 4688 διελέχθην
1035 4617 1268 4689 ἡμέραν,
1302 4616 1400 4670 καὶ
1427 4616 1536 4672 ἀπὸ
1557 4618 1655 4688 τῆς
1686 4619 1820 4690 ἠμέ-

228 4713 344 4769 ρας
365 4697 575 4768 ἐκείνης
597 4697 770 4762 οὕτως
791 4699 938 4770 ὑμᾶς
961 4699 1218 4771 ἐφίλησα,
1237 4699 1315 4764 ὡς
1337 4699 1398 4766 ἐξ
1415 4701 1592 4772 ἀρχῆς
1624 4703 1719 4756 καὶ
1753 4703 1820 4757 ἐκ

220 4781 458 4852 πρώτης
493 4783 626 4853 ὑμῖν
650 4783 997 4854 συντραφεὶς,
1028 4783 1201 4847 οὕτως
1227 4785 1358 4856 ὑμῖν
1386 4785 1680 4857 συνεδέθην
1703 4788 1818 4849 τοῖς

209 4864 335 4934 τῆς
359 4864 582 4935 ἀγάπης
623 4865 864 4937 δεσμοῖς,
897 4867 975 4930 ὡς
1003 4866 1198 4938 χρόνον
1227 4867 1432 4936 ἄφατον
1467 4869 1567 4940 τῆς
1594 4867 1818 4940 ἡδίστης

210 4946 390 5017 ὑμῶν
435 4949 750 5015 ἀπολαύσας
779 4951 1091 5015 συνουσίας.
1129 4951 1304 5004 Τοῦτο
1346 4951 1404 5004 δὲ
1434 4952 1680 5022 γέγονεν,
1716 4953 1817 5006 οὐκ

205 5032 423 5104 ἐπειδὴ
454 5033 665 5103 φιλικός
683 5037 712 5077 ι»
734 5054 816 5100 τις
844 5035 956 5106 ἐγὼ
1009 5037 1106 5090 καὶ
1127 5035 1492 5104 ἀγαπητικὸς,
1520 5037 1637 5092 ἀλλ’
1665 5039 1818 5092 ἐπει-

202 5115 286 5190 δὴ
332 5117 570 5173 ποθεινοὶ
617 5120 711 5173 καὶ
754 5121 1048 5193 ἐπέραστοι
1096 5121 1335 5192 μάλιστα
1371 5124 1592 5179 πάντων
1632 5123 1814 5194 ὑμεῖς.

203 5200 329 5264 Τίς
365 5199 473 5271 γὰρ
507 5203 665 5273 ὑμῶν
701 5205 802 5259 οὐκ
845 5203 913 5259 ἂν
960 5207 1228 5275 ἀγάσαιτο
1253 5209 1345 5262 καὶ
1391 5207 1690 5278 θαυμάσειε
1722 5206 1815 5259 τὸν

200 5285 628 5357 πεπυρωμένον
695 5287 857 5360 ζῆλον
885 5329 902 5354 ,
972 5289 1075 5361 τὴν
1133 5291 1498 5364 ἀνυπόκριτον
1557 5289 1813 5361 ἀγάπην,

278 5497 317 5528 ι
337 5485 433 5571 A'lii
458 5488 548 5563 τοξό
590 5489 738 5540 αὐτοῦ
761 5495 867 5557 περῖ
889 5495 1227 5554 ἀκαταλήπτου
1267 5496 1383 5559 πρὸς
1431 5495 1706 5558 ’Λνομοίους
1729 5498 1812 5546 λό-

279 5574 306 5605 c
323 5568 351 5598 τ
377 5590 388 5600 .
415 5551 592 5605 Sa\'tl..
618 5556 743 5605 Πρὸς
774 5554 1049 5605 Ἀνοιιοίουε
1067 5559 1173 5605 τιεοὶ
1197 5557 1475 5605 ὀιωουσίου.

204 5569 306 5617 της
323 5556 388 5600 τ’.
415 5556 592 5612 Sa\'i|.,
618 5556 743 5618 Πρὸς
774 5556 1049 5618 Ἀνομοίους
1067 5559 1173 5621 περὶ
1197 5556 1475 5620 ὁμοουσίου.
1548 5556 1555 5558 “

209 5681 228 5686 _
281 5617 319 5658 ι
340 5614 492 5665 Savil.
518 5617 568 5664 in
592 5621 734 5686 textu
748 5621 947 5686 et_unus
965 5620 1122 5668 codex
1144 5621 1402 5686 φιλητικὸς,
1420 5619 1628 5686 _Morel_.,_
1651 5620 1804 5670 Savil.

209 5681 274 5732 12
294 5693 461 5742 marg,
489 5687 542 5728 et
562 5680 644 5730 alii
668 5680 866 5743 φιλικός,
890 5694 987 5731 uno
1008 5680 1220 5745 excepto
1242 5683 1326 5742 qui
1358 5681 1507 5733 habet
1527 5683 1804 5746 φιλόνεικος.

1917 4523 2020 4596 τὴν
2053 4523 2184 4596 περὶ⁸
2220 4522 2348 4588 τοὺς
2392 4523 2744 4590 διδασκάλους
2789 4523 3039 4590 εὔνοιαν,
3069 4527 3168 4600 τὴν
3221 4529 3358 4602 πρὸς
3399 4530 3498 4585 ἀλ·-

1921 4605 2118 4678 λήλους
2165 4605 2419 4678 ὁμόνοιαν
2449 4647 2466 4674 ,
2527 4609 2672 4682 άπερ
2725 4609 2943 4665 ἅπαντα
3002 4610 3164 4666 ἱκανά
3215 4615 3313 4668 καὶ
3370 4615 3501 4670 λιθί-

1921 4705 2021 4760 νην
2062 4689 2470 4745 ἐπισπάσασθαι
2515 4692 2695 4765 ψυχήν
2727 4704 2801 4760 ε;
2850 4695 2951 4750 Διά
2998 4695 3156 4751 τοῦτο
3201 4700 3296 4752 καὶ
3338 4700 3499 4771 ἡμεῖς

1919 4771 2021 4842 τῆς
2063 4772 2388 4846 Ἐκκλησίας
2414 4775 2669 4848 ἐκείνης,
2717 4779 2775 4831 ἐν
2909 4779 3004 4832 καὶ
3051 4780 3352 4853 ἐτέχθημεν
3403 4785 3499 4836 καὶ

1918 4856 2242 4929 ἐτράφημεν
2287 4860 2382 4912 καὶ
2428 4859 2865 4932 ἐπαιδεύθημεν,
2923 4864 3022 4917 οὐκ
3072 4864 3292 4919 ἔλαττον
3351 4866 3499 4938 ὑμᾶς

1920 4941 2216 5014 φιλοῦμενο
2248 4943 2452 5016 ἀδελφὴ
2503 4944 2615 5017 γὰρ
2661 4946 2877 5017 ἐκείνης
2923 4947 3100 5018 αὓτη,
3147 4950 3242 5002 καὶ
3265 4949 3353 5002 διὰ
3389 4949 3498 5003 τῶν

1919 5025 2097 5096 ἔργων
2115 5025 2214 5098 τὴν
2243 5027 2563 5097 συγγένειαν
2589 5029 2956 5095 ἐπεδείξασθε.
2983 5032 3046 5084 Εί
3069 5032 3126 5085 δὲ
3157 5033 3498 5105 πρεσϐυτέρα

1922 5109 2063 5164 κατά
2089 5109 2181 5164 τὸν
2212 5110 2406 5182 χρόνον
2450 5112 2657 5183 ἐκείνη,
2686 5112 2824 5166 ἀλλὰ
2876 5113 3183 5186 θερμοτέρα
3229 5117 3370 5169 κατὰ
3397 5117 3498 5188 τὴν

1921 5192 2105 5246 πίστιν
2137 5192 2274 5264 αὕτη
2295 5209 2308 5223 ·
2341 5193 2541 5248 πλείων
2562 5196 2590 5249 ό
2618 5195 2873 5265 σύλλογος
2895 5199 3029 5265 ἐκεῖ,
3064 5199 3158 5252 καὶ
3189 5198 3499 5271 λαμπρότε-

1923 5292 2016 5346 ρον
2040 5275 2102 5328 τὸ
2124 5275 2373 5346 θέατρον,
2401 5276 2539 5330 ἀλλά
2565 5279 2770 5349 μείζων
2791 5280 3025 5334 ἐνταῦθα
3053 5285 3085 5352 ή
3109 5284 3375 5355 ὑπομονὴ.
3403 5286 3497 5340 καὶ

1921 5356 2120 5411 πλείων
2148 5360 2250 5428 τῆς
2281 5359 2529 5431 ἀνδρείας
2555 5361 2582 5400 ἀ
2611 5364 2644 5433 ἡ
2677 5362 2953 5428 ἐπίδειξις.
2975 5365 3143 5419 Λύκοι
3163 5368 3497 5438 πανταχόθεν

1919 5440 1988 5494 τὰ
2037 5440 2284 5513 πρόϐατα
2337 5445 2848 5515 περιστοιχίζονται,
2885 5448 2980 5501 καὶ
3022 5447 3085 5501 τὸ
3125 5449 3372 5522 ποίμνιον
3397 5452 3499 5506 οὐκ

1982 5626 2004 5696 ξ
2033 5621 2146 5696 Ριξξι
2170 5623 2529 5696 dyxﬁyjiorel.
2551 5633 2605 5696 et
2623 5640 2751 5680 unus
2773 5629 2957 5682 addunt
2977 5631 3056 5681 καὶ
3080 5633 3220 5684 ἑλεῖν.

1977 5683 2003 5724 τί
2027 5683 2213 5736 Αιὶἱκαὶ
2235 5683 2384 5744 πολλὴ
2405 5696 2487 5746 τῆς
2508 5691 2640 5754 ἀνδρ.
