3980 6184
538 388 891 447 ἀναλίσκεται
915 401 926 412 ·
981 383 1118 456 ζάλη
1146 383 1238 438 καὶ
1270 382 1476 456 χειμὼν
1535 381 1630 438 καὶ
1687 379 1979 437 κλυδώνιον
2013 397 2110 434 πε-

541 471 797 548 ριέστηκε
820 468 924 541 τὴν
968 467 1119 541 ἱερὰν
1163 470 1369 540 ταύτην
1416 465 1550 523 ναῦν
1581 464 1864 537 διηνεκῶς,
1917 464 2013 518 καὶ
2059 464 2110 518 οί

539 555 868 628 ἐμπλέοντες
912 551 974 605 οὑ
1024 550 1502 614 καταποντίζονται
1525 565 1540 580 ·
1588 548 1785 620 φλογὸς
1829 548 2111 618 αίρετικῆς

539 640 772 709 ἐπήρεια
805 635 1070 690 πάντοθεν
1103 632 1382 687 κυκλοῦσα
1405 647 1456 698 ει,
1494 634 1590 688 καὶ
1634 634 1684 686 οί
1727 633 1785 686 ἐν
1831 633 1982 703 μέσῳ
2012 631 2110 701 τῆς

537 719 771 791 καμίνου
798 717 989 790 δρόσου
1035 716 1409 787 πνευματικῆς
1452 715 1836 769 ἀπολαύουσιν.
1879 713 2110 784 ὀμοίως

534 804 652 858 ἐστὶ
677 802 978 873 παράδοξον
1010 801 1068 853 ἐν
1098 799 1176 870 τῷ
1212 799 1365 871 μέρει
1383 799 1410 839 b
1431 799 1530 870 τῆς
1558 799 1764 861 πόλεως
1791 797 1995 868 ταύτης
2015 795 2110 866 τὴν

548 885 874 956 Ἐκκλησίαν
901 884 1109 953 ταύτην
1133 881 1550 952 πεφυτευμένην
1578 881 1724 945 ίδεῖν,
1758 879 1947 950 ὥσπερ
1977 880 2042 934 ἂν
2063 879 2115 932 εί

534 986 620 1032 τις
649 969 707 1020 ἐν
743 967 886 1038 μέσῃ
916 965 1132 1036 καμίνῳ
1161 964 1458 1018 θάλλουσαν
1490 963 1696 1027 ἐλαίαν,
1732 963 1959 1022 καὶτοῖς
1988 961 2113 1030 φύλ-

535 1051 650 1115 λοις
681 1048 960 1120 κομῶσαν,
1000 1049 1096 1101 καὶ
1115 1047 1194 1118 τῷ
1223 1045 1422 1118 καρπῷ
1449 1046 1776 1118 βριθομένην
1799 1045 1916 1100 ίδοι.
1962 1041 2112 1098 Ἐπεὶ

534 1128 630 1186 οῦν
658 1130 832 1195 οὕτως
883 1129 1224 1200 εὐγνώμονες
1274 1131 1430 1200 ὑμεῖς
1479 1131 1573 1182 καλ¹
1629 1129 1837 1200 μυρίων
1891 1126 2110 1196 ἀγαθῶν

535 1213 699 1281 ἄξιοι,
735 1213 868 1284 φέρε
897 1214 996 1284 τὴν
1024 1212 1320 1281 ὑπόσχεσιν
1361 1211 1500 1281 μετά
1531 1209 1712 1280 πάσης
1743 1210 1964 1280 χάριτος
2013 1225 2110 1261 κα-

534 1297 880 1366 ταϐάλωμεν,
906 1295 974 1366 ἢν
1001 1294 1192 1366 πρῴην
1226 1295 1353 1364 ὑμῖν
1377 1292 1750 1363 ὑπεσχόμεθα,
1788 1293 1949 1362 ἡνίκα
1984 1291 2110 1362 περὶ

534 1379 643 1433 τῶν
667 1378 760 1431 τοῦ
777 1378 939 1431 Δαϐὶδ
971 1378 1067 1431 καλ⁸
1087 1378 1181 1430 τοῦ
1215 1377 1408 1430 Γολιὰο
1433 1388 1456 1416 ο
1481 1377 1662 1429 ὃπλων
1683 1374 2003 1444 ἐφιλοσοφοῦ
2012 1391 2108 1444 μεν

535 1464 668 1534 παρ’
691 1463 841 1531 ὑμῖν,
876 1460 1181 1524 δεικνύντες
1210 1460 1289 1531 τῷ
1335 1461 1499 1532 λόγῳ.
1523 1461 1599 1523 ὡς
1631 1463 1658 1514 ὁ
1690 1461 1786 1531 μὲν
1813 1458 2109 1527 παντευχίᾳ

541 1547 650 1598 τινὶ
674 1545 841 1615 πολλῇ
885 1544 980 1598 καὶ
1013 1543 1221 1614 μεγάλῃ
1268 1543 1603 1614 πανταχόθεν
1636 1544 1968 1613 ἐπέφρακτο,
1993 1543 2021 1594 6
2052 1539 2109 1593 δὲ

535 1629 740 1699 γυμνὸς
777 1628 884 1680 τῶν
916 1626 1094 1680 ὃπλων
1110 1628 1332 1679 ἐκείνων
1354 1629 1420 1696 τῇ
1447 1627 1627 1678 πίστει
1652 1626 1947 1696 τετείχιστο
1969 1641 1983 1656 ⁸
2015 1624 2110 1677 καὶ

533 1713 564 1764 6
594 1711 694 1781 μὲν
722 1711 832 1763 ἀπὸ
854 1709 950 1763 τοῦ
969 1708 1216 1779 θώρακος
1248 1709 1343 1762 καὶ
1372 1709 1470 1778 τῆς
1496 1709 1720 1772 ἀσπίδος
1748 1708 1969 1773 ἔξωθεν,
2002 1709 2032 1760 ὁ
2052 1706 2108 1761 δὲ

534 1793 736 1847 ἔσωθεν
760 1792 867 1846 ἀπὸ
889 1791 983 1845 τοῦ
1016 1790 1325 1860 πνεύματος
1360 1793 1453 1844 καὶ
1483 1794 1579 1862 τῆς
1612 1792 1834 1862 χάριτος
1873 1790 2103 1844 ἔστιλϐε.

535 1875 632 1928 Διὰ
663 1874 820 1928 τοῦτο
845 1872 977 1942 γοῦν
1009 1876 1038 1927 ό
1070 1875 1199 1936 παῖς
1221 1873 1310 1926 τὸν
1339 1873 1620 1926 νεανίσκον
1665 1873 2104 1943 κατηγωνίσατο,

532 1957 563 2009 6
595 1955 801 2027 γυμνὸς
837 1955 933 2009 τοῦ
973 1955 1318 2027 ὡπλισμένου
1347 1955 1670 2026 ἐκράτησεν,
1725 1958 1754 2009 6
1783 1956 1988 2026 ποιμὴν
2017 1955 2106 2008 τὸν

534 2040 870 2112 στρατιώτην
895 2039 1160 2094 κατέϐαλε
1179 2055 1195 2071 ο
1219 2039 1368 2092 λίθου
1383 2039 1543 2108 φύσις
1567 2039 1883 2110 ποιμενικοῦ
1905 2037 2106 2110 χαλκοῦ

532 2123 693 2193 φύσιν
719 2121 1016 2193 πολεμικοῦ
1036 2121 1322 2193 συνέτριψε
1351 2124 1444 2176 καὶ
1457 2121 1994 2194 διέφθειρεν.οὑκοῦν
2017 2121 2109 2174 καὶ

530 2209 692 2277 ἡμεῖς
716 2204 807 2258 τὸν
827 2205 972 2260 λίθον
997 2206 1206 2258 ἐκεῖνον
1240 2204 1771 2276 μεταχειρισώμεθα,
1813 2205 1904 2258 τὸν
1938 2205 2106 2275 ἀκροσ-

531 2293 784 2359 γωνιαῖον
809 2288 975 2357 λέγω,
1002 2289 1094 2343 τὸν
1143 2288 1352 2360 νοητόν.
1388 2291 1450 2342 Εί
1486 2291 1595 2361 γὰρ
1622 2289 1699 2359 τῷ
1727 2289 1926 2359 Παύλῳ
1960 2289 2108 2358 φιλο-

532 2375 716 2442 σοφείν
759 2371 937 2436 ἔξεστι
977 2372 1106 2442 περὶ
1155 2371 1255 2442 τῆς
1309 2371 1450 2426 κατά
1498 2371 1596 2439 τὴν
1647 2371 1850 2443 ἔρημον
1881 2371 2104 2443 πέτρας,

531 2457 748 2519 πάντως
787 2456 910 2508 οὑδὲ
965 2457 1098 2525 ήμῐν
1139 2457 1430 2526 νεμεσήσει
1468 2473 1552 2519 τις
1583 2455 1675 2508 τὸν
1729 2455 1876 2510 λίθον
1920 2455 2108 2508 τοῦτον

532 2538 676 2592 κατά
700 2538 790 2590 τὸν
823 2537 986 2590 αὑτὸν
1015 2537 1421 2607 ἐκλαμϐάνουσι
1453 2538 1674 2608 τρόπον.
1712 2538 1978 2608 Καθάπερ
2000 2537 2109 2608 γὰρ

530 2619 940 2692 ἐπὶτῶν
978 2619 1246 2673 Ἰουδαίων
1269 2620 1368 2690 οὑχ
1413 2622 1446 2690 ή
1489 2620 1652 2690 φύσις
1699 2621 1797 2691 τῆς
1828 2620 2110 2691 όρωμένης

532 2703 762 2775 πέτρας,
809 2701 919 2756 ἀλλ’
947 2703 979 2773 ὴ
1008 2701 1238 2773 δύναμις
1284 2703 1386 2772 τῆς
1419 2703 1715 2774 νοουμένης
1766 2705 1891 2768 τοὺς
1945 2721 2110 2757 ποτα-

533 2787 670 2858 μοὺς
719 2785 870 2856 ἠφίει
900 2784 1008 2837 τῶν
1060 2785 1266 2838 ὑδάτων
1302 2784 1544 2848 ἐκείνους
1570 2803 1584 2818 ’
1628 2785 1771 2838 οὕτω
1803 2785 1866 2854 δὴ
1897 2786 1990 2839 καὶ
2017 2785 2109 2839 ἐπὶ

530 2868 625 2922 τοῦ
663 2866 826 2921 Δαυῒδ
870 2867 968 2937 οὑχ
992 2869 1020 2920 ό
1068 2867 1342 2938 αἰσθητὸς,
1400 2867 1515 2921 ἀλλ’
1546 2871 1575 2922 6
1621 2868 1808 2938 νοητὸς
1837 2867 1984 2931 λίθος
2008 2869 2110 2940 τὴν

532 2951 873 3023 βαρϐαρικὴν
908 2951 1123 3022 ἐκείνην
1162 2953 1464 3022 κατήνεγκε
1493 2953 1733 3022 κεφαλήν
1754 2969 1767 2982 ο
1795 2951 2108 3022 οῦτωςὺμῖν

530 3037 627 3091 καὶ
653 3035 774 3090 τότε
795 3034 1146 3106 ὑπεσχόμεθα
1180 3035 1348 3106 μηδὲν
1375 3037 1482 3089 ἀπ’)
1517 3035 1794 3107 λογισμῶν
1832 3037 1993 3108 ἐρεῖν.
2031 3037 2108 3092 Τὰ

530 3121 642 3190 γὰρ
672 3118 834 3173 ὅπλα
868 3119 1039 3188 ἡμῶν
1071 3119 1144 3173 οὺ
1179 3119 1436 3188 σαρκικὰ
1455 3159 1470 3182 ,
1520 3120 1682 3175 ἀλλὰ
1710 3123 2103 3190 πνευματικὰ,

527 3201 862 3272 λογισμοὺς
897 3201 1298 3269 καθαιροῦντα
1325 3202 1426 3255 καὶ
1466 3200 1592 3256 πᾶν
1620 3203 1837 3272 ὕψωμα
1867 3203 2107 3272 ἐπαιρό-

525 3303 720 3356 μενον
761 3285 914 3340 κατὰ
963 3285 1075 3353 τῆς
1120 3286 1398 3354 γνώσεως
1439 3285 1545 3338 τοῦ
1589 3286 1761 3340 Θεοῦ.
1810 3287 2107 3360 Καθαιρεῖν

527 3369 706 3422 τοίνυν
738 3368 956 3432 αὑτοὺς,
990 3368 1089 3420 οὑκ
1121 3368 1368 3438 ἐπαίρειν
1401 3367 1736 3438 κελευόμεθα
1757 3385 1769 3398 ·
1792 3370 2101 3438 καταλύειν,

527 3452 628 3522 οὑχ
675 3450 992 3514 ὁπλίζεσθαι
1042 3450 1250 3514 τούτοις
1301 3450 1754 3522 προσετάγημενο
1818 3456 2103 3524 Λογισμοι

528 3534 640 3602 γὰρ
664 3532 897 3602 θνητῶν
927 3532 1136 3597 δειλοὶ,
1165 3533 1318 3605 φησί.
1342 3534 1408 3588 Τί
1441 3535 1557 3588 ἐστι
1581 3533 1773 3588 δειλοί
1785 3551 1804 3596 ;
1843 3537 1903 3590 Ὀ
1933 3537 2104 3604 δειλὸς

529 3615 630 3670 κᾶν
653 3615 740 3668 ἐπ’
771 3615 1047 3685 ἀσφαλοῦς
1070 3616 1229 3688 βαίνῃ
1257 3617 1480 3688 χωρίου,
1501 3617 1714 3672 οὑδέπω
1735 3617 1946 3691 θαρρεῖ,
1966 3621 2104 3676 ἀλλά

525 3697 732 3752 δέδοικε
762 3699 855 3752 καὶ
881 3699 1074 3770 τρέμει
1092 3717 1106 3730 ’
1137 3697 1281 3752 οὑτω
1297 3700 1469 3754 καὶτὸ
1490 3700 1770 3772 λογισμοῖς
1787 3703 2100 3774 ἀπώεχθέν,

527 3779 630 3835 κᾶν
660 3781 856 3853 ἀληθὲς
881 3779 939 3855 ᾗ,
973 3783 1186 3837 οὑδέπω
1208 3783 1582 3856 πληροφορίαν
1602 3788 1668 3856 τῇ
1700 3785 1846 3858 ψυχῇ
1876 3789 2103 3859 παρέχει

527 3864 623 3917 καὶ
657 3865 838 3918 πίστιν
873 3866 1087 3936 ἱκανήν.
1131 3867 1284 3920 Ἐπεὶ
1305 3863 1397 3920 οὖν
1422 3867 1659 3939 τοσαύτη
1684 3868 1793 3922 τῶν
1827 3870 2102 3943 λογισμῶν

525 3945 562 4017 ή
591 3945 868 4010 ἀσθένεια,
905 3946 1040 4019 φέρε
1073 3948 1181 4001 61:6
1217 3948 1326 4004 τῶν
1357 3949 1592 4022 Γραφῶν
1641 3953 1741 4022 τῆς
1788 3951 1924 4024 πρὸς
1975 3955 2101 4018 τοὺς

522 4028 800 4092 ἐναντίους
821 4027 1090 4100 ἁψώμεθα
1120 4031 1320 4103 μάχης.

596 4111 766 4166 Πόθεν
791 4109 886 4167 οῦν
911 4115 1045 4184 ἡμῖν
1078 4114 1309 4186 ἀρκτέον
1338 4113 1432 4169 τοῦ
1452 4115 1609 4185 λόγου
1633 4133 1646 4180 ;
1673 4115 1837 4170 Ὅθεν
1873 4118 1939 4172 ἂν
1977 4119 2100 4191 βού-

523 4195 712 4267 λησθε,
762 4197 872 4250 εἴτε
905 4196 1014 4250 61:6
1045 4198 1274 4268 Καινῆς,
1300 4197 1411 4251 είτε
1443 4199 1551 4252 61:6
1579 4200 1820 4266 Παλαιᾶς
1840 4215 1856 4230 °
1901 4203 1963 4255 οὑ
1991 4203 2100 4276 γάρ

519 4279 586 4351 δὴ
609 4279 769 4350 μόνον
783 4282 840 4334 ἐν
854 4283 967 4345 τοῖς
993 4281 1366 4351 εὑαγγελικοῖς
1382 4284 1596 4348 καὶτοῖς
1611 4285 1982 4350 ἀποστολικοῖς
2000 4290 2097 4357 ῥή-

524 4379 710 4433 μασιν,
723 4363 960 4417 ἀλλὰκαὶ
975 4365 1032 4418 ἐν
1047 4367 1158 4428 τοῖς
1171 4369 1526 4437 προφητικοῖς
1542 4369 1635 4421 καὶ
1651 4369 1797 4441 πάσῃ
1814 4373 1879 4442 τῇ
1889 4370 2097 4443 Παλαιᾷ

523 4445 663 4513 μετά
685 4446 884 4516 πολλῆς
917 4447 1014 4516 τῆς
1033 4449 1346 4519 περιουσίας
1361 4450 1770 4521 διαλάμπουσαν
1789 4452 1936 4507 ἔστιν
1971 4454 2096 4507 ἰδεῖν

517 4525 619 4597 τὴν
646 4527 742 4579 τοῦ
769 4527 1105 4595 Μονογενοῦς
1122 4529 1308 4594 δόξανο
1342 4530 1422 4585 διὸ
1444 4535 1538 4586 καὶ
1565 4534 1814 4588 ἐντεῦθέν
1846 4553 1934 4607 μοι
1950 4537 2099 4592 δοκεῖ

520 4607 656 4678 πρὸς
667 4608 902 4672 ἐκείνους
914 4610 983 4662 ἀκ
991 4609 1462 4681 ροϐολίσασθαι.οὑ
1476 4615 1656 4688 γάρδή
1672 4616 1866 4687 μόνους
1875 4617 2094 4684 τούτους

519 4688 771 4772 ἐντεῦθεν
807 4692 1120 4762 ποιούμενοι
1145 4695 1270 4758 τοὺς
1298 4695 1510 4764 λόγους,
1563 4699 1698 4752 ἀ).λά
1729 4702 1822 4754 καὶ
1869 4702 2094 4772 ἐτέρους

525 4771 779 4837 πλείονας
806 4775 1118 4845 αίρετικοὺς
1144 4774 1488 4849 δυνησόμεθα
1535 4781 1884 4848 καταϐαλεῖν,
1935 4785 2096 4856 Μαρ-

518 4857 712 4924 κίωνα,
745 4858 1065 4928 Μανιχαίον,
1097 4858 1470 4927 Οὑαλεντῖνον,
1499 4862 1607 4916 τῶν
1635 4863 1902 4918 Ἰουδαίων
1927 4868 2095 4922 ἀπαν-

517 4957 585 4994 τα
608 4941 676 4994 τά
705 4943 1051 5013 συστήματα.
1076 4942 1346 5014 Καθάπερ
1367 4945 1474 5018 γὰρ
1507 4947 1600 4999 ἐπὶ⁵
1625 4945 1720 5000 τοῦ
1751 4946 1915 5001 Δαυῒδ
1938 4949 1966 5001 ό
1996 4951 2093 5021 μὲν

517 5022 708 5077 ιὀλιάθ
743 5025 1036 5092 κατέπεσε,
1071 5025 1132 5080 16
1177 5026 1234 5080 δὲ
1279 5027 1642 5098 στρατόπεδον
1687 5029 1836 5084 ἅπαν
1864 5031 2092 5103 ἐδραπέ-

514 5123 694 5170 τευσε,
725 5108 820 5161 καὶ
849 5109 879 5161 ό
910 5107 1010 5179 μὲν
1033 5108 1262 5173 θάνατος
1289 5109 1409 5174 ἐνὸς
1427 5110 1615 5179 γέγονε
1647 5111 1896 5182 σώματος
1921 5115 1972 5178 ἀ,
1997 5117 2092 5170 καὶ

517 5192 646 5263 μιᾶς
676 5193 710 5264 ἡ
739 5191 920 5264 πληγή
946 5193 1210 5263 κεφαλῆς,
1245 5195 1279 5266 ή
1303 5194 1360 5247 δέ
1394 5195 1538 5267 φυγὴ
1559 5196 1652 5249 καὶ
1682 5198 1714 5268 ή
1737 5196 1911 5252 δειλία
1935 5200 2088 5274 κοινὴ

513 5273 607 5327 τοῦ
637 5277 998 5346 στρατοπέδου
1024 5277 1224 5343 παντός
1243 5294 1258 5310 ⁸
1305 5278 1447 5332 οὕτω
1475 5279 1538 5350 δὴ
1573 5281 1664 5333 καὶ
1689 5282 1774 5350 ἐφ’
1803 5280 1962 5352 ήμῶν
1995 5273 2088 5337 νῦν

515 5359 646 5425 μιᾶς
680 5360 943 5431 αίρέσεως
981 5361 1286 5433 πληγείσης
1317 5362 1410 5415 κα)⁵
1440 5363 1881 5436 καταπεσούσης,
1932 5365 2087 5438 κοινὴ

509 5441 618 5495 τῶν
649 5443 1122 5516 ἀπηριθμημένων
1156 5445 1414 5499 ἁπάντων
1443 5445 1592 5500 ἔσται
1630 5451 1798 5519 φυγή.

573 5604 596 5674 ξ
619 5602 968 5674 ΓᾼΙίἱηπᾲντοθεν
993 5608 1169 5674 κύκλῳ·
1197 5614 1250 5657 οι
1270 5621 1383 5656 mox
1404 5609 1451 5656 ἓν
1477 5611 1596 5671 μέσῃ
1617 5615 1674 5672 τῇ
1699 5611 1900 5674 καμίνῳ.

569 5662 598 5728 '3
619 5663 765 5728 Sam
790 5666 837 5728 ἐν
857 5669 933 5728 τῷ
947 5670 1096 5728 μέσφα

575 5684 598 5700 ν
619 5684 765 5711 mnu.
790 5684 837 5711 εν
857 5684 925 5725 τῳ
1005 5685 1096 5728 σῳ.

575 5723 599 5794 ξ
626 5721 762 5794 [τινα
785 5684 1002 5794 Τολιᾲξξ
1028 5727 1158 5794 μιῇ-ξι
1209 5728 1295 5794 alAi_i_
1329 5730 1478 5794 πολλῇ
1504 5732 1592 5794 καὶ
1630 5731 1805 5794 μεγάλῃ
1831 5732 2068 5782 πάντοθεν.

504 5781 1042 5857 (Δρειςιςξικειὶμγάλῃί.)
1069 5787 1192 5834 Infra
1216 5790 1299 5837 alii
1324 5792 1348 5836 6
1374 5791 1424 5836 δὲ
1450 5781 1645 5838 ἐξιδοιενὶ
1699 5781 1736 5857 χ

570 5844 595 5880 d
625 5842 722 5890 Alii
745 5842 924 5902 ἐγένετο
951 5842 1186 5905 σώματος.

1237 267 1295 320 S.
1331 263 1616 321 JOANMS
1652 261 2130 320 CIIRYSOSTOMI
2171 259 2490 318 ARCHIEP.
2532 259 3081 321 CUNS’I‘ANTINOP.

3622 280 3712 339 796

2288 379 2585 448 Μανιχαῖοι
2623 378 2723 449 μὲν
2749 379 2859 452 γὰρ
2884 381 2978 434 καὶ
3003 381 3055 435 οι
3079 379 3150 435 τὰ
3180 381 3312 436 αὑτά
3331 385 3573 454 νοσοῦντες
3594 394 3714 452 tul.

2211 478 2324 525 νοις
2353 460 2446 514 τὸν
2479 462 2587 545 μὲν
2603 463 3009 533 κηρυττόμενον
3025 464 3240 520 δοκοῦσι
3261 465 3487 536 δέχεσθαι
3504 471 3712 545 Χριστὸν,

2209 545 2338 609 τοὺς
2368 545 2426 598 δέ
2452 544 2821 616 κηρύττοντας
2843 545 3009 602 αὑτὸν
3038 547 3354 618 ἀτιμάζουσι
3380 555 3624 625 προφήτας
3641 544 3715 615 καί

2213 627 2555 712 πατριάρχας
2572 644 2586 658 ·
2626 629 2869 712 Ἰουδαῖοι
2902 629 2959 712 δέ
3000 630 3160 684 πάλιν
3185 632 3491 700 ἀπεναντίας
3510 641 3616 703 τοὺς
3641 645 3718 712 μὲν

2211 711 2576 784 κηρύττοντας
2597 711 2759 766 αὑτὸν
2779 711 2998 767 δοκοῦσι
3031 713 3276 784 δέχεσθαι
3312 715 3402 769 καὶ
3428 711 3714 789 θεραπεύειν,

2211 795 2496 866 προφήτας
2527 795 2672 864 λέγω
2703 796 2800 851 καὶ
2844 797 2940 851 τὸν
2989 796 3284 868 νομοθέτην
3311 799 3477 853 αὑτῶν
3509 813 3530 840 ο
3548 842 3563 867 ,
3583 803 3656 857 16v
3674 807 3718 862 δὲ

2211 878 2612 960 κηρυττόμενον
2640 878 2733 932 ὑπ’
2761 879 2942 934 αὑτῶν
2983 879 3356 951 ἀτιμάζουσιν.
3381 882 3532 938 Ὅταν
3557 881 3635 938 οὑν
3669 892 3718 960 τῇ

2209 959 2305 1012 τοῦ
2337 960 2477 1022 ,Θεοῦ
2535 961 2720 1032 χάριτι
2775 961 3041 1033 δείξωμεν
3093 962 3291 1034 πολλὴν
3345 964 3399 1017 ἐν
3443 969 3504 1035 τῇ
3551 959 3722 1041 Παλαιᾷ⁵

2210 1059 2600 1114 προαναφωνου
2609 1045 2777 1116 μένην
2798 1045 2893 1099 τοῦ
2917 1045 3257 1114 Μονογενοῦς
3281 1048 3374 1118 τήν
3405 1047 3564 1113 δόξαν,
3585 1055 3723 1107 πάντα

2209 1125 2378 1178 ταῦτα
2405 1124 2746 1198 δυνησόμεθα
2773 1127 2841 1181 τὰ
2871 1127 3116 1199 θεομάχα
3135 1129 3479 1200 καταισχῦναι
3505 1133 3719 1204 στόματα,

2210 1208 2305 1261 καὶ
2327 1207 2425 1271 τὰς
2449 1208 2799 1281 βλασφήμους
2828 1211 3178 1281 ἐπιστομίσαι
3197 1211 3456 1280 γλώττας.
3480 1213 3628 1268 Ὅταν
3641 1217 3724 1287 γὰρ

2211 1289 2467 1360 φαίνηται
2492 1291 2838 1362 κηρύττουσα
2855 1293 2946 1346 τὸν
2966 1293 3200 1364 Χριστὸν
3224 1295 3259 1364 ἡ
3283 1295 3482 1350 Παλαιὰ
3510 1297 3722 1368 Διαθήχη.

2209 1372 2290 1435 τίς
2329 1373 2480 1427 ἔσται
2509 1376 2833 1446 Μανιχαίοις
2863 1376 2956 1428 καὶ
2998 1378 3112 1440 τοῖς
3142 1376 3268 1430 κατ’
3303 1377 3530 1442 ἐκείνους
3561 1380 3577 1417 ί
3619 1382 3725 1434 ἀπο-

2208 1455 2363 1524 λογία
2412 1457 2738 1529 ἀτιμάζουσι
2791 1460 2891 1528 τὴν
2925 1459 3422 1530 προαναφωνοῦσαν
3461 1460 3545 1514 τόν
3588 1465 3727 1516 κοινὸν

2211 1540 2429 1594 πάντων
2449 1543 2723 1612 Δεσπότην
2748 1560 2762 1608 ;
2791 1543 2873 1604 τίς
2901 1543 2957 1596 δὲ
2990 1541 3289 1612 συγγνώμη
3325 1544 3417 1596 καὶ
3454 1545 3726 1616 παραίτησις

2209 1626 2322 1686 τοῖς
2358 1624 2632 1686 Ἰουδαίοις
2653 1625 2744 1678 τὸν
2777 1625 2882 1678 ὑπὸ
2899 1625 3005 1677 τῶν
3030 1623 3329 1695 προφητῶν
3363 1626 3728 1698 καταγγελλόμε-

2209 1722 2297 1758 νον
2325 1706 2399 1777 μὴ
2423 1706 2730 1778 δεχομένοις
2749 1722 2764 1772 ;

2283 1789 2348 1858 β’.
2381 1789 2532 1842 Ἐπεὶ
2559 1785 2650 1843 οῦν
2684 1789 2918 1862 τοσαύτη
2955 1791 3054 1861 τῆς
3090 1789 3249 1862 νίκης
3287 1793 3322 1862 ή
3363 1791 3640 1864 περιουσία,
3665 1792 3737 1845 ἐπὶ

2209 1871 2279 1926 τὰ
2309 1872 2640 1946 παλαιότερα
2682 1873 2861 1944 βιϐλία
2898 1873 2988 1929 τὸν
3017 1874 3172 1942 λόγον
3201 1875 3514 1946 ἀγάγωμεν,
3551 1875 3736 1928 καὶτῶν

2212 1956 2454 2010 παλαιῶν
2500 1958 2678 2013 αὑτῶν
2722 1958 2784 2011 16
2838 1958 3198 2029 ἀρχαιότερον
3249 1959 3463 2012 πάντων
3483 1998 3497 2021 ,
3538 1959 3619 2012 ἐπὶ
3660 1958 3738 2028 τὴν

2210 2040 2425 2094 Γένεσιν
2449 2040 2612 2109 λέγω,
2659 2041 2752 2094 καὶ
2778 2040 2877 2112 τῆς
2907 2040 3176 2104 Γενέσεως
3212 2041 3388 2111 αὑτῆς
3417 2042 3506 2094 ἐπὶ
3540 2041 3626 2111 τὴν
3675 2057 3738 2094 κο-

2212 2124 2385 2197 ρυφὴν
2411 2123 2720 2194 ἀναδῶμεν.
2747 2124 2870 2176 Ὅτι
2898 2123 3006 2194 γὰρ
3036 2124 3166 2194 περὶ
3192 2123 3287 2176 τοῦ
3337 2123 3562 2194 Χριστοῦ
3604 2122 3740 2175 πολλᾶι

2211 2223 2374 2276 φησιν
2400 2206 2428 2257 6
2458 2205 2720 2277 Μωῦσῆς,
2758 2204 2989 2259 ἄκουσον
3020 2204 3189 2259 αὑτοῦ
3222 2207 3462 2277 Χριστοῦ
3496 2207 3740 2274 λέγοντος’

2209 2291 2279 2342 Ei
2305 2289 2650 2344 ἐπιστεύετε
2687 2287 2936 2358 Μωῡσῆ.
2973 2289 3330 2346 ἐπιστεύετε
3368 2291 3444 2346 ἂν
3469 2292 3618 2360 ἐμοί·
3637 2291 3743 2357 περὶ

2209 2369 2362 2443 ιειδ]
2398 2372 2506 2441 γὰρ
2538 2372 2684 2442 ἐμοῦ
2715 2371 2946 2438 ἐκεῖνος
2987 2374 3237 2442 ἔγραψε.
3297 2373 3410 2427 Ποῦ
3455 2375 3510 2428 δέ
3548 2373 3743 2445 ἔγραψεν

2208 2455 2414 2518 ἐκεῖνος
2464 2457 2591 2526 περὶ
2634 2454 2838 2522 αὑτοῦ;
2895 2455 3192 2528 Τοῦτο
3218 2457 3393 2524 δεῖξαι
3440 2456 3742 2528 πειράσομαι.

2221 2535 2435 2606 Ἐπειδὴ
2479 2538 2590 2608 γὰρ
2632 2540 2665 2610 ή
2694 2538 2871 2602 κτίσις
2897 2539 3205 2610 ἀπήρτιστο
3233 2542 3410 2606 πᾶσα,
3441 2541 3532 2593 καὶ
3556 2538 3746 2606 ποικίλῳ

2211 2619 2309 2690 μὲν
2335 2619 2364 2670 6
2390 2619 2619 2690 οὐρανὸς
2645 2621 2986 2690 ἐστεφάνωτο
3001 2622 3224 2694 ἀστρων
3242 2622 3415 2694 χορῷ,
3434 2621 3747 2682 παντοδαποῖς

2206 2703 2262 2756 δέ
2310 2701 2526 2757 ἄνθεσιν
2568 2703 2913 2776 ἀντέλαμπεν
2963 2704 3111 2776 αὑτῷ
3155 2707 3410 2760 κάτωθεν
3463 2708 3495 2778 ή
3544 2707 3608 2775 γῆ
3628 2745 3640 2767 ,
3672 2705 3747 2756 καὶ

2208 2785 2435 2857 πλήρεις
2475 2787 2571 2857 μέν
2605 2785 2777 2858 ὀρέων
2810 2788 3066 2861 κορυφαὶ,
3094 2787 3288 2860 πλήρη
3313 2787 3372 2842 δέ
3397 2791 3488 2843 καὶ
3521 2788 3657 2840 πεδία
3677 2786 3749 2840 καὶ

2207 2868 2512 2939 φάραγγες,
2559 2870 2653 2923 καὶ
2703 2870 2891 2933 ἁπλῶς
2935 2871 3086 2923 πᾶσα
3122 2871 3157 2940 ή
3209 2871 3315 2942 τῆς
3353 2871 3459 2940 γῆς
3499 2869 3749 2938 ἐπιφάνεια

2209 2951 2392 3019 φυτῶν
2422 2951 2513 3004 καὶ
2535 2950 2766 3022 δένδρων
2789 2954 2881 3006 καὶ
2906 2952 3149 3022 βοτανῶν
3179 2949 3276 3026 ἦν,
3309 2955 3408 3008 καὶ
3433 2953 3645 3024 ἐσκίρτα
3676 2951 3753 3022 μὲν

2207 3033 2471 3103 ποίμνια,
2551 3034 2780 3106 ἐσκίρτα
2828 3035 2884 3088 δὲ
2946 3034 3203 3104 βουκόλια
3231 3075 3248 3100 ,
3313 3036 3424 3089 τῶν
3471 3037 3526 3089 δὲ
3578 3033 3754 3105 ᾠδικῶν

2207 3115 2433 3188 ὀρνίθων
2475 3117 2504 3170 6
2549 3117 2728 3187 χορὸς,
2770 3118 2868 3189 τήν
2913 3118 3049 3173 ἰδίαν
3093 3118 3266 3188 φύσιν
3315 3119 3754 3189 ἐπιδεικνύμενος,

2211 3199 2473 3270 μουσικῆς
2494 3200 2585 3253 16v
2600 3201 2737 3271 ἀέρα
2759 3202 2937 3255 πάντα
2965 3200 3231 3272 ἐπλήρου,
3251 3203 3352 3256 καὶ
3387 3202 3558 3273 μεστά
3576 3201 3756 3269 πελάγη

2203 3285 2312 3337 τῶν
2343 3284 2568 3338 ἐναλίων
2598 3283 2751 3347 ζώων
2788 3280 2878 3356 ῆν,
2911 3285 3139 3356 πλήρεις
3173 3286 3235 3338 δέ
3265 3287 3457 3357 λίμναι
3499 3287 3588 3340 καὶ
3611 3287 3757 3355 πηγαὶ

2205 3368 2300 3420 καὶ
2334 3368 2569 3438 ποταμοὶ
2585 3367 2693 3420 τῶν
2717 3368 2775 3420 ἐν
2806 3368 2992 3432 αὑτοῖς
3011 3371 3363 3441 τικτομένων
3395 3370 3658 3432 ἁπάντων,
3686 3369 3760 3421 καὶ

2203 3451 2355 3504 οὑδέν
2384 3447 2453 3522 ἦν
2503 3451 2810 3515 ἀτέλεστον,
2839 3452 2979 3506 ἀλλά
3009 3453 3190 3506 πάντα
3225 3454 3558 3525 ἀπήρτιστο,
3603 3452 3758 3522 ἐζήτει

2203 3535 2267 3588 τὺ
2294 3535 2453 3606 σῶμα
2473 3535 2575 3606 τὴν
2598 3534 2862 3606 κεφαλὴν,
2889 3537 2922 3606 ή
2957 3535 3112 3598 πόλις
3133 3536 3230 3590 τὸν
3252 3538 3521 3608 ἄρχοντα,
3553 3538 3586 3606 ή
3615 3534 3760 3596 κτίσις

2203 3617 2294 3670 τὸν
2328 3617 2576 3687 βασιλέα,
2627 3617 2771 3686 λέγω
2819 3619 2884 3688 δὴ
2930 3618 3022 3672 16v
3066 3619 3391 3692 ἄνθρωπον.
3439 3620 3652 3674 Μέλλων
3685 3612 3759 3668 οὑν

2204 3699 2368 3752 αὑτὸν
2420 3698 2766 3754 διαπλάττειν
2799 3701 2828 3753 6
2871 3700 3003 3764 Θεός
3035 3717 3204 3771 φησιν
3229 3719 3243 3731 °
3286 3701 3637 3771 Ποιήσωμεν
3681 3697 3762 3751 ἄν·

2203 3785 2438 3850 θρωπον
2459 3783 2587 3836 κατ’
2606 3783 2811 3836 είκόνα
2839 3783 3141 3852 ἡμετέραν
3163 3785 3271 3839 καί
3317 3787 3620 3857 ὁμοίωσιν.
3646 3781 3763 3851 Πρὸς

2201 3864 2322 3918 τίνα
2349 3864 2687 3934 διαλέγεται;
2722 3865 2955 3938 Εὔδηλον
2986 3869 3068 3920 ὅτι
3098 3869 3242 3940 πρὸς
3274 3869 3372 3923 τὸν
3392 3869 3662 3937 Μονογενῆ
3691 3864 3763 3916 τὸν

2203 3946 2418 4002 ἐαυτοῦ.
2453 3949 2562 4002 Καὶ
2586 3949 2688 4002 οὑκ
2718 3945 2862 4011 εἶπε,
2895 3951 3152 4023 Ποίησον,
3193 3953 3286 4006 ἵνα
3313 3953 3393 4024 μὴ
3419 3953 3643 4022 νομίσῃς
3668 3949 3765 4001 δου’

2200 4028 2350 4082 λικὸν
2378 4025 2520 4084 εἶναι
2555 4031 2837 4102 ἐπίταγμα
2868 4032 2929 4086 16
2958 4033 3287 4105 λεγόμενον,
3317 4035 3482 4097 ἀλλὰ,
3526 4031 3761 4096 Ποιήσω⁸

2195 4127 2344 4181 μεν,
2396 4110 2485 4164 ἵνα
2538 4110 2628 4166 διὰ
2673 4113 2770 4167 τοῦ
2823 4117 3104 4186 σχήματος
3156 4119 3266 4188 τῆς
3326 4115 3634 4188 συμϐουλῆς
3679 4111 3769 4166 τῶν

2201 4192 2464 4264 ῥημάτων
2492 4193 2554 4247 16
2584 4194 2848 4265 ὁμότιμον
2877 4197 3183 4271 ἐκκαλύψῃ.
3245 4199 3395 4253 Ποτέ
3438 4199 3541 4270 μὲν
3565 4198 3665 4268 γὰρ
3692 4195 3762 4247 λέ·

2198 4293 2352 4345 γεται
2384 4276 2686 4347 σύμϐουλον
2712 4277 2856 4349 ἐχειν
2886 4280 2914 4332 6
2942 4280 3097 4347 Θεὸς,
3143 4282 3288 4335 ποτέ
3316 4283 3378 4336 δέ
3414 4283 3491 4354 μὴ
3521 4282 3676 4354 ἔχειν,
3717 4278 3765 4331 οὑ

2198 4359 2299 4430 τῆς
2326 4359 2549 4432 Γραφῆς
2583 4361 2750 4432 ἑαυτῇ
2805 4363 3138 4434 μαχομένης,
3193 4367 3322 4420 ἀλλ’
3367 4367 3652 4438 ἀπόρρητα
3696 4363 3765 4415 δό-

2199 4457 2388 4510 γματα
2419 4440 2868 4513 ἐκκαλυπτούσης
2915 4446 3047 4517 ήμῖν
3073 4445 3142 4498 δι’
3176 4449 3526 4521 ἀμφοτέρων
3566 4446 3764 4501 τούτων.

2199 4523 2371 4580 Ὅταν
2397 4525 2493 4596 μὲν
2525 4525 2636 4596 γὰρ
2662 4525 2724 4578 τὸ
2750 4526 2998 4591 ἀνενδεές
3043 4529 3215 4582 αὑτοῦ
3270 4533 3628 4602 παραστῆσαι
3661 4527 3764 4598 βού-

2197 4605 2378 4677 ληται,
2410 4608 2576 4678 φησὶν
2595 4609 2702 4661 οὑκ
2723 4608 2868 4679 ἐχειν
2896 4609 3060 4666 αὑτὸν
3096 4611 3421 4683 σύμϐουλον
3441 4630 3456 4647 ο
3495 4615 3618 4666 ὅταν
3639 4611 3691 4664 δὲ
3719 4608 3765 4660 τὸ

2195 4689 2457 4759 ὁμότιμον
2482 4688 2580 4742 τοῦ
2616 4689 2979 4761 Μονογενοῦς,
3006 4692 3330 4765 σύμϐουλον
3371 4695 3533 4750 καλεῖ
3552 4695 3639 4749 τὸν
3665 4692 3769 4745 Υἱὺν

2194 4771 2288 4825 τοῦ
2313 4772 2468 4826 Θεοῦ.

2264 4855 2376 4908 Καὶ
2397 4855 2484 4908 ἵνα
2520 4855 2699 4929 μάθῃς
2724 4855 2898 4912 ταῦτα
2922 4859 3243 4932 ἀμφότερα,
3274 4863 3368 4918 ὅτι
3401 4879 3466 4918 τε
3493 4857 3764 4933 σύμϐουλον

2192 4937 2285 4991 τὸν
2316 4937 2442 4992 Υίδν
2473 4939 2730 4994 καλοῦσιν
2755 4942 2804 4995 οἱ
2829 4943 3103 5014 προφῆται
3129 4946 3177 5008 ε,
3208 4947 3318 5016 οὑχ
3353 4948 3437 5012 ὠς
3464 4947 3560 5001 τοῦ
3586 4940 3763 5011 Πατρὸς

2190 5020 2444 5092 δεομένου
2478 5022 2806 5092 συμϐουλῆς,
2865 5025 2980 5078 ἀλλ’
3030 5027 3115 5079 ἵνα
3163 5028 3274 5081 τοῦ
3319 5027 3662 5099 Μονογεωῇ
3687 5023 3760 5090 τὴν

2189 5105 2355 5182 τιμήν
2387 5105 2667 5174 μάθωμεν,
2700 5105 2795 5158 καὶ
2831 5107 2915 5160 ὅτι
2940 5108 3103 5163 πάλιν
3139 5110 3209 5162 οὑ
3239 5112 3430 5166 δεῖται
3465 5110 3756 5183 συμϐούλου.

2189 5186 2422 5240 ἄκουσον
2461 5187 2560 5240 τοῦ
2595 5186 2808 5242 Παύλου
2851 5188 3102 5257 λέγοντος
3119 5208 3134 5222 ·
3173 5193 3246 5245 Ὢ
3277 5195 3490 5262 βάθος
3527 5192 3755 5248 πλούτου

2189 5269 2287 5324 καὶ
2319 5271 2542 5339 σοφίας
2572 5272 2673 5324 καὶ
2713 5271 2990 5340 γνώσεως
3023 5274 3199 5338 Θεοῦ,
3232 5278 3324 5344 ὡς
3345 5278 3762 5346 ἀνεξερεύνητα

2188 5353 2259 5407 τὰ
2278 5353 2529 5422 κρίματα
2552 5355 2762 5422 αὑτοῦ,
2793 5354 2892 5408 καὶ
2924 5357 3399 5427 ἀνεξιχνίαστοι
3429 5365 3494 5416 αι
3521 5359 3642 5416 ὁδοί
3673 5358 3754 5409 αὑ-

2185 5435 2293 5490 τοῦ
2309 5436 2330 5488 .'
2351 5437 2446 5503 Τίς
2479 5436 2589 5507 γὰρ
2609 5436 2762 5506 ἔγνω
2786 5438 2938 5492 νοῦν
2965 5441 3214 5509 Κυρίου,
3247 5443 3292 5512 ἢ
3317 5443 3418 5512 τίς
3445 5442 3764 5514 σύμϐουλος

2253 5555 2276 5621 f
2302 5551 2580 5621 gliigﬁfﬁv.
2619 5554 2833 5621 miraque
2855 5555 3006 5621 lectio
3025 5558 3259 5621 quadrat.

2249 5611 2270 5650 ί
2300 5615 2448 5663 Savil.
2477 5616 2727 5679 Μανιχαίῳ
2747 5611 2945 5674 καὶτοῖς
2966 5611 3067 5669 κατ’
3086 5620 3298 5681 ἐκεῖνον,
3343 5626 3400 5672 et
3425 5620 3554 5672 Infra
3579 5619 3638 5682 μὴ
3655 5617 3765 5672 δεᾶι·

2187 5681 2444 5806 μῗῖἶέςεῖξάιο
2479 5743 2531 5806 (ξι
2551 5741 2767 5806 (ζξξξῑυοιζ
2779 5740 2980 5806 θρειὶοεε
3000 5739 3141 5802 μάθῃς
3167 5742 3359 5806 ταῦτα
3375 5745 3622 5806 away:an
3643 5743 3764 5806 an}:

2181 5797 2446 5872 σύμϐούλον
2462 5799 2546 5868 τὸν
2568 5800 2673 5872 Υίὸν
2692 5798 2918 5872 καλοῦσιν
2941 5804 2984 5870 οξ
3001 5797 3286 5872 προφῆται,
3314 5797 3496 5854 Μοιίεῖ.
3703 5801 3764 5846 ὅτι

2180 5863 2328 5907 ταῦτα
2349 5863 2588 5920 ἀμφότερα
2610 5863 2687 5907 τὸν
2715 5863 2818 5909 Υίὸν
2841 5863 3066 5911 καλοῦσιν
3093 5865 3132 5910 οἱ
3159 5873 3445 5930 προφῆται.
