3980 6184
233 293 338 352 797

233 403 495 464 imminui.
519 392 868 462 Circunidant
903 405 1140 454 sanctam
1183 397 1323 452 hanc
1359 394 1536 452 navim
1563 393 1820 450 continuo

233 502 528 565 ternpestas
551 501 608 549 et
644 492 836 557 hiems,
878 489 1340 561 procellarumque
1373 499 1456 542 vis
1485 501 1502 541 :
1541 499 1649 540 nou
1689 486 1816 541 sub-

233 593 545 657 merguntur
587 591 769 638 tameu
809 581 900 652 qui
947 581 1001 635 in
1042 594 1106 636 ea
1135 579 1408 649 navigant.
1438 575 1822 646 Undecumque

235 677 495 735 invadunt
523 675 789 731 haeretica:
825 672 1078 739 ﬂammae,
1104 679 1160 726 et
1181 670 1270 740 qui
1298 670 1350 725 in
1377 669 1555 725 medio
1581 676 1706 723 sunt
1732 681 1824 721 ca-

236 772 404 838 mino,
441 783 564 824 rore
601 766 864 837 spirituali
895 763 1263 835 perfruuntur.
1304 763 1401 818 Est
1428 771 1483 818 et
1510 761 1614 817 hoc
1649 760 1821 815 admi-

237 861 424 927 rabile,
454 857 597 930 quod
623 857 867 914 videmus
892 857 946 911 in
977 856 1074 910 hac
1096 863 1249 924 parte
1274 853 1504 908 civitatis
1526 851 1819 908 Ecclesiam

236 952 369 1006 hanc
397 951 714 1020 plantatam,
762 956 818 1002 et
857 946 1202 1002 nihilominus
1236 943 1387 1015 quasi
1436 943 1490 998 in
1532 942 1706 998 medio
1733 956 1820 996 ca-

236 1043 379 1097 mino
425 1042 602 1097 oleam
646 1040 1058 1111 germinantem,
1106 1037 1353 1108 foliisque
1399 1046 1720 1103 comantem,
1769 1045 1822 1090 et

234 1131 409 1187 fructu
458 1147 696 1204 gravem.
744 1131 905 1202 Igitur
950 1145 1071 1185 cum
1125 1143 1221 1184 vos
1273 1138 1377 1184 tam
1435 1128 1636 1184 cordati
1681 1129 1818 1193 sitis,

237 1232 453 1292 tamque
482 1222 663 1276 multis
693 1221 844 1275 bonis
881 1221 1046 1290 digni,
1080 1234 1178 1289 age
1207 1211 1454 1289 prompto
1481 1218 1659 1274 studio
1699 1234 1822 1288 pro-

234 1314 543 1369 missionem
567 1329 738 1382 nuper
762 1313 911 1367 vobis
947 1312 1135 1367 factam
1166 1312 1468 1367 reddamus.
1499 1313 1648 1366 Tunc
1677 1313 1816 1366 enim

234 1406 301 1460 de
320 1405 485 1460 armis
517 1403 679 1459 David
709 1413 762 1458 et
787 1403 998 1460 Goliath
1025 1402 1164 1472 apud
1188 1417 1283 1457 vos
1316 1402 1822 1472 philosOphabamur

233 1494 317 1564 (ι.
342 1494 470 1566 Reg.
494 1493 605 1566 i7),
636 1494 980 1550 ostendentes
997 1495 1135 1548 hunc
1155 1493 1366 1564 quidem
1391 1495 1669 1562 omnigena
1694 1509 1818 1564 gra-

232 1587 398 1656 vique
423 1596 685 1640 armatura
712 1586 946 1655 undique
967 1586 1250 1652 munitum,
1282 1577 1428 1638 illum
1457 1594 1633 1641 autem
1657 1587 1820 1641 armis

232 1677 462 1744 nudum,
519 1677 623 1734 fide
669 1678 1107 1745 munitissimum,
1162 1685 1218 1733 et
1271 1677 1414 1732 hunc
1456 1678 1668 1748 quidem
1721 1695 1817 1733 ex-

230 1769 498 1824 trinsecus
522 1768 774 1840 fulgidum
805 1769 1024 1824 thorace
1058 1779 1112 1824 et
1147 1777 1319 1836 scuto,
1344 1769 1496 1824 illum
1523 1779 1700 1824 autem
1733 1770 1817 1824 in-

230 1869 318 1915 tus
340 1862 531 1931 spiritu
561 1870 616 1917 et
635 1862 804 1932 gratia
826 1862 1142 1928 radiantem,
1169 1870 1331 1932 atque
1355 1862 1494 1916 hanc
1517 1861 1584 1915 ob
1603 1875 1816 1916 causam

230 1967 261 2006 a
289 1967 459 2021 puero
487 1953 782 2008 certamine
810 1954 1006 2008 victum
1029 1956 1306 2022 juvenem,
1349 1967 1382 2007 a
1411 1953 1554 2008 nudo
1593 1967 1817 2023 supera-

230 2052 345 2098 tum
374 2053 660 2111 armatum,
702 2059 732 2099 a
762 2054 974 2115 pastore
1012 2053 1334 2116 prostratum
1379 2045 1621 2108 militem,
1669 2060 1698 2099 a
1729 2061 1819 2114 pa-

227 2134 447 2189 storalis
468 2135 658 2204 lapidis
689 2144 875 2189 natura
903 2134 1076 2189 bellici
1106 2135 1229 2188 aeris
1259 2143 1501 2190 naturam
1532 2135 1816 2189 contritam

228 2234 285 2280 et
301 2224 694 2281 labefactatam.
726 2224 956 2280 Proinde
980 2235 1036 2280 et
1062 2241 1161 2280 nos
1187 2225 1414 2296 lapidem
1446 2226 1595 2280 illum
1626 2226 1676 2280 iu
1705 2240 1819 2280 ma-

227 2331 332 2372 nus
367 2318 712 2387 accipiamus.
760 2317 1067 2388 angularem
1099 2319 1246 2372 illum
1280 2326 1336 2374 et
1377 2319 1704 2388 spiritualem
1736 2319 1818 2373 in-

229 2423 413 2478 quam.
458 2410 514 2466 Si
542 2409 686 2466 enim
724 2410 889 2464 Paulo
915 2410 1277 2482 philosophari
1317 2410 1465 2465 licuit
1489 2411 1558 2466 de
1581 2419 1730 2480 petra
1763 2413 1814 2466 in

227 2500 519 2558 solitudine
555 2501 630 2572 (l.
660 2501 778 2556 Cor.
813 2502 900 2556 10.
931 2502 1008 2572 4),
1051 2517 1223 2572 neque
1267 2503 1420 2557 nobis
1449 2503 1568 2573 quis
1594 2517 1816 2557 succcn-

227 2591 392 2657 scbit,
437 2592 483 2648 si
535 2593 762 2663 lapidem
820 2594 965 2649 illum
1021 2595 1210 2649 eodem
1266 2595 1424 2650 modo
1471 2595 1812 2666 accipiamus.

225 2683 359 2738 Nam
397 2685 538 2739 sicut
583 2700 687 2740 non
721 2695 908 2742 natura
949 2695 1113 2758 petrae
1139 2685 1359 2745 visibilis
1398 2689 1535 2758 apud
1578 2688 1810 2754 Judaeos,

226 2773 323 2828 sed
362 2775 536 2830 virtus
561 2775 852 2846 spiritualis
883 2787 1050 2846 petra:
1092 2779 1373 2834 emittebat
1410 2779 1618 2834 illarum
1647 2795 1813 2848 aqua-

227 2880 348 2921 rum
389 2867 610 2922 flumina
635 2885 650 2933 ;
680 2868 752 2923 ita
791 2869 973 2939 utique
1019 2869 1156 2939 apud
1203 2869 1362 2924 David
1407 2885 1510 2924 non
1549 2870 1814 2925 sensibilis

226 2956 322 3010 sed
362 2958 657 3027 spiritualis
701 2959 836 3029 lapis
877 2959 1208 3015 barbaricum
1255 2960 1381 3014 illud
1411 2968 1569 3028 caput
1597 2960 1810 3029 dejecit.

226 3046 315 3102 Sic
354 3063 570 3120 quoque
599 3050 985 3120 pollicebamur
1018 3052 1192 3112 vobis,
1236 3051 1366 3105 nihil
1412 3065 1479 3106 ex
1521 3051 1814 3106 ratiociniis

228 3139 490 3196 dicturos.
538 3141 734 3196 Nostra
757 3143 890 3196 enim
917 3159 1082 3208 arma,
1114 3159 1214 3196 non
1249 3141 1499 3205 carnalia,
1540 3142 1628 3195 sed
1655 3141 1810 3211 spiri-

227 3231 412 3295 tualia,
464 3232 772 3286 destruentia
812 3235 1054 3299 rationes,
1100 3242 1146 3287 et
1196 3250 1393 3287 omnem
1436 3231 1808 3298 sublimitatem,

222 3337 340 3391 quc
383 3337 544 3390 super
586 3332 770 3376 terram
811 3340 918 3378 sese
959 3324 1154 3377 extollit
1198 3331 1372 3376 contra
1413 3323 1670 3376 scientiam
1718 3320 1816 3375 Dei

224 3412 304 3478 (2.
341 3413 465 3467 Cor.
499 3413 586 3470 10.
615 3415 669 3468 4.
699 3413 778 3486 5).
810 3415 1142 3484 Praeceptum
1178 3414 1332 3469 nobis
1370 3422 1471 3481 est,
1513 3421 1571 3468 ut
1599 3428 1692 3469 eas
1719 3413 1815 3469 dc-

222 3503 537 3571 moliamur,
567 3520 671 3558 non
693 3515 1030 3560 exstruamus
1059 3523 1072 3559 :
1102 3505 1416 3574 imperatum
1444 3505 1598 3560 nobis
1623 3514 1724 3570 est,
1756 3512 1816 3558 ut

222 3611 316 3651 eas
342 3598 720 3662 dissolvamus,
750 3613 855 3652 non
883 3613 1181 3664 armemus;
1211 3597 1498 3652 Ratiocinia
1524 3598 1654 3652 enim
1679 3614 1814 3651 mor-

225 3691 407 3742 talium
431 3690 609 3744 timida
633 3699 750 3744 sunt
771 3690 926 3762 (Sap.
949 3691 1002 3744 9.
1033 3690 1142 3761 14).
1162 3690 1297 3756 Quid
1323 3689 1453 3746 illud
1483 3699 1564 3744 est
1590 3689 1814 3744 timida?

223 3781 492 3849 Timidus,
543 3783 753 3838 etiamsi
805 3797 996 3838 securo
1034 3783 1151 3837 loco
1187 3782 1438 3846 ambulet,
1485 3798 1589 3837 non
1629 3781 1809 3847 audet,

224 3875 320 3930 sed
343 3874 597 3930 formidat
623 3889 686 3931 ac
715 3874 943 3947 trepidat
970 3892 984 3929 :
1014 3875 1085 3930 ita
1109 3873 1252 3946 quod
1279 3874 1568 3931 ratiociniis
1591 3875 1812 3932 demon-

223 3977 454 4022 stratum
481 3979 585 4034 est,
624 3967 831 4023 etiamsi
871 3983 1055 4023 verum
1090 3968 1178 4034 sit,
1211 3967 1442 4022 nondum
1474 3975 1648 4022 tamen
1683 3967 1813 4021 satis

224 4067 369 4112 certa
420 4068 764 4128 argumenta,
815 4058 1136 4129 dignamque
1186 4058 1342 4113 fidem
1393 4059 1584 4113 anima:
1633 4058 1808 4113 affert.

225 4148 461 4204 Proinde
489 4149 610 4219 quia
638 4157 779 4204 tanta
809 4150 1075 4204 rationum
1107 4149 1388 4204 infirmitas
1407 4157 1509 4218 est,
1537 4164 1632 4220 age
1661 4150 1810 4206 Scri-

226 4241 396 4309 pturis
423 4249 612 4295 contra
635 4241 969 4296 adversarios
999 4256 1310 4312 pugnemus.

296 4330 585 4401 Scriptum
611 4332 887 4386 auctoritas
915 4332 1080 4402 potior
1099 4331 1394 4386 rationibus.
1419 4361 1493 4372 —
1519 4330 1671 4387 Unde
1708 4332 1809 4402 igi-

229 4429 314 4475 tur
336 4422 602 4477 sermonis
625 4422 900 4477 exordium
933 4423 1290 4478 sumendum?
1331 4421 1484 4478 Unde
1511 4423 1662 4479 vobis
1695 4426 1810 4493 pla-

232 4510 408 4578 cebit,
463 4511 580 4566 sive
623 4527 687 4566 ex
746 4511 928 4578 Nova,
978 4511 1096 4567 sive
1147 4527 1213 4566 ex
1261 4511 1460 4568 Veteri.
1507 4512 1622 4568 Non
1666 4513 1808 4568 enim

232 4602 403 4657 solum
443 4604 496 4659 in
534 4603 830 4676 evangeliis
873 4615 926 4660 ct
962 4605 1268 4675 apostolicis
1292 4605 1489 4673 verbis,
1535 4605 1629 4661 sed
1673 4615 1728 4660 et
1754 4606 1810 4661 in

229 4695 508 4764 prophetis
547 4706 604 4750 ct
652 4697 702 4751 in
753 4705 859 4752 tota
893 4696 1074 4752 Veteri
1117 4697 1232 4768 lege
1270 4697 1555 4767 fulgentem
1598 4697 1809 4753 abunde

230 4785 502 4858 Unigeniti
525 4783 752 4854 gloriam
776 4785 959 4844 videre
987 4788 1130 4844 licet.
1165 4787 1337 4853 Unde,
1367 4805 1484 4844 mea
1520 4791 1806 4857 sententia,

216 4885 387 4930 etlam
428 4877 554 4932 inde
583 4877 840 4932 adversus
882 4877 1002 4932 illos
1039 4877 1370 4948 corripienda
1416 4889 1539 4934 sunt
1580 4879 1704 4934 tela.
1734 4879 1808 4936 Ita

213 4966 368 5020 enirn
395 4981 504 5022 non
531 4967 652 5023 illos
687 4976 914 5036 tantum,
944 4968 1038 5023 sed
1067 4979 1122 5024 et
1144 4970 1342 5025 multos
1369 4969 1502 5026 alios
1528 4971 1809 5027 haereticos

209 5051 390 5108 simul
425 5063 778 5125 prosternere
800 5057 1123 5127 poterimus,
1155 5057 1412 5114 videlicet
1439 5057 1798 5126 Marcionem,

201 5142 602 5211 Manicheum,
634 5145 1012 5214 Valentinum,
1037 5146 1461 5220 Iudaeorumque
1479 5159 1654 5208 cmtus
1682 5167 1801 5208 om-

199 5253 345 5297 nes.
384 5236 517 5292 Nam
555 5239 700 5294 sicut
741 5255 867 5294 cum
917 5254 947 5293 a
982 5239 1188 5295 Davide
1219 5248 1536 5310 prostratus
1571 5251 1656 5300 cst
1689 5243 1799 5300 Go-

199 5331 356 5386 liath
388 5331 463 5398 (i.
504 5331 628 5402 Reg.
667 5332 756 5387 Π.
799 5333 910 5402 5|),
962 5332 1017 5388 in
1070 5331 1253 5404 fugam
1285 5335 1447 5390 simul
1492 5351 1686 5392 versus
1715 5347 1799 5393 est

201 5423 404 5476 omnis
441 5423 841 5495 allophylorum
886 5424 1163 5480 exercitus
1217 5433 1322 5480 :et
1376 5441 1526 5482 mors
1577 5429 1796 5498 quidem

199 5510 387 5565 unius
440 5514 695 5584 corporis
749 5523 804 5570 et
854 5516 1142 5584 percussio
1199 5515 1362 5573 unius
1415 5518 1612 5588 capitis
1656 5529 1794 5586 erat,

207 5602 356 5671 fuga
391 5613 573 5661 autem
609 5606 942 5667 communis.
982 5615 1035 5661 et
1065 5608 1233 5662 timor
1263 5607 1431 5664 tutius
1463 5611 1740 5666 exercitus
1779 5631 1792 5668 :

219 5696 318 5749 ita
353 5704 403 5750 et
452 5697 498 5752 si
539 5714 642 5753 nos
688 5713 851 5753 unam
898 5699 1148 5756 haeresim
1194 5699 1591 5772 dejeccrimus,
1642 5716 1796 5758 com-

1486 277 1754 339 CONTRA
1798 276 2168 339 ΑΝοΜοΕοδ.
2209 281 2300 338 XI.

3406 288 3512 343 798

1934 391 2116 449 munis
2172 393 2277 448 erit
2348 402 2793 450 enumeratorum
2843 398 3086 453 omnium
3171 399 3500 472 proﬂigatio.

2005 480 2291 536 Manichari
2329 479 2625 552 Prophetas
2659 484 3241 553 rejiciunt.-Manichzei
3266 491 3413 545 enim
3449 502 3507 548 et

1928 575 2018 643 qui
2050 576 2258 631 illorum
2287 575 2480 632 morbo
2515 577 2782 646 laborant,
2811 578 3060 636 videntur
3081 582 3326 652 accipere
3349 583 3509 641 Chri-

1927 675 2067 720 stum
2097 667 2185 736 qui
2213 667 2529 738 prazdicstur
2550 685 2564 722 :
2587 668 2872 739 prophetas
2887 678 3062 726 autem
3083 681 3138 726 et
3153 672 3508 743 patriarchas,

1927 758 2018 828 qui
2049 758 2195 813 illum
2227 759 2539 829 praedicant,
2564 768 2914 816 contemnunt
2941 779 2955 815 :
2987 771 3172 818 contra
3195 762 3362 820 Judaei
3387 780 3514 834 eos,

1925 847 2016 917 qui
2041 847 2308 904 Christum
2330 849 2641 920 praedicant,
2679 851 2924 923 accipere
2960 852 3227 920 videntur,
3273 853 3504 925 prophe-

1929 947 2028 1005 tas,
2055 941 2265 1010 lnquam
2285 981 2302 1008 ,
2334 948 2389 996 et
2427 942 2783 1012 legislatorem
2810 957 2963 998 suum
2989 962 3002 998 :
3031 944 3298 1001 Christum
3329 956 3505 1002 autem

1925 1033 2014 1103 qui
2039 1032 2105 1086 ab
2133 1033 2237 1087 illis
2263 1034 2600 1104 prmdicatur,
2629 1045 2995 1092 contemnunt.
3025 1036 3187 1107 Igitur
3213 1039 3257 1093 si
3294 1037 3507 1096 favente

1924 1123 2092 1193 gratia
2121 1124 2214 1179 Dei
2244 1125 2786 1182 demonstraverimus
2817 1145 3058 1198 magnam
3089 1132 3343 1200 unigeniti
3386 1134 3493 1204 glo-

1924 1213 2056 1267 riam
2087 1215 2141 1269 in
2174 1215 2350 1272 Veteri
2377 1217 2706 1286 praedictam,
2729 1220 2905 1274 omnia
2929 1221 3014 1275 illa
3039 1222 3146 1277 Deo
3165 1224 3384 1279 adversa
3412 1241 3503 1283 ora

1923 1302 2235 1375 linguasque
2284 1307 2618 1376 blasphemas
2661 1309 3048 1367 confundemus
3107 1322 3160 1367 et
3201 1329 3505 1385 compesce-

1925 1413 2060 1452 mus.
2084 1398 2216 1452 Nam
2239 1399 2283 1453 si
2311 1400 2509 1469 liqueat
2532 1401 2800 1456 Christum
2847 1403 2900 1456 in
2945 1405 3120 1459 Veteri
3164 1409 3504 1462 Testamento

1924 1489 2223 1557 praedicari,
2252 1505 2353 1560 qua
2375 1505 2432 1546 se
2460 1491 2768 1549 defensione
2797 1496 3110 1551 tutabuntur
3132 1498 3428 1566 Mauicbmi,
3451 1511 3506 1555 ct

1922 1582 2100 1635 caeteri
2146 1581 2232 1651 qui
2283 1597 2402 1636 cum
2447 1583 2549 1637 illis
2589 1585 2913 1654 Scripturam
2958 1598 3328 1656 contemnunt,
3385 1607 3504 1661 quae

1925 1675 2175 1743 pnrdicat
2205 1675 2348 1729 illum
2371 1691 2708 1732 communem
2733 1680 2970 1733 onmium
3003 1680 3325 1737 Dominum?
3347 1683 3502 1751 ρυυά

1923 1765 2050 1818 item
2078 1765 2328 1835 emugium
2368 1767 2471 1820 erit
2511 1766 2730 1834 Iudaeis,
2763 1785 2920 1835 quam
2963 1773 3170 1825 veniam
3215 1774 3505 1828 merebun-

1924 1865 2026 1921 tur,
2057 1856 2144 1926 qui
2171 1872 2198 1910 a
2227 1859 2502 1928 prephetis
2520 1862 2936 1929 prmnnnciatum
2968 1879 3072 1918 non
3103 1865 3434 1934 suscipiunt?

1989 1947 2048 2002 2.
2085 1949 2338 2004 Divinitas
2359 1949 2484 2005 Filii
2513 1952 2754 2022 probatur
2775 1955 2882 2008 exi
2912 1953 3168 2010 Genes.—
3188 1956 3369 2027 Itaque
3384 1973 3502 2012 cum

1919 2039 2129 2096 abunde
2152 2040 2220 2095 de
2248 2042 2327 2096 eis
2351 2044 2676 2112 triumphare
2705 2046 2988 2114 possimus,
3008 2063 3310 2103 sermonem
3339 2050 3404 2103 ad
3436 2051 3501 2104 li-

1922 2132 2046 2186 bros
2065 2133 2387 2188 vetustiores
2414 2143 2703 2201 vertamus,
2725 2143 2778 2189 et
2801 2135 2866 2189 ad
2906 2137 3075 2205 ipsum
3110 2138 3200 2208 qui
3243 2139 3361 2194 aliis
3395 2153 3503 2194 om-

1919 2225 2075 2279 nibus
2101 2225 2360 2280 vetustior
2379 2235 2480 2290 est,
2510 2225 2576 2280 ad
2605 2227 2876 2291 Genesim,
2907 2227 3143 2298 inquam,
3167 2237 3222 2284 et
3244 2230 3310 2284 ad
3344 2241 3504 2300 caput

1919 2314 2194 2370 Gencseos
2219 2316 2654 2372 conscendamus.
2688 2317 2842 2385 Quod
2871 2319 3012 2373 enim
3041 2319 3108 2376 de
3132 2319 3345 2376 Christo
3367 2323 3504 2377 mul-

1920 2416 1972 2462 ta
2001 2407 2196 2464 dixerit
2225 2408 2453 2481 Moyses,
2479 2409 2600 2464 audi
2627 2411 2928 2479 loquentem
2957 2411 3227 2467 Christum
3261 2431 3274 2466 :
3307 2413 3367 2468 Si
3387 2431 3498 2468 ere-

1919 2499 2102 2553 deretis
2141 2499 2330 2570 Moysi,
2383 2501 2649 2555 crederetis
2683 2503 2853 2568 utique
2884 2511 2934 2557 et
2977 2504 3118 2569 mihi,
3163 2521 3280 2557 nam
3323 2506 3387 2559 de
3423 2522 3504 2558 me

1917 2592 2118 2662 scripsit
2140 2592 2316 2662 (Joan.
2345 2593 2397 2648 5.
2427 2592 2539 2666 46).
2557 2594 2778 2650 Ubinam
2803 2595 2868 2649 de
2894 2595 2986 2650 illo
3015 2596 3262 2664 scripsit?
3285 2597 3338 2650 ld
3363 2585 3502 2652 nunc

1921 2684 2196 2740 declarare
2248 2686 2588 2740 tentabimus.
2641 2687 2992 2756 Posteaquam
3056 2688 3216 2758 igitur
3267 2687 3501 2759 perfecta

1917 2776 2094 2831 omnis
2119 2787 2381 2844 creatura,
2410 2777 2704 2847 caelumque
2732 2779 2879 2832 vario
2901 2779 3134 2834 siderum
3163 2779 3328 2835 choro
3347 2794 3502 2836 coro-

1917 2875 2120 2934 natum,
2150 2877 2205 2924 et
2236 2878 2376 2924 terra
2411 2870 2706 2939 omnigenis
2749 2869 2970 2925 ﬂoribus
3011 2882 3196 2926 amata
3237 2880 3338 2940 est,
3384 2873 3501 2943 plc-

1916 2976 2090 3030 naquc
2117 2977 2237 3017 cum
2263 2971 2443 3018 essent
2475 2964 2734 3016 montium
2758 2964 3054 3032 cacumina,
3081 2964 3223 3034 pleni
3248 2967 3420 3036 campi
3446 2973 3502 3022 et

1915 3051 2100 3118 valles,
2129 3059 2182 3106 et
2212 3053 2262 3106 in
2288 3067 2515 3120 summa,
2548 3054 2720 3108 onmis
2747 3064 2903 3108 terra:
2932 3055 3090 3109 facies
3113 3055 3302 3125 plantis
3330 3066 3384 3110 et
3407 3072 3499 3111 ar-

1918 3140 2134 3196 boribus
2162 3153 2213 3197 et
2239 3142 2438 3210 herbis,
2469 3144 2878 3213 lascivircntque
2903 3160 3092 3216 greges
3125 3156 3178 3200 et
3210 3160 3448 3202 armenta
3480 3166 3496 3203 :

1917 3247 2097 3286 aerem
2137 3242 2310 3288 autem
2360 3234 2606 3304 impleret
2656 3234 2854 3290 chorus
2894 3236 3068 3290 avium
3113 3238 3496 3292 cantillautium

1917 3324 2091 3378 nativa
2121 3335 2173 3378 et
2212 3325 2464 3394 singulari
2509 3325 2712 3380 musica
2754 3344 2768 3379 :
2814 3325 2981 3380 maria
3023 3341 3234 3396 quoque
3277 3327 3500 3381 marinis

1916 3415 2236 3469 animalibus
2263 3416 2415 3485 plena
2447 3433 2462 3471 :
2490 3417 2737 3471 similiter
2765 3427 2818 3470 et
2861 3426 3067 3487 stagna,
3107 3426 3162 3471 et
3205 3415 3400 3484 fontes,
3443 3427 3498 3473 ct

1917 3508 2082 3574 ﬂuvii,
2114 3509 2360 3563 omnibus
2389 3523 2506 3578 quae
2549 3508 2600 3562 in
2629 3508 2708 3563 eis
2726 3517 3015 3562 nascuntur
3045 3525 3060 3562 :
3093 3507 3329 3578 nihilque
3356 3516 3499 3562 esset

1918 3600 2323 3670 imperfectum,
2367 3599 2458 3654 sed
2506 3598 2737 3669 perfecta
2779 3601 2954 3652 omnia
2999 3615 3013 3652 :
3060 3609 3184 3653 tunc
3226 3598 3499 3669 qnzercbat

1915 3706 2110 3761 corpus
2133 3699 2312 3760 caput,
2343 3690 2529 3744 civitas
2559 3689 2872 3759 principem,
2901 3697 3141 3743 creatura
3167 3705 3370 3758 regem,
3395 3687 3495 3742 ho-

1917 3782 2112 3835 minem
2141 3781 2374 3849 iuquam.
2422 3779 2769 3834 Formaturus
2810 3779 2973 3849 igitur
3013 3779 3183 3849 ipsum
3230 3781 3366 3833 Deus
3410 3779 3495 3834 in-

1915 3874 2046 3943 quit,
2081 3872 2354 3927 Faciamus
2376 3872 2625 3926 hominem
2653 3871 2925 3926 secundum
2953 3872 3220 3941 imaginem
3240 3883 3286 3926 et
3309 3872 3495 3926 simili-

1917 3967 2140 4021 tudinem
2161 3976 2383 4020 noslram
2405 3963 2558 4036 (Gen.
2609 3965 2660 4019 l.
2689 3964 2804 4034 26).
2836 3963 2915 4018 Ad
2947 3978 3108 4034 quem
3135 3963 3299 4018 dicit?
3323 3963 3494 4018 Mani-

1917 4059 2132 4122 festum,
2163 4057 2302 4128 quod
2329 4056 2395 4112 ad
2425 4056 2754 4128 unigenitum
2782 4071 2957 4110 suum.
2986 4055 3100 4110 Non
3122 4055 3277 4120 dixit,
3305 4055 3407 4124 fac,
3437 4065 3497 4110 ut

1914 4166 1981 4205 ne
2017 4152 2208 4206 servile
2255 4151 2452 4222 aliquid
2497 4150 2780 4220 suspiceris
2828 4157 3145 4218 prmccptum
3188 4149 3348 4202 (lari:
3398 4148 3492 4202 sed

1913 4239 2059 4304 dicit,
2089 4239 2354 4310 faciamus,
2378 4247 2435 4294 ut
2481 4239 2646 4294 forma
2674 4237 3004 4294 consultandi
3034 4237 3254 4306 aequalis
3277 4237 3490 4306 detege-

1913 4339 2062 4386 retur
2088 4331 2280 4385 honor.
2294 4330 2423 4384 Nam
2445 4330 2582 4384 Deus
2603 4328 2865 4383 interdum
2888 4327 3250 4383 consiliarium
3271 4327 3488 4396 habere,

1915 4422 2179 4478 interdum
2210 4437 2315 4477 non
2344 4422 2538 4476 habere
2567 4421 2760 4474 dicitur
2787 4437 2802 4473 :
2830 4435 2929 4474 nec
2954 4419 3054 4475 sibi
3096 4419 3196 4490 ipsi
3233 4428 3490 4490 repugnat

1913 4514 2206 4585 Scriptura,
2232 4513 2326 4569 sed
2357 4529 2454 4584 per
2481 4513 2594 4567 lucc
2632 4512 2789 4566 ambo
2831 4511 3140 4581 aperiuntur
3185 4512 3338 4567 nobis
3371 4513 3491 4567 abs-

1912 4605 2123 4661 condita
2185 4604 2450 4675 dogmata.
2505 4602 2730 4670 Quando
2787 4603 2930 4658 enim
2996 4602 3298 4673 signiﬁcare
3343 4603 3490 4671 vult,

1913 4697 2081 4752 Deum
2107 4695 2300 4750 nullius
2324 4703 2504 4766 egere,
2532 4694 2662 4749 dicit
2685 4709 2804 4749 cum
2850 4708 2957 4748 non
2996 4693 3200 4752 habere
3241 4695 3482 4750 consilia-

1915 4791 2053 4846 rium
2082 4808 2095 4845 :
2121 4791 2332 4861 quando
2359 4799 2534 4844 autem
2579 4787 2734 4842 docet
2777 4787 3033 4858 aqualem
3075 4789 3328 4858 unigeniti
3367 4787 3482 4856 glo-

1913 4881 2071 4946 riam,
2095 4879 2453 4937 consiliarium
2487 4887 2642 4932 vocat
2669 4877 2859 4932 Filium
2890 4876 3000 4931 Dei.

1984 4971 2312 5028 Consiliarius
2353 4970 2449 5023 Dei
2492 4969 2739 5023 Christus.
2765 4996 2838 5008 —
2863 4966 2932 5021 Et
2966 4973 3026 5020 ut
3065 4965 3178 5019 haec
3213 4963 3372 5018 ambo
3408 4963 3491 5019 di-

1913 5078 2031 5119 scas
2049 5105 2065 5130 ,
2093 5062 2233 5133 quod
2261 5052 2939 5132 propliethiliumvoccnt
2967 5054 3348 5121 consiliarium,
3380 5069 3486 5110 non

1912 5154 2052 5226 quod
2082 5155 2238 5209 Pater
2263 5167 2397 5222 opus
2425 5150 2539 5220 ejus
2564 5148 2787 5205 consilio
2815 5147 3028 5209 habeat,
3069 5145 3163 5201 sed
3202 5155 3258 5199 ut
3304 5145 3486 5216 inrige-

1913 5245 2007 5300 uiti
2027 5244 2248 5314 gloriam
2277 5242 2525 5306 doceant,
2552 5249 2606 5294 et
2624 5237 2766 5309 quod
2797 5253 2902 5291 non
2929 5252 3065 5307 opus
3093 5236 3282 5290 habeat
3306 5235 3486 5290 consi-

1913 5337 2086 5402 liario,
2109 5333 2230 5388 audi
2256 5332 2474 5388 Paulum
2509 5331 2814 5386 dicentem:
2844 5329 2889 5384 ο
2927 5328 3140 5383 altitudo
3183 5323 3492 5381 divitiarum

1913 5428 2175 5500 sapientia:
2207 5436 2253 5480 et
2281 5425 2502 5480 scientiis
2530 5423 2666 5477 Dei!
2710 5423 2875 5490 Quam
2911 5420 3254 5476 inserutaln'lia
3293 5419 3488 5493 iudicia

1913 5521 2021 5590 ejus
2046 5553 2061 5579 ,
2091 5525 2143 5570 et
2191 5514 2557 5586 investigabiles
2577 5515 2668 5568 vite
2695 5513 2842 5584 ejus!
2862 5514 2988 5579 Quis
3025 5512 3158 5568 enim
3196 5513 3332 5566 novit
3371 5527 3486 5566 scu-

1910 5629 2023 5667 sum
2052 5607 2299 5665 Domini?
2327 5609 2402 5663 vel
2429 5609 2540 5679 quis
2565 5606 2882 5661 consiliarius
2907 5607 3017 5677 ejus
3048 5604 3144 5676 fuit
3185 5603 3358 5674 (Rom.
3400 5609 3486 5662 ll.

1914 5705 2002 5762 35.
2035 5704 2167 5775 5i)?
2198 5702 2294 5759 llic
2321 5703 2501 5774 itaque
2530 5717 2650 5757 cum
2681 5699 2878 5757 nullius
2907 5699 3143 5771 indigere
3179 5697 3484 5756 declaravit.
