3980 6184
481 253 590 310 799
1196 253 1249 310 S.
1291 255 1566 310 .lOANNlS
1602 253 2076 311 CHRYSOSTOMI
2117 251 2435 309 ARCHIEP.
2473 252 3002 310 CONSTANTINOP.
3581 268 3666 325 δοο

485 345 703 422 Ιίθωὶὶε
729 379 859 422 vero
898 365 1087 420 iterum
1132 366 1198 419 de
1231 367 1510 436 Unigenito
1551 369 1640 423 Dei
1684 368 1933 438 loquens,
1975 368 2053 422 sic

485 458 692 527 inquit:
726 455 790 510 Et
819 455 1019 524 cupient
1047 457 1090 508 si
1135 456 1259 522 fiant
1301 457 1416 527 igne
1449 459 1711 512 combusti.
1759 459 1890 525 Quia
1935 473 2059 526 puer

485 558 635 603 natus
654 557 727 602 est
751 547 914 612 nobis,
939 557 984 600 et
1011 548 1146 615 filius
1165 547 1310 601 datus
1337 559 1410 603 est
1436 550 1598 615 nobis,
1625 559 1672 604 et
1699 551 1952 604 vocabitur
1968 565 2056 604 no-

485 655 598 691 men
616 637 723 706 ejus
745 637 918 706 magni
945 637 1142 690 consilii
1161 637 1390 707 angelus,
1417 638 1729 692 admirabilis
1745 639 2060 692 consiliarius

484 725 670 795 (Iiesai
687 725 741 780 9.
770 725 851 795 5).
883 726 950 780 Et
976 727 1019 780 si
1048 727 1379 782 admirabilis
1415 729 1764 792 consiliarius,
1790 728 2062 800 quomodo

485 815 680 868 Paulus
699 814 848 880 dicit,
881 814 1006 878 Quis
1038 819 1168 869 enim
1204 834 1379 871 sensus
1416 819 1548 872 novit
1575 818 1802 886 Domini,
1842 819 1918 873 vel
1950 818 2062 888 quis

485 906 805 960 consiliarius
825 908 934 977 ejus
961 909 1057 976 fuit
1087 907 1260 979 (llam.
1295 910 1381 963 Η.
1415 910 1546 980 '54)?
1567 911 1663 966 nisi
1684 912 1822 982 quod
1847 911 2060 974 Paulus,

485 996 624 1049 sicut
649 995 779 1059 dixi,
809 997 1044 1052 indicare
1065 999 1230 1051 voluit
1257 999 1468 1055 Patrem
1497 1001 1642 1054 nullo
1669 1001 1925 1072 indigere,
1943 1015 2064 1069 pro-

488 1085 644 1155 pheta
668 1095 846 1142 autem
877 1089 1133 1157 aequalem
1167 1089 1287 1142 Filii
1310 1090 1528 1159 gloriam
1549 1090 1744 1145 docere
1769 1092 1952 1146 voluit.
1981 1090 2063 1145 ld-

487 1176 632 1230 circo
659 1177 818 1230 etiam
857 1175 944 1230 hic
975 1191 1077 1230 non
1118 1176 1270 1243 dixit,
1314 1180 1416 1249 fac,
1464 1179 1579 1244 sed,
1627 1181 1894 1251 faciamus.
1932 1181 2063 1235 Illud

489 1265 656 1330 enim,
685 1270 787 1336 fac,
817 1276 1136 1336 praeceptum
1168 1277 1310 1322 esset
1335 1283 1489 1324 servo
1513 1269 1693 1324 datum
1737 1287 1753 1324 :
1795 1271 1933 1342 quod
1985 1272 2065 1326 di-

491 1373 642 1413 scere
671 1358 794 1414 inde
837 1360 1052 1428 poteris.
1101 1361 1341 1414 Accessit
1381 1361 1666 1430 aliquando
1711 1363 1952 1417 centurio
1998 1363 2065 1417 ad

490 1446 694 1511 Iesum,
723 1457 776 1502 et
801 1448 932 1502 dixit
959 1466 972 1502 :
1006 1448 1236 1516 Domine,
1261 1467 1388 1520 puer
1416 1467 1552 1505 meus
1561 1453 1699 1522 jacet
1724 1453 1776 1506 in
1797 1453 1946 1507 domo
1973 1470 2068 1522 pa-

491 1538 755 1608 ralyticus,
779 1548 826 1592 et
845 1540 1061 1608 graviter
1090 1539 1580 1611 torqueturUIatth.
1609 1541 1662 1596 8.
1693 1540 1770 1615 ϐ).
1799 1543 1938 1610 Quid
1972 1544 2071 1614 igi-

496 1636 584 1680 tur
618 1627 901 1682 Christus?
939 1628 1050 1699 Ego
1085 1632 1298 1695 veniam,
1328 1640 1375 1684 et
1411 1632 1598 1685 curabo
1624 1649 1737 1686 eum
1761 1631 1866 1705 (Ib.
1908 1650 1956 1688 υ.
1989 1633 2066 1707 7).

495 1717 748 1772 Centurio
769 1726 943 1772 autem
972 1734 1076 1773 non
1101 1720 1328 1775 audebat
1353 1721 1617 1777 medicum
1645 1723 1696 1776 in
1721 1723 1938 1778 domum
1965 1733 2072 1778 tra-

498 1805 649 1872 here,
677 1815 732 1861 at
756 1808 1060 1865 misericors
1094 1810 1181 1864 ille
1217 1820 1407 1880 sponte
1434 1827 1525 1866 sua
1554 1813 1900 1884 pollicebatur
1923 1830 1980 1870 se
2011 1817 2075 1868 il-

498 1897 583 1951 luc
610 1898 826 1963 iturum,
856 1909 912 1954 ut
936 1915 1149 1954 causam
1170 1909 1224 1956 et
1263 1904 1596 1958 occasionem
1641 1905 1715 1960 illi
1759 1907 1932 1973 daret,
1971 1923 2071 1977 qua

497 1988 745 2044 virtutem
770 2005 919 2045 suam
944 1991 1095 2046 nobis
1121 1992 1433 2050 declararet.
1466 1996 1726 2051 Pracscius
1763 1999 1903 2052 enim
1948 1999 2071 2069 quid

499 2080 591 2134 ille
614 2080 855 2137 dicturus
883 2093 1018 2147 erat,
1052 2083 1316 2151 pollicitus
1345 2095 1426 2140 est
1467 2103 1526 2142 se
1549 2086 1854 2154 all'uturum,
1886 2098 1942 2142 ut
1973 2090 2073 2144 viri

500 2172 748 2242 pietatem
769 2174 1023 2230 disceres.
1055 2175 1190 2241 Quid
1229 2177 1372 2231 enim
1410 2179 1485 2232 ait
1523 2180 1795 2233 centurio?
1840 2178 2073 2248 Domine,

501 2280 604 2318 non
648 2281 761 2318 sum
799 2265 1003 2336 dignus,
1036 2277 1090 2320 ut
1127 2269 1282 2322 intres
1322 2270 1412 2323 sub
1441 2279 1620 2324 tectum
1663 2287 1829 2325 meum
1871 2271 1974 2341 (Ib.
2022 2285 2076 2325 υ.

501 2353 582 2423 8).
614 2353 795 2424 Neque
823 2356 992 2410 morbi
1025 2360 1313 2413 necessitas
1350 2375 1472 2414 eum
1517 2375 1548 2414 a
1597 2361 1792 2430 pietate
1833 2371 2078 2416 avertere

501 2445 735 2512 valebat,
769 2461 835 2501 ne
873 2448 1245 2504 excellentiam
1277 2449 1486 2504 Domini
1511 2459 1812 2518 testaretur,
1836 2451 1994 2507 etiam
2025 2452 2076 2506 in

508 2547 660 2592 tanta
686 2540 1013 2596 calamitate.
1050 2541 1350 2614 Eapropter
1365 2545 1500 2600 dicit
1521 2565 1535 2600 :
1560 2546 1660 2601 Dic
1681 2529 1882 2601 tantum
1902 2549 2073 2612 verbo,

506 2636 558 2680 et
577 2626 858 2681 sanabitur
870 2646 1002 2698 puer
1025 2648 1190 2687 meus.
1208 2633 1352 2686 Nam
1369 2645 1418 2689 et
1434 2651 1527 2705 ego
1554 2636 1709 2691 homo
1724 2655 1863 2702 sum,
1881 2638 2076 2694 habens

508 2715 606 2768 sub
634 2732 717 2770 me
749 2717 970 2786 milites,
992 2730 1042 2775 et
1065 2723 1183 2776 dico
1209 2722 1351 2788 huic,
1370 2726 1517 2791 vade,
1547 2735 1596 2779 et
1624 2727 1769 2782 vadit
1789 2739 1874 2785 :et
1895 2729 2076 2798 alteri,

507 2809 891 2873 veni,etoeuit:
912 2820 963 2865 et
979 2829 1126 2869 servo
1147 2831 1281 2882 meo,
1303 2816 1390 2885 fac
1407 2817 1583 2881 hoc,et
1597 2819 1727 2888 facit
1741 2819 1848 2888 (Ib.
1867 2837 1915 2876 υ.
1930 2829 1980 2878 8.
1995 2821 2076 2880 9).

574 2896 658 2950 Ad
681 2913 877 2952 servum
902 2897 1086 2953 dicitur
1107 2903 1211 2972 fac,
1252 2902 1320 2954 ad
1346 2903 1591 2973 (aqualem
1613 2905 1878 2975 faciamus.
1899 2936 1970 2946 —
1989 2906 2081 2960 Vi-

504 2986 602 3042 des
628 2989 866 3053 verbum,
898 2993 1002 3061 fac,
1033 3005 1151 3046 esse
1180 2991 1380 3047 domini
1418 2993 1485 3048 ad
1524 3010 1736 3050 servum
1783 2997 2080 3067 loquentis?

505 3080 596 3147 At,
643 3081 910 3152 faciamus,
953 3084 1170 3138 verbum
1214 3093 1300 3140 est
1341 3084 1458 3154 cjus
1499 3087 1582 3140 cui
1624 3087 1841 3158 mqualis
1888 3087 2078 3142 honor.

503 3172 729 3242 Quando
771 3173 913 3228 enim
963 3189 1118 3230 servo
1158 3175 1403 3230 dominus
1450 3176 1700 3247 loquitur,
1729 3178 1900 3245 dicit,
1951 3182 2032 3250 fac
2063 3193 2083 3231 :

505 3262 719 3335 quando
748 3275 924 3318 autem
970 3265 1126 3320 Pater
1166 3265 1318 3332 Filio,
1346 3266 1494 3329 dicit,
1524 3265 1789 3334 faciamus.
1818 3269 1972 3335 Quid,
2003 3269 2082 3322 in-

506 3355 622 3425 quit
649 3353 1001 3423 (hzereticus),
1038 3355 1082 3408 si
1126 3357 1366 3410 centurio
1402 3357 1470 3408 ita
1511 3355 1876 3425 suspicabatur
1905 3358 1921 3389 ³
1951 3373 1966 3410 :
1995 3373 2083 3412 res

507 3453 682 3498 autem
705 3460 808 3497 non
834 3444 913 3497 sic
937 3459 994 3498 se
1022 3444 1287 3500 habebat?
1313 3445 1447 3499 Num
1474 3447 1748 3515 apostolus
1781 3456 1864 3502 est
1891 3457 2081 3502 centu-

508 3535 623 3587 rio?
653 3549 776 3587 uum
805 3533 1116 3605 discipulus,
1148 3546 1206 3590 ut
1245 3537 1409 3606 ipsius
1435 3537 1609 3591 verbis
1635 3536 1952 3592 credamus?
1976 3538 2078 3592 Vc-

507 3623 730 3680 risimile
757 3633 841 3680 est
860 3640 980 3680 eum
1023 3641 1249 3682 errasse.
1295 3627 1460 3692 Bene,
1514 3644 1618 3682 non
1666 3638 1748 3684 est
1787 3629 2097 3700 apostolus-

508 3715 647 3784 Quid
671 3718 836 3788 ergo?
867 3717 1148 3774 Videamus
1187 3719 1330 3790 quod
1375 3722 1632 3789 sequitur.
1673 3721 1809 3776 Num
1851 3722 2082 3776 correxit

509 3811 682 3880 ipsqu
715 3809 993 3866 Christus?
1031 3827 1157 3866 num
1188 3811 1480 3882 increpavit
1508 3823 1564 3867 ut
1591 3813 1811 3881 lapsum,
1839 3821 1892 3866 ct
1921 3827 2080 3881 prava

509 3901 755 3972 dogmata
781 3903 1144 3974 ingerentem?
1171 3920 1294 3958 num
1321 3904 1452 3959 dixit
1489 3904 1552 3959 ad
1598 3905 1792 3974 ipsum,
1835 3903 1940 3958 Cur
1981 3903 2085 3960 hoc

511 3993 662 4059 iacis,
686 3993 879 4050 homo?
908 3995 1161 4065 Majorem
1183 3995 1250 4050 de
1274 4011 1360 4051 me
1385 3995 1552 4049 habes
1577 3995 1900 4063 opinionem,
1924 4009 2081 4064 quam

511 4102 607 4158 par
631 4096 750 4144 est:
781 4087 928 4158 plura
957 4086 1088 4142 mihi
1117 4088 1326 4156 tribuis,
1368 4102 1525 4158 quam
1553 4088 1679 4141 mihi
1712 4085 1991 4152 debentur,
2018 4102 2084 4142 ex

509 4180 821 4235 auctoritate
848 4188 1003 4251 putas
1032 4194 1116 4234 me
1142 4180 1422 4249 imperare,
1450 4194 1570 4233 cum
1597 4194 1700 4233 non
1737 4178 1807 4232 sit
1833 4177 1956 4232 mihi
1987 4193 2084 4231 au-

507 4273 746 4328 ctoritas.
774 4270 909 4328 Num
935 4271 1068 4327 dixit
1092 4271 1196 4326 tale
1219 4269 1382 4341 quid?
1411 4270 1622 4326 Minime
1640 4311 1657 4338 ,
1702 4269 1799 4325 sed
1835 4268 2087 4324 stabilivit

510 4363 654 4419 illius
681 4364 1018 4429 sententiam,
1052 4371 1108 4418 et
1141 4363 1486 4434 sequentibus
1523 4362 1657 4417 dixit
1703 4379 1719 4416 :
1770 4361 1926 4415 Amen
1972 4360 2087 4416 dico

511 4456 645 4509 ecbis
671 4496 688 4521 ,
742 4471 898 4525 neque
921 4457 974 4510 in
1010 4455 1177 4509 Israel
1221 4465 1412 4509 tantam
1454 4455 1607 4524 ﬁdem
1646 4453 1810 4507 inveni
1851 4451 2010 4526 (Ibid.
2035 4468 2082 4506 υ.

515 4545 627 4612 10).
659 4544 820 4613 Igitur
852 4545 1106 4600 Dominus
1146 4545 1412 4601 laudando
1445 4546 1723 4601 confirmat
1762 4545 2086 4600 centurionis

511 4633 694 4688 verba.
719 4633 837 4689 Jam
865 4635 1008 4689 enim
1039 4650 1142 4688 non
1170 4644 1294 4690 sunt
1318 4637 1642 4691 centurionis
1665 4636 1955 4703 verba,sed
1978 4635 2087 4690 Do-

513 4723 642 4779 mini
665 4725 945 4780 sententia.
975 4724 1128 4792 Quod
1157 4727 1298 4778 enim
1323 4726 1437 4794 ipse
1467 4725 1665 4794 laudat,
1681 4736 1736 4781 et
1761 4727 1964 4782 calculo
1988 4741 2087 4782 suo

515 4825 782 4887 tamquam
811 4817 948 4872 bene
965 4817 1164 4873 dictum
1203 4819 1479 4887 approbat,
1511 4835 1609 4889 pro
1645 4821 1825 4875 divino
1868 4821 2089 4876 oraculo

514 4906 813 4962 habendum
834 4908 1334 4963 est:auctoritatem
1362 4909 1503 4963 enim
1545 4923 1777 4980 superne
1812 4925 1843 4964 a
1889 4910 2088 4966 Christi

512 4997 858 5068 reSponsione
877 4997 1060 5053 sumit.

581 5090 635 5145 5.
691 5089 836 5144 Vetus
860 5089 1228 5146 Testamentum
1253 5108 1369 5147 cum
1393 5109 1520 5148 novo
1548 5104 1810 5148 consonat.
1834 5124 1906 5135 —
1927 5094 2090 5150 Vides

460 5251 462 5260 γ
513 5190 570 5234 ut
598 5179 805 5234 Novum
837 5179 1016 5236 Veteri
1047 5192 1305 5237 consonet
1333 5183 1748 5251 Testamentum,
1791 5192 1845 5238 et
1881 5192 2087 5238 utrum-

455 5270 460 5279 '
512 5285 616 5339 que
645 5272 1007 5328 auctoritatem
1037 5271 1232 5329 Christi
1263 5274 1495 5330 indicet?
1524 5275 1659 5344 Quid
1685 5276 1880 5347 igitur?
1902 5275 2089 5331 Facie-

514 5362 602 5416 bat
621 5362 834 5433 quidem
860 5365 1149 5434 hominem,
1179 5367 1273 5424 sed
1312 5378 1371 5424 ut
1405 5369 1650 5423 minister
1693 5367 1957 5424 iaciebat?
1986 5369 2088 5425 Sed

579 5538 594 5569 ⁸
634 5541 970 5606 Hjc_errorem
1002 5548 1267 5606 susmcatur
1305 5557 1520 5606 nuperus
1571 5544 1792 5606 quidam;
1839 5543 1926 5593 sed
1959 5543 2091 5593 locus

513 5594 834 5710 ξξᾶιῶιιέὺθι.
856 5611 966 5652 Μαι
993 5594 1348 5668 απῇεοειοωιιε
1371 5594 1645 5656 Iinomozu'm
1667 5606 1770 5656 haec
1780 5594 2092 5668 obiicientem

2166 367 2287 422 audi
2312 367 2471 423 verba
2495 383 2614 438 quae
2643 377 2951 438 sequuntur.
2980 379 3036 423 et
3059 369 3248 424 desiste
3267 373 3327 427 ab
3352 374 3662 446 intempestiva

2164 459 2523 514 contentione.
2557 458 2843 514 Enimvero
2888 470 2945 514 ut
2979 460 3131 524 dixit,
3174 459 3422 520 Faciamus
3448 467 3666 527 hominem

2167 547 2317 621 (Gen.
2350 551 2401 605 Ι.
2429 549 2523 620 26)
2556 565 2571 602 :
2609 565 2714 603 non
2741 549 2890 613 dixit,
2929 549 3215 604 secundum
3260 552 3513 624 imaginem
3551 573 3668 614 tuam

2166 642 2446 705 minorem,
2475 656 2646 710 neque
2661 641 2952 695 secundum
2971 641 3246 710 imaginem
3265 657 3425 698 meam
3442 648 3677 717 majorem.

2166 731 2260 788 sed
2291 732 2579 787 Secundum
2603 733 2872 802 imaginem
2896 743 3149 798 nostram,
3177 749 3357 803 nempe
3378 736 3581 791 indicans
3596 735 3674 796 Pa.

2167 827 2266 880 tris
2293 834 2346 879 et
2369 822 2486 878 Filii
2515 824 2793 893 imaginem
2824 838 2980 877 unam
3007 839 3146 878 esse.
3165 823 3274 878 Non
3296 827 3426 880 enim
3441 826 3557 880 dixit
3577 827 3682 879 ima-

2167 918 2338 987 gines,
2381 915 2475 970 sed
2520 914 2800 986 Imaginem
2836 924 3093 979 nostram;
3133 929 3234 968 non
3277 916 3410 968 enim
3445 917 3547 969 dum
3583 928 3680 971 sunt

2171 1007 2475 1076 iumquales,
2508 1004 2601 1059 sed
2633 1020 2736 1058 una
2766 1015 2820 1058 et
2841 1003 3028 1059 eadem
3068 1005 3282 1074 aequalis
3310 1006 3468 1060 Patris
3503 1006 3684 1073 Filiiqne

2170 1096 2364 1165 imago.
2397 1094 2549 1150 Unde
2574 1103 2628 1148 et
2653 1109 2684 1148 a
2709 1094 2914 1148 dextris
2952 1094 3104 1163 jubet
3140 1093 3342 1158 sedere,
3376 1103 3432 1148 ut
3470 1098 3681 1164 aequalem

2173 1186 2452 1252 honorem,
2481 1195 2535 1240 et
2564 1194 2876 1255 potestatem
2910 1202 3013 1239 non
3057 1184 3358 1240 inferiorem
3397 1187 3571 1240 discas.
3608 1188 3687 1241 lli-

2172 1278 2338 1333 nistcr
2357 1279 2497 1332 enim
2525 1293 2631 1331 non
2661 1276 2844 1341 sedet,
2872 1276 2964 1331 sed
2993 1284 3187 1330 adstat.
3216 1275 3344 1330 Nam
3377 1276 3506 1344 quod
3537 1277 3689 1331 sedere

2174 1370 2454 1424 dominicae
2505 1369 2782 1440 potestatis
2823 1368 2928 1433 sit,
2972 1367 3182 1421 adstare
3223 1367 3424 1422 servilis
3462 1376 3512 1422 et
3543 1367 3688 1435 subje-

2173 1473 2273 1516 cta:
2306 1460 2656 1526 conditionis,
2687 1460 2810 1515 audi
2855 1459 3126 1530 quomodo
3166 1459 3350 1514 Daniel
3385 1459 3545 1514 dicat:
3573 1459 3690 1526 Aspi-

2174 1554 2363 1606 ciebam
2401 1552 2559 1606 donec
2585 1552 2733 1622 positi
2760 1561 2876 1605 sunt
2901 1550 3091 1614 throni,
3121 1559 3168 1604 et
3194 1550 3421 1619 antiquus
3442 1549 3612 1602 dierum
3632 1565 3690 1601 se-

2175 1643 2248 1696 dit
2275 1659 2296 1697 :
2323 1642 2486 1696 decies
2512 1642 2650 1696 mille
2672 1641 2922 1711 mgriades
2946 1639 3295 1694 ministrabant
3316 1639 3381 1702 ei,
3410 1647 3453 1691 et
3475 1637 3594 1691 mille
3609 1637 3697 1690 mil-

2178 1735 2248 1787 lia
2272 1732 2562 1787 assistebant
2590 1733 2636 1786 ei
2663 1730 2824 1803 (Dan.
2853 1732 2906 1787 7.
2938 1731 2992 1787 9.
3023 1729 3138 1799 10).
3172 1729 3240 1784 Et
3268 1732 3452 1784 iterum
3481 1728 3701 1782 llesaias'.

2187 1823 2424 1878 Videbam
2449 1822 2724 1876 Dominum
2743 1823 2991 1876 sedentem
3017 1838 3171 1890 super
3190 1821 3420 1873 thronum
3439 1819 3652 1872 excelsum
3668 1828 3702 1869 et

2178 1915 2442 1979 elevatuni,
2476 1923 2526 1967 et
2572 1913 2844 1982 Seraphin:
2869 1910 3065 1965 stabant
3088 1911 3143 1963 in
3173 1909 3382 1962 circuitu
3407 1910 3506 1977 ejus
3533 1905 3701 1975 (Ilesai.

2179 2008 2231 2060 6.
2267 2005 2340 2075 1).
2381 2003 2629 2058 Michmas
2653 2012 2868 2057 autem:
2905 2000 3018 2054 Vidi
3063 1999 3340 2053 Dominum
3391 1997 3542 2050 Deum
3579 1994 3710 2046 Israel

2178 2097 2428 2151 sedentem
2449 2113 2600 2167 super
2629 2097 2860 2149 thronum
2885 2109 3051 2156 suum,
3081 2101 3129 2146 et
3159 2092 3321 2145 ontnis
3357 2089 3589 2143 exercitus
3620 2087 3707 2139 cali

2179 2191 2344 2244 stabat
2369 2206 2401 2243 a
2427 2189 2614 2242 dextris
2638 2189 2746 2258 ejus
2765 2197 2810 2240 et
2830 2203 2862 2238 a
2881 2185 3101 2240 sinistris
3131 2184 3242 2254 ejus
3265 2183 3339 2252 (3.
3365 2180 3486 2251 Reg.
3512 2178 3592 2232 22.
3619 2176 3709 2244 l9).

2180 2280 2342 2336 Vides
2391 2279 2586 2350 ubique
2628 2291 2886 2347 supernas
2928 2276 3154 2330 virtutes
3197 2275 3529 2335 assistentes,
3573 2270 3712 2338 ipsmn

2179 2383 2355 2428 autem
2387 2370 2701 2428 sedentem?
2729 2367 2858 2424 Cum
2886 2368 3042 2438 igitur
3064 2366 3268 2421 videris
3295 2375 3348 2420 et
3370 2364 3549 2419 Filium
3569 2359 3715 2415 sedem

2180 2479 2210 2517 a
2258 2462 2460 2517 dextris
2519 2459 2842 2524 habentem,
2890 2474 2994 2513 non
3050 2457 3408 2511 ministrantis
3453 2452 3715 2522 dignitatem

2181 2554 2464 2626 quamdam
2494 2559 2666 2623 putes,
2699 2552 2792 2606 sed
2834 2548 3079 2604 habentis
3114 2546 3484 2601 auctoritatem
3525 2537 3716 2594 domini-

2182 2661 2322 2700 cam.
2350 2644 2550 2700 ldcirco
2577 2651 2632 2698 et
2659 2642 2851 2697 Paulus
2877 2656 2996 2695 cum
3027 2648 3259 2709 utraque
3284 2637 3470 2698 sciret,
3499 2631 3622 2703 quod
3646 2629 3723 2682 ad.

2183 2747 2326 2793 stare
2364 2736 2778 2792 ministrantium
2808 2735 2896 2797 sit,
2925 2732 3118 2788 sedere
3163 2740 3345 2786 autem
3393 2724 3725 2797 imperantium

2183 2835 2238 2883 et
2265 2826 2684 2897 praesidentium,
2709 2823 2831 2879 vide
2858 2821 3130 2893 quomodo
3176 2822 3295 2876 haec
3333 2819 3620 2888 distinguat,
3657 2813 3725 2866 di-

2183 2934 2312 2974 cens
2336 2936 2348 2972 :
2373 2917 2574 2989 Angelis
2602 2915 2802 2986 quidem
2819 2915 2924 2970 suis
2945 2914 3132 2983 inquit,
3159 2913 3265 2980 Qui
3289 2911 3411 2983 facit
3431 2908 3618 2978 angelos
3630 2920 3728 2960 suos

2184 3011 2410 3080 spiritus,
2434 3017 2480 3062 et
2505 3008 2758 3061 ministros
2786 3023 2902 3060 suos
2929 3005 3195 3075 ﬂammam
3227 3003 3398 3073 ignis;
3422 3000 3550 3054 Filio
3567 3005 3728 3056 autent.

2189 3099 2418 3156 Thronus
2439 3109 2552 3154 tuus
2580 3099 2718 3153 Deus
2741 3099 2793 3151 in
2819 3097 3059 3152 saeculum
3083 3096 3265 3150 sa'culi
3297 3093 3481 3166 (Hebr.
3520 3093 3566 3146 l.
3590 3090 3639 3143 Ἰ.
3664 3087 3730 3156 8).

2187 3208 2282 3262 per
2321 3192 2569 3247 thronum
2614 3190 2812 3261 regiam
2861 3197 3188 3258 potestatem
3237 3187 3541 3255 designans.
3587 3180 3735 3246 Itaque

2186 3299 2309 3339 cum
2335 3297 2511 3338 sermo
2543 3291 2724 3336 noster
2762 3281 2980 3335 omnino
3017 3277 3263 3348 probarit
3309 3277 3430 3334 Filii
3467 3267 3735 3338 dignitatem

2188 3391 2295 3430 non
2315 3375 2582 3440 servilem,
2605 3372 2698 3429 sed
2721 3372 2942 3428 herilem
2986 3385 3131 3437 esse,
3177 3371 3471 3439 adoremus
3507 3366 3660 3432 ipsum
3695 3365 3738 3411 ut

2190 3465 2473 3522 Dominum
2524 3473 2578 3519 et
2608 3463 2750 3518 Patri
2780 3463 2982 3517 honore
3009 3462 3346 3530 comqualem
3380 3476 3394 3510 :
3425 3457 3500 3511 sic
3537 3453 3663 3510 enim
3697 3457 3743 3502 et

2191 3559 2306 3628 ipse
2335 3556 2587 3627 praecepit
2614 3571 2734 3609 cum
2762 3554 2916 3620 dixit,
2947 3553 3015 3609 Ut
3040 3569 3222 3608 omnes
3268 3553 3511 3604 honorent
3559 3543 3744 3601 Filium,

2187 3653 2316 3706 sicut
2355 3651 2602 3704 honorant
2643 3648 2849 3702 Patrem
2887 3646 3065 3719 (Ioan.
3110 3647 3167 3702 5.
3213 3645 3338 3716 25).
3387 3639 3745 3708 Coniungamus

2192 3745 2315 3797 item
2343 3741 2635 3797 sinceritati
2674 3740 2978 3810 dogmatum
3016 3739 3360 3808 diligentiam
3399 3736 3518 3789 vitae
3555 3739 3606 3785 ct
3639 3740 3753 3795 opes

2191 3851 2328 3899 rum,
2359 3845 2414 3888 ut
2443 3849 2512 3888 ne
2539 3832 2852 3888 dimidiatim
2882 3847 3001 3901 qum
3024 3831 3094 3886 ad
3122 3840 3376 3886 nostram
3407 3826 3624 3881 salutem
3644 3831 3745 3887 spe-

2187 3934 2333 3980 ctaut
2361 3933 2633 3979 curentur.

2271 4015 2474 4070 Versari
2492 4017 2544 4069 in
2581 4014 2778 4085 templis
2801 4013 2942 4067 debet
2971 4013 3179 4067 assidue
3206 4011 3549 4068 Christianus.
3572 4033 3640 4047 ——
3655 4001 3751 4058 lam

2191 4109 2312 4162 vita:
2337 4106 2662 4176 diligentiam
2689 4113 2745 4160 et
2773 4105 3054 4173 puritatem
3082 4103 3225 4158 nihil
3248 4103 3332 4158 sic
3368 4100 3535 4158 efﬁcit
3567 4105 3619 4153 et
3653 4107 3757 4148 coro

2190 4201 2332 4270 rigit.
2365 4208 2421 4254 ut
2445 4197 2694 4268 frequens
2718 4196 2802 4253 hic
2821 4205 3138 4262 conventus,
3171 4204 3233 4252 et
3265 4196 3450 4250 alacre
3472 4191 3537 4247 ad
3563 4186 3754 4244 audien-

2191 4293 2317 4348 dum
2345 4292 2566 4347 verbum
2605 4291 2702 4346 Dei
2745 4289 3001 4344 studium.
3051 4288 3214 4357 Quod
3271 4287 3420 4343 enim
3463 4279 3662 4352 corpori
3695 4283 3760 4331 est

2191 4385 2362 4449 cibus,
2413 4384 2514 4438 hoc
2557 4383 2748 4438 animae
2789 4381 3088 4436 divinorum
3129 4381 3483 4450 eloquiorum
3523 4371 3756 4430 doctrina.

2195 4475 2247 4530 Ν
2251 4492 2316 4531 on
2339 4475 2471 4529 enim
2498 4475 2551 4528 in
2575 4472 2686 4528 solo
2712 4489 2840 4542 pane
2859 4472 2974 4525 vivit
2999 4472 3173 4534 homo,
3197 4472 3294 4525 sed
3319 4480 3366 4525 et
3389 4469 3444 4524 in
3468 4465 3602 4523 omni
3621 4458 3761 4519 verba.

2189 4565 2322 4637 quod
2359 4564 2582 4635 procedit
2621 4563 2684 4618 de
2719 4579 2805 4617 ore
2837 4560 2934 4616 Dei
2965 4560 3144 4633 (Deut.
3184 4562 3243 4618 8.
3272 4563 3311 4618 5
3353 4558 3585 4627 ;Matth.
3621 4555 3669 4608 4.
3698 4550 3760 4618 ι).

2193 4657 2328 4712 llinc
2355 4665 2411 4711 et
2435 4653 2600 4710 fames
2629 4653 2810 4708 induci
2844 4653 3004 4720 solet,
3037 4655 3078 4707 si
3113 4653 3250 4708 huic
3281 4666 3489 4707 mensa:
3515 4662 3617 4704 non
3642 4656 3764 4700 com‘

2193 4747 2511 4802 municetur.
2553 4743 2691 4799 Audi
2728 4742 2907 4813 itaque
2933 4742 3033 4798 hac
3057 4742 3126 4797 de
3156 4758 3222 4797 re
3251 4742 3699 4797 interminanteni,
3724 4738 3766 4784 et

2193 4838 2386 4892 famem
2412 4835 2548 4890 hanc
2581 4834 2633 4890 in
2668 4833 2858 4889 ordine
2887 4831 3285 4902 suppliciorum
3313 4841 3375 4887 et
3400 4841 3672 4900 pcnnarum
3700 4822 3764 4876 in-

2193 4936 2506 4982 tentantem.
2531 4923 2673 4979 Dabo
2697 4925 2828 4979 enim
2863 4923 2956 4990 eis,
3003 4921 3202 4990 inquit,
3249 4938 3360 4976 non
3401 4925 3588 4992 famem
3627 4912 3763 4984 panis.

2193 5033 2351 5085 neque
2371 5017 2503 5070 sitim
2531 5032 2696 5086 aquae,
2739 5015 2828 5070 sed
2857 5019 3040 5085 famem
3066 5013 3329 5067 audiendi
3370 5025 3648 5067 sermonem
3681 5001 3764 5058 υυο

2193 5108 2516 5177 mini(Amos
2562 5107 2616 5162 8.
2650 5105 2763 5177 ll).
2817 5103 3091 5172 Quomodo
3136 5103 3315 5173 igitur
3359 5119 3470 5158 non
3517 5095 3765 5156 absurdum

2194 5217 2294 5272 pro
2318 5201 2578 5271 corporali
2608 5200 2744 5254 tame
2769 5196 3073 5267 repellenda
3103 5195 3300 5252 facere
3317 5206 3376 5252 et
3399 5202 3658 5252 attentare
3678 5197 3764 5281 θηξ-

2195 5291 2304 5357 nia,
2336 5291 2527 5346 anima:
2548 5301 2725 5346 autem
2768 5289 2962 5344 fantem
3000 5296 3202 5357 sponte
3243 5303 3518 5358 quaerere,
3563 5285 3771 5352 quaums

2196 5383 2365 5438 multo
2393 5383 2603 5453 gravior
2631 5383 2718 5446 sit,
2748 5389 2947 5449 quanto
2975 5377 3188 5433 scilicet
3210 5379 3439 5446 gravius
3466 5387 3550 5432 est
3577 5369 3772 5430 et‘dam'

2197 5476 2362 5531 num?
2389 5476 2493 5530 Oro
2517 5482 2571 5529 ct
2599 5473 2860 5543 supplico,
2893 5487 2961 5527 ne
3000 5481 3106 5526 tam
3153 5472 3309 5526 male
3351 5471 3514 5526 nobis
3555 5461 3773 5523 consula.

2199 5581 2338 5632 mus,
2366 5565 2459 5621 sed
2489 5565 2798 5635 przeferatur
2825 5561 2914 5616 hic
2943 5570 3253 5618 Cianeﬂllls
3276 5557 3712 5631 occupationibus
3731 5553 3774 5601 et

2199 5659 2340 5714 curis
2367 5660 2630 5712 omnibus.
2659 5655 2794 5722 Quid
2815 5655 2954 5711 enim
2974 5661 3184 5709 tantum
3217 5654 3424 5710 lucrari
3447 5662 3612 5721 potes.
3635 5655 3778 5715 ηιιειν
