3980 6184
327 297 436 354 799

315 417 508 474 αὐτοῦ
535 417 812 490 ἐγένετω
871 413 1041 484 Οὗτος
1083 423 1182 493 μὲν
1226 417 1319 476 οῦν
1371 423 1432 477 τὸ
1463 423 1710 489 άνενδεὲς
1743 427 1904 481 αὑτοῦ

312 502 686 574 παρέστησεν,
719 503 749 554 6
777 503 1076 569 δὲἯσαῖας
1105 506 1267 560 πάλιν
1294 508 1421 578 περὶ
1448 507 1544 560 τοῦ
1572 510 1908 578 Μονογενοῦς

310 583 412 636 τοῦ
442 583 580 636 Θεοῦ
615 583 790 651 λέγων
818 583 962 638 οὑτω
1003 585 1121 651 πώς
1159 604 1322 657 φησι·
1361 589 1467 642 Καὶ
1498 591 1903 660 θελήσουσιν,

310 668 369 720 εἰ
391 665 775 736 ἐγενήθησαν
791 670 1212 736 πυρίκαυστοι,
1238 671 1328 724 ὅτι
1355 673 1597 726 παιδίον
1613 674 1904 744 ἐγεννήθη

312 751 482 819 ἡμῖν,
509 751 639 817 υίὸς
659 752 758 805 καί
781 751 960 820 ἐδόθη
985 753 1149 823 ἡμῖν,
1183 756 1283 810 καὶ
1332 756 1599 811 καλεῖται
1622 758 1690 811 τὸ
1719 759 1908 828 ὄνομα

311 835 505 889 αὐτοῦ
556 834 829 905 μεγάλης
889 837 1140 904 ,βουλῆς
1192 838 1486 908 ἅγγελος,
1559 844 1906 912 θαυμαστὸς

313 920 687 988 σύμϐουλος.
744 920 853 972 Καὶ
900 921 949 973 εἰ
997 919 1310 991 θαυμαστὸς
1353 923 1678 994 σύμεουλος,
1731 925 1848 989 πῶς
1877 929 1906 979 6

316 1002 530 1066 Παῦλός
570 1019 733 1072 φησι·
778 1003 874 1069 Τίς
912 1006 1023 1073 τὰρ
1065 1005 1218 1072 ἔγνω
1249 1006 1400 1060 νοῦν
1427 1009 1654 1076 Κυρίου
1731 1009 1765 1076 ἢ
1816 1010 1906 1076 τίς

312 1087 666 1154 σύμϐουλος
721 1085 910 1139 αὐτοῦ
960 1085 1231 1156 ἐγένετο;
1258 1089 1380 1142 Ὅτι
1424 1092 1452 1143 6
1511 1092 1606 1160 μὲν
1647 1091 1852 1156 Παῦλος
1885 1131 1901 1156 ,

319 1168 503 1232 καθὼς
529 1167 703 1237 ἔφθην
735 1167 928 1234 εἰπὼν,
978 1169 1038 1222 τὸ
1075 1171 1324 1234 ἀνενδεές
1352 1173 1447 1225 τοῦ
1477 1174 1692 1245 [Ia-:96;
1723 1193 1903 1246 παρα-

315 1251 514 1320 στῆσαι
558 1249 829 1320 βούλεται,
883 1253 912 1304 6
954 1251 1011 1305 δέ
1065 1255 1355 1325 προφήτης
1396 1256 1458 1308 τὸ
1497 1257 1760 1327 ὁμότιμον
1809 1259 1902 1311 τοῦ

311 1333 674 1402 Μονογενοῦς.
701 1332 800 1385 Διά
821 1333 979 1386 τοῦτο
999 1336 1094 1389 καὶ
1112 1336 1345 1390 ἐνταῦθα
1362 1339 1462 1392 οὑκ
1483 1333 1625 1404 εἶπε,
1650 1341 1900 1412 Ποίησον,

307 1417 469 1479 ἀλλὰ,
505 1418 886 1486 Ποιήσωμεν·
908 1419 970 1472 τὸ
999 1419 1132 1490 γὰρ,
1164 1423 1456 1491 Ποίησον,
1499 1425 1766 1495 ἐπιταγῆς
1787 1427 1902 1481 ἐστι

311 1501 455 1570 πρὸς
489 1499 675 1554 δοῦλον
708 1503 1024 1575 γινομένης,
1062 1506 1159 1558 καὶ
1187 1507 1346 1578 δῆλον
1393 1509 1662 1564 ἐντεῦθεν.
1715 1512 1891 1582 Προσ-

310 1582 448 1654 ’ῆλθε
478 1598 602 1638 ποτε
624 1584 1028 1657 ἑκατοντάρχης
1055 1587 1133 1658 τῷ
1169 1589 1366 1660 Ἰησοῦ,
1396 1592 1489 1646 καί
1511 1609 1678 1663 φησι·
1700 1595 1897 1662 Κύριε,

308 1669 348 1719 ό
378 1666 522 1732 παῖς
529 1683 645 1735 μου
660 1668 955 1736 βέϐληται
975 1671 1044 1722 έν
1064 1669 1138 1739 τῇ
1164 1673 1322 1740 οἰκίᾳ
1349 1675 1753 1743 παραλυτικὸς
1785 1676 1901 1730 δει-

306 1748 432 1815 νῶς
456 1749 954 1819 βασανιζόμενος.
987 1753 1051 1805 Τί
1079 1749 1172 1807 οὖν
1191 1755 1221 1806 6
1238 1757 1500 1825 Χριστός;
1535 1757 1682 1826 Ἐγὼ
1706 1759 1902 1814 ἐλθὼν

303 1835 666 1900 θεραπεύσω
710 1837 917 1890 αὐτόν.
981 1838 1038 1890 Ὀ
1089 1839 1186 1908 μὲν
1233 1835 1328 1894 οὖν
1359 1842 1763 1914 ἑκατοντάρχης
1799 1844 1900 1897 οὑκ

302 1917 612 1990 ἐτόλμησεν
655 1918 884 1972 ἑλκύσαι
919 1919 1009 1973 τὸν
1059 1922 1241 1993 ἰατρὸν
1289 1924 1370 1987 εἰς
1405 1926 1506 1996 τὴν
1543 1926 1754 1992 οἰκίαν,
1783 1926 1811 1978 6
1843 1926 1899 1980 δὲ

302 2001 567 2072 κηδεμὼν
601 2002 694 2055 καὶ
728 2000 1112 2073 φιλάνθρωπος
1150 2005 1592 2076 αὐτεπάγγελτος
1633 2009 1901 2080 ὑπέσχετο

304 2086 624 2156 βαδιεῖσθαι
679 2089 881 2152 ἐκεῖσε,
939 2090 1023 2141 ἵνα
1066 2088 1320 2162 ἀφορμὴν
1367 2091 1444 2162 δῷ
1485 2094 1581 2146 καὶ
1622 2094 1900 2165 πρόφασιν

301 2171 505 2240 ἐκείνῳ
539 2171 640 2242 τὴν
671 2171 873 2242 ἀρετὴν
905 2174 1039 2244 ἡμῖν
1066 2173 1327 2237 ἐπιδεῖξαι
1361 2175 1460 2246 τὴν
1492 2177 1709 2231 ἑαυτοῦ.
1730 2177 1901 2242 Εἰδὼς

301 2254 420 2322 γὰρ
449 2255 594 2324 ἆπερ
627 2253 852 2324 ἔμελλεν
893 2257 1100 2320 ἐκεῖνος
1133 2258 1296 2326 ἐρεῖν,
1345 2258 1613 2328 ὑπέσχετο
1652 2277 1901 2334 παραγε-

301 2334 521 2396 νέσθαι,
575 2336 662 2388 ἴνα
697 2336 876 2408 μάθῃς
915 2339 1014 2410 τὴν
1040 2338 1328 2394 εὑλάὸειαν
1362 2339 1514 2413 [544]
1551 2341 1647 2396 τοῦ
1675 2343 1894 2413 ἀνδρός.

465 2419 537 2489 άρ
581 2437 748 2492 φησιν
801 2423 830 2474 6
883 2423 1324 2494 ἐκατοντάρχης;
1381 2426 1594 2492 Κύριε,
1640 2427 1753 2479 οὐκ
1784 2427 1899 2494 είμί

293 2417 537 2654 ᾷάρ
581 2437 748 2492 φησιν
801 2423 830 2474 6
883 2423 1324 2494 ἐκατοντάρχης;
1381 2426 1594 2492 Κύριε,
1640 2427 1753 2479 οὐκ
1784 2427 1899 2494 είμί

427 2507 430 2510 ’
454 2503 549 2566 ὸς.
581 2503 682 2556 ἵνα
701 2521 822 2573 μου
852 2504 971 2558 ὑπὸ
995 2504 1111 2572 τὴν
1139 2508 1366 2577 στέγην
1412 2506 1714 2576 εἰσέλθῃς.
1765 2509 1900 2562 υὺδὲ

369 2600 472 2654 της
507 2585 662 2638 νόσου
697 2587 918 2654 καὶτῆς
964 2588 1280 2654 ἀρρωστίας
1325 2591 1540 2654 ἀνάγκη
1567 2591 1667 2654 τῆς
1695 2591 1900 2654 οἰκείας

369 2585 472 2654 τῆς
507 2585 662 2638 νόσου
697 2587 918 2657 καὶτῆς
964 2588 1280 2659 ἀρρωστίας
1325 2591 1540 2660 ἀνάγκη
1567 2591 1667 2659 τῆς
1695 2591 1900 2656 οἰκείας

299 2668 473 2719 αὑτὸν
503 2667 717 2720 ἔπεισεν
775 2669 1128 2724 ἐπιλαθέσθαι
1185 2671 1492 2736 εὑλαόείας,
1548 2672 1684 2726 ἀλλὰ
1717 2676 1812 2728 καὶ
1842 2676 1899 2727 ἐν

298 2756 376 2824 τῇ
424 2754 681 2824 συμφορᾷ
718 2753 820 2823 τὴν
854 2755 1129 2826 ὑπεροχὴν
1175 2757 1511 2825 ἑπεγίνωσκε
1558 2757 1654 2810 τοῦ
1686 2754 1895 2812 Δεσπό-

298 2854 428 2889 του.
457 2837 548 2888 Διό
574 2852 759 2907 φησιν,
792 2838 942 2890 Εἰπὲ
968 2841 1152 2908 λόγῳ,
1192 2837 1292 2894 καὶ
1321 2839 1629 2906 ἰαθήσεται
1681 2844 1714 2895 ό
1758 2841 1901 2907 παῖς

299 2937 448 2987 μου.
481 2919 592 2974 Καὶ
616 2920 725 2990 γὰρ
763 2919 877 2990 ἐγὼ
903 2919 1216 2990 ἄνθρωπός
1250 2924 1368 2992 εἰμι
1405 2923 1564 2992 ἔχων
1593 2923 1695 2976 ὑπ’
1721 2924 1902 2994 ἐμαυο

300 3003 421 3054 τὸν
472 3000 856 3072 στρατιώτας,
889 3004 988 3056 καὶ
1041 3003 1198 3074 λέγω
1224 3006 1433 3069 τούτῳ,
1481 3007 1766 3072 Πορεύου,
1801 3006 1899 3062 καὶ

303 3086 644 3151 πορεύεται,
687 3087 783 3140 καί
817 3085 898 3152 τῷ
923 3085 1110 3151 ἄλλῳ,
1138 3088 1378 3156 Ἔρχου,
1406 3088 1502 3142 καί
1523 3088 1778 3156 ἔρχεται,
1802 3088 1902 3142 καὶ

299 3167 394 3233 τῷ
417 3169 618 3232 δούλῳ
639 3185 782 3238 μου,
807 3169 1076 3236 Ποίησον
1096 3169 1293 3232 τοῦτο,
1317 3169 1414 3223 καὶ
1445 3170 1617 3223 ποιεῖ.

392 3252 576 3322 Ὁρᾷς,
631 3252 714 3304 ὅτι
762 3253 842 3317 τὸ,
905 3252 1160 3324 Ποίησον,
1213 3253 1478 3305 δεσπότου
1530 3253 1665 3323 πρὸς
1715 3252 1900 3307 δοῦλόν

301 3336 431 3389 ἐστι
461 3333 882 3402 διαλεγομένου;
919 3333 1133 3388 υὺκοῦν
1173 3335 1256 3399 τὸ,
1291 3335 1666 3404 Ποιήσωμεν,
1711 3337 1900 3407 ὀμοτίυ

301 3435 422 3488 μου
447 3417 612 3481 τινός.
647 3417 817 3472 Ὅταν
845 3415 938 3471 οῦν
966 3418 1233 3490 δεσπότης
1248 3419 1417 3490 δούλῳ
1449 3419 1603 3492 λέγῃ,
1631 3421 1901 3488 Ποίησον

302 3501 498 3568 λέγει·
557 3501 686 3554 ὅταν
747 3500 805 3552 δὲ
882 3501 1072 3572 Πατὴρ
1138 3502 1252 3572 Υἰῷ
1311 3503 1662 3573 διαλέγηται,
1727 3503 1900 3571 Ποιή-

298 3599 536 3653 σωμεν.
561 3585 625 3637 Τί
656 3580 771 3647 οὖν,
811 3585 996 3654 φησὶν,
1025 3587 1072 3637 εἰ
1106 3587 1134 3638 6
1166 3585 1265 3655 μὲν
1293 3587 1698 3657 ἑκατοντάρχης
1727 3586 1902 3651 οὑτως

306 3666 627 3730 ὑπώπτευε,
658 3668 720 3720 τὸ
752 3667 809 3720 δὲ
852 3670 1086 3738 πρᾶγμα
1127 3668 1225 3739 οὑχ
1265 3667 1441 3732 οὑτως
1485 3664 1634 3739 εἶχε;
1679 3670 1754 3740 μὴ
1796 3669 1903 3740 γάρ

306 3748 614 3812 ἀπόστολός
659 3751 805 3802 ἐστιν
845 3752 873 3802 6
916 3750 1358 3822 ἑκατοντάρχης;
1404 3752 1478 3822 μὴ
1509 3751 1618 3822 γὰρ
1654 3751 1904 3822 μαθητής

306 3831 483 3894 ἐστιν,
511 3831 596 3884 ἵνα
634 3832 798 3885 αὑτοῦ
842 3833 1082 3902 δέξωμαι
1127 3833 1196 3885 τὰ
1253 3837 1507 3905 ρήματας
1540 3833 1699 3898 Εἰκὸς
1739 3835 1902 3886 αὑτὸν

307 3913 604 3980 ἐσφάλθαι,
632 3915 785 3984 φησί.
811 3915 1006 3980 Καλῶς
1025 3931 1038 3944 ·
1067 3915 1120 3968 τί
1146 3911 1273 3982 οῦν;
1307 3915 1531 3986 Ἰδωμεν
1553 3913 1647 3970 οῦν
1666 3917 1727 3970 τὸ
1754 3915 1897 3986 ἑξῆς.

308 3992 465 4067 Ἀρα
509 3995 819 4068 διώρθωσεν
852 3999 1014 4052 αὑτὸν
1052 4002 1082 4054 6
1114 4000 1386 4070 Χριστὸς;
1418 3997 1527 4072 ἆρα
1573 4001 1902 4072 ἐπετίμησεν

309 4081 395 4143 ὡς
421 4080 775 4151 σφαλλομένῳ
807 4083 900 4136 καὶ
931 4082 1300 4154 διεφθαρμένα
1331 4085 1602 4154 εἰσάγοντι
1627 4085 1900 4154 δόγματας

312 4161 427 4231 ἆρα
457 4159 579 4216 εἰπε
630 4165 766 4232 πρὸς
804 4166 1000 4218 αὑτόν·
1054 4167 1118 4218 Τί
1162 4166 1322 4220 τοῦτο
1362 4171 1557 4231 ποιεῖς,
1611 4167 1900 4239 ἀνθρωπε;

317 4245 545 4315 μείζονα
578 4248 702 4319 περὶ
746 4248 880 4318 ἑμοῦ
909 4248 1065 4312 δόξαν
1095 4250 1260 4319 ἔχεις,
1296 4250 1329 4320 ἢ
1370 4252 1647 4322 προσῆκε·
1685 4250 1907 4304 πλείονά

317 4347 415 4400 μοι
447 4329 648 4402 χαρίζῃ
681 4330 790 4382 τῶν
822 4332 1187 4404 ὀφειλομένων
1219 4335 1374 4405 ἐμοί·
1429 4335 1486 4400 ἐξ
1518 4335 1805 4397 αὑθεντίας
1840 4351 1906 4404 με

313 4413 560 4482 νομίζεις
587 4414 894 4468 ἐπιτάττειν
917 4416 1019 4468 οὑκ
1039 4416 1234 4486 ἔχοντα
1261 4416 1570 4470 αὑθεντίαν.
1613 4413 1762 4489 τΑρα
1785 4415 1908 4468 εἶπέ

315 4513 373 4550 τι
421 4496 697 4562 τοιοῦτον;
747 4498 1045 4568 Οὐδαμῶς·
1102 4500 1240 4554 ἀλλά
1271 4502 1367 4554 καὶ
1413 4500 1688 4572 ἐκύρωσεν
1741 4499 1906 4553 αὑτοῦ

318 4580 422 4646 τὴν
466 4578 714 4650 γνώμην,
765 4582 862 4633 καὶ
916 4581 1052 4652 πρὸς
1105 4584 1233 4647 τοὺς
1281 4583 1710 4644 ἀκολουθοῦντας
1762 4579 1907 4647 εἷπε,

335 4662 524 4730 Ἀμην
556 4663 712 4728 λέγω
743 4662 904 4732 ύμῖν,
943 4664 1088 4718 οὐδὲ
1113 4666 1183 4719 ὲν
1211 4666 1292 4733 τῷ
1336 4666 1575 4736 Ἰσραὴλ
1604 4667 1911 4734 τοσαύτην

318 4747 532 4798 πίστιν
560 4741 762 4813 εὗρον.
809 4745 868 4800 '0
901 4746 1083 4800 τοίνυν
1111 4748 1331 4814 ἔπαινος
1376 4750 1470 4803 τοῦ
1501 4751 1772 4804 Δεσπότου
1813 4748 1911 4802 κύ-

318 4845 492 4900 pum;
522 4827 732 4895 γίνεται
761 4828 868 4881 τῶν
901 4830 1162 4901 ῥημάτων
1200 4832 1296 4884 τοῦ
1333 4834 1752 4904 ἑκατοντάρχου.
1796 4829 1912 4886 Οὑκ

317 4914 406 4964 ἑτι
437 4910 548 4982 γὰρ
588 4910 684 4963 τοῦ
717 4913 1115 4984 ἑκατοντάρχου
1147 4916 1264 4967 ἐστὶ
1301 4915 1369 4968 τά
1403 4918 1621 4987 ῥήματα
1651 4917 1719 4970 τά
1757 4918 1909 4988 εἰρη-

319 4995 486 5065 μένα,
514 4995 630 5050 ἀλλ’
661 4995 937 5065 ἀπόφασίς
965 4999 1082 5051 ἑστι
1108 4998 1434 5069 δεσποτική·
1464 5001 1591 5053 ὃταν
1617 5001 1726 5071 γάρ
1750 5001 1912 5064 αὑτὸς

314 5080 587 5149 ἐπαινέσῃ
613 5079 679 5132 τά
703 5079 983 5150 λεχθέντα,
1016 5082 1112 5134 καὶ
1137 5082 1444 5154 ψηφίσηται
1475 5085 1659 5148 αὑτοῖς
1703 5084 1778 5148 ὼς
1814 5102 1913 5138 κα-

314 5161 430 5226 λῶς
461 5162 794 5232 εἰρημένοις,
829 5162 906 5226 ὡς
940 5164 1083 5217 θεῖον
1110 5166 1250 5219 αὑτά
1282 5167 1506 5237 δέχομαι
1540 5168 1805 5239 χρησμόν.
1839 5167 1914 5221 Τὸ

313 5247 435 5316 γαρ
474 5245 640 5315 κῦρος
672 5244 880 5298 ἀνωθεν
910 5246 1101 5300 ἔλαϐεν
1147 5252 1210 5302 ἐκ
1237 5251 1337 5322 τῆς
1375 5249 1470 5304 τοῦ
1505 5251 1741 5322 Χριστοῦ
1774 5252 1912 5306 ἀπο·

314 5330 561 5401 κρίσεως
594 5341 642 5384 ι.

394 5420 465 5482 γ’.
505 5414 668 5484 Ὁρᾷς
704 5411 822 5476 πῶς
849 5414 1139 5486 σύμφωνος
1165 5421 1198 5489 ὴ
1232 5419 1408 5490 Καινη
1434 5422 1501 5490 τῇ
1527 5419 1770 5492 Παλαιᾷς
1798 5421 1915 5484 πῶς

312 5497 569 5568 ἑκατέρα
589 5496 689 5567 τὴν
713 5495 999 5553 αὑθεντίαν
1025 5501 1392 5556 ἐπιδείκνυται
1417 5503 1512 5556 τοῦ
1547 5503 1782 5574 Χριστοῦ
1804 5523 1818 5569 ;
1850 5504 1915 5556 Τί

311 5578 438 5648 οὖν,
469 5583 522 5636 εἰ
567 5583 742 5637 ἐποίει
788 5583 888 5652 μὲν
934 5584 1023 5638 τὸν
1065 5584 1374 5656 ἄνθρωπον,
1417 5586 1492 5651 ὡς
1545 5587 1814 5658 ὑπουργὸς
1859 5587 1916 5641 δὲ

388 5745 416 5774 ⁸
436 5744 595 5814 Savil.
620 5744 710 5814 τοῦ
736 5748 911 5810 Κυρίου
922 5749 1172 5814 *κρίσεωςζ
1200 5755 1350 5812 atque
1393 5753 1460 5800 ila
1485 5751 1612 5813 legit
1645 5754 1896 5814 ingerprm

319 5807 365 5878 ξι
409 5807 502 5854 τρι.
529 5814 582 5855 ιιι
602 5808 702 5856 duo
723 5807 837 5880 τρες.
863 5807 1178 5880 τοῦιχριστοῦ
1189 5807 1500 5876 άπὸκρίσεως,
1516 5807 1613 5862 (1⁷υο
1632 5813 1717 5862 τοῦ
1738 5807 1914 5878 κυρίου

317 5873 502 5928 ἁποιρ,
525 5882 652 5918 unus
683 5873 768 5918 τοῦ
796 5873 920 5921 Θεοῦ
944 5873 1115 5934 άποκρ.

1540 311 1820 369 CONTRA
1859 314 2238 377 ΑΝοΜοΕοε.
2271 321 2370 378 XI.

3496 319 3603 382 800

2007 431 2220 501 ἑποίει;
2281 434 2490 487 Οὐκοῦν
2538 433 2768 506 ἀκαίρου
2820 434 3172 504 φιλονεικίας.
3230 431 3414 490 Εἰπὼν
3465 435 3598 508 γὰρ,

2008 513 2362 585 Ποιήσωμεν
2389 516 2496 570 τὸν
2523 516 2862 584 ἄνθρωπον,
2901 517 3002 570 οὑκ
3029 517 3302 587 ἐπήγαγε,
3330 517 3472 570 κατά
3499 517 3600 589 τὴν

2006 596 2190 650 εἰκόνα
2220 597 2320 669 τὴν
2359 599 2458 671 σὴν
2496 599 2595 670 τὴν
2639 601 2866 664 ἐλάττω,
2912 600 3056 661 οὑδὲ,
3092 600 3232 653 κατά
3267 600 3367 669 τὴν
3414 601 3599 654 εἰκόνα

2005 679 2103 750 τὴν
2132 681 2272 752 ἐμὴν
2298 683 2398 753 τὴν
2447 683 2641 752 μείζω,
2675 683 2810 737 ἀλλά
2843 684 2930 747 τί;
2980 683 3120 736 Κατ’
3149 685 3356 737 εἰκόνα
3392 683 3598 751 ἡμετέ-

1998 779 2139 830 ραν,
2191 766 2291 820 καὶ
2340 769 2470 820 καθ’
2503 766 2812 836 όμοίωσιν,
2859 766 2936 836 τῷ
2977 766 3149 829 οὑτως
3177 767 3354 819 εἰπεῖν
3381 765 3599 827 δεικνὺς

2009 847 2218 918 Πατρδς
2247 849 2340 902 καὶ
2383 849 2514 902 Υἰοῦ
2564 850 2692 920 μίαν
2731 846 2896 904 οὖσαν
2939 849 3153 903 εἰκόνα·
3186 850 3246 902 οὑ
3290 849 3402 919 γὰρ
3444 846 3600 903 εἶπεν

2008 931 2242 996 εἰκόνας,
2289 933 2404 986 ἀλλ’
2429 935 2653 988 Εἰκόνα
2692 933 3024 1003 ἡμετέραν·
3067 933 3139 987 οὑ
3164 932 3273 1004 γὰρ
3313 931 3406 984 δύο
3455 935 3596 994 τινὲς

2006 1012 2305 1080 ἀνώμαλοι,
2336 1015 2472 1069 ἀλλά
2520 1015 2617 1086 μία
2649 1018 2743 1070 καὶ
2776 1015 2912 1086 αῦτη
2947 1017 3034 1086 ἴση
3083 1014 3214 1068 Υἰοῦ
3261 1015 3355 1068 καὶ
3384 1015 3596 1085 [ἰατρὸς

2002 1097 2040 1166 ἡ
2073 1096 2258 1150 εἰκών.
2293 1097 2393 1150 Διά
2416 1097 2579 1151 τοῦτο
2624 1099 2718 1152 καὶ
2743 1100 2807 1151 ἐκ
2836 1098 3024 1162 δεξιῶν
3052 1098 3270 1166 λέγεται
3303 1095 3594 1167 καθῆσθαι,

2007 1179 2093 1231 ἵνα
2119 1179 2182 1232 τὸ
2225 1181 2486 1252 ὁμότιμον
2531 1183 2626 1235 καί⁵
2657 1183 2759 1252 τῆς
2789 1181 3036 1245 ἐξουσίας
3074 1181 3136 1234 τὸ
3178 1180 3595 1251 ἀπαράλλακτον

2009 1262 2225 1333 μάθῃς·
2279 1264 2552 1334 ὑπουργὸς
2595 1263 2704 1334 γὰρ
2748 1266 2810 1318 οὑ
2861 1263 3226 1333 συγκάθηται,
3276 1264 3411 1317 άλλά
3452 1281 3594 1335 παρ⁸

2004 1345 2224 1416 έστηκε.
2274 1347 2384 1399 Καὶ
2411 1347 2492 1400 ὅτι
2529 1347 2590 1400 τὸ
2621 1348 2718 1416 μὲν
2764 1347 3037 1417 καθῆσθαι
3084 1346 3145 1400 τὸ
3191 1347 3454 1417 ὁμότιμον
3501 1348 3596 1400 καὶ

2004 1427 2424 1498 ἀπαράλλακτον
2448 1430 2546 1500 τῆς
2572 1430 2900 1499 δεσποτικῆς
2927 1431 3074 1482 ἐστιν
3100 1428 3366 1493 ἐξουσίας,
3395 1429 3456 1482 τὸ
3486 1429 3543 1482 δὲ
3568 1429 3594 1466 δ

2005 1511 2342 1581 παρεστάναι
2373 1511 2628 1582 δουλικῆς
2668 1513 2762 1565 καὶ
2795 1512 3264 1582 ὑποτεταγμένης,
3290 1513 3520 1566 ἄκουσον
3541 1510 3594 1562 τί

2005 1611 2171 1665 φησιν
2209 1596 2238 1647 6
2267 1595 2469 1666 Δανιήλ
2490 1611 2504 1625 ·
2553 1595 2883 1662 Ἐθεώρουν
2917 1594 3029 1660 ἕως
3053 1591 3124 1650 οὗ
3159 1596 3358 1662 θρόνοι
3391 1595 3593 1662 ἐτέθη·
3645 1613 3648 1615 λ

2003 1693 2146 1740 σαν,
2175 1677 2275 1730 καὶ
2306 1680 2339 1730 ό
2362 1677 2630 1744 Παλαιὸς
2658 1676 2777 1730 τῶν
2804 1677 3043 1745 ἡμερῶν
3071 1677 3348 1744 ἐκάθητο.
3378 1679 3594 1744 Μύριοι

1997 1759 2288 1828 μυριάδες
2312 1760 2736 1830 ἐλειτούργουν
2761 1760 2945 1826 αὐτῷ,
2978 1759 3077 1812 καί
3106 1760 3292 1828 χίλιαι
3323 1759 3593 1827 χιλιάδες

2002 1844 2519 1912 παρειστήκεισαν
2546 1843 2728 1910 αὐτῷ.
2761 1845 2871 1898 Καὶ
2899 1843 3061 1898 πάλιν
3109 1846 3139 1896 6
3191 1844 3418 1906 Ἡσαΐας
3443 1859 3458 1873 ·
3504 1837 3595 1896 Εἶ-

2002 1925 2112 1979 δον
2159 1927 2266 1980 τὸν
2311 1929 2534 1995 Κύριον
2575 1927 2915 1997 καθήμενον
2962 1926 3061 1980 ἐπὶ
3095 1927 3312 1995 θρόνου
3347 1923 3593 1994 ὑψηλοῦ

2002 2009 2100 2062 καὶ
2135 2009 2493 2078 ἐπηρμένου,
2525 2010 2717 2064 καὶτὰ
2738 2010 2998 2080 σεραςρίμ
3027 2010 3418 2077 εἰστήκεισαν
3437 2006 3590 2080 [545]

2001 2093 2205 2156 κύκλῳ
2228 2093 2437 2146 αὐτοῦ.
2469 2093 2580 2146 Καὶ
2604 2095 2632 2146 6
2658 2094 2898 2164 Μιχαίας
2925 2093 3004 2154 δὲ,
3027 2089 3207 2146 Εἶδον
3234 2092 3343 2146 τὸν
3372 2092 3594 2160 Κύριον

2003 2173 2110 2227 τὸν
2138 2175 2288 2227 Θεὸν
2317 2174 2426 2229 τοῦ
2469 2173 2708 2244 Ἰσραὴλ
2736 2175 3079 2243 καθήμενον
3113 2175 3213 2228 ἐπὶ
3239 2175 3458 2242 θρόνου
3487 2175 3594 2228 αὐ-

2001 2255 2130 2314 τοῦ,
2154 2256 2253 2309 καί
2277 2256 2448 2311 πᾶσα
2479 2257 2518 2323 ἠ
2543 2259 2793 2326 στρατιὰ
2826 2259 2929 2311 τοῦ
2953 2257 3215 2325 οὐρανοῦ
3237 2255 3500 2323 εἱστήκει
3520 2255 3590 2309 ἐκ

2000 2337 2218 2403 δεξιῶν
2242 2339 2429 2393 αὑτοῦ
2458 2340 2555 2394 καὶ
2583 2341 2651 2404 ἐξ
2677 2341 3008 2408 ἀριστερῶν
3026 2340 3234 2394 αὑτοῦ.
3271 2341 3434 2411 Ὁρᾷς
3456 2357 3596 2392 παν⁴

2001 2421 2169 2490 ταχοῦ
2219 2421 2318 2482 τάς
2353 2422 2451 2491 μὲν
2497 2423 2610 2476 ἄνω
2649 2423 2908 2493 δυνάμεις
2944 2422 3376 2494 παρεστηκυίας,
3427 2421 3591 2475 αὑτὸν

2000 2503 2057 2556 δὲ
2087 2503 2418 2575 καθήμενον.
2453 2505 2621 2557 Ὅταν
2662 2501 2756 2558 οὖν
2800 2505 2917 2578 ἴδῃς
2962 2507 3058 2559 καὶ
3101 2509 3193 2558 τὸν
3237 2505 3364 2558 Υίὸν
3393 2505 3492 2576 τὴν
3525 2505 3592 2557 ἐκ

2001 2587 2192 2652 δεξιῶν
2231 2588 2424 2658 ἔχοντα
2457 2588 2750 2660 καθέδραν,
2804 2590 2878 2662 μὴ
2927 2589 3029 2659 τῆς
3077 2588 3454 2660 λειτουργικῆς
3497 2590 3594 2642 καὶ

2003 2673 2344 2742 ὑπουργικῆς
2395 2671 2562 2725 αὑτὸν
2615 2671 2754 2726 εἶναι
2804 2673 3034 2744 νομίσῃς
3081 2671 3259 2736 ἀξίας,
3308 2671 3446 2724 ἀλλά
3490 2670 3593 2738 τῆς

2001 2755 2330 2825 δεσποτικῆς
2367 2755 2460 2806 καὶ
2512 2754 2800 2809 αὑθεντίαν
2849 2754 3103 2827 ἐχούσης.
3158 2753 3259 2807 Διά
3302 2753 3461 2806 τοῦτο
3497 2754 3594 2806 καὶ

2003 2838 2216 2902 Παῦλος
2241 2837 2528 2909 ἀμφότερα
2561 2837 2737 2892 ταῦτα
2772 2836 2950 2901 εἰδὼς,
2985 2839 3066 2891 ὅτι
3100 2837 3161 2892 τὸ
3192 2838 3291 2908 μὲν
3317 2837 3596 2906 παρεστά-

2003 2940 2092 2976 ναι
2123 2922 2584 2993 λειτουργούντων
2633 2922 2772 2985 ἐστὶ,
2804 2921 2867 2974 τὸ
2903 2922 2960 2975 δὲ
3002 2921 3274 2991 καθῆσθαι
3324 2921 3435 2973 τῶν
3469 2922 3592 2972 ἑπι-

2004 3005 2310 3058 ταττόντων
2358 3005 2454 3058 καὶ
2501 3004 2970 3076 προσταττόντων,
3004 3005 3106 3075 ὅρα
3149 3003 3266 3066 πῶς
3299 3003 3591 3072 ἀμφότερα

2001 3087 2176 3141 ταῦτα
2196 3089 2400 3160 διαιρεῖ
2416 3088 2593 3156 λέγων
2614 3087 2756 3140 οὑτω
2774 3106 2787 3118 ·
2811 3086 2968 3155 Πρὸς
2981 3089 3100 3156 μὲν
3127 3087 3270 3152 τοὺς
3296 3086 3592 3156 ἀγγέλους

2002 3169 2190 3224 αὐτοῦ
2236 3186 2455 3240 φησιν·
2520 3171 2582 3224 Ὀ
2637 3169 2827 3223 ποιῶν
2871 3169 3015 3236 τοὺς
3060 3168 3355 3238 ἀγγέλους
3404 3168 3592 3221 αὐτοῦ

2003 3253 2336 3323 πνεύματα,
2393 3254 2491 3308 καί
2543 3254 2689 3320 τοὺς
2733 3252 3122 3322 λειτουργοὺς
3163 3252 3354 3306 αὑτοῦ
3401 3249 3592 3318 πυρὸς

2003 3336 2200 3406 φλόγα
2221 3353 2235 3369 ·
2259 3337 2410 3406 πρὸς
2430 3337 2499 3390 δὲ
2526 3339 2634 3390 τὸν
2674 3337 2812 3390 Υίόν
2829 3351 2844 3366 ·
2886 3337 2940 3388 ’0
2961 3336 3174 3404 θρόνος
3205 3349 3343 3398 σου,
3375 3337 3407 3388 ό
3424 3332 3590 3399 Θεὸς,

2003 3421 2092 3486 εἰς
2133 3419 2242 3474 τὸν
2291 3419 2478 3474 αἰῶνα
2530 3419 2638 3474 τοῦ
2679 3419 2932 3484 αἰῶνος·
2972 3418 3063 3472 διὰ
3107 3417 3201 3470 τοῦ
3253 3417 3444 3485 θρόνου
3493 3415 3593 3486 τὴν

2007 3501 2292 3574 βασιλικὴν
2312 3505 2444 3573 ἡμῖν
2471 3501 2718 3567 ἐξουσίαν
2735 3503 2932 3573 δηλῶν.
2967 3502 3120 3556 Ἐπεὶ
3151 3496 3245 3555 οὖν
3264 3499 3352 3553 διὰ
3375 3499 3593 3552 πάντων

2003 3586 2032 3637 6
2077 3584 2234 3653 λόγος
2284 3588 2418 3656 ἡμῖν
2465 3587 2672 3638 τούτων
2722 3586 3004 3650 ἀπέδειξεν
3050 3585 3173 3654 οὐχὶ
3218 3581 3596 3650 λειτουργικῆς

2003 3670 2133 3722 ὄντα
2154 3668 2308 3732 ἀξίας
2329 3669 2419 3722 τὸν
2451 3669 2601 3731 Υίὺν,
2626 3669 2761 3722 ἀλλά
2795 3670 2893 3740 τῆς
2924 3667 3272 3736 δεσπτικῆς,
3297 3665 3372 3728 ὼς
3391 3665 3596 3718 Δεσπόο

2002 3767 2124 3821 την,
2157 3751 2318 3804 αὑτὸν
2362 3751 2760 3823 προσκυνῶμεν
2813 3752 2908 3804 καὶ
2955 3752 3216 3821 ὁμότιμον
3253 3748 3331 3818 τῷ
3381 3745 3590 3817 Πατρί·

2004 3833 2147 3886 οὑτω
2177 3835 2284 3904 γὰρ
2313 3836 2408 3887 καὶ
2439 3834 2601 3897 αὑτὸς
2636 3833 2924 3886 ἐκέλευσεν
2969 3831 3163 3895 εἰπὼν,
3197 3832 3330 3884 Ἵνα
3370 3829 3594 3894 πάντες

2006 3915 2216 3986 τιμῶσι
2251 3917 2359 3970 τὸν
2400 3919 2558 3980 Υίὸν,
2586 3915 2779 3980 καθὼς
2809 3915 3021 3984 τιμῶσι
3059 3913 3166 3968 τὸν
3197 3913 3460 3981 Πατέρα·
3498 3914 3595 3966 καί⁹

2007 3999 2107 4069 τὴν
2149 3998 2236 4052 διὰ
2274 3999 2374 4068 τῆς
2403 3999 2679 4062 πολιτείας
2712 3999 2808 4052 καὶ
2837 3998 2946 4051 τῶν
2979 3997 3157 4068 ἔργων
3195 3995 3483 4066 ἀκρίϐειαν
3519 3996 3589 4064 τῇ

2005 4084 2115 4137 τῶν
2166 4081 2453 4152 δογμάτων
2503 4081 2759 4153 ὀρθότητι
2808 4080 3201 4150 συνάπτωμεν,
3257 4079 3345 4132 ἵνα
3408 4078 3483 4148 μὴ
3533 4077 3594 4140 ἐξ

2007 4167 2265 4240 ἡμισείας
2305 4168 2436 4236 ἡμῖν
2465 4167 2532 4219 τὰ
2557 4166 2657 4236 τῆς
2693 4164 2969 4234 σωτηρίας

2082 4248 2366 4311 Πολιτείας
2387 4248 2443 4300 δὲ
2469 4247 2760 4318 ἀκρίϐειαν
2789 4246 2882 4298 καὶ
2915 4245 3031 4315 βίου
3063 4243 3414 4314 καθαρότητα
3441 4240 3593 4294 οὐδὲν

2007 4331 2150 4386 οὑτω
2173 4330 2397 4385 δύναται
2429 4329 2752 4401 κατορθοῦν,
2783 4329 2859 4390 ὼς
2886 4331 2919 4398 ἡ
2958 4325 3190 4397 συνεχὴς
3221 4325 3456 4380 ἐνταῦθα
3478 4324 3596 4378 διο.-

2009 4414 2170 4486 τριϐὴ
2218 4415 2312 4468 καὶ
2341 4416 2375 4483 ἡ
2414 4413 2552 4484 μετὰ
2585 4411 2898 4482 προθυμίας
2934 4409 3218 4480 ἀκρόασις.
3273 4409 3452 4478 Ὅπερ
3483 4408 3594 4480 γάρ

2008 4500 2157 4551 ἑστιν
2195 4498 2287 4550 ἐπὶ
2318 4497 2414 4549 τοῦ
2455 4494 2707 4565 σώματος
2742 4498 2775 4566 ἡ
2807 4496 3004 4566 τροφὴ,
3047 4493 3207 4547 τοῦτο
3233 4494 3326 4546 ἐπὶ
3363 4493 3460 4563 τῆς
3488 4493 3595 4561 ψυ-

2010 4580 2111 4652 Χῆς
2145 4582 2180 4651 ὴ
2236 4580 2346 4634 τῶν
2384 4579 2542 4632 θείων
2583 4577 2782 4646 λογίων
2817 4577 3163 4632 διδασκαλία.
3215 4579 3299 4631 Οῠ
3350 4577 3462 4646 γὰρ
3502 4576 3596 4629 ἐπ·

2011 4663 2168 4733 ἄρτῳ
2207 4663 2374 4734 μόνῳ
2423 4661 2664 4728 ζήσεται
2711 4661 3046 4729 ἅνθρωπος,
3079 4661 3267 4732 φησὶν,
3322 4660 3461 4715 ἀλλ’
3499 4659 3599 4712 ἐπὶ

2011 4747 2192 4801 παντὶ
2220 4746 2436 4815 ῥήματι
2472 4745 2927 4813 ἐκπορευομένῳ
2969 4745 3067 4798 διὰ
3094 4747 3394 4814 στόματος
3426 4742 3595 4797 Θεοῦ.

2012 4831 2111 4884 Διά
2143 4829 2303 4884 τοῦτο
2329 4830 2424 4884 καὶ
2448 4829 2605 4900 λιμὸν
2630 4824 2770 4882 οἶδεν
2793 4816 3120 4900 ἐργάζεσθεῖι
3144 4829 3205 4882 τὸ
3242 4830 3317 4899 μὴ
3351 4828 3598 4898 μετέχειν

2012 4913 2264 4984 τοιαύτης
2308 4911 2610 4983 τραπέζης.
2650 4912 2916 4965 Ἄκουσον
2963 4910 3094 4979 γοῦν
3123 4910 3216 4964 τοῦ
3263 4909 3398 4963 Θεοῦ
3441 4909 3598 4963 τοῦτο

2015 4995 2384 5059 ἀπειλοῦντος,
2419 4997 2514 5048 καὶ
2560 4997 2619 5048 ἐν
2649 4994 2801 5058 τάξει
2849 4993 3126 5057 κολάσεως
3177 4995 3273 5047 καὶ
3327 4991 3600 5063 τιμωρίας

2015 5079 2500 5148 ἑπανατεινομένου
2520 5092 2534 5106 ·
2580 5076 2758 5130 Δώσω
2789 5077 2902 5145 τὰρ
2929 5076 3155 5142 αὐτοῖς,
3188 5076 3372 5147 φησὶν,
3407 5077 3479 5128 οὐ
3511 5077 3601 5128 λι-

2010 5163 2131 5234 μὸν
2160 5161 2364 5230 ἄρτου,
2399 5157 2542 5214 οὐδὲ
2581 5159 2774 5227 δίψαν
2802 5158 3043 5226 ὕδατος,
3075 5160 3238 5214 ἀλλὰ
3279 5157 3460 5226 λιμὸν
3492 5157 3601 5211 τοῦ

2015 5245 2274 5300 ἀκοῦσαι
2315 5245 2503 5312 λόγον
2532 5242 2776 5309 Κυρίου.
2823 5241 2946 5305 Πῶς
2976 5239 3069 5296 οὖν
3099 5244 3197 5295 οὑκ
3229 5242 3428 5296 ἄτοπον
3459 5240 3604 5306 ὑπὲρ

2021 5331 2120 5401 μὲν
2160 5327 2249 5381 τοῦ
2285 5327 2376 5379 τὸν
2400 5329 2715 5395 σωματικὸν
2745 5324 2902 5395 λιμὸν
2931 5322 3378 5395 ἀποκρούσασθαι
3427 5325 3604 5376 πάντα

2019 5414 2190 5466 ποιεῖν
2221 5410 2315 5462 καὶ
2345 5409 2854 5477 πραγματεύεσθαι,
2890 5407 2981 5460 τὸν
3013 5407 3069 5460 δὲ
3100 5407 3199 5476 τῆς
3239 5406 3418 5478 ψυχῆς
3451 5406 3602 5459 ἑκόν-

2016 5512 2115 5558 τας
2159 5489 2520 5553 ἑπισπᾶσθαι,
2573 5490 2750 5542 καίτοι
2799 5489 2978 5560 πολλῷ
3029 5487 3408 5560 χαλεπώτερον
3452 5489 3600 5548 ὄντα,

2017 5579 2127 5648 ὅσῳ
2167 5573 2426 5645 καὶπερὶ
2476 5573 2738 5643 μειζόνων
2787 5574 2821 5643 ὴ
2857 5571 3068 5644 ζημίας
3123 5573 3238 5643 Μὴ,
3287 5572 3478 5643 δέομαι
3511 5572 3606 5624 καὶ

2020 5657 2302 5719 ἀντιϐολῶ,
2345 5657 2420 5728 μὴ
2457 5655 2645 5719 κακῶς
2680 5654 2824 5710 οὑτω
2865 5656 2995 5727 περί⁵
3043 5657 3254 5711 ἑαυτῶν
3307 5653 3607 5729 βουλεύσω-

2025 5742 2186 5816 μεθα,
2226 5740 2359 5795 ἀλλά
2385 5739 2564 5812 πάσης
2592 5739 2849 5812 ἀσχολίας
2875 5741 2970 5795 καὶ
3003 5740 3284 5814 φροντίδος
3313 5742 3346 5812 ἡ
3375 5738 3609 5794 ἐνταῦθα

2086 5873 2113 5916 b
2137 5871 2238 5924 Alii
2269 5872 2518 5932 καθῆσθαι,
2541 5869 2823 5929 δετποτικῆς
2846 5868 3078 5932 ἐξουσίας,
3112 5865 3166 5916 τὸ
3187 5867 3254 5919 δέ.
