3980 6184
260 250 360 306 80!

261 376 373 418 tum
397 361 581 418 damni
608 361 736 419 facis
757 371 810 417 et
836 362 927 417 tibi
956 361 1076 432 ipsi,
1107 373 1160 418 ct
1189 365 1283 417 toti
1303 364 1506 428 domui,
1535 365 1580 420 si
1607 380 1837 420 conven-

262 465 373 508 tum
397 462 456 507 et
494 452 738 523 syuasim
782 453 1076 522 relinquis?
1108 453 1358 518 Quamvis
1393 455 1533 509 enim
1575 455 1837 525 integrum

261 543 572 597 thesaurum
603 557 736 597 auro
760 542 1012 599 refertum
1044 543 1303 608 invenias,
1342 554 1399 599 et
1438 553 1654 615 propter
1691 547 1840 601 illum

259 635 407 690 absis
436 653 449 688 :
474 634 645 703 majus
671 643 847 689 tamen
890 635 1269 690 detrimentum
1314 652 1471 706 quam
1514 637 1715 693 lucrum
1757 638 1838 691 fa-

260 727 395 789 cies,
431 737 487 780 et
518 735 664 780 tanto
701 727 893 794 majus,
937 735 1137 795 quanto
1173 727 1511 783 sensibiiibus
1551 730 1840 799 spirituaiia

258 824 384 869 sunt
411 815 650 870 meliora.
674 814 806 869 Nam
843 816 968 870 licet
986 817 1072 870 illa
1099 817 1264 872 multa
1288 818 1396 872 sint
1421 827 1473 873 et
1495 818 1841 888 undequaque

259 903 502 969 affluant,
527 920 634 958 non
660 914 836 960 tamen
866 907 990 961 hinc
1010 915 1187 962 tecum
1209 907 1634 979 commigrabunt
1667 909 1734 962 ad
1759 910 1839 962 vi-

261 1007 371 1050 tam
401 996 652 1062 futuram,
688 1013 858 1067 neque
893 999 1053 1054 simul
1099 999 1373 1055 nobiscum
1400 1001 1454 1057 in
1479 1001 1640 1055 caelos
1666 1010 1838 1054 trans-

259 1085 523 1155 ferentur,
551 1105 725 1160 neque
762 1091 1049 1147 adstabant
1091 1093 1230 1162 apud
1275 1094 1510 1150 terribile
1553 1095 1775 1149 tribunal
1822 1111 1837 1147 :

261 1181 375 1233 into
408 1195 552 1250 smpe
595 1192 651 1236 ct
686 1193 808 1238 ante
844 1194 1073 1241 mortem
1117 1187 1424 1241 dilabuntur
1461 1205 1473 1240 :
1515 1189 1654 1258 quod
1694 1189 1737 1242 si
1774 1188 1840 1242 ad

259 1269 426 1324 finem
458 1287 626 1341 usque
650 1276 964 1338 metisci-int,
993 1277 1296 1331 necessario
1321 1286 1498 1332 tamen
1540 1278 1640 1332 sub
1669 1278 1839 1347 ipsum

258 1365 429 1421 ﬁnem
455 1367 727 1423 toiluruur.
751 1368 1051 1438 Spirituaiis
1080 1380 1258 1427 autem
1277 1371 1555 1426 thesaurus
1576 1374 1842 1441 possess-iu

260 1464 376 1520 cst,
403 1471 518 1524 qua:
542 1456 739 1511 auferri
761 1459 965 1528 nequit,
987 1469 1040 1513 et
1061 1460 1256 1531 ubique
1297 1475 1480 1516 eomes
1517 1471 1617 1526 cst,
1661 1464 1840 1532 sequi-

264 1555 465 1615 turque
486 1563 708 1618 peregre
727 1559 936 1617 euntes,
964 1551 1188 1606 multum
1217 1551 1422 1607 ﬁduciae
1452 1552 1591 1622 apud
1613 1553 1840 1608 tribunal

257 1633 468 1690 Christi
493 1639 642 1693 nobis
666 1640 925 1698 tribuens.

339 1727 391 1780 4.
425 1725 626 1798 Duplex
657 1734 848 1800 fructus
876 1746 941 1785 ea:
961 1733 1119 1786 sacris
1151 1733 1486 1798 conventibus,
1527 1744 1574 1788 et
1599 1737 1839 1792 collectis.

257 1847 340 1857 ——
362 1817 514 1883 Quod
551 1820 597 1874 si
623 1836 688 1876 ex
725 1823 844 1877 aliis
879 1825 1229 1878 conventibus
1255 1834 1455 1880 tantum
1488 1828 1616 1882 lucri
1651 1844 1840 1882 conse-

255 1908 500 1978 quimur,
531 1921 674 1966 certe
711 1913 780 1967 ab
820 1915 884 1968 iis
920 1916 1010 1983 qui
1054 1916 1139 1971 hic
1166 1917 1504 1971 celebrantur
1529 1919 1725 1988 duplex
1765 1921 1843 1973 lu-

254 2013 416 2053 crum
439 2010 750 2071 exspectare
773 2004 915 2060 licet.
941 2004 1054 2060 Non
1085 2006 1224 2060 enim
1255 2006 1391 2061 hunc
1419 2008 1646 2063 fructum
1672 2011 1841 2064 solum

256 2095 528 2162 capimus,
555 2097 694 2166 quod
725 2097 956 2153 animam
982 2099 1185 2154 divinis
1212 2101 1438 2169 eloquiis
1466 2102 1718 2170 vigemus,
1749 2104 1841 2157 sed

257 2196 327 2240 et
352 2186 494 2255 quod
529 2188 711 2244 hostes
738 2190 936 2259 ingenti
967 2193 1170 2258 pudore
1207 2190 1519 2255 afficiamus,
1550 2192 1844 2263 fratresque

257 2288 502 2332 nostros
527 2280 690 2333 multa
728 2281 1092 2336 consolatione
1129 2283 1447 2352 repleamus.
1480 2284 1590 2338 Hoc
1623 2285 1763 2338 enim
1791 2287 1842 2339 in

256 2369 402 2424 aciei
445 2368 646 2424 lucmm
678 2371 838 2436 cedit,
874 2373 917 2426 si
959 2373 1025 2427 ad
1066 2383 1269 2442 partem
1309 2375 1476 2444 praelii
1515 2376 1762 2431 afﬂictam
1793 2387 1845 2431 et

258 2461 654 2526 periclitantem
687 2477 1047 2532 properemus.
1074 2465 1357 2533 Propterea
1379 2481 1564 2521 omnes
1589 2467 1692 2522 huc
1719 2483 1846 2522 con-

261 2551 440 2606 liuere
463 2553 764 2619 Oportebat,
787 2564 840 2608 et
866 2553 1050 2610 hostes
1074 2557 1163 2625 qui
1191 2571 1288 2610 nos
1317 2557 1647 2625 adoriuntur,
1676 2565 1845 2627 repei-

263 2645 402 2698 lere.
452 2643 600 2710 Esto,
651 2659 882 2712 nequcas
929 2645 1140 2716 longum
1185 2662 1486 2703 sermonem
1529 2650 1843 2718 producere.

261 2748 371 2786 nec
410 2733 608 2786 habeas
645 2734 864 2788 docendi
903 2736 1125 2804 gratiam
1160 2737 1340 2792 :adsis
1363 2739 1556 2805 solum,
1585 2733 1640 2794 et
1681 2750 1845 2795 totum

262 2823 560 2888 perfecisti.
597 2823 727 2878 Nam
769 2826 1008 2894 corporis
1048 2829 1328 2895 praesentia
1370 2844 1645 2884 numerum
1674 2831 1848 2898 gregis

259 2913 519 2982 adauget.
559 2928 622 2968 ac
661 2916 874 2968 multam
917 2914 1167 2971 fratribus
1203 2918 1305 2971 tuis
1341 2918 1494 2973 affert
1529 2920 1850 2973 consolatio-

260 3021 418 3069 nem,
444 3015 498 3060 et
529 3005 768 3061 hostibus
794 3007 1072 3075 pudorem.
1103 3009 1312 3063 Etenim
1337 3011 1383 3064 si
1411 3011 1526 3079 quis
1556 3012 1669 3065 hate
1696 3026 1848 3066 sacra

261 3096 549 3164 ingressus
575 3097 856 3164 vestibula,
889 3112 1084 3165 paucos
1113 3099 1308 3164 videat,
1338 3100 1664 3154 alacritatem
1699 3115 1847 3153 suam

262 3186 516 3249 remittit,
568 3189 838 3253 torpescit,
885 3188 1160 3259 factusque
1201 3191 1414 3259 segior
1459 3191 1583 3246 hinc
1623 3191 1845 3254 recedit,

259 3279 458 3346 sicque
483 3278 736 3346 paulatim
760 3280 934 3333 omnis
962 3281 1241 3334 multitudo
1279 3281 1516 3350 ignavior
1545 3291 1600 3336 et
1625 3282 1852 3336 dissolu-

262 3370 373 3420 tior
411 3369 613 3423 evadit.
642 3368 734 3425 Sin
774 3371 962 3425 viderit
996 3387 1314 3427 concurrere
1356 3373 1705 3442 undequaque
1740 3390 1853 3426 ma-

259 3473 486 3524 gnoque
530 3457 726 3524 Studia,
769 3460 930 3512 etiam
971 3459 1015 3512 si
1055 3459 1208 3514 valde
1245 3461 1464 3528 ignavus
1505 3463 1594 3526 sit,
1627 3461 1854 3515 alacrior

260 3549 539 3602 redditur.
576 3547 705 3601 Nam
745 3550 789 3602 si
831 3549 962 3620 lapis
1003 3565 1146 3618 smpe
1187 3552 1252 3605 ad
1295 3552 1520 3620 lapidem
1562 3568 1852 3608 concussus

260 3640 541 3694 scintillas
578 3641 795 3696 exsilire
821 3640 960 3706 facit,
997 3643 1204 3697 tametsi
1245 3643 1376 3698 nihil
1414 3643 1482 3697 sit
1518 3642 1755 3713 frigidius
1783 3645 1855 3697 la-

261 3735 415 3803 pide,
449 3736 689 3806 nihilque
718 3739 837 3807 igne
863 3738 1100 3802 calidius,
1133 3747 1361 3792 attamen
1393 3739 1692 3804 concussio,
1715 3739 1855 3792 victa

263 3836 491 3890 natura,
525 3827 700 3894 ignem
727 3827 890 3882 elicit.
917 3828 1067 3896 Quod
1098 3830 1140 3882 si
1173 3829 1222 3882 id
1265 3828 1318 3883 in
1359 3829 1550 3898 lapillis
1577 3828 1853 3898 contingit,

262 3920 451 3973 multo
471 3919 644 3988 rnagis
667 3918 803 3974 idem
831 3920 889 3974 lit
911 3928 965 3974 et
993 3920 1045 3973 in
1070 3920 1344 3975 anima-bus
1370 3935 1488 3988 qua:
1515 3927 1699 3973 mutuo
1723 3927 1859 3972 atte-

260 4015 478 4060 runtur
510 4016 568 4058 et
613 4008 737 4078 igne
760 4009 997 4079 Spiritus
1023 4014 1432 4068 concalescunt.
1463 4014 1580 4068 Non
1620 4015 1855 4075 audistis

254 4097 413 4166 apud
450 4096 695 4164 majores
712 4107 930 4154 nostros
951 4109 1161 4156 tantum
1175 4113 1397 4158 centum
1409 4115 1460 4159 ct
1473 4106 1660 4176 viginti
1684 4107 1855 4164 fuisse

253 4199 450 4242 totum
481 4188 724 4242 ﬁdelium
746 4206 1028 4246 iiutuerum
1057 4192 1196 4262 (Act.
1221 4195 1416 4258 1.15):
1441 4197 1549 4251 imo
1585 4207 1709 4252 ante
1730 4197 1853 4253 illos

259 4291 500 4336 centum
529 4289 585 4336 et
623 4280 828 4350 viginti,
859 4281 1141 4336 duodecim
1178 4289 1380 4336 tantum
1407 4289 1578 4345 erant,
1605 4291 1660 4335 et
1693 4297 1864 4350 neque

260 4374 322 4426 hi
373 4381 694 4428 manserunt
733 4386 939 4437 omnes,
969 4372 1064 4427 sed
1093 4387 1228 4426 unus
1268 4386 1334 4425 ex
1363 4371 1440 4426 eis
1477 4370 1640 4425 Judas
1670 4370 1864 4438 periit?

266 4464 341 4517 Et
382 4474 548 4517 erant
588 4462 832 4518 mdecim
862 4477 1068 4528 omnes,
1111 4474 1342 4518 attamen
1382 4477 1447 4518 ex
1483 4463 1730 4518 undecim
1760 4463 1866 4518 illis

265 4555 404 4608 tacti
426 4563 556 4608 sunt
577 4563 790 4610 centum
817 4563 872 4611 et
897 4555 1078 4625 viginti
1100 4573 1115 4621 ;
1137 4570 1204 4610 ex
1232 4563 1443 4609 centum
1472 4564 1526 4610 et
1551 4554 1734 4624 viginti
1765 4556 1864 4610 tria

1032 247 1122 304 DE
1157 249 1422 306 CHRISTI
1464 251 1874 324 DIVLVITATE,
1913 254 2183 311 CONTRA
2219 256 2592 313 ANOMCEOS.
2633 257 2746 314 ΧΠ.

3411 261 3510 320 882

1945 368 2126 434 millia,
2157 369 2348 424 deinde
2389 372 2621 441 quinque
2647 373 2832 436 millia,
2876 373 3107 445 denique
3136 385 3302 431 totum
3331 378 3515 433 orbem

1950 467 2207 514 terrarum
2253 462 2603 531 impleverunt
2629 465 2931 534 cognitione
2963 467 3075 522 Dei.
3119 468 3248 537 Ejus
3279 483 3410 524 vero
3442 472 3517 526 rei

1945 563 2104 604 causa
2133 550 2248 605 haec
2270 561 2371 606 cst.
2400 552 2691 622 Numquam
2719 565 3033 610 conventum
3062 556 3396 626 deserebant,
3423 561 3518 615 sed

1945 639 2104 693 simul
2141 640 2192 693 in
2235 641 2432 711 templo
2470 644 2936 710 conversabantur,
2975 647 3220 715 precibus
3251 657 3306 703 et
3333 649 3517 704 lectioo

1947 729 2102 785 nibus
2131 731 2315 786 intenti
2349 750 2362 784 :
2399 743 2673 802 propterea
2703 750 2947 804 magnum
2978 737 3278 792 incendium
3308 740 3516 792 excita.

1946 829 2098 886 runt,
2152 830 2429 890 preptcrea
2479 840 2766 893 numquam
2807 824 3172 894 difﬂuxerunt,
3214 828 3306 882 sed
3349 838 3516 885 totum

1945 921 2276 968 attraxerant
2320 915 2524 969 orbein.
2567 915 2679 970 llos
2723 929 2776 971 et
2827 933 2924 972 nos
2973 934 3181 987 quoque
3227 919 3513 975 imitemur.

1946 1002 2223 1071 Quomodo
2265 1005 2404 1058 enim
2444 1020 2548 1058 non
2594 1005 2903 1072 absurd-mn,
2944 1023 3048 1062 non
3096 1018 3293 1062 tantam
3335 1025 3515 1064 curam

1949 1094 2200 1150 Ecclesiae
2230 1097 2434 1162 haberi,
2462 1107 2710 1167 quantam
2742 1100 2926 1153 vicinis
2958 1101 3069 1154 suis
3097 1103 3345 1156 mulieres
3369 1103 3514 1157 exhi-

1949 1185 2110 1240 bent?
2141 1187 2243 1241 lliae
2265 1204 2383 1242 cum
2415 1190 2642 1244 viderint
2669 1189 2926 1257 virginem
2951 1191 3179 1260 aliquam
3207 1208 3512 1262 pauperem,

1945 1285 2000 1330 et
2027 1279 2173 1332 omni
2211 1279 2512 1333 destitutam
2555 1281 2826 1350 prmsidio,
2853 1281 3091 1336 officiose
3130 1297 3224 1337 sua
3267 1284 3514 1346 afferunt,

1947 1368 2361 1438 propinquorum
2406 1374 2548 1426 vices
2584 1372 2862 1439 obeuntes,
2907 1382 2960 1427 et
3002 1390 3245 1443 magnam
3288 1377 3406 1445 quis
3446 1377 3515 1430 ibi

1945 1461 2088 1516 videt
2130 1463 2497 1532 frequentiam,
2536 1465 2660 1518 dum
2701 1465 2852 1534 virgo
2887 1465 3283 1534 desponsatur:
3317 1477 3370 1522 et
3401 1469 3517 1521 alia:

1945 1553 2157 1622 quidem
2202 1553 2432 1608 offerunt
2468 1555 2751 1623 pecunias,
2795 1555 2912 1608 alia:
2963 1570 3187 1624 corpore
3227 1567 3517 1625 pmseutes

1946 1652 2087 1707 sunt,
2115 1644 2254 1713 quod
2279 1644 2435 1698 etiam
2456 1647 2627 1712 ipsum
2651 1661 2754 1698 non
2775 1660 2960 1714 parum
2978 1656 3060 1698 est
3084 1663 3098 1699 :
3122 1661 3302 1700 earum
3326 1647 3518 1715 quippe

1946 1733 2178 1788 studium
2206 1734 2475 1787 tenuitatis
2503 1735 2670 1803 ipsius
2688 1734 2930 1789 velamen
2959 1743 3061 1800 est,
3089 1750 3378 1804 earumque
3404 1738 3517 1790 ala-

1946 1825 2133 1879 critate
2161 1835 2442 1894 paupertas
2470 1826 2752 1895 obtegitur.
2782 1826 2894 1881 lioc
2918 1835 2972 1881 et
2998 1842 3094 1882 vos
3122 1827 3172 1881 in
3204 1827 3303 1882 hac
3331 1828 3517 1882 Eccle-

1947 1917 2023 1971 sia
2051 1916 2204 1971 facite
2231 1933 2246 1970 :
2274 1931 2654 1970 concurramus
2675 1932 2860 1971 omnes
2883 1918 3134 1987 undique,
3164 1927 3219 1972 et
3247 1919 3362 1987 cjus
3385 1933 3516 1972 con-

1949 2018 2184 2078 tegamus
2222 2009 2474 2077 inopiam,
2517 2009 2624 2063 imo
2669 2010 2937 2063 solvamus
2973 2010 3089 2078 ejus
3131 2019 3516 2079 paupertatem.

1949 2099 2036 2154 hic
2084 2099 2386 2168 frequenter
2435 2098 2804 2167 adventantes.
2855 2098 3020 2168 Caput
3061 2099 3285 2152 mlieris
3333 2102 3410 2152 vir
3443 2109 3519 2152 est

1949 2190 2163 2262 (Ephes.
2192 2191 2247 2246 ὅ.
2273 2190 2390 2260 23),
2420 2190 2611 2245 mulier
2637 2190 2736 2243 viri
2778 2190 3031 2258 adjutr'rx.
3061 2189 3138 2244 Ne
3176 2190 3336 2260 igitur
3357 2202 3519 2260 caput

1948 2281 2146 2351 absque
2171 2295 2395 2349 corpore
2419 2281 2556 2334 viam
2583 2281 2651 2335 ad
2681 2280 2798 2335 haec
2832 2289 3013 2335 sancta
3054 2281 3237 2335 limina
3277 2282 3516 2351 arripiat,

1949 2387 2122 2440 neque
2147 2386 2339 2440 corpus
2368 2371 2568 2438 absque
2607 2371 2809 2439 capite,
2839 2372 2932 2424 sed
2964 2371 3172 2440 integer
3207 2370 3313 2425 huc
3339 2371 3516 2440 ingre-

1949 2461 2126 2515 diatur
2151 2462 2309 2515 homo
2335 2460 2512 2529 pueris
2537 2461 2932 2514 comitantibus.

2021 2551 2147 2605 Filii
2160 2551 2228 2604 ad
2244 2551 2482 2620 templum
2499 2550 2809 2605 ducendi.—
2820 2550 2950 2604 Nam
2967 2551 3010 2605 si
3030 2549 3319 2618 jucundum
3343 2560 3426 2605 est
3451 2550 3522 2602 vi-

1950 2643 2078 2698 dere
2101 2642 2349 2696 arborem
2374 2656 2496 2695 cum
2531 2655 2665 2694 nova
2696 2641 2874 2710 planta
2905 2655 2938 2694 e
2972 2641 3150 2694 radice
3188 2641 3303 2709 ejus
3329 2655 3519 2695 exsur-

1951 2741 2109 2805 gente
2137 2751 2150 2786 :
2183 2733 2351 2787 multo
2377 2732 2544 2801 magis
2577 2731 2866 2800 jucundum
2897 2740 2980 2785 est
3007 2731 3188 2785 videre
3217 2731 3485 2785 hominem
3504 2772 3520 2794 ,

1951 2828 2096 2882 oximi
2135 2828 2252 2882 olea
2291 2826 2656 2885 amomiorem,
2687 2839 2717 2877 a
2758 2823 2934 2878 radice
2977 2837 3073 2876 sua
3121 2822 3286 2875 filium
3321 2821 3521 2876 habere

1951 2919 2270 2981 adstantem,
2311 2917 2462 2986 quasi
2508 2929 2696 2969 novam
2746 2915 2975 2982 plantam
3025 2932 3040 2967 :
3084 2928 3190 2967 non
3231 2913 3523 2981 jucundum

1952 3018 2128 3064 autem
2154 3010 2344 3072 solum,
2371 3007 2463 3061 sed
2489 3017 2542 3060 et
2562 3007 2711 3060 utile.
2740 3005 2976 3069 Etenim,
3004 3016 3060 3058 ut
3085 3013 3210 3057 ante
3237 3004 3366 3069 dixi,
3394 3018 3523 3058 con-

1952 3098 2185 3169 gregatis
2215 3097 2383 3167 majus
2426 3097 2628 3150 lucrum
2667 3095 2790 3149 erit.
2832 3095 3114 3148 Enimvero
3151 3105 3204 3148 et
3238 3093 3523 3163 agricolam

1956 3201 2078 3244 tunc
2107 3190 2343 3242 maxime
2370 3186 2714 3250 admiramur,
2734 3199 2841 3238 non
2867 3199 2987 3238 eum
3011 3198 3198 3254 agrum
3217 3185 3347 3238 coiit
3370 3193 3526 3238 antea

1957 3280 2092 3335 bene
2117 3279 2338 3342 cultum,
2367 3277 2462 3332 sed
2498 3291 2618 3330 cum
2661 3276 2775 3330 loca
2804 3290 2910 3329 non
2949 3275 3208 3329 seminata
3245 3283 3299 3329 et
3325 3274 3527 3328 inarata

1957 3384 2162 3425 summa
2198 3384 2323 3426 cura
2353 3367 2562 3421 excolit.
2603 3365 2692 3421 Sic
2731 3374 2787 3419 et
2823 3365 3015 3419 Paulus
3051 3363 3295 3428 faciebat,
3324 3364 3526 3433 majore

1956 3461 2132 3516 studio
2156 3458 2543 3527 cvangciizans,
2570 3456 2657 3511 ubi
2683 3454 2922 3510 Christus
2952 3453 3184 3509 nondum
3207 3465 3320 3510 erat
3356 3453 3528 3508 nomi-

1959 3560 2132 3605 natus.
2157 3549 2304 3603 illum
2333 3557 2384 3600 et
2409 3532 2506 3601 nes
2533 3546 2599 3600 ad
2637 3547 3019 3600 incrementum
3049 3544 3299 3598 Ecclesiae
3326 3543 3522 3598 utilita.

1963 3653 2173 3711 temque
2207 3647 2440 3693 nostram
2472 3638 2758 3703 imitemur,
2785 3635 3020 3706 quotidie
3049 3635 3116 3690 ad
3147 3635 3282 3690 hanc
3303 3649 3528 3704 congre-

1960 3734 2223 3804 gationem
2251 3730 2597 3786 omnituentes.
2627 3728 2756 3782 Nam
2791 3728 2833 3780 si
2860 3726 3283 3795 eomupisccmia
3315 3725 3529 3795 flagras,

1963 3834 2165 3880 tantum
2189 3823 2288 3877 bac
2307 3823 2418 3876 visa
2443 3821 2620 3885 domo,
2643 3820 2842 3888 poteris
2857 3833 2975 3873 eam
2998 3816 3150 3872 facile
3168 3816 3494 3886 restinguere
3515 3833 3530 3870 :

1962 3917 2090 3972 etsi
2117 3916 2381 3980 irascaris,
2409 3914 2550 3968 illam
2583 3911 2736 3966 facile
2766 3910 2932 3966 feram
2958 3909 3202 3964 domabis
3234 3926 3248 3962 :
3277 3917 3330 3963 et
3355 3909 3398 3961 si
3427 3907 3532 3960 alia

1963 4009 2208 4078 quapiam
2234 4006 2510 4060 affectione
2536 4003 2828 4073 impeteris,
2853 4009 3219 4071 tempestatem
3244 4015 3361 4054 eam
3386 3997 3537 4053 bieiie

1965 4100 2198 4164 sedabis,
2226 4098 2522 4166 reddesque
2546 4110 2726 4165 pacem
2753 4103 2808 4149 et
2825 4093 3162 4147 serenitatem
3191 4091 3382 4145 anima:
3412 4100 3535 4143 tum.

1965 4189 2080 4254 Otia
2122 4204 2219 4244 nos
2257 4203 2442 4242 attines
2479 4186 2580 4240 frui
2617 4184 2884 4252 contingat
2921 4183 3086 4251 gratia
3127 4189 3182 4234 et
3219 4181 3540 4248 benignitate

1968 4280 2176 4336 Domini
2215 4278 2379 4332 nostri
2417 4277 2541 4331 Jesu
2581 4273 2798 4338 Christi,
2833 4272 3046 4340 quicum
3084 4269 3226 4324 Patri
3261 4279 3318 4325 et
3353 4277 3539 4323 sancto

1969 4369 2187 4440 Spiritui
2217 4369 2284 4422 sit
2306 4367 2471 4437 gloria
2499 4379 2636 4420 nunc
2664 4371 2716 4420 et
2744 4375 2976 4431 semper,
2999 4360 3128 4415 etin
3155 4359 3346 4414 smcula
3373 4371 3541 4412 sacu-

1971 4463 2162 4518 lerum.
2192 4463 2381 4515 Amen.

1605 4659 3546 4708 *Μ

256 4787 332 4830 IN
387 4786 870 4841 PARALYTICUM,
915 4786 1023 4839 ρω
1067 4786 1265 4829 ANNOS
1308 4786 1608 4829 TRIGINTA
1651 4782 1810 4828 OCTO
1860 4772 2278 4825 DECUBUERAT
2321 4768 2384 4810 IN
2429 4755 3156 4841 INFIRMITATEHSUELET
3199 4753 3259 4795 ΙΝ

3305 4751 3494 4794 ιιιῠιι
3521 4773 3538 4800 ν

673 4888 690 4920 ι
724 4886 926 4930 PATER
973 4885 1139 4930 usus
1169 4886 1368 4939 usque
1411 4885 1585 4930 nono
1627 4881 1982 4932 ornantia,
2028 4875 2108 4918 ET
2152 4869 2270 4914 suo
2303 4863 2548 4909 OPEROB
2594 4842 2820 4922 (Ῑοαηο
2852 4837 2910 4897 5-
2960 4835 3083 4912 1ἠε
3113 4859 3132 4892 ⁸

773 5173 964 5236 (Contra
985 5181 1250 5224 Anomteos.
1270 5175 1343 5220 xu
1377 5170 1440 5231 ι.)

333 5263 364 5317 1
383 5299 404 5316 .
443 5256 767 5314 Benedictus
806 5257 945 5312 Deus
977 5272 990 5310 :
1019 5255 1226 5325 singulo
1255 5267 1465 5324 quoque
1504 5259 1764 5305 conventu
1793 5249 1874 5302 vi-

239 5355 371 5410 deo
424 5363 625 5404 arvum
669 5361 949 5414 crescere,
978 5359 1134 5416 agros
1169 5351 1408 5401 comatos
1449 5340 1664 5404 liorcre,
1697 5354 1874 5394 aream

239 5440 526 5516 impleri,
571 5438 910 5509 multiplicari
947 5436 1281 5508 manipulos;
1323 5433 1532 5490 tametsi
1577 5447 1682 5487 non
1726 5430 1876 5485 multi

240 5537 387 5592 dies
415 5530 826 5606 praeterierunt,
849 5538 1130 5602 postquam
1159 5537 1448 5587 sementem
1472 5525 1606 5581 hanc
1625 5522 1871 5592 iecimus,

319 5645 345 5676 ι
387 5635 591 5690 cottata
610 5649 722 5688 ctua
739 5643 822 5688 Its.
842 5638 988 5699 Regio
1009 5635 1150 5685 aut.

1981 5180 2105 5223 ecce
2131 5177 2260 5219 vero
2285 5155 2673 5230 quamprimum
2699 5151 2846 5206 dives
2872 5146 3028 5203 nobis
3056 5139 3377 5200 obedientiae
3406 5141 3552 5209 spica

1980 5251 2314 5327 germinavit.
2355 5248 2434 5303 Ex
2473 5260 2578 5315 quo
2621 5240 2954 5312 perspicuum
2997 5245 3079 5290 est
3120 5248 3225 5289 non
3266 5232 3550 5327 humanam

1980 5321 2103 5404 esse
2131 5339 2442 5416 potentiam,
2464 5335 2558 5394 sed
2588 5334 2808 5405 gratiam
2828 5329 3083 5394 divinam,
3108 5340 3228 5396 quae
3253 5323 3389 5378 hanc
3412 5321 3555 5424 colat

1982 5435 2291 5494 Eccicsiam.
2342 5430 2472 5486 Nam
2519 5437 2574 5483 et
2629 5420 2930 5494 hujusmodi
2977 5426 3061 5476 est
3103 5425 3292 5473 natura
3340 5420 3555 5468 senatuis

1983 5525 2292 5600 spiritualis.
2320 5522 2434 5579 Non
2464 5525 2738 5589 exspectat
2762 5525 2990 5584 tempus,
3023 5524 3130 5567 non
3167 5506 3555 5566 multitudinem

1985 5621 2216 5686 dierum,
2261 5633 2366 5672 non
2409 5613 2661 5670 circuitus
2709 5607 2991 5671 mensium,
3053 5617 3162 5660 non
3197 5604 3560 5674 tempestates,
