3980 6184
483 292 594 349 8W5

484 419 592 459 non
621 415 792 457 annos
823 397 958 454 :sed
989 398 1112 452 licet
1135 396 1294 451 unico
1319 394 1406 450 die
1426 394 1711 463 iacientem
1737 405 1920 446 semen
1951 389 2063 459 ple-

484 511 612 550 nam
639 503 696 548 et
730 492 1023 547 confertam
1063 487 1210 544 brevi
1239 487 1340 541 hoc
1369 487 1540 556 spatio
1579 497 1809 538 messem
1837 491 2062 536 metere.

487 583 694 639 Etenim
723 579 814 650 qui
844 578 983 633 hanc
1021 577 1202 633 sensui
1229 576 1521 645 subiectam
1561 583 1764 628 terram
1795 570 2063 632 scindunt,

485 675 550 727 iis
575 681 630 727 et
664 671 950 741 plurimum
996 667 1192 722 laboris
1229 665 1533 720 necessario
1559 662 1920 718 adhibendum
1961 668 2063 726 est,

483 776 540 822 et
585 765 676 820 diu
722 761 1172 832 exspectandum.
1214 759 1347 814 Nam
1388 767 1445 813 et
1480 757 1645 812 boves
1685 764 1926 810 aratores
1967 753 2068 808 sub

485 858 669 927 iugum
718 856 932 910 mittere
975 861 1258 924 coguntur,
1294 859 1350 907 et
1389 848 1706 921 profundum
1746 846 1952 902 sulcum
1991 843 2070 898 fo-

487 948 636 1010 dere,
667 955 722 1000 et
758 945 964 1000 semina
990 945 1206 1013 capiose
1230 941 1429 1012 iacere,
1462 949 1518 995 et
1545 937 1882 1009 superﬁciem
1914 945 2070 990 teme

487 1037 849 1106 complauare,
874 1044 930 1090 et
949 1033 1127 1089 omnia
1155 1045 1502 1103 quaecumque
1524 1030 1669 1100 iacta
1695 1029 1912 1093 fuerint,
1943 1041 2072 1081 con.

490 1140 690 1200 tegere,
713 1137 762 1183 et
785 1135 1096 1196 exspectare
1120 1133 1450 1196 opportunos
1471 1121 1764 1192 pluviarum
1786 1118 2067 1183 adventus,

490 1222 776 1291 multisque
809 1219 930 1274 aliis
967 1220 1019 1273 in
1059 1217 1220 1273 rebus
1265 1216 1502 1272 laborem
1543 1229 1608 1269 ac
1645 1212 1878 1270 studium
1925 1211 2072 1265 insu-

493 1328 659 1376 mere,
691 1320 746 1366 et
784 1310 1006 1364 multam
1051 1307 1304 1378 temporis
1331 1313 1642 1376 exspectare
1668 1318 1734 1358 ac
1761 1311 1888 1357 tunc
1916 1300 2073 1355 deni-

492 1418 599 1473 que
642 1403 802 1456 ﬁnem
837 1415 992 1455 suum
1035 1397 1311 1467 consequi.
1352 1396 1449 1451 llic
1483 1405 1662 1450 autem
1700 1401 1757 1449 et
1793 1400 1980 1446 testate
2018 1399 2076 1446 et

493 1492 673 1546 bienie
716 1499 774 1546 et
809 1504 989 1544 serere
1015 1496 1072 1543 et
1095 1495 1296 1542 metere
1330 1486 1476 1552 licet,
1515 1494 1568 1539 et
1593 1482 1786 1538 eodem
1822 1496 1965 1550 saepe
1989 1480 2076 1536 die

494 1591 778 1651 utrumque
815 1578 1067 1648 contigit,
1101 1577 1434 1646 potissimum
1478 1574 1569 1629 ubi
1601 1572 1809 1643 pinguis
1848 1581 1903 1626 et
1943 1569 2077 1625 uber

497 1672 655 1727 fuerit
683 1671 860 1724 anima
895 1685 1015 1739 quae
1055 1667 1269 1722 colitur.
1299 1664 1452 1733 Quod
1493 1679 1623 1719 sane
1651 1663 1707 1717 in
1741 1662 1890 1717 vobis
1915 1662 2075 1716 etiam

497 1765 620 1818 licet
647 1775 869 1817 cernere
897 1777 910 1812 :
939 1757 1285 1830 quamobrem
1314 1765 1368 1811 et
1395 1769 1494 1809 nos
1519 1755 1745 1810 alacrius
1770 1753 1838 1807 ad
1868 1768 1962 1807 vos
1987 1767 2076 1807 ac-

491 1853 782 1907 currimus.
831 1849 962 1904 Nam
1005 1858 1058 1903 et
1099 1845 1330 1917 agricola
1375 1845 1516 1899 illam
1559 1843 1840 1913 diligenter
1881 1851 2076 1896 terram

493 1945 648 2010 colit,
681 1959 748 1998 ex
774 1956 877 2012 qua
914 1955 1057 2010 saepe
1085 1953 1264 1993 aream
1295 1936 1557 2006 implevit.
1587 1934 1812 2002 Quando
1838 1935 1996 2005 igitur
2024 1942 2079 1988 et

496 2050 592 2090 vos
618 2049 788 2105 pauco
814 2048 882 2087 ex
906 2032 1092 2088 labore
1118 2044 1366 2100 magnum
1393 2027 1545 2083 nobis
1571 2027 1818 2097 praebetis
1845 2042 2077 2097 proven-

498 2136 630 2189 tum,
660 2137 847 2193 niagna
875 2136 997 2176 cum
1023 2120 1318 2175 attentione
1340 2117 1408 2172 ad
1435 2117 1572 2172 hanc
1597 2116 1904 2172 accedimus
1927 2117 2077 2186 agri-

496 2217 785 2281 culturam,
816 2222 869 2268 et
897 2228 1106 2276 eorum,
1134 2226 1253 2282 quae
1287 2219 1445 2265 antea
1483 2209 1625 2264 dicta
1653 2217 1797 2274 sunt,
1829 2207 2078 2278 reliquias

500 2311 651 2365 vobis
673 2307 1004 2364 dislributuri
1033 2305 1294 2361 venimus.
1327 2304 1478 2359 Tunc
1503 2304 1661 2374 igitur
1679 2319 1744 2358 ex
1765 2303 1959 2358 Vetere
1980 2303 2080 2358 Te-

502 2408 768 2455 stamento
795 2397 1207 2468 disputationem
1237 2396 1380 2449 illam
1412 2397 1696 2457 tesuimus,
1725 2408 1844 2464 quae
1873 2393 1939 2450 de
1961 2393 2078 2463 glo-

501 2493 580 2546 ria
610 2489 866 2560 unigeniti
893 2490 1016 2545 Filii
1045 2489 1138 2542 Dei
1164 2487 1478 2554 habebatur,
1511 2501 1652 2541 nunc
1675 2502 1740 2541 ex
1765 2485 1953 2542 eodem
1979 2485 2081 2540 hoc

504 2583 678 2651 ipsum
707 2582 960 2636 faciemus
991 2595 1006 2633 :
1037 2588 1162 2632 tunc
1191 2577 1318 2632 illud
1348 2577 1728 2640 afferebamus,
1761 2575 1902 2645 quod
1930 2575 2078 2630 dice-

507 2673 595 2726 bat
619 2670 863 2726 Christus
889 2687 902 2724 :
935 2669 996 2724 Si
1022 2669 1289 2722 crederetis
1319 2667 1508 2738 Moysi,
1539 2667 1804 2720 crederetis
1833 2667 2002 2736 utique
2034 2676 2082 2721 et

505 2763 628 2816 mihi
654 2759 831 2832 (Joan.
853 2760 908 2814 5.
939 2759 1054 2828 46);
1083 2773 1224 2812 nunc
1252 2766 1432 2812 autem
1460 2757 1686 2812 dicimus
1715 2756 1818 2812 hoc
1845 2771 1876 2810 a
1902 2756 2082 2827 Moyse

501 2854 707 2909 dictum
750 2865 877 2907 esse
925 2867 940 2904 :
992 2849 1300 2921 Pmphetam
1343 2849 1478 2903 vobis
1521 2849 1778 2902 suscitabit
1835 2848 2082 2902 Dominus

510 2945 650 2998 Deus
692 2959 756 2998 ex
801 2942 1040 3014 fratribus
1080 2941 1272 3005 vestris,
1318 2942 1447 2994 sicut
1483 2955 1562 2993 me
1607 2955 1626 2993 :
1661 2941 1828 3009 ipsum
1868 2940 2082 2993 audietis

512 3035 688 3105 (Deut.
721 3033 808 3088 18.
845 3033 949 3097 15ς
979 3033 1094 3085 Act.
1128 3031 1186 3087 3.
1224 3031 1342 3100 22).
1383 3030 1594 3085 Etenim
1635 3029 2083 3100 quemadmodum

503 3127 747 3182 Christus
773 3124 838 3178 ad
865 3125 1100 3194 Moysem
1129 3137 1222 3178 eos
1253 3122 1594 3188 transmittit,
1627 3132 1684 3176 ut
1712 3137 1810 3191 per
1837 3122 1985 3176 illum
2017 3122 2082 3174 ad

514 3232 577 3273 se
599 3217 821 3280 alliciat;
855 3215 924 3269 ita
955 3215 1163 3284 Moyses
1193 3214 1446 3283 magistro
1474 3212 1764 3282 discipulos
1791 3213 1968 3276 tradit,
1999 3212 2085 3281 iii-

509 3311 660 3371 hens,
694 3318 752 3363 ut
779 3307 828 3362 ei
856 3320 1230 3376 usquequaque
1260 3314 1498 3372 pareant.
1533 3305 1818 3358 Pareamus
1848 3305 2007 3374 igitur
2030 3313 2084 3358 et

508 3399 863 3454 assentiamur
885 3411 1006 3450 cum
1026 3395 1237 3449 caeteris
1256 3393 1414 3448 rebus
1433 3393 1698 3457 omnibus,
1724 3407 2085 3462 quascumque

511 3499 602 3542 aut
631 3486 776 3553 facit,
803 3495 894 3540 aut
915 3485 1082 3552 dicit,
1115 3495 1225 3539 tum
1254 3499 1380 3538 vero
1405 3483 1554 3552 signo
1579 3481 1729 3549 huic,
1760 3483 1900 3552 quod
1927 3483 2086 3539 hodie

512 3581 664 3635 vobis
701 3580 978 3634 recitatum
1011 3586 1115 3633 est.
1161 3575 1436 3644 Quodnam
1478 3590 1604 3630 vero
1639 3575 1742 3630 hoc
1775 3575 1893 3630 est?
1924 3573 2082 3641 Erat,

511 3669 699 3738 inquit,
732 3669 839 3723 dies
881 3668 1036 3737 {estus
1063 3666 1361 3720 Iudaeorum
1391 3680 1410 3718 :
1435 3675 1481 3718 et
1506 3665 1728 3718 ascendit
1755 3665 1905 3719 Iesus
1931 3665 2085 3720 Jero-

508 3760 755 3829 solymam
776 3775 796 3812 :
812 3766 886 3832 est
913 3767 1082 3811 autem
1105 3756 1434 3826 Jerosolgmis
1457 3755 1712 3826 probatica
1740 3756 1950 3826 piscina,
1973 3774 2087 3829 qua:

508 3849 890 3918 cognominatur
919 3846 1166 3902 Hebraice
1191 3845 1463 3914 Bethesda,
1494 3848 1709 3918 quinque
1735 3849 1956 3916 porticus
1988 3850 2084 3902 ha-

511 3940 632 3992 bens
653 3938 866 4008 (Jodnn.
889 3937 1078 4005 5.1-2).
1101 3937 1158 3991 lu
1179 3952 1338 4006 quam
1359 3945 1540 3991 narrat
1557 3952 1734 3991 sermo
1754 3939 2086 4009 evangelious

515 4030 767 4086 advenire
806 4029 1017 4084 solitum
1058 4038 1198 4082 stato
1243 4037 1482 4098 tempore
1522 4029 1788 4098 angelum,
1831 4040 1991 4100 atque
2029 4033 2084 4086 in

511 4135 632 4178 eam
659 4119 985 4176 descendere
1014 4137 1027 4173 :
1059 4121 1110 4174 id
1140 4135 1266 4174 vero
1295 4119 1514 4189 intelligi
1539 4137 1605 4176 ex
1629 4121 1864 4176 motione
1888 4137 2041 4192 aqua:
2069 4142 2082 4179 :

509 4214 689 4284 itaque
718 4215 884 4279 illiilli,
911 4214 1001 4283 qui
1025 4213 1225 4282 primus
1245 4211 1607 4268 descendisset
1629 4222 1749 4284 post
1769 4228 1920 4284 aqum
1937 4230 2087 4270 coni-

511 4306 826 4372 motionem,
876 4320 1062 4359 sanum
1093 4305 1240 4368 ﬁeri,
1271 4319 1604 4376 quocumque
1643 4305 1856 4361 tandem
1895 4307 2084 4362 morbo

500 4395 794 4451 laboraret.
831 4396 888 4450 ln
930 4397 1012 4451 liis
1052 4396 1210 4466 igitur
1241 4395 1453 4465 iacebat
1490 4396 1778 4466 porticibus
1803 4398 2084 4453 multitudo

510 4487 862 4551 inﬁrmorum,
890 4502 1172 4553 caecorum,
1206 4487 1533 4554 claudorum,
1566 4487 1857 4556 aridorum,
1881 4490 1972 4560 qui
1991 4504 2087 4546 ex-

509 4575 816 4644 spectabant
839 4591 989 4646 aqum
1017 4586 1238 4630 motum.

581 4663 684 4719 Cur
719 4664 948 4720 Christus
985 4665 1158 4720 diebus
1195 4666 1335 4735 {estis
1373 4684 1426 4721 se
1461 4668 1740 4724 ostenderet
1765 4667 1982 4726 Judwis.
2011 4701 2084 4713 —-

512 4755 693 4826 Ecqua
719 4766 897 4813 autem
923 4771 1082 4812 causa
1103 4767 1206 4823 est,
1233 4759 1575 4827 quamobrem
1602 4758 1814 4814 assidue
1837 4760 2082 4817 Christus

504 4847 703 4918 deligat
741 4847 1150 4919 Jerosolymam,
1190 4857 1246 4902 et
1286 4849 1340 4902 in
1383 4849 1509 4918 ipsis
1550 4849 1737 4905 diebus
1783 4852 1926 4906 festis
1963 4867 2082 4909 sese

505 4938 750 4994 ostendat
782 4937 1013 4993 Iudaeis?
1038 4939 1296 5004 Quoniam
1329 4949 1454 4993 tunc
1490 4939 1772 4995 multitudo
1799 4943 2082 4998 convenie-

505 5028 614 5094 bat,
647 5027 927 5098 lociimque
955 5028 1100 5082 illum
1127 5041 1191 5082 ac
1218 5037 1426 5098 tempus
1453 5028 1793 5096 observabat,
1827 5039 1884 5086 ut
1911 5035 2080 5088 susci-

505 5129 655 5190 peret
679 5120 936 5175 inﬁrmos.
960 5119 1072 5174 Non
1093 5120 1236 5175 enim
1264 5120 1318 5186 ii,
1343 5121 1429 5191 qui
1451 5121 1781 5188 laborabant,
1805 5131 2081 5194 tantopere

503 5210 788 5280 cupiebant
807 5209 1021 5265 liberari
1048 5225 1079 5264 a
1105 5209 1324 5276 morbis,
1354 5221 1679 5281 quantopere
1705 5212 1950 5268 studebat
1971 5231 2081 5270 me-

504 5300 653 5356 dicus
680 5315 772 5356 eos
793 5301 860 5356 ab
879 5299 1232 5356 iuvaletudine
1253 5301 1501 5356 liberare.
1524 5302 1641 5368 Quo
1664 5302 1821 5374 igitur
1841 5312 2080 5373 tempore

506 5389 754 5460 frequens
781 5401 894 5446 erat
923 5392 1156 5461 ipsorum
1181 5404 1492 5456 conventus,
1516 5402 1570 5447 et
1595 5391 1891 5448 confertum
1923 5395 2077 5450 thea-

508 5488 668 5544 trum,
697 5490 820 5536 tunc
857 5481 908 5535 in
939 5481 1168 5537 medium
1203 5483 1421 5537 veniens
1457 5497 1540 5548 ea,
1577 5498 1695 5553 qua:
1736 5483 1804 5538 ad
1844 5485 2076 5554 ipsorum

504 5567 728 5622 salutem
748 5567 1004 5637 facerent,
1033 5569 1357 5640 proferebat.
1379 5570 1598 5628 Jacebat
1620 5573 1778 5643 igitur
1797 5573 2077 5629 multitudo

506 5655 843 5714 inﬁrmorum
875 5665 1294 5730 exspectantium
1334 5678 1486 5733 aqum
1516 5675 1714 5720 motum
1745 5684 1758 5720 :
1787 5676 1842 5722 et
1873 5668 1916 5723 is
1953 5667 2074 5738 qui-

1195 281 1249 338 S.
1290 277 1566 336 JOANNIS
1602 272 2079 332 CHRYSOSTOMI
2118 271 2432 330 ABCIIIEP.
2473 267 3005 328 CONSTANTINOP.
3577 281 3662 341 θοι

2170 386 2317 450 dem,
2353 385 2444 456 qui
2473 383 2676 455 primus
2699 383 3056 439 descendebat
3082 391 3199 452 posit
3218 397 3356 452 aqua:
3376 399 3569 458 motum,
3596 408 3668 451 ει.

2173 478 2430 541 nabalur;
2461 476 2553 544 qui
2579 483 2755 530 autem
2789 473 3072 539 secundus,
3104 488 3206 529 non
3232 475 3349 530 item
3378 481 3494 536 :sed
3516 498 3670 542 consu-

2173 564 2419 620 mebatur
2470 563 2937 629 medicamentum,
2981 572 3158 633 atque,
3208 579 3420 635 expensa
3453 572 3669 631 medicina

2171 656 2378 725 gratiae,
2404 655 2457 709 in
2487 663 2754 724 posterum
2779 653 3052 708 restabant
3073 653 3208 708 solae
3229 668 3288 709 ac
3313 655 3514 713 deserta
3532 675 3674 731 aquai;

2175 721 2399 815 perinde
2421 721 2585 815 atque
2608 744 2915 799 invaletudo
2935 743 3096 810 illius,
3128 744 3219 813 qui
3249 745 3431 813 primus

2173 845 2277 900 rat,
2307 845 2469 890 totam
2497 835 2646 889 illam
2675 833 2979 890 facultatem
3008 834 3365 903 expressisset,
3387 847 3435 891 et
3457 838 3682 895 exhausis-

2173 932 2253 982 set
2272 941 2286 989 ;
2304 933 2358 980 et
2366 925 2489 995 iure
2498 923 2710 996 quidem
2722 924 2953 994 optimo:
2971 923 3177 978 servilis
3190 923 3325 979 enim
3337 936 3440 980 erat
3450 927 3522 980 illa
3534 929 3680 998 gratis.

2247 1015 2497 1087 Baptismi
2523 1016 2691 1086 gratia
2727 1031 2879 1084 quam
2910 1014 3134 1084 copiosa.
3159 1044 3232 1057 --
3253 1015 3364 1083 Quo
3399 1028 3552 1073 autem
3577 1030 3683 1076 tein-

2177 1120 2308 1177 pore
2335 1107 2594 1162 Dominus
2623 1105 2859 1172 advenit,
2891 1120 2998 1160 non
3022 1104 3207 1160 eadem
3238 1107 3369 1160 ratio
3395 1118 3574 1162 servata
3593 1119 3681 1176 est;

2178 1211 2282 1252 nec
2325 1197 2415 1266 qui
2461 1197 2663 1266 primus
2703 1194 3062 1252 descendebat
3100 1195 3153 1249 in
3197 1195 3444 1265 piscinam
3481 1212 3688 1266 aquarum

2177 1287 2447 1357 baptismi,
2477 1287 2625 1342 solus
2652 1287 2960 1354 sanabatur,
2992 1285 3086 1341 sed
3125 1295 3180 1340 et
3209 1286 3434 1356 primus,
3458 1295 3508 1342 et
3536 1302 3687 1343 secun-

2178 1378 2301 1446 dus,
2325 1388 2380 1435 et
2404 1380 2610 1444 tertius,
2633 1387 2690 1434 et
2717 1388 2959 1448 quartus,
2987 1388 3043 1433 ct
3072 1377 3332 1446 decimus,
3354 1387 3409 1434 et
3428 1379 3689 1450 vigesiinus;

2178 1485 2242 1526 ac
2266 1471 2310 1524 si
2341 1470 2526 1526 decem
2556 1471 2719 1525 millia
2745 1470 2950 1526 dixeris
2979 1478 3032 1524 et
3060 1469 3146 1524 bis
3175 1478 3320 1524 terve
3355 1471 3570 1535 totidem,
3590 1487 3639 1525 ac
3655 1473 3690 1526 si

2180 1560 2416 1616 inﬁnitos
2456 1560 2826 1625 multitudine,
2857 1574 2921 1615 ac
2957 1559 3005 1614 si
3045 1568 3215 1615 totum
3254 1560 3431 1615 orbem
3465 1559 3627 1629 ieceris
3653 1561 3694 1615 in

2181 1652 2437 1722 piscinam
2472 1667 2752 1723 aquarum,
2782 1666 2850 1706 ne
2889 1651 3108 1706 minima
3138 1650 3350 1722 quidem
3380 1665 3444 1706 ex
3469 1662 3596 1720 parte
3624 1653 3697 1706 iiii-

2182 1743 2362 1798 nuitur
2383 1745 2574 1814 gratia,
2607 1743 2702 1799 sed
2729 1742 2916 1799 eadem
2944 1753 3129 1798 manet
3154 1757 3340 1799 omnes
3367 1743 3477 1798 illos
3500 1760 3700 1814 purgans.

2182 1835 2411 1890 Tantum
2451 1835 2678 1891 interest
2717 1836 2857 1890 inter
2883 1835 3136 1890 servilem
3168 1841 3493 1905 potestatem,
3519 1844 3566 1888 et
3592 1835 3703 1889 licii-

2183 1926 2289 1981 lem
2313 1927 2706 1981 auctoritatem.
2735 1925 2828 1981 Ille
2856 1941 3019 1981 unum
3045 1927 3293 1994 sanabat,
3323 1925 3410 1981 hic
3430 1926 3592 1980 orbem
3612 1926 3706 1980 uni-

2182 2031 2394 2072 versum
2424 2035 2439 2070 :
2473 2017 2563 2072 ille
2593 2016 2800 2087 singulo
2824 2033 3036 2088 quoque
3063 2033 3211 2073 anno
3241 2033 3418 2082 unum,
3445 2017 3525 2073 hic
3543 2017 3708 2086 singulo

2181 2122 2393 2178 quoque
2412 2107 2520 2174 die,
2542 2109 2586 2162 si
2603 2108 2788 2164 decem
2809 2108 2973 2165 millia
2991 2110 3128 2164 velis
3145 2110 3382 2180 iniicere,
3401 2125 3569 2166 omnes
3584 2124 3708 2165 sanos

2183 2201 2385 2268 reddit;
2413 2202 2505 2258 ille
2531 2201 2862 2259 descendens
2881 2215 2934 2259 et
2958 2204 3295 2260 conturbans
3319 2219 3520 2275 aquam,
3542 2203 3616 2258 hic
3633 2219 3713 2258 non

2182 2294 2340 2360 item;
2362 2294 2458 2350 sed
2484 2295 2612 2350 satis
2632 2307 2714 2350 est
2740 2295 2936 2352 nudum
2965 2295 3258 2351 dumtaxat
3283 2296 3444 2366 ipsius
3461 2310 3630 2350 nomen
3649 2295 3714 2348 in-

2185 2400 2377 2442 vocare
2413 2402 2574 2458 super
2609 2403 2795 2458 aquas,
2835 2388 3068 2458 ipsisque
3105 2389 3413 2444 universam
3439 2387 3721 2444 committere

2183 2477 2404 2534 sanandi
2433 2479 2717 2534 rationem.
2747 2479 2814 2534 Et
2841 2479 2930 2534 ille
2955 2478 3180 2549 quidem
3202 2493 3482 2549 corporum
3505 2476 3623 2530 vitiis
3639 2490 3722 2530 nie-

2183 2570 2408 2626 debatur
2463 2588 2478 2624 :
2529 2571 2616 2626 hic
2662 2581 2840 2627 autem
2887 2571 3079 2626 anima:
3139 2571 3480 2626 vitiositatem
3529 2566 3726 2636 corrigit.

2185 2660 2367 2728 Vides,
2390 2677 2548 2731 quam
2577 2661 2923 2732 undequaque
2951 2677 3234 2733 maguum,
3262 2672 3420 2732 atque
3439 2659 3562 2716 adeo
3584 2657 3726 2712 inﬁni-

2186 2761 2297 2807 tum
2328 2753 2660 2808 intervallum
2689 2753 2939 2824 apparet?

2256 2843 2310 2897 2.
2350 2843 2570 2900 Iacebat
2598 2845 2756 2914 igitur
2792 2844 3072 2900 multitudo
3102 2845 3438 2899 inﬁrmorum
3460 2848 3731 2911 exspectan-

2187 2939 2317 2992 tium
2343 2953 2492 3009 aqua:
2519 2947 2740 2994 motum.
2766 2940 2893 2995 Erat
2911 2941 3050 2995 enim
3073 2941 3232 2996 locus
3258 2941 3347 2996 ille
3368 2940 3548 2995 medici
3567 2937 3739 2992 ofﬁcina

2186 3029 2430 3099 quaedam
2477 3031 2788 3100 spiritualis.
2831 3033 3307 3099 Quemadmodum
3359 3035 3512 3104 igitur
3537 3033 3584 3085 in
3620 3029 3739 3100 eius-

2188 3122 2329 3177 modi
2361 3122 2480 3178 loco
2505 3124 2697 3178 multos
2725 3124 2848 3178 licet
2869 3139 3092 3180 cernere
3139 3125 3318 3180 oculis
3358 3133 3571 3194 captos,
3613 3134 3744 3176 crure

2189 3212 2479 3278 mutilatos,
2500 3225 2592 3268 aut
2609 3214 2712 3268 alia
2733 3214 2971 3283 corporis
2992 3225 3150 3285 parte
3173 3216 3318 3271 male
3337 3215 3568 3278 aﬁ‘cctos,
3588 3223 3746 3267 omnes

2189 3304 2403 3372 publice
2447 3305 2814 3372 considentes,
2859 3316 3015 3375 atque
3051 3315 3444 3378 exspectantes
3483 3304 3747 3363 medicum;

2190 3396 2259 3450 ita
2297 3396 2456 3450 etiam
2484 3396 2571 3451 hic
2615 3397 2809 3453 licebat
2837 3400 3076 3468 aspicere
3109 3399 3519 3455 multitudinem
3557 3408 3748 3454 eorum.

2189 3489 2276 3557 qui
2315 3498 2694 3545 convenerant.
2745 3489 2802 3545 lii
2840 3490 2924 3545 his
2953 3491 3086 3562 ipsis
3137 3493 3447 3564 porticibus
3487 3497 3587 3544 erat
3631 3487 3753 3540 homo

2188 3579 2393 3648 quidam
2421 3581 2629 3651 triginta
2655 3589 2701 3634 et
2729 3591 2839 3636 octo
2866 3597 3027 3636 annos
3051 3583 3256 3636 habens
3282 3583 3337 3636 in
3361 3581 3642 3651 inﬁrmitate
3661 3590 3754 3628 sua.

2193 3668 2345 3723 Hunc
2383 3687 2495 3724 cum
2549 3672 2750 3726 vidisset
2799 3671 2950 3726 Iesus
2984 3673 3253 3743 jacentem
3277 3716 3293 3741 ,
3351 3684 3401 3728 et
3448 3669 3757 3742 cognovisset.

2189 3761 2308 3829 quia
2323 3762 2437 3829 jam
2462 3763 2674 3815 multum
2702 3772 2894 3830 tempus
2937 3762 3164 3827 haberet,
3210 3763 3350 3818 dixit
3374 3763 3422 3817 ei
3443 3779 3463 3817 :
3512 3760 3591 3815 Vis
3632 3770 3761 3812 sanus

2190 3850 2304 3916 ﬁeri
2316 3850 2342 3902 .9
2357 3849 2636 3918 Respondit
2655 3851 2702 3905 ei
2723 3852 2992 3922 languidus
3005 3869 3065 3906 ac
3085 3854 3250 3920 dixit,
3278 3852 3544 3923 Profecto,
3561 3848 3760 3902 Domine:

2188 3941 2278 3995 sed
2303 3941 2552 3996 hominem
2586 3960 2685 3997 non
2714 3943 2904 4008 habeo,
2949 3954 3004 3997 ut
3024 3961 3147 3999 cum
3193 3945 3406 3999 turbata
3435 3943 3582 4013 fuerit
3618 3954 3762 4008 aqua.

2191 4033 2354 4085 mittat
2381 4049 2458 4086 me
2487 4033 2540 4087 in
2569 4033 2838 4102 piscinam.
2866 4033 3000 4087 Dum
3020 4035 3175 4088 venio
3204 4036 3346 4089 enim
3376 4049 3471 4106 ego
3491 4075 3507 4099 ,
3529 4032 3652 4084 alius
3672 4037 3764 4080 inite

2190 4136 2268 4173 me
2304 4121 2557 4178 descendit
2601 4121 2795 4191 (Joan.
2838 4123 2891 4177 5.
2935 4123 2990 4176 5.
3033 4123 3120 4193 7).
3175 4124 3298 4178 Cur
3345 4134 3574 4178 caeteros
3611 4127 3768 4172 omnes

2191 4212 2501 4279 praeteriens
2523 4213 2679 4268 Jesus
2707 4213 2772 4268 ad
2803 4213 2946 4266 hunc
2971 4214 3120 4267 venit
3145 4214 3172 4268 ?
3212 4214 3292 4279 Ut.
3313 4224 3373 4270 et
3415 4210 3692 4283 potentiam
3725 4212 3767 4257 et

2190 4300 2570 4358 humanitatem
2593 4304 2931 4359 ostenderet:
2956 4305 3266 4374 potentiam
3290 4305 3539 4376 quidem,
3556 4299 3770 4372 quoniam

2191 4395 2407 4450 morbus
2430 4395 2540 4464 iam
2581 4397 2746 4451 factus
2772 4405 2889 4451 erat
2912 4397 3238 4453 insanabilis
3269 4439 3287 4464 ,
3320 4408 3382 4454 et
3410 4397 3576 4467 ipsius
3603 4390 3769 4447 invale‘

2190 4485 2316 4539 tudo
2351 4501 2416 4540 eo
2449 4486 2657 4541 redacta
2687 4496 2830 4552 erat,
2863 4495 2920 4541 ut
2943 4497 3087 4542 esset
3115 4490 3174 4543 in
3207 4490 3387 4544 rebus
3412 4484 3696 4557 deploratis
3726 4493 3774 4532 ac

2189 4575 2510 4645 desperatis;
2536 4576 2911 4631 humanitatem
2938 4592 3087 4644 vero,
3114 4579 3276 4648 quod
3307 4579 3404 4648 qui
3437 4577 3691 4648 przecipue
3709 4569 3772 4622 di-

2187 4681 2324 4736 gnus
2351 4675 2464 4722 erat
2487 4667 2850 4722 misericordia
2879 4677 2932 4723 et
2952 4666 3358 4735 beneﬁcentia,
3389 4668 3540 4723 bime
3561 4680 3667 4737 pia:

2189 4758 2320 4812 teris
2346 4759 2582 4827 respexit
2613 4759 2873 4828 propitius
2898 4774 2962 4813 ac
2995 4759 3282 4829 benignus
3312 4761 3598 4814 Dominus.
3626 4755 3772 4819 Neque

2186 4864 2314 4905 vero
2334 4849 2508 4904 locum
2529 4849 2720 4905 leviter
2745 4860 3144 4920 praetereamus,
3181 4867 3378 4922 neque
3405 4861 3677 4906 numerum
3700 4842 3774 4897 tri-

2186 4942 2330 5012 ginta
2367 4952 2421 4999 et
2460 4953 2584 5000 octo
2606 4959 2895 5007 annorum,
2925 4957 3057 5012 quos
3086 4943 3312 5012 agebat
3351 4945 3407 4998 in
3462 4935 3773 4997 iiivaletudinc

2191 5051 2306 5091 sua.
2336 5037 2569 5091 Audiant
2593 5051 2801 5099 omnes,
2831 5036 3163 5104 quicumque
3195 5051 3335 5090 eum
3365 5041 3674 5106 paupertate
3694 5039 3775 5096 per

2189 5137 2348 5196 petuo
2391 5126 2800 5189 conﬂictantur,
2851 5125 3188 5194 quicumque
3237 5126 3300 5180 in
3343 5125 3557 5179 morbis
3594 5121 3773 5172 vivunt.

2187 5220 2503 5288 quicumque
2542 5217 2938 5274 difﬁcultatibus
2973 5225 3319 5285 premuntur
3348 5215 3676 5286 negotiorum
3695 5217 3778 5259 sic-

2187 5308 2464 5370 eid-arium,
2506 5309 2827 5378 quicumque
2852 5314 3243 5376 tempestatem
3277 5321 3349 5361 ac
3394 5305 3676 5374 procellam
3700 5307 3786 5345 non

2186 5405 2610 5468 exspectatorum
2636 5397 2900 5453 malorum
2927 5396 3347 5450 sustinuerunt.
3374 5391 3700 5464 Para'yticus
3719 5381 3791 5436 hic

2187 5497 2266 5542 est
2295 5488 2594 5558 propositus
2622 5503 2720 5542 ceu
2742 5487 3036 5542 communis
3068 5495 3284 5552 portus
3319 5486 3679 5540 humanarum
3707 5488 3785 5527 ca-

2189 5578 2502 5633 lamitatuni.
2541 5577 2707 5634 Nemo
2733 5577 2874 5633 enim
2904 5577 3038 5632 adeo
3065 5590 3285 5630 vecors
3333 5584 3426 5631 est
3446 5616 3464 5643 ,
3506 5585 3662 5628 nemo
3682 5561 3794 5620 adeo

2187 5669 2346 5723 miser
2371 5709 2386 5737 ,
2410 5679 2463 5725 et
2491 5670 2828 5726 calamitosus
2851 5710 2866 5736 ,
2894 5669 3019 5740 quin
3048 5708 3064 5735 ,
3099 5667 3153 5722 si
3190 5667 3352 5724 hunc
3377 5672 3613 5738 spectet,
3642 5653 3796 5713 cunnia
