3980 6184
234 252 339 312 805

228 370 328 426 τοῦ
374 369 578 438 σπόρου
613 365 709 421 τοῦ
735 366 1105 448 πνευματικοῦ
1128 383 1142 395 ⁸
1169 367 1270 420 οὑκ
1297 367 1554 438 ἀναμένει
1599 368 1810 440 χρόνον,

227 454 292 508 οὺ
321 451 606 523 περιμένει
633 450 836 520 πλῆθος
867 449 1109 521 ἡμερῶν,
1126 449 1226 503 οὑκ
1241 449 1518 521 ἐκδέχεται
1537 451 1815 522 περιόδους

234 535 442 606 μηνῶν,
479 533 598 586 οὑδὲ
646 532 798 606 ὥρας
832 533 926 586 καὶ
960 534 1186 604 καιροὺς
1229 535 1324 587 καὶ
1363 535 1669 598 ἐνιαυτούς⁸
1697 533 1813 588 ἀλλ’

230 618 379 671 ἐστιν
401 619 460 670 ἐν
480 616 665 687 ἡμέρᾳ
693 617 793 688 μιᾷ
825 615 1198 670 καταϐαλόντα
1217 617 1284 670 τὰ
1311 616 1604 688 σπέρματα
1632 615 1815 687 μεστῷ

229 701 329 755 καὶ
365 699 784 772 πεπληρωμένῳ
827 699 906 770 τῷ
955 698 1200 770 βραχίονι
1245 698 1436 753 τοῦτον
1479 700 1692 770 ἀμῆσαι
1726 699 1814 752 τὸν

229 783 464 853 ἀμητόν.
485 783 546 836 Oi
581 782 682 854 μὲν
710 783 822 854 γὰρ
849 782 947 853 τὴν
970 783 1238 854 αἰσθητὴν
1265 781 1470 852 ταύτην
1496 782 1816 853 ἀνατέμνον-

228 883 320 929 τες
361 865 490 935 γῆν,
521 866 723 936 πολλῆς
750 866 962 919 δέονται
1003 865 1105 936 τῆς
1144 865 1550 936 πραγματείας,
1577 865 1672 918 καὶ
1719 883 1816 936 μα-

230 950 372 1019 κρᾶς
396 951 498 1019 τῆς
527 945 816 1021 ἀναϐολῆς.
849 949 960 1002 Kal
987 948 1096 1020 γάρ
1125 948 1220 1002 καὶ
1251 947 1375 1016 βοῦς
1397 949 1677 1028 ’ἀροτῆρας
1710 947 1816 1000 ὑπὸ

230 1032 331 1101 τὴν
356 1031 592 1104 ζεύγλην
609 1032 764 1101 ἄγειν
789 1030 1210 1100 ἀναγκάζονται,
1243 1032 1337 1084 καὶ
1365 1031 1585 1102 βαθεῖαν
1608 1031 1818 1086 αὑλακα

229 1115 473 1186 τέμνειν,
513 1116 609 1169 καὶ
639 1114 836 1186 δαψιλῆ
871 1115 944 1168 τά
986 1114 1277 1186 σπέρματα
1309 1114 1694 1184 καταϐάλλειν,
1723 1116 1817 1170 καὶ

227 1199 332 1268 τὴν
353 1198 676 1266 ἐπιφάνειαν
703 1197 1021 1268 ἐξομαλίσαι
1043 1197 1141 1268 τῆς
1163 1197 1288 1268 γῆς,
1321 1197 1414 1250 καὶ
1445 1198 1514 1252 τά
1542 1198 1818 1270 καταϐλη-

229 1280 398 1334 θέντα
419 1281 600 1335 πάντα
635 1281 998 1352 περιστεῖλαι,
1025 1280 1120 1333 καὶ
1147 1282 1435 1351 ἀναμεῖναι
1465 1279 1818 1351 συμμέτρους

227 1362 456 1433 ὅμϐρων
494 1364 685 1435 φοράς,
738 1364 833 1417 καὶ
877 1362 1045 1416 πολλά
1099 1362 1263 1433 ἕτερα
1311 1362 1690 1433 φιλοπονῆσαι,
1723 1362 1818 1416 καὶ

230 1447 405 1500 πολὺν
433 1447 749 1517 ἐκδέχεσθαι
777 1446 989 1518 χρόνον,
1013 1447 1105 1499 καὶ
1137 1445 1260 1499 τότε
1287 1444 1382 1498 τοῦ
1408 1445 1597 1508 τέλους
1626 1447 1817 1498 ἐπιτυ-

227 1531 373 1596 χείν.
391 1530 649 1584 Ἐνταῦθα
700 1530 756 1583 δὲ
799 1530 894 1582 καὶ
927 1531 988 1582 ἐν
1019 1529 1170 1600 θέρει
1207 1530 1302 1584 καὶ
1348 1530 1405 1582 ἐν
1455 1528 1684 1599 χειμῶνι
1723 1529 1818 1582 καὶ

230 1614 487 1684 σπείρειν
517 1613 664 1686 [548]
698 1615 792 1668 καὶ
814 1614 1057 1685 ἀμᾶσθαι
1089 1613 1189 1680 ἔνι,
1221 1615 1315 1667 καί⁸
1338 1615 1396 1666 ἐν
1422 1613 1560 1684 αὐτῇ
1589 1616 1656 1684 τῇ
1679 1613 1818 1682 ήμές

228 1713 311 1766 pg
339 1695 592 1760 πολλάκις
624 1697 909 1769 ἀμφότερα
935 1697 1146 1766 γέγονε,
1174 1697 1268 1751 καὶ
1303 1696 1538 1768 μάλιστα
1575 1697 1702 1749 ὅταν
1740 1695 1814 1747 λι-

227 1779 393 1850 παρά
439 1782 533 1832 καὶ
560 1781 701 1833 πίων
731 1779 872 1852 τύχῃ
900 1776 1036 1834 οὖσα
1079 1782 1112 1850 ἡ
1153 1780 1544 1850 γεωργουμένη
1571 1779 1718 1850 ψυχή
1743 1793 1757 1807 ⁸
1790 1776 1819 1831 ὃ

222 1860 298 1934 δὴ
325 1863 421 1915 καὶ
441 1862 528 1932 ἐφ’
546 1862 700 1933 ὑμῶν
725 1863 880 1928 ἐστιν⁴
905 1863 1032 1917 ἰδεῖν
1051 1877 1066 1892 ⁸
1087 1863 1177 1930 ,διὸ
1206 1865 1300 1916 καὶ
1331 1865 1492 1934 ἡμεῖς
1517 1862 1654 1934 πρὸς
1675 1861 1819 1932 ὑμᾶς

225 1944 644 2017 προθυμότερον
680 1947 980 2018 τρέχομενεο
1013 1946 1137 2000 ἐπεὶ
1173 1947 1267 2000 καὶ
1311 1945 1555 2017 γεωργὸς
1602 1945 1818 2016 ἐκείνην

226 2027 525 2098 ἐργάζεται
553 2029 652 2100 τὴν
675 2030 912 2102 ἄρουραν
943 2030 1268 2100 ἐπιτήδειον,
1304 2029 1396 2098 ἀφ’
1414 2023 1484 2101 ἦς
1508 2027 1606 2100 τὴν
1637 2028 1820 2083 ἅλωνα

224 2111 494 2176 πολλάκις
541 2113 854 2184 ἐνέπλησεν.
873 2113 1024 2167 Ἐπεὶ
1075 2109 1169 2168 οῦν
1214 2114 1308 2168 καὶ
1355 2115 1512 2185 ὑμεῖς
1545 2112 1604 2185 ἐξ
1637 2113 1816 2182 ὀλίγου

224 2193 400 2270 πόνου
432 2195 632 2268 πολλὴν
658 2199 792 2268 ἡμῖν
814 2197 1081 2271 παρέχετε
1101 2197 1201 2269 τὴν
1229 2196 1507 2267 πρόσοδον,
1533 2195 1670 2266 μετά
1693 2195 1820 2249 πολ-

224 2275 337 2348 λῆς
358 2277 459 2348 τῆς
491 2271 767 2351 προσοχῆς
805 2280 906 2358 τῆς
947 2280 1221 2351 γεωργίας
1265 2278 1547 2350 ἀπτόμεθα
1590 2278 1816 2350 ταύτης,

223 2361 332 2413 καὶ
357 2360 466 2413 τῶν
504 2362 768 2432 πρότερον
794 2363 1106 2434 εἰρημένων
1141 2363 1209 2427 τὰ
1247 2361 1473 2432 λείψανα
1497 2363 1625 2432 ὑμῖν
1657 2362 1818 2432 κομί-

226 2458 424 2506 σοντες
445 2444 693 2514 -ἥκομεν.
727 2445 860 2498 Τότε
911 2446 1011 2517 μὲν
1042 2440 1133 2498 οὖν
1179 2445 1287 2499 ἀπὸ
1331 2445 1431 2514 τῆς
1459 2445 1701 2506 Παλαιᾶς
1729 2443 1819 2496 τὸν

224 2523 392 2593 λόγον
440 2527 724 2598 ὑφήναμεν
753 2527 845 2582 τὸν
880 2528 1009 2600 περὶ
1037 2528 1139 2598 τῆς
1175 2527 1334 2598 δόξης
1373 2525 1466 2578 τοῦ
1499 2525 1818 2597 μονογενοῦς

225 2607 370 2661 Υίοῦ
393 2609 490 2662 τοῦ
513 2611 650 2664 Θεοῦ
669 2611 826 2664 ’.νυνὶ
845 2611 901 2664 δὲ
931 2613 1036 2665 ἀπ’.
1052 2611 1221 2681 αὐτῆς
1244 2610 1306 2664 τὸ
1327 2608 1460 2662 αὑτὸ
1483 2607 1643 2661 τοῦτο
1667 2609 1822 2676 ποιή-

227 2709 432 2773 σομεν·
475 2693 594 2746 τότε
621 2688 714 2748 οῦν
740 2693 1020 2766 ἐλέγομεν,
1056 2695 1138 2747 ὅτι
1169 2695 1198 2747 6
1223 2691 1455 2764 Χριστὸς
1490 2691 1706 2759 ελεγενο
1752 2692 1823 2746 Εἰ

225 2777 584 2831 ἐπιστεύετε
612 2777 857 2847 Μωῦσῇ,
897 2778 1242 2834 ἐπιστεύετε
1283 2777 1361 2831 ἂν
1395 2777 1526 2846 ἐμοί
1539 2793 1554 2809 ⁸
1601 2775 1718 2830 νυνί
1765 2775 1824 2829 δὲ

225 2858 490 2931 λέγομεν,
532 2861 614 2916 ὅτι
657 2855 779 2915 εἷπε
824 2861 1099 2932 Μωῦσῆς⁸
1144 2860 1466 2930 Προφήτην
1505 2859 1649 2929 ὑμῖν
1679 2860 1824 2914 ἀνα-

224 2943 456 3008 στήσει
487 2946 714 3014 Κύριος,
735 2949 767 3000 ό
799 2945 945 3012 Θεὸς
974 2945 1043 2998 ἐκ
1075 2943 1194 2998 τῶν
1219 2943 1499 3014 ἀδελφῶν
1530 2942 1702 3012 ὑμῶν
1743 2944 1824 3010 ὡς

225 3028 340 3097 ἐιιέ
359 3045 373 3058 ⁸
408 3029 597 3083 αὐτοῦ
633 3028 1211 3098 ἀκούσεσθε.”Ωσπερ
1235 3026 1343 3098 γὰρ
1369 3029 1396 3080 6
1429 3026 1662 3097 Χριστὸς
1688 3026 1824 3098 πρὸς

225 3113 325 3166 τὸν
355 3113 600 3166 Μωῦσέα
633 3112 1014 3183 παραπέμπει,
1050 3112 1138 3164 ἵνα
1171 3111 1237 3164 δι’
1260 3111 1469 3164 ἐκείνου
1513 3111 1650 3182 πρὸς
1701 3111 1826 3164 ἐαυ-

224 3196 326 3250 τὸν
359 3195 760 3266 ἐπισπάσηται,
782 3193 955 3258 οὑτως
975 3195 1004 3247 6
1030 3193 1272 3264 Μωῦσῆς
1291 3193 1369 3265 τῷ
1397 3193 1698 3265 διδασκάλῳ
1721 3211 1827 3246 πα-

229 3280 492 3351 ραδίδωσι
541 3281 666 3342 τοὺς
698 3279 966 3350 μαθητάς,
995 3277 1232 3332 κελεύων
1273 3275 1422 3348 αὑτῷ
1456 3277 1597 3331 κατὰ
1646 3277 1825 3330 πάντα

227 3363 546 3417 πείθεσθαι.
573 3363 898 3434 Πειθώμεθα
936 3362 1115 3416 τοίνυν
1163 3355 1244 3426 οἷς
1286 3360 1352 3415 ἂν
1391 3361 1518 3432 ποιῇ
1549 3361 1643 3414 καὶ
1668 3361 1823 3434 λέγῃ,

226 3451 345 3509 τοῖς
374 3465 438 3500 τε
461 3446 643 3510 ἄλλοις
671 3447 864 3509 ἀπασι,
889 3447 982 3500 καὶ
1003 3444 1177 3516 τούτῳ
1208 3443 1285 3514 τῷ
1313 3445 1554 3515 σήμερον
1582 3446 1827 3514 ἀναγνωο

227 3530 418 3583 σθέντι
453 3531 584 3602 ἡμῖν
615 3529 846 3601 σημείῳ.
885 3529 951 3582 Τί
991 3529 1049 3582 δὲ
1082 3527 1240 3580 τοῦτό
1269 3529 1451 3592 ἐστιν;
1479 3522 1611 3591 'Hr,
1640 3529 1822 3600 φησὶν,

225 3613 413 3682 ἑορτὴ
451 3612 573 3666 τῶν
606 3611 920 3678 Ἰουδαίων,
958 3613 1054 3667 καὶ
1083 3612 1271 3680 ἀνέϐη
1294 3609 1526 3681 Ἰησοῦς
1553 3615 1642 3679 εἰς
1669 3613 1829 3680 Ἰερο-

223 3696 681 3767 σόλυμαζἜστι
707 3695 776 3749 δὲ
802 3697 873 3750 ἐν
894 3695 1021 3762 τοῖς
1049 3696 1481 3764 Ἰεροσολύμοις
1501 3693 1824 3764 προϐατικὴ

224 3780 631 3850 κολυμϐήθρα
653 3819 669 3844 ,
715 3781 754 3849 ἡ
807 3778 1100 3850 λεγομένη
1157 3778 1451 3846 Ἐϐραϊστί
1509 3777 1786 3846 Βηθεσδᾶ
1807 3819 1822 3844 ,

225 3863 421 3918 πέντε
468 3865 658 3930 στοὰς
691 3863 954 3934 ἔχουσα·
990 3864 1069 3926 εἰς
1102 3855 1358 3932 ἠνλόγος
1386 3861 1498 3932 ἔχει
1525 3864 1826 3934 παραγινό-

228 3963 401 4016 μενον
451 3945 684 4015 ἄγγελον
729 3945 870 3999 κατά
902 3944 1094 4016 καιρὸν
1127 3944 1512 4010 καταδύεσθαι,
1546 3947 1640 4000 καὶ
1670 3945 1828 4000 τοῦτο

224 4029 609 4098 γινώσκεσθαι
654 4029 741 4083 διὰ
785 4028 884 4100 τὴν
923 4027 1019 4081 τοῦ
1066 4027 1256 4092 ὕδατος
1295 4028 1542 4100 κίνησιν·
1594 4030 1688 4083 τὸν
1736 4025 1828 4083 οῦν

227 4115 458 4185 πρῶτον
486 4113 734 4184 ἐμϐάντα
767 4113 908 4183 μετὰ
931 4111 1022 4165 τὸν
1051 4113 1110 4165 ἐν
1137 4109 1215 4181 τῷ
1244 4110 1396 4165 ὕδατι
1430 4111 1677 4166 κλύδωνα
1699 4113 1828 4183 ὑγιῆ

225 4196 508 4264 γίνεσθαι,
540 4195 823 4267 ὁτιδήποτε
870 4193 1208 4268 ἀρρώστημα
1249 4194 1563 4266 ἐχοντα.Ἐν
1604 4196 1828 4260 ταύταις

225 4275 326 4332 οῦν
355 4279 651 4332 κατέκειτο
693 4281 814 4342 ταῖς
850 4281 1030 4342 στοαῖς
1065 4277 1266 4349 πλῆθος
1309 4275 1699 4342 ἀσθενούντων,
1737 4297 1830 4332 τυ-

225 4363 410 4431 φλῶν,
441 4362 654 4432 χωλῶν,
680 4360 878 4433 ξηρῶν,
906 4360 1279 4432 ἐκδεχομένων
1299 4361 1397 4433 τὴν
1416 4361 1509 4414 τοῦ
1531 4361 1722 4426 ὓδατος
1746 4362 1828 4415 xil-

227 4462 415 4514 νησιν.

305 4695 470 4757 τίνος
513 4690 610 4749 οὖν
657 4695 843 4748 ἕνεκεν
888 4693 956 4748 τὰ
993 4693 1343 4765 Ἱεροσόλυμα
1372 4693 1610 4764 συνεχῶς
1633 4694 1663 4747 6
1691 4694 1828 4764 Χρι-

227 4779 366 4841 στὸς
386 4775 822 4848 καταλαμϐάνει,
858 4777 952 4830 καὶ
978 4778 1036 4829 ἐν
1063 4777 1184 4840 ταῖς
1225 4777 1440 4848 ἑορταῖς
1475 4776 1830 4848 ἐπιχωριάζει

220 4865 351 4926 τοῖς
397 4863 708 4926 Ἰουδαίοις;
751 4859 969 4930 Ἐπειδὴ
1001 4859 1122 4914 τότε
1164 4858 1225 4911 τὸ
1264 4859 1468 4928 πλῆθος
1494 4859 1828 4930 συνελέγετο,

218 4947 327 5000 καὶ
352 4945 454 4998 τὸν
475 4945 640 4998 τόπον
673 4945 880 4998 ἐκεῖνον
907 4944 1003 4996 καὶ
1028 4941 1119 4995 τὸν
1146 4941 1334 5012 καιρὸν
1356 4944 1674 5014 παρετήρει,
1689 4942 1830 4997 ὥστε

216 5027 599 5082 ἐπιλαϐέσθαι
641 5027 752 5080 τῶν
799 5025 1191 5080 ἀσθενούντων.
1224 5025 1298 5078 Οὑ
1327 5025 1438 5096 γὰρ
1471 5025 1740 5097 τοσαύτην
1780 5029 1830 5080 οἰ

215 5114 549 5184 κάμνοντες
575 5107 722 5183 εἶχον
747 5109 1040 5180 ἐπιθυμίαν
1064 5108 1443 5179 ἀπαλλαγῆναι
1467 5109 1576 5162 τῶν
1597 5127 1725 5181 νοση
1736 5113 1832 5177 μά.

210 5215 372 5260 των,
403 5195 536 5267 ὅσην
581 5197 611 5248 ό
663 5194 846 5265 ἰατρὸς
896 5193 1191 5264 ἐπεποίητο
1243 5192 1479 5264 σπουδὴν
1525 5194 1829 5260 ἀπαλλάξαι

210 5280 446 5341 αὐτοὺς
475 5279 574 5348 τῆς
606 5277 1074 5348 ἀρῤωστίας.”’οτε
1121 5275 1302 5329 τοίνυν
1347 5275 1562 5347 πλήρης
1589 5280 1617 5331 6
1640 5279 1829 5334 σύλλο-

209 5382 325 5432 γος
355 5362 545 5416 αὑτῶν
569 5359 658 5433 ἦν,
691 5363 786 5415 καὶ
817 5360 1224 5434 ἀπηρτισμένον
1247 5360 1308 5414 τὸ
1331 5359 1574 5432 θέατρον,
1599 5365 1717 5416 τότε
1751 5367 1832 5430 εἰς

217 5450 416 5515 μέσον
443 5446 735 5516 ἐρχόμενος
776 5444 849 5498 τά
892 5445 1028 5517 πρὸς
1058 5444 1154 5516 τὴν
1180 5444 1452 5515 σωτηρίαν
1483 5447 1580 5509 τῆς
1605 5447 1830 5501 ἐκείνων

211 5530 424 5600 ψυχῆς
467 5529 830 5584 ἐπεδείκνυτο.
865 5528 1166 5582 Κατὲκειτο
1212 5527 1391 5580 τοίνυν
1427 5527 1628 5598 πλῆθος
1667 5530 1829 5584 ἀσθε-

214 5615 482 5668 νούντων
517 5612 886 5684 ἐκδεχομένων
926 5613 1023 5684 τὴν
1063 5611 1155 5664 τοῦ
1195 5610 1383 5674 ὓδατος
1415 5611 1648 5682 κίνησιν,
1682 5613 1776 5666 καὶ
1803 5616 1834 5666 6

216 5697 340 5766 μὲν
403 5696 621 5768 πρῶτος
675 5695 1018 5749 καταϐαίνων
1052 5695 1412 5767 ἐθεραπεύετο
1441 5695 1579 5766 μετά
1608 5696 1705 5768 τὴν
1733 5697 1828 5750 τοῦ

567 5812 840 5872 Ριιτιιοι.
885 5813 1001 5873 Gn.
1053 5809 1330 5873 XLVIII.

979 253 1066 308 DE
1101 253 1378 311 CHRISTI
1418 255 1833 325 DIVINITATE,

1874 257 2149 312 CONTRA
2189 254 2572 331 mosmos.
2612 254 2728 310 xu.
3385 251 3490 306 δυι

1920 366 2110 432 ὕδατος
2139 369 2372 440 κίνησιν,
2406 369 2434 421 6
2459 369 2516 422 δέ
2545 365 2795 434 δεύτερος
2827 364 2926 418 οὑκ
2952 363 3032 416 ἐτι
3052 379 3066 395 ⁸
3101 362 3216 417 ἀλλ’
3235 363 3496 436 ἀνηλοῦτο

1913 448 1976 502 τὸ
2003 451 2314 521 φάρμακον,
2347 450 2650 504 ἐδαπανᾶτο
2680 452 2713 520 ἡ
2753 447 2963 520 ἰατρεία
2994 447 3095 518 τῆς
3124 447 3363 518 χάριτος,
3387 446 3495 501 λοι-

1917 533 2018 586 πον
2048 533 2231 606 ἔρημα
2267 535 2336 588 τὰ
2368 534 2535 588 ὕδατα
2566 534 2747 604 ἐμενε,
2773 533 2874 604 τῆς
2907 531 3000 584 τοῦ
3027 530 3243 602 πρώτου
3262 543 3288 572 α
3323 550 3496 586 κατα-

1918 617 2192 682 ϐαίνοντος
2222 619 2536 691 ἀρρωστίας
2567 618 2714 672 ἅπαν
2748 615 3170 688 ἀναμαξαμένης
3195 615 3346 670 αὑτό.
3387 615 3496 670 Kal

1921 701 2067 770 μάλα
2099 703 2323 765 εἰκότως
2342 717 2356 733 ⁸
2386 700 2606 772 δουλικὴ
2635 703 2743 772 γὰρ
2768 697 2836 772 ἦν
2863 703 2897 771 ιή
2928 699 3104 771 χάρις.

2001 931 2139 984 Ἀλλ’
2168 932 2285 1003 οὑχ,
2323 933 2412 988 ὅτε
2440 935 2468 987 6
2494 935 2768 1005 Δεσπότης
2809 934 3157 1004 παρεγένετο,
3189 932 3361 996 οὑτως
3387 932 3499 1000 ἐγί-

1917 1033 2055 1080 νετο,
2092 1016 2213 1069 οὑδέ
2257 1019 2286 1069 ό
2331 1017 2546 1088 πρῶτος
2596 1018 2942 1072 καταϐαίνων
2981 1020 3061 1081 εἰς
3088 1019 3186 1089 τὴν
3229 1016 3499 1087 κολυμϐή-

1918 1100 2053 1172 θραν
2083 1101 2192 1153 τῶν
2220 1101 2428 1154 ὑδάτων
2460 1101 2553 1155 τοῦ
2583 1102 2956 1172 βαπτίσματος
3005 1099 3364 1170 ἐθεραπεύετο
3401 1100 3500 1169 μό-

1917 1201 2027 1246 νος,
2061 1183 2195 1236 ἀλλά
2223 1185 2316 1237 καὶ
2343 1186 2370 1238 6
2401 1186 2631 1255 πρῶτος,
2676 1184 2828 1256 [549]
2859 1185 2952 1238 καὶ
2979 1187 3006 1239 6
3035 1185 3306 1256 δεύτερος,
3337 1184 3430 1237 καὶ
3470 1184 3499 1235 6

1917 1265 2120 1339 τρίτος,
2153 1268 2247 1321 καὶ
2285 1269 2314 1322 6
2346 1267 2628 1338 τέταρτος,
2664 1269 2758 1321 καὶ
2803 1270 2832 1321 6
2877 1268 3123 1332 δέκατος,
3167 1268 3262 1321 καὶ
3297 1268 3326 1321 6
3357 1267 3498 1320 εἰκοο

1921 1349 2043 1412 στός
2063 1367 2076 1381 ⁸
2106 1349 2212 1404 κᾶν
2235 1350 2465 1422 μυρίους
2483 1353 2662 1421 εἴπῃς,
2681 1351 2782 1404 κᾶν
2802 1351 2882 1414 δὶς
2901 1349 3207 1414 τοσούτους,
3233 1349 3336 1403 κᾶν
3355 1349 3496 1418 τρὶς,

1919 1431 2023 1486 κᾶν
2069 1432 2334 1504 ἀπείρους
2374 1432 2453 1503 τῷ
2485 1433 2698 1503 πλήθει,
2735 1433 2838 1486 κᾶν
2870 1432 2966 1503 τὴν
2996 1433 3320 1502 οἰκουμένην
3359 1431 3503 1484 ἆπα-

1921 1529 2018 1567 σαν
2047 1515 2291 1588 ἐμϐάλῃς
2333 1517 2413 1579 εἰς
2437 1516 2536 1587 τὴν
2569 1515 2954 1587 κολυμϐήθραν
2981 1515 3088 1568 τῶν
3123 1515 3350 1579 ὑδάτων,
3382 1511 3500 1567 οὑδὲ

1919 1599 2060 1650 κατά
2095 1598 2290 1670 μικρὸν
2333 1598 2650 1652 ἐλαττοῦται
2679 1600 2712 1670 ἡ
2743 1600 2921 1670 χάρις,
2953 1598 3066 1652 ἀλλ’
3093 1600 3127 1668 ἡ
3158 1598 3296 1670 αὑτὴ
3329 1597 3498 1668 μένει,

1919 1683 2126 1744 πάντας
2153 1682 2396 1746 ἐκείνους
2434 1683 2792 1754 καθαίρουσα.
2822 1681 3086 1736 Τοσοῦτον
3115 1682 3175 1735 τὸ
3198 1682 3357 1753 μέσον
3377 1680 3500 1734 δου-

1918 1763 2076 1834 λικῆς
2116 1765 2418 1836 δυνάμεως,
2458 1767 2552 1819 καὶ
2584 1766 2907 1836 δεσποτικῆς
2941 1766 3501 1830 αὑθεντίας.Ἐκεῖνος

1919 1847 2016 1900 ἕνα
2041 1847 2428 1924 ἐθεράπευσεν,
2444 1844 2597 1912 οὗτος
2625 1849 2722 1920 τὴν
2745 1849 3070 1920 οἰκουμένην
3096 1850 3334 1904 ἃπασαν·
3357 1850 3501 1902 ἐκεῖ-

1920 1949 2010 1995 νος
2041 1931 2128 1985 διὰ
2171 1931 2265 1986 τοῦ
2315 1931 2560 1986 ἐνιαυτοῦ
2602 1933 2716 1998 ἕνα,
2749 1928 2902 1996 οὗτος
2951 1932 3330 2004 καθ’ἑκάστην
3367 1930 3505 2002 ἠμέ-

1924 2032 2043 2086 ραν,
2078 2015 2125 2067 εἰ
2163 2014 2340 2085 βούλει
2377 2015 2601 2088 μυρίους
2634 2014 2910 2087 ἐμϐαλεῖν,
2944 2015 3192 2079 ἅπαντας
3237 2013 3504 2084 ὑγιαίνον-

1919 2115 2019 2162 τας
2069 2098 2388 2152 άποδίδωσιν
2409 2115 2424 2132 ⁸
2460 2101 2668 2162 ἐκεῖνος
2699 2097 3037 2152 καταϐαίνων
3073 2098 3167 2152 καὶ
3214 2098 3503 2170 ταράσσων

1919 2181 1980 2234 τὸ
2022 2179 2185 2254 ὑδωρ,
2216 2176 2369 2246 οὗτος
2413 2182 2512 2252 οὑχ
2543 2181 2734 2245 οὑτως,
2767 2180 2880 2235 ἀλλ’
2911 2182 3074 2251 ἀρκεῖ
3123 2179 3284 2250 ψιλὴν
3334 2175 3500 2234 αὑτοῦ

1920 2262 2143 2316 καλέσαι
2174 2264 2272 2334 τὴν
2301 2264 2669 2336 προσηγορίαν
2706 2264 2799 2317 ἐπὶ
2829 2263 2938 2316 τῶν
2964 2263 3170 2316 ὑδάτων
3199 2261 3382 2332 μόνον,
3406 2261 3502 2313 καὶ

1922 2348 2100 2400 πᾶσαν
2145 2347 2328 2411 αὑτοῖς
2358 2347 2717 2402 ἐναποθέσθαι
2751 2345 3045 2418 θεραπείας
3072 2345 3348 2400 ὑπόθεσιν.
3381 2346 3497 2398 Κά-

1921 2430 2096 2494 κεῖνος
2147 2429 2249 2500 μέν
2302 2431 2569 2501 σωμάτων
2620 2431 2871 2500 πήρωσιν
2900 2431 3035 2492 ἰᾶτο,
3059 2422 3212 2492 οὗτος
3237 2427 3294 2481 δὲ
3319 2426 3500 2497 ψυχῆς

1921 2513 2117 2567 κακίαν
2143 2511 2446 2584 διορθοῦται
2466 2513 2516 2568 ι).
2535 2513 2695 2585 Ὁρᾷς
2739 2511 2855 2576 πῶς
2899 2511 2988 2566 διὰ
3037 2513 3254 2566 πάντων
3281 2510 3414 2564 πολὺ
3445 2509 3506 2561 τδ

1924 2595 2090 2665 μέσον
2118 2597 2213 2650 καὶ
2241 2595 2466 2668 ἄπειρον
2496 2597 2745 2667 φαίνεται
2773 2613 2788 2660 ;

1994 2807 2059 2878 β’.
2090 2805 2388 2859 Κατέκειτο
2415 2805 2591 2858 τοίνυν
2621 2802 2825 2874 πλῆθος
2851 2802 3222 2858 ἀσθενούντων
3239 2803 3506 2874 ἀναμένον

1919 2893 2021 2963 τὴν
2047 2891 2142 2944 τοῦ
2177 2889 2368 2951 ὓδατος
2397 2888 2638 2960 κίνησιν⁸
2671 2889 2766 2942 καὶ
2799 2888 2909 2958 γὰρ
2935 2888 3171 2960 ἰατρεῖον
3193 2882 3261 2958 ἦν
3292 2889 3321 2940 6
3343 2887 3505 2949 τόπος

1925 2972 2312 3044 πνευματικόν.
2335 2971 2604 3045 Καθάπερ
2633 2967 2726 3026 οὖν
2750 2973 2810 3025 ἐν
2839 2971 3060 3044 ἰατρείῳ
3091 2969 3325 3033 πολλοὺς
3356 2969 3505 3023 ἐστιν

1926 3058 2054 3111 ἰδεῖν
2075 3056 2168 3109 τὸν
2189 3053 2466 3124 ὀφθαλμὸν
2494 3053 2959 3124 ἐκκεκομμένους,
2990 3052 3424 3124 πεπηρωμένους
3444 3051 3506 3104 τὸ

1925 3141 2138 3204 σκέλος,
2167 3139 2294 3193 ἄλλο
2322 3138 2482 3209 μέλος
2508 3137 2946 3210 ἀρρωστοῦντας.
2970 3131 3090 3190 εἶτα
3115 3137 3268 3206 κοινῇ
3299 3134 3508 3196 πάντας

1927 3223 2399 3295 συγκαθημένους,
2439 3221 2535 3276 καὶ
2569 3221 2660 3276 τὸν
2705 3221 2895 3292 ἰατρὸν’
2923 3220 3324 3292 ἀναμένοντας⁸
3364 3217 3507 3274 οὑτω

1921 3309 1988 3380 δὴ
2017 3309 2110 3361 καὶ
2135 3308 2192 3359 ἐν
2219 3305 2412 3376 ἐκείνῳ
2443 3304 2522 3376 τῷ
2549 3304 2732 3376 χωρίῳ
2758 3303 2820 3356 τὸ
2851 3299 3052 3374 πλῆθος
3078 3302 3186 3356 τῶν
3215 3301 3506 3372 συνεληλυρ

1925 3391 2097 3445 θότων
2123 3385 2192 3460 ἦν
2229 3389 2376 3442 ἰδεῖν.
2394 3388 2500 3442 Ἐν
2528 3387 2771 3452 ταύταις
2799 3385 2929 3451 ταῖς
2955 3385 3156 3452 στοαῖς
3187 3381 3267 3457 ἦν
3294 3403 3384 3451 τις
3405 3385 3508 3438 ἄν·

1926 3477 2160 3542 θρωπος
2196 3470 2514 3540 τριάκοντα
2541 3469 2641 3524 καί
2661 3467 2816 3523 ὀκτὼ
2839 3469 2942 3537 ἐτη
2964 3469 3122 3538 ἔχων
3139 3469 3208 3523 ὲν
3234 3467 3310 3538 τῇ
3331 3469 3509 3523 ἀσθε-

1925 3557 2057 3625 νείᾳ
2089 3554 2296 3610 αὐτοῦ.
2327 3553 2549 3608 Τοῦτον
2575 3551 2717 3607 ἰδὼν
2736 3554 2769 3606 ὁ
2799 3551 3029 3618 Ἰησοῦς
3057 3553 3506 3622 κατακείμενον,

1927 3640 2025 3694 καί
2055 3638 2240 3709 γνοὺς
2277 3637 2367 3691 ὅτι
2395 3635 2512 3704 ἤδη
2545 3635 2746 3689 πολὺν
2782 3635 3008 3703 χρόνον
3036 3636 3183 3703 ἔχει,
3210 3634 3372 3704 λέγει
3400 3637 3508 3689 αὐ-

1928 3719 2009 3786 τῷ
2029 3738 2044 3753 ⁸
2083 3721 2292 3786 Θέλεις
2327 3717 2506 3787 ὑγιὴς
2554 3715 2872 3786 τενέσθαι;
2920 3717 3224 3784 Ἀπεκρίθη
3269 3715 3430 3781 αὐτῷ
3477 3719 3510 3769 ὁ

1921 3803 2195 3872 ἀσθενὴς
2221 3802 2320 3857 καί
2347 3797 2497 3866 εἶπε,
2523 3799 2657 3864 Ναὶ,
2695 3799 2874 3867 Κύριε
2894 3813 2908 3826 ⁸
2934 3797 3249 3866 ἄνθρωπον
3285 3797 3355 3851 δὲ
3395 3799 3510 3853 οὐκ

1927 3887 2065 3957 ἔχω,
2103 3887 2204 3949 ἵν’,
2229 3885 2378 3938 ὅταν
2402 3881 2674 3952 ταραχθῇ
2700 3881 2768 3935 τὸ
2794 3880 2973 3950 ὕδωρ,
2994 3879 3164 3949 ,βάλῃ
3194 3897 3266 3946 με
3286 3881 3375 3946 εἰς
3394 3878 3512 3948 τὴν

1928 3968 2378 4040 κολυμϐήθραν·
2422 3967 2493 4020 ἐν
2530 3958 2579 4032 ᾦ
2615 3963 2685 4018 δὲ
2727 3963 2842 4034 ἐγὼ
2877 3965 3141 4035 ἔρχομαι,
3167 3964 3359 4030 ἄλλος
3396 3964 3510 4032 πρὸ

1927 4051 2074 4121 ἐμοῦ
2116 4052 2475 4106 καταϐαίνει.
2510 4049 2668 4113 Τίνος
2697 4047 2884 4102 ἕνεκεν
2912 4048 3039 4111 τοὺς
3073 4046 3263 4110 ἄλλους
3301 4047 3512 4110 πάντας

1930 4133 2305 4207 παραδραμὼν
2333 4135 2362 4187 6
2401 4132 2630 4204 Ἰησοῦς,
2666 4131 2803 4204 πρὸς
2829 4129 3016 4184 τοῦτον
3039 4125 3235 4200 ἦλθεν;
3268 4129 3386 4182 Ἵνα
3415 4129 3512 4182 καὶ

1929 4217 2025 4287 τὴν
2053 4217 2301 4288 δύναμιν,
2337 4217 2430 4270 καὶ
2455 4215 2554 4287 τὴν
2593 4213 3006 4285 φιλανθρωπίαν
3043 4212 3373 4280 ἐνδείξηται·
3411 4210 3512 4281 τὴν

1927 4299 2156 4370 δύναμιν
2182 4301 2304 4370 μὲν,
2329 4300 2410 4353 ὅτι
2448 4299 2510 4352 τὸ
2536 4298 2752 4368 νόσημα
2785 4296 2970 4349 λοιπὸν
3003 4294 3220 4348 ἀνίατον
3245 4295 3511 4363 ἐγεγόνει,

1929 4384 2023 4437 καὶ
2070 4385 2149 4446 εἰς
2193 4382 2503 4453 ἀμηχανίαν
2551 4377 3023 4451 περιειστήκειτά
3053 4377 3153 4447 τῆς
3202 4377 3513 4450 ἀρρωστίας

1929 4466 2078 4538 αὑτῷ
2100 4482 2113 4495 ⁸
2158 4467 2256 4536 τὴν
2285 4467 2342 4520 δὲ
2371 4462 2804 4537 φιλανθρωπίαν,
2847 4464 2928 4517 ὅτι
2969 4463 3062 4516 τὸν
3097 4461 3332 4533 μάλιστα
3364 4461 3512 4526 ἀξιον

1927 4551 2056 4604 ὅντα
2103 4548 2284 4612 ἐλέους
2334 4548 2428 4602 καὶ
2479 4546 2820 4619 εὐεργεσίας,
2849 4545 3039 4600 τοῦτον
3072 4545 3178 4618 πρὸ
3203 4544 3314 4599 τῶν
3338 4544 3514 4600 ἀλλων

1929 4630 2070 4688 εἶδεν
2097 4635 2126 4686 6
2153 4630 2408 4703 κηδεμὼν
2437 4631 2532 4684 καὶ
2560 4629 2964 4704 φιλάνθρωπος.
2992 4631 3086 4702 Μὴ
3128 4629 3192 4703 δὴ
3233 4629 3516 4701 παραδρά-

1933 4733 2122 4788 μωμεν
2151 4715 2338 4778 ἀπλῶς
2361 4714 2421 4769 τὸ
2445 4713 2665 4787 χωρίον,
2695 4714 2830 4786 μηδὲ
2855 4713 2948 4768 τὸν
2976 4712 3207 4785 ἀριθμὸν
3230 4712 3339 4768 τῶν
3358 4711 3515 4784 τριά-

1930 4817 2096 4854 κοντα
2116 4800 2212 4854 καὶ
2235 4797 2382 4853 όκτὼ
2410 4797 2568 4864 ἐτῶν,
2603 4790 2680 4852 ὧν
2706 4793 2852 4868 εἶχεν
2874 4798 2932 4850 ἐν
2955 4799 3022 4868 τῇ
3046 4795 3300 4866 ἀσθενείᾳ
3323 4794 3510 4848 αὑτοῦ.

1943 4883 2316 4938 Ἀκουέτωσαν
2342 4882 2602 4946 ἅπαντες,
2631 4882 2745 4935 ὅσοι
2765 4881 2927 4953 πενίᾳ
2948 4879 3234 4934 παλαίουσι
3254 4877 3514 4948 διηνεκεῖ.

1927 4968 2045 5021 ὅσοι
2071 4967 2166 5022 καὶ
2189 4967 2471 5038 ἀρρωστίᾳ
2501 4963 2758 5030 συζῶσιν,
2783 4965 2898 5018 ὅσοι
2928 4961 3276 5036 περιστάσεις
3308 4960 3512 5029 ὑπομέ-

1931 5067 2080 5104 νουσι
2109 5050 2451 5121 πραγμάτων
2484 5047 2774 5120 βιωτικῶν,
2808 5049 2923 5102 ὅσοι
2968 5045 3212 5118 χειμῶνα
3245 5043 3341 5098 καὶ
3388 5042 3513 5121 κλυ-

1930 5133 2117 5188 δώνιον
2145 5120 2252 5188 τῶν
2270 5133 2549 5205 ἀδοκήτων
2573 5133 2889 5202 ὑπέστησαν
2909 5131 3116 5185 κακῶν.
3143 5128 3334 5192 Κοινδς
3359 5120 3512 5189 οὗτος

1931 5223 1960 5275 6
1989 5221 2356 5294 παραλυτικὸς
2383 5222 2560 5274 κεῖται
2583 5215 2748 5289 λιμὴν
2775 5215 2886 5270 τῶν
2913 5214 3270 5287 ἀνθρωπίνων
3305 5229 3511 5282 συμφο-

1937 5305 2064 5375 ρῶν.
2099 5303 2290 5367 Οὐδεὶς
2320 5302 2428 5374 γὰρ
2459 5300 2634 5364 οὑτως
2663 5299 2888 5370 ἠλίθιος,
2925 5297 3099 5360 οὐδεὶς
3123 5295 3298 5360 οὑτως
3331 5295 3514 5358 ἄθλιος

1933 5389 2026 5442 καὶ
2058 5387 2418 5458 ταλαίπωρος,
2439 5385 2514 5448 ὼς
2541 5386 2678 5457 πρὸς
2696 5382 2886 5438 τοῦτον
2913 5381 3223 5453 ἀφορῶντα,
3247 5381 3321 5454 μὴ
3337 5380 3514 5436 πάντα

1997 5643 2021 5672 ³
2046 5643 2169 5702 Reg.
2192 5640 2277 5690 τοῦ
2297 5643 2510 5704 κρῴτως.

1996 5705 2024 5744 ιι
2050 5701 2182 5755 Εάῖιὶ
2199 5701 2480 5767 διορθοῦται,
2514 5704 2636 5765 Reg.
2659 5701 2932 5767 διωρθοῦτο.

3111 5799 3183 5856 18
