  <div class='ocr_page' id='page_1' title='image "/cluster/home/n/w/nwhite01/storage/ocr_20150623/48/hvd.32044073501892/284.png"; bbox 0 0 3980 6184; ppageno 0'>
   <div class='ocr_carea' id='block_1_1' title="bbox 224 275 328 336">
    <p class='ocr_par' dir='ltr' id='par_1_1' title="bbox 224 275 328 336">
     <span class='ocr_line' id='line_1_1' title="bbox 224 275 328 336; baseline -0.01 0"><span class='ocrx_word' id='word_1_1' title='bbox 224 275 328 336; x_wconf 72' lang='grc' dir='ltr'><strong>8οῧ</strong></span> 
     </span>
    </p>
   </div>
   <div class='ocr_carea' id='block_1_2' title="bbox 219 391 1795 469">
    <p class='ocr_par' dir='ltr' id='par_1_2' title="bbox 219 391 1795 469">
     <span class='ocr_line' id='line_1_2' title="bbox 219 391 1795 469; baseline -0.005 -17"><span class='ocrx_word' id='word_1_2' title='bbox 219 413 342 469; x_wconf 76' lang='lat' dir='ltr'><strong>quae</strong></span> <span class='ocrx_word' id='word_1_3' title='bbox 372 393 609 452; x_wconf 72' lang='lat' dir='ltr'><strong>incidant</strong></span> <span class='ocrx_word' id='word_1_4' title='bbox 637 405 893 466; x_wconf 80' lang='lat' dir='ltr'><strong>generose</strong></span> <span class='ocrx_word' id='word_1_5' title='bbox 920 402 975 448; x_wconf 94' lang='lat' dir='ltr'><strong>et</strong></span> <span class='ocrx_word' id='word_1_6' title='bbox 1001 408 1189 464; x_wconf 89' lang='lat' dir='ltr'><strong>magna</strong></span> <span class='ocrx_word' id='word_1_7' title='bbox 1215 407 1333 447; x_wconf 88' lang='lat' dir='ltr'><strong>cum</strong></span> <span class='ocrx_word' id='word_1_8' title='bbox 1359 391 1630 448; x_wconf 88' lang='lat' dir='ltr'><strong>alacritate</strong></span> <span class='ocrx_word' id='word_1_9' title='bbox 1656 392 1795 445; x_wconf 89' lang='lat' dir='ltr'><strong>ferre</strong></span> 
     </span>
    </p>
   </div>
   <div class='ocr_carea' id='block_1_3' title="bbox 213 479 1801 557">
    <p class='ocr_par' dir='ltr' id='par_1_3' title="bbox 213 479 1801 557">
     <span class='ocr_line' id='line_1_3' title="bbox 213 479 1801 557; baseline -0.004 -17"><span class='ocrx_word' id='word_1_10' title='bbox 213 497 399 557; x_wconf 85' lang='lat' dir='ltr'><strong>queat.</strong></span> <span class='ocrx_word' id='word_1_11' title='bbox 448 485 582 540; x_wconf 84' lang='lat' dir='ltr'><strong>Nam</strong></span> <span class='ocrx_word' id='word_1_12' title='bbox 630 483 840 540; x_wconf 86' lang='lat' dir='ltr'><strong>tametsi</strong></span> <span class='ocrx_word' id='word_1_13' title='bbox 885 482 1068 553; x_wconf 80' lang='lat' dir='ltr'><strong>viginti</strong></span> <span class='ocrx_word' id='word_1_14' title='bbox 1112 481 1238 536; x_wconf 90' lang='lat' dir='ltr'><strong>anni</strong></span> <span class='ocrx_word' id='word_1_15' title='bbox 1285 479 1544 545; x_wconf 81' lang='lat' dir='ltr'><strong>fuissent.</strong></span> <span class='ocrx_word' id='word_1_16' title='bbox 1593 479 1801 534; x_wconf 81' lang='lat' dir='ltr'><strong>tametsi</strong></span> 
     </span>
    </p>
   </div>
   <div class='ocr_carea' id='block_1_4' title="bbox 216 569 1804 645">
    <p class='ocr_par' dir='ltr' id='par_1_4' title="bbox 216 569 1804 645">
     <span class='ocr_line' id='line_1_4' title="bbox 216 569 1804 645; baseline -0.006 -13"><span class='ocrx_word' id='word_1_17' title='bbox 216 580 406 633; x_wconf 84' lang='lat' dir='ltr'><strong>decem</strong></span> <span class='ocrx_word' id='word_1_18' title='bbox 423 617 438 642; x_wconf 93' lang='lat'><strong>,</strong></span> <span class='ocrx_word' id='word_1_19' title='bbox 465 575 678 630; x_wconf 84' lang='lat' dir='ltr'><strong>tametsi</strong></span> <span class='ocrx_word' id='word_1_20' title='bbox 703 575 800 629; x_wconf 91' lang='lat' dir='ltr'><strong>soli</strong></span> <span class='ocrx_word' id='word_1_21' title='bbox 828 574 1091 645; x_wconf 91' lang='lat' dir='ltr'><strong>quinque,</strong></span> <span class='ocrx_word' id='word_1_22' title='bbox 1118 585 1295 626; x_wconf 89' lang='lat' dir='ltr'><strong>nonne</strong></span> <span class='ocrx_word' id='word_1_23' title='bbox 1323 570 1452 625; x_wconf 83' lang='lat' dir='ltr'><strong>satis</strong></span> <span class='ocrx_word' id='word_1_24' title='bbox 1496 579 1684 637; x_wconf 90' lang='lat' dir='ltr'><strong>erant,</strong></span> <span class='ocrx_word' id='word_1_25' title='bbox 1711 569 1804 640; x_wconf 87' lang='lat' dir='ltr'><strong>qui</strong></span> 
     </span>
    </p>
   </div>
   <div class='ocr_carea' id='block_1_5' title="bbox 218 660 1802 740">
    <p class='ocr_par' dir='ltr' id='par_1_5' title="bbox 218 660 1802 740">
     <span class='ocr_line' id='line_1_5' title="bbox 218 660 1802 740; baseline -0.004 -19"><span class='ocrx_word' id='word_1_26' title='bbox 218 672 527 740; x_wconf 80' lang='lat' dir='ltr'><strong>frangerent</strong></span> <span class='ocrx_word' id='word_1_27' title='bbox 562 665 914 722; x_wconf 90' lang='lat' dir='ltr'><strong>constantiam</strong></span> <span class='ocrx_word' id='word_1_28' title='bbox 935 707 950 732; x_wconf 92' lang='lat'><strong>,</strong></span> <span class='ocrx_word' id='word_1_29' title='bbox 981 673 1036 720; x_wconf 90' lang='lat' dir='ltr'><strong>et</strong></span> <span class='ocrx_word' id='word_1_30' title='bbox 1075 665 1377 719; x_wconf 84' lang='lat' dir='ltr'><strong>firmitatem</strong></span> <span class='ocrx_word' id='word_1_31' title='bbox 1405 663 1565 718; x_wconf 84' lang='lat' dir='ltr'><strong>animi</strong></span> <span class='ocrx_word' id='word_1_32' title='bbox 1593 660 1802 733; x_wconf 89' lang='lat' dir='ltr'><strong>ipsius?</strong></span> 
     </span>
    </p>
   </div>
   <div class='ocr_carea' id='block_1_6' title="bbox 220 755 1801 830">
    <p class='ocr_par' dir='ltr' id='par_1_6' title="bbox 220 755 1801 830">
     <span class='ocr_line' id='line_1_6' title="bbox 220 755 1801 830; baseline -0.004 -16"><span class='ocrx_word' id='word_1_33' title='bbox 220 761 316 816; x_wconf 90' lang='lat' dir='ltr'><strong>llic</strong></span> <span class='ocrx_word' id='word_1_34' title='bbox 347 775 477 814; x_wconf 88' lang='lat' dir='ltr'><strong>vero</strong></span> <span class='ocrx_word' id='word_1_35' title='bbox 499 760 710 830; x_wconf 76' lang='lat' dir='ltr'><strong>triginta</strong></span> <span class='ocrx_word' id='word_1_36' title='bbox 732 767 787 814; x_wconf 92' lang='lat' dir='ltr'><strong>et</strong></span> <span class='ocrx_word' id='word_1_37' title='bbox 813 768 935 813; x_wconf 85' lang='lat' dir='ltr'><strong>octo</strong></span> <span class='ocrx_word' id='word_1_38' title='bbox 953 773 1122 813; x_wconf 88' lang='lat' dir='ltr'><strong>annos</strong></span> <span class='ocrx_word' id='word_1_39' title='bbox 1141 764 1342 824; x_wconf 88' lang='lat' dir='ltr'><strong>manet,</strong></span> <span class='ocrx_word' id='word_1_40' title='bbox 1368 771 1540 824; x_wconf 88' lang='lat' dir='ltr'><strong>neque</strong></span> <span class='ocrx_word' id='word_1_41' title='bbox 1559 755 1801 822; x_wconf 86' lang='lat' dir='ltr'><strong>discedit,</strong></span> 
     </span>
    </p>
   </div>
   <div class='ocr_carea' id='block_1_7' title="bbox 217 846 1812 921">
    <p class='ocr_par' dir='ltr' id='par_1_7' title="bbox 217 846 1812 921">
     <span class='ocr_line' id='line_1_7' title="bbox 217 846 1812 921; baseline -0.004 -14"><span class='ocrx_word' id='word_1_42' title='bbox 217 850 316 907; x_wconf 78' lang='lat' dir='ltr'><strong>sed</strong></span> <span class='ocrx_word' id='word_1_43' title='bbox 347 865 592 921; x_wconf 85' lang='lat' dir='ltr'><strong>magnam</strong></span> <span class='ocrx_word' id='word_1_44' title='bbox 617 865 726 920; x_wconf 73' lang='lat' dir='ltr'><strong>pra:</strong></span> <span class='ocrx_word' id='word_1_45' title='bbox 752 864 812 906; x_wconf 89' lang='lat' dir='ltr'><strong>se</strong></span> <span class='ocrx_word' id='word_1_46' title='bbox 839 851 940 905; x_wconf 91' lang='lat' dir='ltr'><strong>fert</strong></span> <span class='ocrx_word' id='word_1_47' title='bbox 963 849 1293 918; x_wconf 87' lang='lat' dir='ltr'><strong>patientiam.</strong></span> <span class='ocrx_word' id='word_1_48' title='bbox 1325 847 1668 902; x_wconf 82' lang='lat' dir='ltr'><strong>Admirabilis</strong></span> <span class='ocrx_word' id='word_1_49' title='bbox 1697 846 1812 900; x_wconf 88' lang='lat' dir='ltr'><strong>for-</strong></span> 
     </span>
    </p>
   </div>
   <div class='ocr_carea' id='block_1_8' title="bbox 219 937 1806 1012">
    <p class='ocr_par' dir='ltr' id='par_1_8' title="bbox 219 937 1806 1012">
     <span class='ocr_line' id='line_1_8' title="bbox 219 937 1806 1012; baseline -0.002 -16"><span class='ocrx_word' id='word_1_50' title='bbox 219 953 363 1000; x_wconf 87' lang='lat' dir='ltr'><strong>tasse</strong></span> <span class='ocrx_word' id='word_1_51' title='bbox 385 945 536 1000; x_wconf 84' lang='lat' dir='ltr'><strong>vobis</strong></span> <span class='ocrx_word' id='word_1_52' title='bbox 554 943 763 998; x_wconf 88' lang='lat' dir='ltr'><strong>videtur</strong></span> <span class='ocrx_word' id='word_1_53' title='bbox 782 942 1036 1011; x_wconf 88' lang='lat' dir='ltr'><strong>temporis</strong></span> <span class='ocrx_word' id='word_1_54' title='bbox 1059 941 1348 1012; x_wconf 85' lang='lat' dir='ltr'><strong>longitudo,</strong></span> <span class='ocrx_word' id='word_1_55' title='bbox 1371 937 1465 995; x_wconf 90' lang='lat' dir='ltr'><strong>sed</strong></span> <span class='ocrx_word' id='word_1_56' title='bbox 1491 941 1535 993; x_wconf 88' lang='lat' dir='ltr'><strong>si</strong></span> <span class='ocrx_word' id='word_1_57' title='bbox 1559 937 1624 994; x_wconf 92' lang='lat' dir='ltr'><strong>ad</strong></span> <span class='ocrx_word' id='word_1_58' title='bbox 1643 937 1806 995; x_wconf 87' lang='lat' dir='ltr'><strong>verba</strong></span> 
     </span>
    </p>
   </div>
   <div class='ocr_carea' id='block_1_9' title="bbox 223 1031 1806 1106">
    <p class='ocr_par' dir='ltr' id='par_1_9' title="bbox 223 1031 1806 1106">
     <span class='ocr_line' id='line_1_9' title="bbox 223 1031 1806 1106; baseline -0.004 -17"><span class='ocrx_word' id='word_1_59' title='bbox 223 1037 335 1106; x_wconf 90' lang='lat' dir='ltr'><strong>ipsa</strong></span> <span class='ocrx_word' id='word_1_60' title='bbox 379 1035 746 1102; x_wconf 84' lang='lat' dir='ltr'><strong>attenderitis,</strong></span> <span class='ocrx_word' id='word_1_61' title='bbox 782 1044 905 1089; x_wconf 91' lang='lat' dir='ltr'><strong>tunc</strong></span> <span class='ocrx_word' id='word_1_62' title='bbox 932 1033 1163 1088; x_wconf 83' lang='lat' dir='ltr'><strong>maxime</strong></span> <span class='ocrx_word' id='word_1_63' title='bbox 1203 1031 1594 1102; x_wconf 80' lang='lat' dir='ltr'><strong>philosophiam</strong></span> <span class='ocrx_word' id='word_1_64' title='bbox 1643 1031 1806 1100; x_wconf 88' lang='lat' dir='ltr'><strong>ipsius</strong></span> 
     </span>
    </p>
   </div>
   <div class='ocr_carea' id='block_1_10' title="bbox 221 1126 1338 1198">
    <p class='ocr_par' dir='ltr' id='par_1_10' title="bbox 221 1126 1338 1198">
     <span class='ocr_line' id='line_1_10' title="bbox 221 1126 1338 1198; baseline -0.004 -16"><span class='ocrx_word' id='word_1_65' title='bbox 221 1127 622 1198; x_wconf 78' lang='lat' dir='ltr'><strong>perfectamque</strong></span> <span class='ocrx_word' id='word_1_66' title='bbox 650 1128 957 1197; x_wconf 85' lang='lat' dir='ltr'><strong>patientiam</strong></span> <span class='ocrx_word' id='word_1_67' title='bbox 985 1126 1338 1197; x_wconf 78' lang='lat' dir='ltr'><strong>cognoscetis.</strong></span> 
     </span>
    </p>
   </div>
   <div class='ocr_carea' id='block_1_11' title="bbox 293 1211 1799 1290">
    <p class='ocr_par' dir='ltr' id='par_1_11' title="bbox 293 1211 1799 1290">
     <span class='ocr_line' id='line_1_11' title="bbox 293 1211 1799 1290; baseline -0.006 -17"><span class='ocrx_word' id='word_1_68' title='bbox 293 1217 399 1273; x_wconf 86' lang='lat' dir='ltr'><strong>Cur</strong></span> <span class='ocrx_word' id='word_1_69' title='bbox 421 1219 690 1287; x_wconf 76' lang='lat' dir='ltr'><strong>interroget</strong></span> <span class='ocrx_word' id='word_1_70' title='bbox 718 1234 910 1290; x_wconf 64' lang='lat' dir='ltr'><strong>aegrum</strong></span> <span class='ocrx_word' id='word_1_71' title='bbox 931 1215 1178 1272; x_wconf 77' lang='lat' dir='ltr'><strong>Christus.</strong></span> <span class='ocrx_word' id='word_1_72' title='bbox 1202 1245 1273 1256; x_wconf 91' lang='lat'><strong>—</strong></span> <span class='ocrx_word' id='word_1_73' title='bbox 1291 1213 1511 1270; x_wconf 86' lang='lat' dir='ltr'><strong>Accedit</strong></span> <span class='ocrx_word' id='word_1_74' title='bbox 1536 1211 1799 1279; x_wconf 83' lang='lat' dir='ltr'><strong>Christus,</strong></span> 
     </span>
    </p>
   </div>
   <div class='ocr_carea' id='block_1_12' title="bbox 218 1303 1809 1377">
    <p class='ocr_par' dir='ltr' id='par_1_12' title="bbox 218 1303 1809 1377">
     <span class='ocr_line' id='line_1_12' title="bbox 218 1303 1809 1377; baseline -0.006 -12"><span class='ocrx_word' id='word_1_75' title='bbox 218 1318 278 1365; x_wconf 86' lang='lat' dir='ltr'><strong>et</strong></span> <span class='ocrx_word' id='word_1_76' title='bbox 297 1309 423 1365; x_wconf 90' lang='lat' dir='ltr'><strong>dicit</strong></span> <span class='ocrx_word' id='word_1_77' title='bbox 447 1309 524 1364; x_wconf 90' lang='lat' dir='ltr'><strong>ei:</strong></span> <span class='ocrx_word' id='word_1_78' title='bbox 563 1307 653 1362; x_wconf 81' lang='lat' dir='ltr'><strong>Vis</strong></span> <span class='ocrx_word' id='word_1_79' title='bbox 677 1325 829 1362; x_wconf 75' lang='lat' dir='ltr'><strong>sanus</strong></span> <span class='ocrx_word' id='word_1_80' title='bbox 858 1303 1003 1377; x_wconf 75' lang='lat' dir='ltr'><strong>ﬁeri?</strong></span> <span class='ocrx_word' id='word_1_81' title='bbox 1026 1306 1219 1376; x_wconf 82' lang='lat' dir='ltr'><strong>Ecquis</strong></span> <span class='ocrx_word' id='word_1_82' title='bbox 1245 1304 1345 1359; x_wconf 93' lang='lat' dir='ltr'><strong>hoc</strong></span> <span class='ocrx_word' id='word_1_83' title='bbox 1371 1305 1682 1374; x_wconf 79' lang='lat' dir='ltr'><strong>ignorasset,</strong></span> <span class='ocrx_word' id='word_1_84' title='bbox 1716 1317 1809 1355; x_wconf 86' lang='lat' dir='ltr'><strong>vo-</strong></span> 
     </span>
    </p>
   </div>
   <div class='ocr_carea' id='block_1_13' title="bbox 220 1393 1809 1469">
    <p class='ocr_par' dir='ltr' id='par_1_13' title="bbox 220 1393 1809 1469">
     <span class='ocr_line' id='line_1_13' title="bbox 220 1393 1809 1469; baseline -0.005 -16"><span class='ocrx_word' id='word_1_85' title='bbox 220 1400 391 1454; x_wconf 87' lang='lat' dir='ltr'><strong>luisse</strong></span> <span class='ocrx_word' id='word_1_86' title='bbox 421 1399 595 1469; x_wconf 88' lang='lat' dir='ltr'><strong>ipsum</strong></span> <span class='ocrx_word' id='word_1_87' title='bbox 622 1414 809 1453; x_wconf 90' lang='lat' dir='ltr'><strong>sanum</strong></span> <span class='ocrx_word' id='word_1_88' title='bbox 839 1397 991 1452; x_wconf 85' lang='lat' dir='ltr'><strong>fieri?</strong></span> <span class='ocrx_word' id='word_1_89' title='bbox 1019 1396 1155 1466; x_wconf 86' lang='lat' dir='ltr'><strong>Quid</strong></span> <span class='ocrx_word' id='word_1_90' title='bbox 1183 1396 1341 1466; x_wconf 85' lang='lat' dir='ltr'><strong>igitur</strong></span> <span class='ocrx_word' id='word_1_91' title='bbox 1365 1408 1538 1448; x_wconf 75' lang='lat' dir='ltr'><strong>causa:</strong></span> <span class='ocrx_word' id='word_1_92' title='bbox 1566 1393 1684 1458; x_wconf 90' lang='lat' dir='ltr'><strong>fuit,</strong></span> <span class='ocrx_word' id='word_1_93' title='bbox 1713 1406 1809 1445; x_wconf 89' lang='lat' dir='ltr'><strong>cur</strong></span> 
     </span>
    </p>
   </div>
   <div class='ocr_carea' id='block_1_14' title="bbox 227 1482 1803 1560">
    <p class='ocr_par' dir='ltr' id='par_1_14' title="bbox 227 1482 1803 1560">
     <span class='ocr_line' id='line_1_14' title="bbox 227 1482 1803 1560; baseline -0.005 -16"><span class='ocrx_word' id='word_1_94' title='bbox 227 1490 623 1560; x_wconf 83' lang='lat' dir='ltr'><strong>interrogaret?</strong></span> <span class='ocrx_word' id='word_1_95' title='bbox 646 1489 854 1544; x_wconf 89' lang='lat' dir='ltr'><strong>Etenim</strong></span> <span class='ocrx_word' id='word_1_96' title='bbox 879 1488 968 1558; x_wconf 89' lang='lat' dir='ltr'><strong>qui</strong></span> <span class='ocrx_word' id='word_1_97' title='bbox 997 1502 1187 1542; x_wconf 87' lang='lat' dir='ltr'><strong>arcana</strong></span> <span class='ocrx_word' id='word_1_98' title='bbox 1215 1485 1592 1556; x_wconf 87' lang='lat' dir='ltr'><strong>cogitationum</strong></span> <span class='ocrx_word' id='word_1_99' title='bbox 1619 1482 1803 1546; x_wconf 89' lang='lat' dir='ltr'><strong>novit,</strong></span> 
     </span>
    </p>
   </div>
   <div class='ocr_carea' id='block_1_15' title="bbox 221 1573 1808 1657">
    <p class='ocr_par' dir='ltr' id='par_1_15' title="bbox 221 1573 1808 1657">
     <span class='ocr_line' id='line_1_15' title="bbox 221 1573 1808 1657; baseline -0.003 -24"><span class='ocrx_word' id='word_1_100' title='bbox 221 1579 406 1634; x_wconf 91' lang='lat' dir='ltr'><strong>multo</strong></span> <span class='ocrx_word' id='word_1_101' title='bbox 431 1579 589 1649; x_wconf 85' lang='lat' dir='ltr'><strong>magis</strong></span> <span class='ocrx_word' id='word_1_102' title='bbox 617 1594 706 1657; x_wconf 77' lang='lat' dir='ltr'><strong>ea,</strong></span> <span class='ocrx_word' id='word_1_103' title='bbox 730 1594 849 1650; x_wconf 76' lang='lat' dir='ltr'><strong>quae</strong></span> <span class='ocrx_word' id='word_1_104' title='bbox 874 1577 1122 1633; x_wconf 89' lang='lat' dir='ltr'><strong>omnibus</strong></span> <span class='ocrx_word' id='word_1_105' title='bbox 1150 1574 1428 1646; x_wconf 89' lang='lat' dir='ltr'><strong>perspicua</strong></span> <span class='ocrx_word' id='word_1_106' title='bbox 1453 1583 1507 1630; x_wconf 93' lang='lat' dir='ltr'><strong>et</strong></span> <span class='ocrx_word' id='word_1_107' title='bbox 1529 1573 1808 1628; x_wconf 89' lang='lat' dir='ltr'><strong>manifesta</strong></span> 
     </span>
    </p>
   </div>
   <div class='ocr_carea' id='block_1_16' title="bbox 221 1665 1808 1741">
    <p class='ocr_par' dir='ltr' id='par_1_16' title="bbox 221 1665 1808 1741">
     <span class='ocr_line' id='line_1_16' title="bbox 221 1665 1808 1741; baseline -0.003 -17"><span class='ocrx_word' id='word_1_108' title='bbox 221 1679 377 1736; x_wconf 89' lang='lat' dir='ltr'><strong>sunt,</strong></span> <span class='ocrx_word' id='word_1_109' title='bbox 404 1671 773 1740; x_wconf 81' lang='lat' dir='ltr'><strong>cognoscebat.</strong></span> <span class='ocrx_word' id='word_1_110' title='bbox 792 1671 898 1726; x_wconf 91' lang='lat' dir='ltr'><strong>Cur</strong></span> <span class='ocrx_word' id='word_1_111' title='bbox 924 1670 1082 1741; x_wconf 87' lang='lat' dir='ltr'><strong>igitur</strong></span> <span class='ocrx_word' id='word_1_112' title='bbox 1107 1667 1434 1738; x_wconf 86' lang='lat' dir='ltr'><strong>interrogat?</strong></span> <span class='ocrx_word' id='word_1_113' title='bbox 1454 1665 1808 1734; x_wconf 84' lang='lat' dir='ltr'><strong>Quemadmo-</strong></span> 
     </span>
    </p>
   </div>
   <div class='ocr_carea' id='block_1_17' title="bbox 227 1755 1808 1831">
    <p class='ocr_par' dir='ltr' id='par_1_17' title="bbox 227 1755 1808 1831">
     <span class='ocr_line' id='line_1_17' title="bbox 227 1755 1808 1831; baseline -0.004 -16"><span class='ocrx_word' id='word_1_114' title='bbox 227 1760 361 1815; x_wconf 87' lang='lat' dir='ltr'><strong>dum</strong></span> <span class='ocrx_word' id='word_1_115' title='bbox 391 1761 522 1816; x_wconf 91' lang='lat' dir='ltr'><strong>alias</strong></span> <span class='ocrx_word' id='word_1_116' title='bbox 546 1761 842 1816; x_wconf 83' lang='lat' dir='ltr'><strong>centurioni</strong></span> <span class='ocrx_word' id='word_1_117' title='bbox 871 1761 1042 1831; x_wconf 90' lang='lat' dir='ltr'><strong>inquit</strong></span> <span class='ocrx_word' id='word_1_118' title='bbox 1069 1775 1084 1812; x_wconf 90' lang='lat'><strong>:</strong></span> <span class='ocrx_word' id='word_1_119' title='bbox 1121 1759 1230 1830; x_wconf 83' lang='lat' dir='ltr'><strong>Ego</strong></span> <span class='ocrx_word' id='word_1_120' title='bbox 1271 1758 1469 1813; x_wconf 78' lang='lat' dir='ltr'><strong>veniam</strong></span> <span class='ocrx_word' id='word_1_121' title='bbox 1491 1798 1506 1824; x_wconf 95' lang='lat'><strong>,</strong></span> <span class='ocrx_word' id='word_1_122' title='bbox 1553 1766 1599 1811; x_wconf 90' lang='lat' dir='ltr'><strong>et</strong></span> <span class='ocrx_word' id='word_1_123' title='bbox 1624 1755 1808 1810; x_wconf 84' lang='lat' dir='ltr'><strong>curabo</strong></span> 
     </span>
    </p>
   </div>
   <div class='ocr_carea' id='block_1_18' title="bbox 224 1849 1809 1922">
    <p class='ocr_par' dir='ltr' id='par_1_18' title="bbox 224 1849 1809 1922">
     <span class='ocr_line' id='line_1_18' title="bbox 224 1849 1809 1922; baseline -0.001 -18"><span class='ocrx_word' id='word_1_124' title='bbox 224 1867 341 1904; x_wconf 84' lang='lat' dir='ltr'><strong>eum</strong></span> <span class='ocrx_word' id='word_1_125' title='bbox 375 1849 588 1922; x_wconf 76' lang='lat' dir='ltr'><strong>(Matth.</strong></span> <span class='ocrx_word' id='word_1_126' title='bbox 621 1853 675 1906; x_wconf 90' lang='lat'><strong>8.</strong></span> <span class='ocrx_word' id='word_1_127' title='bbox 701 1850 810 1922; x_wconf 85' lang='lat'><strong>7),</strong></span> <span class='ocrx_word' id='word_1_128' title='bbox 861 1865 966 1905; x_wconf 93' lang='lat' dir='ltr'><strong>non</strong></span> <span class='ocrx_word' id='word_1_129' title='bbox 1012 1851 1264 1920; x_wconf 87' lang='lat' dir='ltr'><strong>ignorans</strong></span> <span class='ocrx_word' id='word_1_130' title='bbox 1303 1865 1422 1920; x_wconf 74' lang='lat' dir='ltr'><strong>qua:</strong></span> <span class='ocrx_word' id='word_1_131' title='bbox 1455 1849 1543 1904; x_wconf 91' lang='lat' dir='ltr'><strong>ille</strong></span> <span class='ocrx_word' id='word_1_132' title='bbox 1571 1849 1809 1903; x_wconf 90' lang='lat' dir='ltr'><strong>dicturus</strong></span> 
     </span>
    </p>
   </div>
   <div class='ocr_carea' id='block_1_19' title="bbox 223 1941 1807 2014">
    <p class='ocr_par' dir='ltr' id='par_1_19' title="bbox 223 1941 1807 2014">
     <span class='ocr_line' id='line_1_19' title="bbox 223 1941 1807 2014; baseline -0.004 -14"><span class='ocrx_word' id='word_1_133' title='bbox 223 1951 345 2000; x_wconf 84' lang='lat' dir='ltr'><strong>erat</strong></span> <span class='ocrx_word' id='word_1_134' title='bbox 363 1984 378 2009; x_wconf 91' lang='lat'><strong>,</strong></span> <span class='ocrx_word' id='word_1_135' title='bbox 405 1944 500 2000; x_wconf 88' lang='lat' dir='ltr'><strong>sed</strong></span> <span class='ocrx_word' id='word_1_136' title='bbox 535 1945 835 2014; x_wconf 72' lang='lat' dir='ltr'><strong>prwvidens</strong></span> <span class='ocrx_word' id='word_1_137' title='bbox 856 1952 910 2000; x_wconf 91' lang='lat' dir='ltr'><strong>et</strong></span> <span class='ocrx_word' id='word_1_138' title='bbox 935 1944 1174 2014; x_wconf 90' lang='lat' dir='ltr'><strong>apprime</strong></span> <span class='ocrx_word' id='word_1_139' title='bbox 1202 1943 1397 2008; x_wconf 90' lang='lat' dir='ltr'><strong>sciens,</strong></span> <span class='ocrx_word' id='word_1_140' title='bbox 1429 1941 1590 2012; x_wconf 90' lang='lat' dir='ltr'><strong>idque</strong></span> <span class='ocrx_word' id='word_1_141' title='bbox 1613 1955 1807 2010; x_wconf 88' lang='lat' dir='ltr'><strong>agens,</strong></span> 
     </span>
    </p>
   </div>
   <div class='ocr_carea' id='block_1_20' title="bbox 225 2032 1813 2106">
    <p class='ocr_par' dir='ltr' id='par_1_20' title="bbox 225 2032 1813 2106">
     <span class='ocr_line' id='line_1_20' title="bbox 225 2032 1813 2106; baseline -0.001 -18"><span class='ocrx_word' id='word_1_142' title='bbox 225 2046 292 2088; x_wconf 88' lang='lat' dir='ltr'><strong>ut</strong></span> <span class='ocrx_word' id='word_1_143' title='bbox 337 2035 387 2090; x_wconf 91' lang='lat' dir='ltr'><strong>ei</strong></span> <span class='ocrx_word' id='word_1_144' title='bbox 414 2035 749 2091; x_wconf 89' lang='lat' dir='ltr'><strong>occasionem</strong></span> <span class='ocrx_word' id='word_1_145' title='bbox 774 2075 790 2101; x_wconf 94' lang='lat'><strong>,</strong></span> <span class='ocrx_word' id='word_1_146' title='bbox 839 2044 1000 2106; x_wconf 90' lang='lat' dir='ltr'><strong>atque</strong></span> <span class='ocrx_word' id='word_1_147' title='bbox 1043 2049 1228 2089; x_wconf 89' lang='lat' dir='ltr'><strong>ansam</strong></span> <span class='ocrx_word' id='word_1_148' title='bbox 1271 2032 1422 2088; x_wconf 88' lang='lat' dir='ltr'><strong>daret</strong></span> <span class='ocrx_word' id='word_1_149' title='bbox 1443 2032 1712 2102; x_wconf 88' lang='lat' dir='ltr'><strong>religionis</strong></span> <span class='ocrx_word' id='word_1_150' title='bbox 1749 2045 1813 2086; x_wconf 91' lang='lat' dir='ltr'><strong>ac</strong></span> 
     </span>
    </p>
   </div>
   <div class='ocr_carea' id='block_1_21' title="bbox 223 2121 1811 2197">
    <p class='ocr_par' dir='ltr' id='par_1_21' title="bbox 223 2121 1811 2197">
     <span class='ocr_line' id='line_1_21' title="bbox 223 2121 1811 2197; baseline -0.003 -18"><span class='ocrx_word' id='word_1_151' title='bbox 223 2126 442 2195; x_wconf 85' lang='lat' dir='ltr'><strong>pietatis</strong></span> <span class='ocrx_word' id='word_1_152' title='bbox 469 2141 602 2193; x_wconf 75' lang='lat' dir='ltr'><strong>suae,</strong></span> <span class='ocrx_word' id='word_1_153' title='bbox 632 2142 751 2197; x_wconf 72' lang='lat' dir='ltr'><strong>quae</strong></span> <span class='ocrx_word' id='word_1_154' title='bbox 781 2127 831 2180; x_wconf 93' lang='lat' dir='ltr'><strong>in</strong></span> <span class='ocrx_word' id='word_1_155' title='bbox 860 2125 1048 2181; x_wconf 90' lang='lat' dir='ltr'><strong>umbra</strong></span> <span class='ocrx_word' id='word_1_156' title='bbox 1075 2124 1305 2191; x_wconf 90' lang='lat' dir='ltr'><strong>latebat,</strong></span> <span class='ocrx_word' id='word_1_157' title='bbox 1334 2123 1580 2179; x_wconf 89' lang='lat' dir='ltr'><strong>omnibus</strong></span> <span class='ocrx_word' id='word_1_158' title='bbox 1609 2121 1811 2192; x_wconf 83' lang='lat' dir='ltr'><strong>patefa—</strong></span> 
     </span>
    </p>
   </div>
   <div class='ocr_carea' id='block_1_22' title="bbox 224 2214 1816 2288">
    <p class='ocr_par' dir='ltr' id='par_1_22' title="bbox 224 2214 1816 2288">
     <span class='ocr_line' id='line_1_22' title="bbox 224 2214 1816 2288; baseline -0.003 -18"><span class='ocrx_word' id='word_1_159' title='bbox 224 2215 454 2283; x_wconf 68' lang='lat' dir='ltr'><strong>ciendaa,</strong></span> <span class='ocrx_word' id='word_1_160' title='bbox 484 2231 547 2272; x_wconf 85' lang='lat' dir='ltr'><strong>ac</strong></span> <span class='ocrx_word' id='word_1_161' title='bbox 572 2217 782 2273; x_wconf 86' lang='lat' dir='ltr'><strong>dicendi</strong></span> <span class='ocrx_word' id='word_1_162' title='bbox 825 2236 839 2273; x_wconf 91' lang='lat'><strong>:</strong></span> <span class='ocrx_word' id='word_1_163' title='bbox 871 2216 1228 2288; x_wconf 84' lang='lat' dir='ltr'><strong>Nequaquam,</strong></span> <span class='ocrx_word' id='word_1_164' title='bbox 1250 2215 1466 2271; x_wconf 83' lang='lat' dir='ltr'><strong>Domine</strong></span> <span class='ocrx_word' id='word_1_165' title='bbox 1489 2230 1510 2270; x_wconf 90' lang='lat'><strong>:</strong></span> <span class='ocrx_word' id='word_1_166' title='bbox 1555 2231 1656 2268; x_wconf 83' lang='lat' dir='ltr'><strong>non</strong></span> <span class='ocrx_word' id='word_1_167' title='bbox 1683 2214 1816 2267; x_wconf 88' lang='lat' dir='ltr'><strong>enim</strong></span> 
     </span>
    </p>
   </div>
   <div class='ocr_carea' id='block_1_23' title="bbox 223 2300 1815 2376">
    <p class='ocr_par' dir='ltr' id='par_1_23' title="bbox 223 2300 1815 2376">
     <span class='ocr_line' id='line_1_23' title="bbox 223 2300 1815 2376; baseline 0.001 -20"><span class='ocrx_word' id='word_1_168' title='bbox 223 2320 344 2356; x_wconf 73' lang='lat' dir='ltr'><strong>sum</strong></span> <span class='ocrx_word' id='word_1_169' title='bbox 372 2302 552 2376; x_wconf 77' lang='lat' dir='ltr'><strong>dignus</strong></span> <span class='ocrx_word' id='word_1_170' title='bbox 568 2318 622 2360; x_wconf 88' lang='lat' dir='ltr'><strong>ut</strong></span> <span class='ocrx_word' id='word_1_171' title='bbox 639 2307 799 2360; x_wconf 77' lang='lat' dir='ltr'><strong>intres</strong></span> <span class='ocrx_word' id='word_1_172' title='bbox 812 2303 903 2359; x_wconf 84' lang='lat' dir='ltr'><strong>sub</strong></span> <span class='ocrx_word' id='word_1_173' title='bbox 917 2313 1107 2360; x_wconf 80' lang='lat' dir='ltr'><strong>tectum</strong></span> <span class='ocrx_word' id='word_1_174' title='bbox 1121 2321 1295 2361; x_wconf 86' lang='lat' dir='ltr'><strong>meum</strong></span> <span class='ocrx_word' id='word_1_175' title='bbox 1309 2300 1525 2374; x_wconf 74' lang='lat' dir='ltr'><strong>(Matth.</strong></span> <span class='ocrx_word' id='word_1_176' title='bbox 1541 2303 1594 2358; x_wconf 88' lang='lat'><strong>8.</strong></span> <span class='ocrx_word' id='word_1_177' title='bbox 1609 2300 1720 2374; x_wconf 88' lang='lat'><strong>8.):</strong></span> <span class='ocrx_word' id='word_1_178' title='bbox 1743 2303 1815 2358; x_wconf 85' lang='lat' dir='ltr'><strong>ita</strong></span> 
     </span>
    </p>
   </div>
   <div class='ocr_carea' id='block_1_24' title="bbox 227 2392 1814 2465">
    <p class='ocr_par' dir='ltr' id='par_1_24' title="bbox 227 2392 1814 2465">
     <span class='ocr_line' id='line_1_24' title="bbox 227 2392 1814 2465; baseline 0.002 -20"><span class='ocrx_word' id='word_1_179' title='bbox 227 2392 288 2445; x_wconf 95' lang='lat' dir='ltr'><strong>in</strong></span> <span class='ocrx_word' id='word_1_180' title='bbox 316 2392 416 2446; x_wconf 90' lang='lat' dir='ltr'><strong>hoc</strong></span> <span class='ocrx_word' id='word_1_181' title='bbox 442 2393 755 2465; x_wconf 83' lang='lat' dir='ltr'><strong>paralytico,</strong></span> <span class='ocrx_word' id='word_1_182' title='bbox 785 2409 907 2449; x_wconf 90' lang='lat' dir='ltr'><strong>cum</strong></span> <span class='ocrx_word' id='word_1_183' title='bbox 937 2395 1100 2450; x_wconf 88' lang='lat' dir='ltr'><strong>sciret</strong></span> <span class='ocrx_word' id='word_1_184' title='bbox 1124 2395 1252 2465; x_wconf 90' lang='lat' dir='ltr'><strong>quid</strong></span> <span class='ocrx_word' id='word_1_185' title='bbox 1280 2394 1366 2450; x_wconf 91' lang='lat' dir='ltr'><strong>ille</strong></span> <span class='ocrx_word' id='word_1_186' title='bbox 1391 2394 1626 2449; x_wconf 90' lang='lat' dir='ltr'><strong>dicturus</strong></span> <span class='ocrx_word' id='word_1_187' title='bbox 1649 2401 1814 2462; x_wconf 89' lang='lat' dir='ltr'><strong>esset,</strong></span> 
     </span>
    </p>
   </div>
   <div class='ocr_carea' id='block_1_25' title="bbox 228 2482 1819 2556">
    <p class='ocr_par' dir='ltr' id='par_1_25' title="bbox 228 2482 1819 2556">
     <span class='ocr_line' id='line_1_25' title="bbox 228 2482 1819 2556; baseline 0.001 -20"><span class='ocrx_word' id='word_1_188' title='bbox 228 2482 550 2554; x_wconf 85' lang='lat' dir='ltr'><strong>interrogat,</strong></span> <span class='ocrx_word' id='word_1_189' title='bbox 582 2501 708 2539; x_wconf 92' lang='lat' dir='ltr'><strong>num</strong></span> <span class='ocrx_word' id='word_1_190' title='bbox 741 2485 866 2540; x_wconf 91' lang='lat' dir='ltr'><strong>velit</strong></span> <span class='ocrx_word' id='word_1_191' title='bbox 895 2499 1056 2540; x_wconf 92' lang='lat' dir='ltr'><strong>sanus</strong></span> <span class='ocrx_word' id='word_1_192' title='bbox 1082 2485 1219 2549; x_wconf 85' lang='lat' dir='ltr'><strong>fieri,</strong></span> <span class='ocrx_word' id='word_1_193' title='bbox 1245 2501 1350 2540; x_wconf 93' lang='lat' dir='ltr'><strong>non</strong></span> <span class='ocrx_word' id='word_1_194' title='bbox 1379 2484 1518 2556; x_wconf 90' lang='lat' dir='ltr'><strong>quod</strong></span> <span class='ocrx_word' id='word_1_195' title='bbox 1541 2483 1644 2539; x_wconf 84' lang='lat' dir='ltr'><strong>hoc</strong></span> <span class='ocrx_word' id='word_1_196' title='bbox 1669 2483 1819 2554; x_wconf 80' lang='lat' dir='ltr'><strong>igno-</strong></span> 
     </span>
    </p>
   </div>
   <div class='ocr_carea' id='block_1_26' title="bbox 224 2574 1821 2647">
    <p class='ocr_par' dir='ltr' id='par_1_26' title="bbox 224 2574 1821 2647">
     <span class='ocr_line' id='line_1_26' title="bbox 224 2574 1821 2647; baseline 0.001 -19"><span class='ocrx_word' id='word_1_197' title='bbox 224 2585 401 2640; x_wconf 90' lang='lat' dir='ltr'><strong>raret,</strong></span> <span class='ocrx_word' id='word_1_198' title='bbox 422 2575 516 2630; x_wconf 87' lang='lat' dir='ltr'><strong>sed</strong></span> <span class='ocrx_word' id='word_1_199' title='bbox 543 2584 599 2628; x_wconf 92' lang='lat' dir='ltr'><strong>ut</strong></span> <span class='ocrx_word' id='word_1_200' title='bbox 622 2576 670 2630; x_wconf 92' lang='lat' dir='ltr'><strong>ei</strong></span> <span class='ocrx_word' id='word_1_201' title='bbox 697 2577 960 2647; x_wconf 85' lang='lat' dir='ltr'><strong>praeberet</strong></span> <span class='ocrx_word' id='word_1_202' title='bbox 985 2591 1171 2632; x_wconf 91' lang='lat' dir='ltr'><strong>ansam</strong></span> <span class='ocrx_word' id='word_1_203' title='bbox 1193 2575 1474 2647; x_wconf 90' lang='lat' dir='ltr'><strong>quamdam</strong></span> <span class='ocrx_word' id='word_1_204' title='bbox 1501 2583 1556 2631; x_wconf 94' lang='lat' dir='ltr'><strong>et</strong></span> <span class='ocrx_word' id='word_1_205' title='bbox 1581 2574 1821 2630; x_wconf 86' lang='lat' dir='ltr'><strong>occasio-</strong></span> 
     </span>
    </p>
   </div>
   <div class='ocr_carea' id='block_1_27' title="bbox 227 2653 1817 2738">
    <p class='ocr_par' dir='ltr' id='par_1_27' title="bbox 227 2653 1817 2738">
     <span class='ocr_line' id='line_1_27' title="bbox 227 2653 1817 2738; baseline 0.001 -20"><span class='ocrx_word' id='word_1_206' title='bbox 227 2680 384 2730; x_wconf 89' lang='lat' dir='ltr'><strong>nem,</strong></span> <span class='ocrx_word' id='word_1_207' title='bbox 413 2681 519 2736; x_wconf 90' lang='lat' dir='ltr'><strong>quo</strong></span> <span class='ocrx_word' id='word_1_208' title='bbox 544 2665 632 2722; x_wconf 90' lang='lat' dir='ltr'><strong>ille</strong></span> <span class='ocrx_word' id='word_1_209' title='bbox 658 2666 909 2738; x_wconf 86' lang='lat' dir='ltr'><strong>tragicam</strong></span> <span class='ocrx_word' id='word_1_210' title='bbox 936 2653 1289 2722; x_wconf 81' lang='lat' dir='ltr'><strong>calamitatem</strong></span> <span class='ocrx_word' id='word_1_211' title='bbox 1316 2681 1466 2722; x_wconf 90' lang='lat' dir='ltr'><strong>suam</strong></span> <span class='ocrx_word' id='word_1_212' title='bbox 1512 2672 1778 2736; x_wconf 81' lang='lat' dir='ltr'><strong>promeret</strong></span> <span class='ocrx_word' id='word_1_213' title='bbox 1802 2704 1817 2730; x_wconf 92' lang='lat'><strong>,</strong></span> 
     </span>
    </p>
   </div>
   <div class='ocr_carea' id='block_1_28' title="bbox 228 2755 1820 2828">
    <p class='ocr_par' dir='ltr' id='par_1_28' title="bbox 228 2755 1820 2828">
     <span class='ocr_line' id='line_1_28' title="bbox 228 2755 1820 2828; baseline 0.001 -20"><span class='ocrx_word' id='word_1_214' title='bbox 228 2769 299 2809; x_wconf 88' lang='lat' dir='ltr'><strong>ac</strong></span> <span class='ocrx_word' id='word_1_215' title='bbox 339 2755 494 2811; x_wconf 86' lang='lat' dir='ltr'><strong>fieret</strong></span> <span class='ocrx_word' id='word_1_216' title='bbox 518 2757 706 2812; x_wconf 92' lang='lat' dir='ltr'><strong>doctor</strong></span> <span class='ocrx_word' id='word_1_217' title='bbox 749 2757 1037 2828; x_wconf 66' lang='lat' dir='ltr'><strong>patientia).</strong></span> <span class='ocrx_word' id='word_1_218' title='bbox 1067 2756 1200 2812; x_wconf 84' lang='lat' dir='ltr'><strong>Nam</strong></span> <span class='ocrx_word' id='word_1_219' title='bbox 1248 2756 1295 2812; x_wconf 89' lang='lat' dir='ltr'><strong>si</strong></span> <span class='ocrx_word' id='word_1_220' title='bbox 1353 2756 1624 2812; x_wconf 88' lang='lat' dir='ltr'><strong>hominem</strong></span> <span class='ocrx_word' id='word_1_221' title='bbox 1672 2755 1820 2811; x_wconf 91' lang='lat' dir='ltr'><strong>illum</strong></span> 
     </span>
    </p>
   </div>
   <div class='ocr_carea' id='block_1_29' title="bbox 225 2846 1818 2915">
    <p class='ocr_par' dir='ltr' id='par_1_29' title="bbox 225 2846 1818 2915">
     <span class='ocr_line' id='line_1_29' title="bbox 225 2846 1818 2915; baseline 0 -13"><span class='ocrx_word' id='word_1_222' title='bbox 225 2846 449 2902; x_wconf 80' lang='lat' dir='ltr'><strong>silentio</strong></span> <span class='ocrx_word' id='word_1_223' title='bbox 472 2856 732 2915; x_wconf 88' lang='lat' dir='ltr'><strong>curasset,</strong></span> <span class='ocrx_word' id='word_1_224' title='bbox 760 2863 970 2904; x_wconf 90' lang='lat' dir='ltr'><strong>summo</strong></span> <span class='ocrx_word' id='word_1_225' title='bbox 999 2865 1097 2904; x_wconf 91' lang='lat' dir='ltr'><strong>nos</strong></span> <span class='ocrx_word' id='word_1_226' title='bbox 1123 2848 1317 2903; x_wconf 90' lang='lat' dir='ltr'><strong>damno</strong></span> <span class='ocrx_word' id='word_1_227' title='bbox 1341 2848 1515 2903; x_wconf 81' lang='lat' dir='ltr'><strong>affecti</strong></span> <span class='ocrx_word' id='word_1_228' title='bbox 1540 2861 1818 2904; x_wconf 85' lang='lat' dir='ltr'><strong>essemus:</strong></span> 
     </span>
    </p>
   </div>
   <div class='ocr_carea' id='block_1_30' title="bbox 224 2940 1824 3010">
    <p class='ocr_par' dir='ltr' id='par_1_30' title="bbox 224 2940 1824 3010">
     <span class='ocr_line' id='line_1_30' title="bbox 224 2940 1824 3010; baseline 0.003 -19"><span class='ocrx_word' id='word_1_229' title='bbox 224 2941 433 3010; x_wconf 80' lang='lat' dir='ltr'><strong>quippe</strong></span> <span class='ocrx_word' id='word_1_230' title='bbox 463 2955 586 2996; x_wconf 89' lang='lat' dir='ltr'><strong>cum</strong></span> <span class='ocrx_word' id='word_1_231' title='bbox 612 2941 753 2997; x_wconf 81' lang='lat' dir='ltr'><strong>illius</strong></span> <span class='ocrx_word' id='word_1_232' title='bbox 777 2940 971 2996; x_wconf 69' lang='lat' dir='ltr'><strong>animae</strong></span> <span class='ocrx_word' id='word_1_233' title='bbox 1002 2940 1336 2997; x_wconf 89' lang='lat' dir='ltr'><strong>tolerantiam</strong></span> <span class='ocrx_word' id='word_1_234' title='bbox 1378 2940 1520 2996; x_wconf 87' lang='lat' dir='ltr'><strong>haud</strong></span> <span class='ocrx_word' id='word_1_235' title='bbox 1549 2940 1824 2996; x_wconf 86' lang='lat' dir='ltr'><strong>didicisse-</strong></span> 
     </span>
    </p>
   </div>
   <div class='ocr_carea' id='block_1_31' title="bbox 225 3030 1822 3103">
    <p class='ocr_par' dir='ltr' id='par_1_31' title="bbox 225 3030 1822 3103">
     <span class='ocr_line' id='line_1_31' title="bbox 225 3030 1822 3103; baseline -0.001 -17"><span class='ocrx_word' id='word_1_236' title='bbox 225 3042 377 3086; x_wconf 84' lang='lat' dir='ltr'><strong>mus.</strong></span> <span class='ocrx_word' id='word_1_237' title='bbox 404 3030 647 3087; x_wconf 86' lang='lat' dir='ltr'><strong>Christus</strong></span> <span class='ocrx_word' id='word_1_238' title='bbox 662 3041 838 3089; x_wconf 90' lang='lat' dir='ltr'><strong>autem</strong></span> <span class='ocrx_word' id='word_1_239' title='bbox 862 3048 968 3088; x_wconf 92' lang='lat' dir='ltr'><strong>non</strong></span> <span class='ocrx_word' id='word_1_240' title='bbox 989 3032 1161 3089; x_wconf 91' lang='lat' dir='ltr'><strong>solum</strong></span> <span class='ocrx_word' id='word_1_241' title='bbox 1186 3031 1468 3103; x_wconf 61' lang='lat' dir='ltr'><strong>praesentia</strong></span> <span class='ocrx_word' id='word_1_242' title='bbox 1488 3041 1632 3087; x_wconf 89' lang='lat' dir='ltr'><strong>recte</strong></span> <span class='ocrx_word' id='word_1_243' title='bbox 1648 3039 1822 3097; x_wconf 88' lang='lat' dir='ltr'><strong>curat,</strong></span> 
     </span>
    </p>
   </div>
   <div class='ocr_carea' id='block_1_32' title="bbox 225 3121 1824 3194">
    <p class='ocr_par' dir='ltr' id='par_1_32' title="bbox 225 3121 1824 3194">
     <span class='ocr_line' id='line_1_32' title="bbox 225 3121 1824 3194; baseline 0 -18"><span class='ocrx_word' id='word_1_244' title='bbox 225 3121 330 3176; x_wconf 79' lang='lat' dir='ltr'><strong>sed</strong></span> <span class='ocrx_word' id='word_1_245' title='bbox 360 3121 523 3176; x_wconf 87' lang='lat' dir='ltr'><strong>etiam</strong></span> <span class='ocrx_word' id='word_1_246' title='bbox 552 3121 743 3178; x_wconf 87' lang='lat' dir='ltr'><strong>futuris</strong></span> <span class='ocrx_word' id='word_1_247' title='bbox 772 3139 1020 3194; x_wconf 89' lang='lat' dir='ltr'><strong>magnam</strong></span> <span class='ocrx_word' id='word_1_248' title='bbox 1049 3131 1268 3194; x_wconf 63' lang='lat' dir='ltr'><strong>praestat</strong></span> <span class='ocrx_word' id='word_1_249' title='bbox 1295 3123 1644 3194; x_wconf 88' lang='lat' dir='ltr'><strong>diligentiam.</strong></span> <span class='ocrx_word' id='word_1_250' title='bbox 1669 3121 1824 3176; x_wconf 85' lang='lat' dir='ltr'><strong>llunc</strong></span> 
     </span>
    </p>
   </div>
   <div class='ocr_carea' id='block_1_33' title="bbox 227 3211 1825 3284">
    <p class='ocr_par' dir='ltr' id='par_1_33' title="bbox 227 3211 1825 3284">
     <span class='ocr_line' id='line_1_33' title="bbox 227 3211 1825 3284; baseline 0.001 -19"><span class='ocrx_word' id='word_1_251' title='bbox 227 3211 400 3281; x_wconf 80' lang='lat' dir='ltr'><strong>igitur</strong></span> <span class='ocrx_word' id='word_1_252' title='bbox 421 3252 437 3277; x_wconf 93' lang='lat'><strong>,</strong></span> <span class='ocrx_word' id='word_1_253' title='bbox 466 3212 556 3280; x_wconf 87' lang='lat' dir='ltr'><strong>qui</strong></span> <span class='ocrx_word' id='word_1_254' title='bbox 586 3214 836 3283; x_wconf 89' lang='lat' dir='ltr'><strong>magister</strong></span> <span class='ocrx_word' id='word_1_255' title='bbox 860 3223 975 3270; x_wconf 91' lang='lat' dir='ltr'><strong>erat</strong></span> <span class='ocrx_word' id='word_1_256' title='bbox 1000 3214 1293 3270; x_wconf 71' lang='lat' dir='ltr'><strong>tolerantiae</strong></span> <span class='ocrx_word' id='word_1_257' title='bbox 1321 3229 1384 3269; x_wconf 93' lang='lat' dir='ltr'><strong>ac</strong></span> <span class='ocrx_word' id='word_1_258' title='bbox 1412 3213 1681 3284; x_wconf 71' lang='lat' dir='ltr'><strong>patientia:</strong></span> <span class='ocrx_word' id='word_1_259' title='bbox 1707 3227 1825 3268; x_wconf 90' lang='lat' dir='ltr'><strong>om-</strong></span> 
     </span>
    </p>
   </div>
   <div class='ocr_carea' id='block_1_34' title="bbox 227 3300 1824 3376">
    <p class='ocr_par' dir='ltr' id='par_1_34' title="bbox 227 3300 1824 3376">
     <span class='ocr_line' id='line_1_34' title="bbox 227 3300 1824 3376; baseline 0.003 -21"><span class='ocrx_word' id='word_1_260' title='bbox 227 3300 396 3356; x_wconf 86' lang='lat' dir='ltr'><strong>nibus</strong></span> <span class='ocrx_word' id='word_1_261' title='bbox 421 3302 511 3371; x_wconf 91' lang='lat' dir='ltr'><strong>qui</strong></span> <span class='ocrx_word' id='word_1_262' title='bbox 539 3301 722 3358; x_wconf 84' lang='lat' dir='ltr'><strong>orbem</strong></span> <span class='ocrx_word' id='word_1_263' title='bbox 761 3304 1057 3360; x_wconf 90' lang='lat' dir='ltr'><strong>incolerent</strong></span> <span class='ocrx_word' id='word_1_264' title='bbox 1079 3303 1356 3376; x_wconf 85' lang='lat' dir='ltr'><strong>patefecit,</strong></span> <span class='ocrx_word' id='word_1_265' title='bbox 1388 3319 1485 3375; x_wconf 89' lang='lat' dir='ltr'><strong>per</strong></span> <span class='ocrx_word' id='word_1_266' title='bbox 1524 3302 1824 3373; x_wconf 77' lang='lat' dir='ltr'><strong>huiusmodi</strong></span> 
     </span>
    </p>
   </div>
   <div class='ocr_carea' id='block_1_35' title="bbox 227 3395 1824 3468">
    <p class='ocr_par' dir='ltr' id='par_1_35' title="bbox 227 3395 1824 3468">
     <span class='ocr_line' id='line_1_35' title="bbox 227 3395 1824 3468; baseline 0.004 -20"><span class='ocrx_word' id='word_1_267' title='bbox 227 3395 716 3464; x_wconf 84' lang='lat' dir='ltr'><strong>interrogationem</strong></span> <span class='ocrx_word' id='word_1_268' title='bbox 748 3395 918 3466; x_wconf 90' lang='lat' dir='ltr'><strong>ipsum</strong></span> <span class='ocrx_word' id='word_1_269' title='bbox 963 3397 1032 3452; x_wconf 89' lang='lat' dir='ltr'><strong>ad</strong></span> <span class='ocrx_word' id='word_1_270' title='bbox 1057 3399 1427 3454; x_wconf 84' lang='lat' dir='ltr'><strong>necessitatem</strong></span> <span class='ocrx_word' id='word_1_271' title='bbox 1470 3398 1824 3468; x_wconf 89' lang='lat' dir='ltr'><strong>respondendi</strong></span> 
     </span>
    </p>
   </div>
   <div class='ocr_carea' id='block_1_36' title="bbox 234 3485 1826 3562">
    <p class='ocr_par' dir='ltr' id='par_1_36' title="bbox 234 3485 1826 3562">
     <span class='ocr_line' id='line_1_36' title="bbox 234 3485 1826 3562; baseline 0.006 -24"><span class='ocrx_word' id='word_1_272' title='bbox 234 3485 468 3555; x_wconf 85' lang='lat' dir='ltr'><strong>adigens</strong></span> <span class='ocrx_word' id='word_1_273' title='bbox 489 3526 506 3552; x_wconf 93' lang='lat'><strong>,</strong></span> <span class='ocrx_word' id='word_1_274' title='bbox 544 3485 632 3540; x_wconf 78' lang='lat' dir='ltr'><strong>Via</strong></span> <span class='ocrx_word' id='word_1_275' title='bbox 655 3505 808 3543; x_wconf 78' lang='lat' dir='ltr'><strong>sanus</strong></span> <span class='ocrx_word' id='word_1_276' title='bbox 836 3489 946 3558; x_wconf 78' lang='lat' dir='ltr'><strong>ﬁeri</strong></span> <span class='ocrx_word' id='word_1_277' title='bbox 964 3490 990 3544; x_wconf 63' lang='grc' dir='ltr'><em>ἵ</em></span> <span class='ocrx_word' id='word_1_278' title='bbox 1017 3489 1154 3556; x_wconf 88' lang='lat' dir='ltr'><strong>Quid</strong></span> <span class='ocrx_word' id='word_1_279' title='bbox 1188 3491 1348 3560; x_wconf 85' lang='lat' dir='ltr'><strong>igitur</strong></span> <span class='ocrx_word' id='word_1_280' title='bbox 1373 3490 1500 3546; x_wconf 91' lang='lat' dir='ltr'><strong>ille?</strong></span> <span class='ocrx_word' id='word_1_281' title='bbox 1527 3489 1644 3546; x_wconf 85' lang='lat' dir='ltr'><strong>Non</strong></span> <span class='ocrx_word' id='word_1_282' title='bbox 1683 3505 1826 3562; x_wconf 60' lang='lat' dir='ltr'><strong>a‘gre</strong></span> 
     </span>
    </p>
   </div>
   <div class='ocr_carea' id='block_1_37' title="bbox 231 3576 1828 3654">
    <p class='ocr_par' dir='ltr' id='par_1_37' title="bbox 231 3576 1828 3654">
     <span class='ocr_line' id='line_1_37' title="bbox 231 3576 1828 3654; baseline 0.005 -24"><span class='ocrx_word' id='word_1_283' title='bbox 231 3576 380 3641; x_wconf 86' lang='lat' dir='ltr'><strong>tulit,</strong></span> <span class='ocrx_word' id='word_1_284' title='bbox 412 3591 520 3631; x_wconf 90' lang='lat' dir='ltr'><strong>non</strong></span> <span class='ocrx_word' id='word_1_285' title='bbox 547 3577 849 3649; x_wconf 89' lang='lat' dir='ltr'><strong>indignatus</strong></span> <span class='ocrx_word' id='word_1_286' title='bbox 871 3589 972 3645; x_wconf 79' lang='lat' dir='ltr'><strong>est,</strong></span> <span class='ocrx_word' id='word_1_287' title='bbox 1005 3597 1110 3636; x_wconf 91' lang='lat' dir='ltr'><strong>non</strong></span> <span class='ocrx_word' id='word_1_288' title='bbox 1133 3581 1267 3637; x_wconf 91' lang='lat' dir='ltr'><strong>dixit</strong></span> <span class='ocrx_word' id='word_1_289' title='bbox 1288 3582 1354 3638; x_wconf 92' lang='lat' dir='ltr'><strong>ad</strong></span> <span class='ocrx_word' id='word_1_290' title='bbox 1374 3598 1516 3650; x_wconf 89' lang='lat' dir='ltr'><strong>eum,</strong></span> <span class='ocrx_word' id='word_1_291' title='bbox 1543 3583 1633 3654; x_wconf 90' lang='lat' dir='ltr'><strong>qui</strong></span> <span class='ocrx_word' id='word_1_292' title='bbox 1663 3583 1828 3638; x_wconf 56' lang='lat' dir='ltr'><strong>inter.</strong></span> 
     </span>
    </p>
   </div>
   <div class='ocr_carea' id='block_1_38' title="bbox 230 3669 1878 3746">
    <p class='ocr_par' dir='ltr' id='par_1_38' title="bbox 230 3669 1878 3746">
     <span class='ocr_line' id='line_1_38' title="bbox 230 3669 1878 3746; baseline 0.005 -26"><span class='ocrx_word' id='word_1_293' title='bbox 230 3676 546 3739; x_wconf 78' lang='lat' dir='ltr'><strong>rogaverat,</strong></span> <span class='ocrx_word' id='word_1_294' title='bbox 574 3669 722 3724; x_wconf 80' lang='lat' dir='ltr'><strong>vides</strong></span> <span class='ocrx_word' id='word_1_295' title='bbox 743 3686 828 3725; x_wconf 90' lang='lat' dir='ltr'><strong>me</strong></span> <span class='ocrx_word' id='word_1_296' title='bbox 849 3672 1080 3744; x_wconf 84' lang='lat' dir='ltr'><strong>paralysi</strong></span> <span class='ocrx_word' id='word_1_297' title='bbox 1104 3673 1395 3728; x_wconf 87' lang='lat' dir='ltr'><strong>resolutum</strong></span> <span class='ocrx_word' id='word_1_298' title='bbox 1419 3691 1432 3726; x_wconf 90' lang='lat'><strong>:</strong></span> <span class='ocrx_word' id='word_1_299' title='bbox 1451 3674 1589 3729; x_wconf 89' lang='lat' dir='ltr'><strong>nosti</strong></span> <span class='ocrx_word' id='word_1_300' title='bbox 1611 3669 1878 3746; x_wconf 70' lang='lat' dir='ltr'><strong>longum&#39;</strong></span> 
     </span>
    </p>
   </div>
   <div class='ocr_carea' id='block_1_39' title="bbox 230 3759 1826 3836">
    <p class='ocr_par' dir='ltr' id='par_1_39' title="bbox 230 3759 1826 3836">
     <span class='ocr_line' id='line_1_39' title="bbox 230 3759 1826 3836; baseline 0.005 -22"><span class='ocrx_word' id='word_1_301' title='bbox 230 3769 452 3829; x_wconf 88' lang='lat' dir='ltr'><strong>tempus</strong></span> <span class='ocrx_word' id='word_1_302' title='bbox 492 3759 868 3817; x_wconf 89' lang='lat' dir='ltr'><strong>invaletudiuis</strong></span> <span class='ocrx_word' id='word_1_303' title='bbox 896 3778 1051 3830; x_wconf 65' lang='lat' dir='ltr'><strong>meae,</strong></span> <span class='ocrx_word' id='word_1_304' title='bbox 1078 3772 1133 3820; x_wconf 88' lang='lat' dir='ltr'><strong>et</strong></span> <span class='ocrx_word' id='word_1_305' title='bbox 1160 3765 1454 3836; x_wconf 88' lang='lat' dir='ltr'><strong>interrogas</strong></span> <span class='ocrx_word' id='word_1_306' title='bbox 1471 3804 1488 3832; x_wconf 89' lang='lat'><strong>,</strong></span> <span class='ocrx_word' id='word_1_307' title='bbox 1517 3782 1640 3821; x_wconf 89' lang='lat' dir='ltr'><strong>num</strong></span> <span class='ocrx_word' id='word_1_308' title='bbox 1667 3765 1826 3823; x_wconf 89' lang='lat' dir='ltr'><strong>velim</strong></span> 
     </span>
    </p>
   </div>
   <div class='ocr_carea' id='block_1_40' title="bbox 233 3851 1823 3926">
    <p class='ocr_par' dir='ltr' id='par_1_40' title="bbox 233 3851 1823 3926">
     <span class='ocr_line' id='line_1_40' title="bbox 233 3851 1823 3926; baseline 0.005 -20"><span class='ocrx_word' id='word_1_309' title='bbox 233 3865 409 3907; x_wconf 63' lang='lat' dir='ltr'><strong>mnus</strong></span> <span class='ocrx_word' id='word_1_310' title='bbox 439 3851 599 3906; x_wconf 84' lang='lat' dir='ltr'><strong>fieri?</strong></span> <span class='ocrx_word' id='word_1_311' title='bbox 624 3851 856 3919; x_wconf 84' lang='lat' dir='ltr'><strong>Venisti,</strong></span> <span class='ocrx_word' id='word_1_312' title='bbox 886 3863 946 3909; x_wconf 92' lang='lat' dir='ltr'><strong>ut</strong></span> <span class='ocrx_word' id='word_1_313' title='bbox 970 3870 1118 3910; x_wconf 89' lang='lat' dir='ltr'><strong>meas</strong></span> <span class='ocrx_word' id='word_1_314' title='bbox 1160 3856 1414 3912; x_wconf 89' lang='lat' dir='ltr'><strong>irrideres</strong></span> <span class='ocrx_word' id='word_1_315' title='bbox 1453 3858 1783 3914; x_wconf 88' lang='lat' dir='ltr'><strong>calamitates</strong></span> <span class='ocrx_word' id='word_1_316' title='bbox 1806 3899 1823 3926; x_wconf 93' lang='lat'><strong>,</strong></span> 
     </span>
    </p>
   </div>
   <div class='ocr_carea' id='block_1_41' title="bbox 229 3942 1825 4020">
    <p class='ocr_par' dir='ltr' id='par_1_41' title="bbox 229 3942 1825 4020">
     <span class='ocr_line' id='line_1_41' title="bbox 229 3942 1825 4020; baseline 0.006 -25"><span class='ocrx_word' id='word_1_317' title='bbox 229 3949 399 4012; x_wconf 88' lang='lat' dir='ltr'><strong>atque</strong></span> <span class='ocrx_word' id='word_1_318' title='bbox 419 3942 612 3997; x_wconf 91' lang='lat' dir='ltr'><strong>alienis</strong></span> <span class='ocrx_word' id='word_1_319' title='bbox 630 3943 784 3999; x_wconf 88' lang='lat' dir='ltr'><strong>malis</strong></span> <span class='ocrx_word' id='word_1_320' title='bbox 809 3943 1083 4001; x_wconf 86' lang='lat' dir='ltr'><strong>illuderes?</strong></span> <span class='ocrx_word' id='word_1_321' title='bbox 1097 3945 1212 4001; x_wconf 85' lang='lat' dir='ltr'><strong>Non</strong></span> <span class='ocrx_word' id='word_1_322' title='bbox 1241 3948 1384 4003; x_wconf 91' lang='lat' dir='ltr'><strong>enim</strong></span> <span class='ocrx_word' id='word_1_323' title='bbox 1406 3963 1498 4003; x_wconf 91' lang='lat' dir='ltr'><strong>vos</strong></span> <span class='ocrx_word' id='word_1_324' title='bbox 1517 3948 1646 4020; x_wconf 91' lang='lat' dir='ltr'><strong>fugit</strong></span> <span class='ocrx_word' id='word_1_325' title='bbox 1664 3964 1825 4020; x_wconf 88' lang='lat' dir='ltr'><strong>quam</strong></span> 
     </span>
    </p>
   </div>
   <div class='ocr_carea' id='block_1_42' title="bbox 231 4032 1824 4104">
    <p class='ocr_par' dir='ltr' id='par_1_42' title="bbox 231 4032 1824 4104">
     <span class='ocr_line' id='line_1_42' title="bbox 231 4032 1824 4104; baseline 0.004 -17"><span class='ocrx_word' id='word_1_326' title='bbox 231 4033 438 4087; x_wconf 85' lang='lat' dir='ltr'><strong>morosi</strong></span> <span class='ocrx_word' id='word_1_327' title='bbox 484 4032 593 4087; x_wconf 80' lang='lat' dir='ltr'><strong>sint</strong></span> <span class='ocrx_word' id='word_1_328' title='bbox 619 4033 707 4104; x_wconf 91' lang='lat' dir='ltr'><strong>qui</strong></span> <span class='ocrx_word' id='word_1_329' title='bbox 731 4042 1028 4104; x_wconf 77' lang='lat' dir='ltr'><strong>:egrotant,</strong></span> <span class='ocrx_word' id='word_1_330' title='bbox 1073 4036 1280 4091; x_wconf 89' lang='lat' dir='ltr'><strong>etiamsi</strong></span> <span class='ocrx_word' id='word_1_331' title='bbox 1328 4053 1487 4092; x_wconf 89' lang='lat' dir='ltr'><strong>unum</strong></span> <span class='ocrx_word' id='word_1_332' title='bbox 1532 4053 1729 4093; x_wconf 90' lang='lat' dir='ltr'><strong>annum</strong></span> <span class='ocrx_word' id='word_1_333' title='bbox 1770 4039 1824 4093; x_wconf 88' lang='lat' dir='ltr'><strong>in</strong></span> 
     </span>
    </p>
   </div>
   <div class='ocr_carea' id='block_1_43' title="bbox 225 4120 1824 4197">
    <p class='ocr_par' dir='ltr' id='par_1_43' title="bbox 225 4120 1824 4197">
     <span class='ocr_line' id='line_1_43' title="bbox 225 4120 1824 4197; baseline 0.006 -23"><span class='ocrx_word' id='word_1_334' title='bbox 225 4121 379 4194; x_wconf 83' lang='lat' dir='ltr'><strong>lecto</strong></span> <span class='ocrx_word' id='word_1_335' title='bbox 401 4120 777 4179; x_wconf 91' lang='lat' dir='ltr'><strong>decubuerint.</strong></span> <span class='ocrx_word' id='word_1_336' title='bbox 792 4124 927 4181; x_wconf 87' lang='lat' dir='ltr'><strong>Cum</strong></span> <span class='ocrx_word' id='word_1_337' title='bbox 953 4141 1082 4182; x_wconf 90' lang='lat' dir='ltr'><strong>vero</strong></span> <span class='ocrx_word' id='word_1_338' title='bbox 1101 4127 1168 4181; x_wconf 90' lang='lat' dir='ltr'><strong>ad</strong></span> <span class='ocrx_word' id='word_1_339' title='bbox 1195 4128 1408 4197; x_wconf 90' lang='lat' dir='ltr'><strong>triginta</strong></span> <span class='ocrx_word' id='word_1_340' title='bbox 1433 4137 1488 4183; x_wconf 88' lang='lat' dir='ltr'><strong>et</strong></span> <span class='ocrx_word' id='word_1_341' title='bbox 1509 4139 1629 4183; x_wconf 93' lang='lat' dir='ltr'><strong>octo</strong></span> <span class='ocrx_word' id='word_1_342' title='bbox 1654 4143 1824 4185; x_wconf 90' lang='lat' dir='ltr'><strong>annos</strong></span> 
     </span>
    </p>
   </div>
   <div class='ocr_carea' id='block_1_44' title="bbox 231 4211 1825 4296">
    <p class='ocr_par' dir='ltr' id='par_1_44' title="bbox 231 4211 1825 4296">
     <span class='ocr_line' id='line_1_44' title="bbox 231 4211 1825 4296; baseline 0.006 -31"><span class='ocrx_word' id='word_1_343' title='bbox 231 4211 460 4266; x_wconf 85' lang='lat' dir='ltr'><strong>morbus</strong></span> <span class='ocrx_word' id='word_1_344' title='bbox 498 4213 866 4281; x_wconf 90' lang='lat' dir='ltr'><strong>pervenisset,</strong></span> <span class='ocrx_word' id='word_1_345' title='bbox 925 4215 1194 4285; x_wconf 89' lang='lat' dir='ltr'><strong>quomodo</strong></span> <span class='ocrx_word' id='word_1_346' title='bbox 1235 4231 1340 4271; x_wconf 91' lang='lat' dir='ltr'><strong>non</strong></span> <span class='ocrx_word' id='word_1_347' title='bbox 1380 4226 1495 4271; x_wconf 88' lang='lat' dir='ltr'><strong>erat</strong></span> <span class='ocrx_word' id='word_1_348' title='bbox 1535 4218 1825 4296; x_wconf 75' lang='lat' dir='ltr'><strong>verisimile</strong></span> 
     </span>
    </p>
   </div>
   <div class='ocr_carea' id='block_1_45' title="bbox 231 4302 1825 4378">
    <p class='ocr_par' dir='ltr' id='par_1_45' title="bbox 231 4302 1825 4378">
     <span class='ocr_line' id='line_1_45' title="bbox 231 4302 1825 4378; baseline 0.006 -23"><span class='ocrx_word' id='word_1_349' title='bbox 231 4310 613 4371; x_wconf 84' lang='lat' dir='ltr'><strong>consumptam</strong></span> <span class='ocrx_word' id='word_1_350' title='bbox 631 4318 752 4358; x_wconf 89' lang='lat' dir='ltr'><strong>esse</strong></span> <span class='ocrx_word' id='word_1_351' title='bbox 777 4302 1166 4375; x_wconf 89' lang='lat' dir='ltr'><strong>philosophiam</strong></span> <span class='ocrx_word' id='word_1_352' title='bbox 1191 4307 1244 4360; x_wconf 93' lang='lat' dir='ltr'><strong>in</strong></span> <span class='ocrx_word' id='word_1_353' title='bbox 1267 4317 1372 4360; x_wconf 91' lang='lat' dir='ltr'><strong>tam</strong></span> <span class='ocrx_word' id='word_1_354' title='bbox 1400 4305 1560 4376; x_wconf 83' lang='lat' dir='ltr'><strong>longo</strong></span> <span class='ocrx_word' id='word_1_355' title='bbox 1585 4316 1825 4378; x_wconf 87' lang='lat' dir='ltr'><strong>tempore</strong></span> 
     </span>
    </p>
   </div>
   <div class='ocr_carea' id='block_1_46' title="bbox 233 4391 1825 4468">
    <p class='ocr_par' dir='ltr' id='par_1_46' title="bbox 233 4391 1825 4468">
     <span class='ocr_line' id='line_1_46' title="bbox 233 4391 1825 4468; baseline 0.008 -25"><span class='ocrx_word' id='word_1_356' title='bbox 233 4391 577 4460; x_wconf 77' lang='lat' dir='ltr'><strong>expensam?</strong></span> <span class='ocrx_word' id='word_1_357' title='bbox 605 4391 977 4451; x_wconf 83' lang='lat' dir='ltr'><strong>Verumtamen</strong></span> <span class='ocrx_word' id='word_1_358' title='bbox 1001 4397 1086 4452; x_wconf 92' lang='lat' dir='ltr'><strong>ille</strong></span> <span class='ocrx_word' id='word_1_359' title='bbox 1111 4397 1242 4452; x_wconf 86' lang='lat' dir='ltr'><strong>nihil</strong></span> <span class='ocrx_word' id='word_1_360' title='bbox 1270 4396 1530 4468; x_wconf 89' lang='lat' dir='ltr'><strong>ejusmodi</strong></span> <span class='ocrx_word' id='word_1_361' title='bbox 1557 4399 1709 4468; x_wconf 88' lang='lat' dir='ltr'><strong>dixit,</strong></span> <span class='ocrx_word' id='word_1_362' title='bbox 1742 4400 1825 4456; x_wconf 87' lang='lat' dir='ltr'><strong>vel</strong></span> 
     </span>
    </p>
   </div>
   <div class='ocr_carea' id='block_1_47' title="bbox 237 4481 1822 4560">
    <p class='ocr_par' dir='ltr' id='par_1_47' title="bbox 237 4481 1822 4560">
     <span class='ocr_line' id='line_1_47' title="bbox 237 4481 1822 4560; baseline 0.01 -30"><span class='ocrx_word' id='word_1_363' title='bbox 237 4481 530 4550; x_wconf 83' lang='lat' dir='ltr'><strong>cogitavit:</strong></span> <span class='ocrx_word' id='word_1_364' title='bbox 573 4482 667 4536; x_wconf 86' lang='lat' dir='ltr'><strong>scd</strong></span> <span class='ocrx_word' id='word_1_365' title='bbox 695 4498 883 4555; x_wconf 89' lang='lat' dir='ltr'><strong>magna</strong></span> <span class='ocrx_word' id='word_1_366' title='bbox 909 4500 1030 4541; x_wconf 87' lang='lat' dir='ltr'><strong>cum</strong></span> <span class='ocrx_word' id='word_1_367' title='bbox 1067 4487 1323 4542; x_wconf 89' lang='lat' dir='ltr'><strong>modestia</strong></span> <span class='ocrx_word' id='word_1_368' title='bbox 1339 4501 1663 4560; x_wconf 77' lang='lat' dir='ltr'><strong>responsum</strong></span> <span class='ocrx_word' id='word_1_369' title='bbox 1702 4489 1822 4558; x_wconf 91' lang='lat' dir='ltr'><strong>dat,</strong></span> 
     </span>
    </p>
   </div>
   <div class='ocr_carea' id='block_1_48' title="bbox 240 4570 1818 4651">
    <p class='ocr_par' dir='ltr' id='par_1_48' title="bbox 240 4570 1818 4651">
     <span class='ocr_line' id='line_1_48' title="bbox 240 4570 1818 4651; baseline 0.01 -28"><span class='ocrx_word' id='word_1_370' title='bbox 240 4580 299 4623; x_wconf 88' lang='lat' dir='ltr'><strong>et</strong></span> <span class='ocrx_word' id='word_1_371' title='bbox 325 4570 529 4641; x_wconf 86' lang='lat' dir='ltr'><strong>inquit:</strong></span> <span class='ocrx_word' id='word_1_372' title='bbox 559 4572 818 4647; x_wconf 79' lang='lat' dir='ltr'><strong>Profecto,</strong></span> <span class='ocrx_word' id='word_1_373' title='bbox 849 4574 1088 4642; x_wconf 85' lang='lat' dir='ltr'><strong>Domine,</strong></span> <span class='ocrx_word' id='word_1_374' title='bbox 1118 4578 1207 4632; x_wconf 79' lang='lat' dir='ltr'><strong>sed</strong></span> <span class='ocrx_word' id='word_1_375' title='bbox 1235 4578 1486 4634; x_wconf 83' lang='lat' dir='ltr'><strong>hominem</strong></span> <span class='ocrx_word' id='word_1_376' title='bbox 1511 4598 1610 4636; x_wconf 85' lang='lat' dir='ltr'><strong>non</strong></span> <span class='ocrx_word' id='word_1_377' title='bbox 1635 4583 1818 4651; x_wconf 87' lang='lat' dir='ltr'><strong>habeo,</strong></span> 
     </span>
    </p>
   </div>
   <div class='ocr_carea' id='block_1_49' title="bbox 240 4664 1827 4743">
    <p class='ocr_par' dir='ltr' id='par_1_49' title="bbox 240 4664 1827 4743">
     <span class='ocr_line' id='line_1_49' title="bbox 240 4664 1827 4743; baseline 0.011 -32"><span class='ocrx_word' id='word_1_378' title='bbox 240 4670 300 4713; x_wconf 78' lang='lat' dir='ltr'><strong>ut</strong></span> <span class='ocrx_word' id='word_1_379' title='bbox 323 4700 341 4724; x_wconf 91' lang='lat'><strong>,</strong></span> <span class='ocrx_word' id='word_1_380' title='bbox 390 4677 505 4714; x_wconf 84' lang='lat' dir='ltr'><strong>cum</strong></span> <span class='ocrx_word' id='word_1_381' title='bbox 533 4664 734 4718; x_wconf 87' lang='lat' dir='ltr'><strong>turbata</strong></span> <span class='ocrx_word' id='word_1_382' title='bbox 761 4667 914 4736; x_wconf 78' lang='lat' dir='ltr'><strong>fuerit</strong></span> <span class='ocrx_word' id='word_1_383' title='bbox 953 4683 1085 4739; x_wconf 88' lang='lat' dir='ltr'><strong>aqua</strong></span> <span class='ocrx_word' id='word_1_384' title='bbox 1107 4708 1123 4734; x_wconf 95' lang='lat'><strong>,</strong></span> <span class='ocrx_word' id='word_1_385' title='bbox 1163 4669 1324 4723; x_wconf 87' lang='lat' dir='ltr'><strong>mittat</strong></span> <span class='ocrx_word' id='word_1_386' title='bbox 1363 4688 1443 4725; x_wconf 84' lang='lat' dir='ltr'><strong>me</strong></span> <span class='ocrx_word' id='word_1_387' title='bbox 1483 4673 1538 4727; x_wconf 89' lang='lat' dir='ltr'><strong>in</strong></span> <span class='ocrx_word' id='word_1_388' title='bbox 1583 4673 1827 4743; x_wconf 81' lang='lat' dir='ltr'><strong>piscinam</strong></span> 
     </span>
    </p>
   </div>
   <div class='ocr_carea' id='block_1_50' title="bbox 240 4747 1827 4828">
    <p class='ocr_par' dir='ltr' id='par_1_50' title="bbox 240 4747 1827 4828">
     <span class='ocr_line' id='line_1_50' title="bbox 240 4747 1827 4828; baseline 0.013 -27"><span class='ocrx_word' id='word_1_389' title='bbox 240 4748 264 4819; x_wconf 91' lang='lat'><strong>(</strong></span> <span class='ocrx_word' id='word_1_390' title='bbox 283 4747 446 4804; x_wconf 78' lang='lat' dir='ltr'><strong>Joan.</strong></span> <span class='ocrx_word' id='word_1_391' title='bbox 478 4752 532 4808; x_wconf 81' lang='lat'><strong>5.</strong></span> <span class='ocrx_word' id='word_1_392' title='bbox 569 4753 662 4822; x_wconf 86' lang='lat'><strong>7).</strong></span> <span class='ocrx_word' id='word_1_393' title='bbox 693 4755 826 4811; x_wconf 85' lang='lat' dir='ltr'><strong>Vide</strong></span> <span class='ocrx_word' id='word_1_394' title='bbox 861 4765 990 4828; x_wconf 90' lang='lat' dir='ltr'><strong>quot</strong></span> <span class='ocrx_word' id='word_1_395' title='bbox 1026 4767 1082 4812; x_wconf 92' lang='lat' dir='ltr'><strong>et</strong></span> <span class='ocrx_word' id='word_1_396' title='bbox 1121 4769 1318 4828; x_wconf 87' lang='lat' dir='ltr'><strong>quanta</strong></span> <span class='ocrx_word' id='word_1_397' title='bbox 1347 4761 1504 4816; x_wconf 89' lang='lat' dir='ltr'><strong>simul</strong></span> <span class='ocrx_word' id='word_1_398' title='bbox 1539 4778 1827 4821; x_wconf 88' lang='lat' dir='ltr'><strong>concurre-</strong></span> 
     </span>
    </p>
   </div>
   <div class='ocr_carea' id='block_1_51' title="bbox 240 4840 1826 4926">
    <p class='ocr_par' dir='ltr' id='par_1_51' title="bbox 240 4840 1826 4926">
     <span class='ocr_line' id='line_1_51' title="bbox 240 4840 1826 4926; baseline 0.013 -33"><span class='ocrx_word' id='word_1_399' title='bbox 240 4840 376 4923; x_wconf 77' lang='lat' dir='ltr'><strong>bant</strong></span> <span class='ocrx_word' id='word_1_400' title='bbox 401 4851 560 4913; x_wconf 89' lang='lat' dir='ltr'><strong>atque</strong></span> <span class='ocrx_word' id='word_1_401' title='bbox 581 4845 848 4902; x_wconf 87' lang='lat' dir='ltr'><strong>hominem</strong></span> <span class='ocrx_word' id='word_1_402' title='bbox 870 4849 1259 4918; x_wconf 86' lang='lat' dir='ltr'><strong>oppugnabant,</strong></span> <span class='ocrx_word' id='word_1_403' title='bbox 1285 4853 1523 4920; x_wconf 88' lang='lat' dir='ltr'><strong>morbus,</strong></span> <span class='ocrx_word' id='word_1_404' title='bbox 1546 4866 1826 4926; x_wconf 82' lang='lat' dir='ltr'><strong>paupertas</strong></span> 
     </span>
    </p>
   </div>
   <div class='ocr_carea' id='block_1_52' title="bbox 235 4934 1826 5022">
    <p class='ocr_par' dir='ltr' id='par_1_52' title="bbox 235 4934 1826 5022">
     <span class='ocr_line' id='line_1_52' title="bbox 235 4934 1826 5022; baseline 0.013 -35"><span class='ocrx_word' id='word_1_405' title='bbox 235 4943 296 4987; x_wconf 89' lang='lat' dir='ltr'><strong>et</strong></span> <span class='ocrx_word' id='word_1_406' title='bbox 319 4934 558 4990; x_wconf 88' lang='lat' dir='ltr'><strong>solitudo</strong></span> <span class='ocrx_word' id='word_1_407' title='bbox 577 4978 593 5004; x_wconf 93' lang='lat'><strong>,</strong></span> <span class='ocrx_word' id='word_1_408' title='bbox 625 4953 746 4994; x_wconf 88' lang='lat' dir='ltr'><strong>cum</strong></span> <span class='ocrx_word' id='word_1_409' title='bbox 770 4955 928 4996; x_wconf 90' lang='lat' dir='ltr'><strong>nemo</strong></span> <span class='ocrx_word' id='word_1_410' title='bbox 954 4945 1246 5006; x_wconf 90' lang='lat' dir='ltr'><strong>assisteret,</strong></span> <span class='ocrx_word' id='word_1_411' title='bbox 1277 4945 1496 5016; x_wconf 90' lang='lat' dir='ltr'><strong>ejusque</strong></span> <span class='ocrx_word' id='word_1_412' title='bbox 1523 4963 1704 5004; x_wconf 90' lang='lat' dir='ltr'><strong>curam</strong></span> <span class='ocrx_word' id='word_1_413' title='bbox 1734 4967 1826 5022; x_wconf 88' lang='lat' dir='ltr'><strong>ge-</strong></span> 
     </span>
    </p>
   </div>
   <div class='ocr_carea' id='block_1_53' title="bbox 235 5029 1826 5105">
    <p class='ocr_par' dir='ltr' id='par_1_53' title="bbox 235 5029 1826 5105">
     <span class='ocr_line' id='line_1_53' title="bbox 235 5029 1826 5105; baseline 0.01 -24"><span class='ocrx_word' id='word_1_414' title='bbox 235 5036 414 5082; x_wconf 84' lang='lat' dir='ltr'><strong>reret.</strong></span> <span class='ocrx_word' id='word_1_415' title='bbox 456 5029 591 5084; x_wconf 87' lang='lat' dir='ltr'><strong>Dum</strong></span> <span class='ocrx_word' id='word_1_416' title='bbox 612 5033 754 5086; x_wconf 82' lang='lat' dir='ltr'><strong>venio</strong></span> <span class='ocrx_word' id='word_1_417' title='bbox 778 5034 909 5088; x_wconf 89' lang='lat' dir='ltr'><strong>enim</strong></span> <span class='ocrx_word' id='word_1_418' title='bbox 955 5050 1046 5105; x_wconf 85' lang='lat' dir='ltr'><strong>ego</strong></span> <span class='ocrx_word' id='word_1_419' title='bbox 1069 5076 1084 5100; x_wconf 93' lang='lat'><strong>,</strong></span> <span class='ocrx_word' id='word_1_420' title='bbox 1127 5034 1260 5090; x_wconf 80' lang='lat' dir='ltr'><strong>alius</strong></span> <span class='ocrx_word' id='word_1_421' title='bbox 1297 5047 1414 5092; x_wconf 84' lang='lat' dir='ltr'><strong>ante</strong></span> <span class='ocrx_word' id='word_1_422' title='bbox 1452 5055 1530 5093; x_wconf 79' lang='lat' dir='ltr'><strong>me</strong></span> <span class='ocrx_word' id='word_1_423' title='bbox 1573 5041 1826 5097; x_wconf 77' lang='lat' dir='ltr'><strong>descendit</strong></span> 
     </span>
    </p>
   </div>
   <div class='ocr_carea' id='block_1_54' title="bbox 231 5116 1826 5203">
    <p class='ocr_par' dir='ltr' id='par_1_54' title="bbox 231 5116 1826 5203">
     <span class='ocr_line' id='line_1_54' title="bbox 231 5116 1826 5203; baseline 0.013 -34"><span class='ocrx_word' id='word_1_424' title='bbox 231 5119 256 5187; x_wconf 87' lang='lat'><strong>(</strong></span> <span class='ocrx_word' id='word_1_425' title='bbox 280 5116 426 5170; x_wconf 83' lang='lat' dir='ltr'><strong>Ibid.</strong></span> <span class='ocrx_word' id='word_1_426' title='bbox 449 5117 495 5188; x_wconf 92' lang='lat'><strong>).</strong></span> <span class='ocrx_word' id='word_1_427' title='bbox 526 5119 579 5174; x_wconf 91' lang='lat' dir='ltr'><strong>ld</strong></span> <span class='ocrx_word' id='word_1_428' title='bbox 602 5136 730 5176; x_wconf 91' lang='lat' dir='ltr'><strong>vero</strong></span> <span class='ocrx_word' id='word_1_429' title='bbox 755 5123 960 5179; x_wconf 83' lang='lat' dir='ltr'><strong>caeteris</strong></span> <span class='ocrx_word' id='word_1_430' title='bbox 984 5125 1231 5180; x_wconf 90' lang='lat' dir='ltr'><strong>omnibus</strong></span> <span class='ocrx_word' id='word_1_431' title='bbox 1257 5127 1631 5195; x_wconf 88' lang='lat' dir='ltr'><strong>miserabilius,</strong></span> <span class='ocrx_word' id='word_1_432' title='bbox 1657 5134 1826 5203; x_wconf 91' lang='lat' dir='ltr'><strong>quod-</strong></span> 
     </span>
    </p>
   </div>
   <div class='ocr_carea' id='block_1_55' title="bbox 229 5209 1824 5284">
    <p class='ocr_par' dir='ltr' id='par_1_55' title="bbox 229 5209 1824 5284">
     <span class='ocr_line' id='line_1_55' title="bbox 229 5209 1824 5284; baseline 0.011 -22"><span class='ocrx_word' id='word_1_433' title='bbox 229 5223 345 5277; x_wconf 89' lang='lat' dir='ltr'><strong>que</strong></span> <span class='ocrx_word' id='word_1_434' title='bbox 374 5209 458 5263; x_wconf 87' lang='lat' dir='ltr'><strong>vel</strong></span> <span class='ocrx_word' id='word_1_435' title='bbox 485 5210 708 5281; x_wconf 90' lang='lat' dir='ltr'><strong>lapidem</strong></span> <span class='ocrx_word' id='word_1_436' title='bbox 735 5214 906 5282; x_wconf 87' lang='lat' dir='ltr'><strong>ipsum</strong></span> <span class='ocrx_word' id='word_1_437' title='bbox 936 5215 1101 5284; x_wconf 89' lang='lat' dir='ltr'><strong>possit</strong></span> <span class='ocrx_word' id='word_1_438' title='bbox 1129 5215 1417 5273; x_wconf 84' lang='lat' dir='ltr'><strong>inflectere.</strong></span> <span class='ocrx_word' id='word_1_439' title='bbox 1464 5219 1657 5277; x_wconf 89' lang='lat' dir='ltr'><strong>Videre</strong></span> <span class='ocrx_word' id='word_1_440' title='bbox 1683 5225 1824 5280; x_wconf 91' lang='lat' dir='ltr'><strong>enim</strong></span> 
     </span>
    </p>
   </div>
   <div class='ocr_carea' id='block_1_56' title="bbox 229 5301 1822 5382">
    <p class='ocr_par' dir='ltr' id='par_1_56' title="bbox 229 5301 1822 5382">
     <span class='ocr_line' id='line_1_56' title="bbox 229 5301 1822 5382; baseline 0.011 -28"><span class='ocrx_word' id='word_1_441' title='bbox 229 5301 373 5355; x_wconf 86' lang='lat' dir='ltr'><strong>mihi</strong></span> <span class='ocrx_word' id='word_1_442' title='bbox 407 5301 592 5357; x_wconf 88' lang='lat' dir='ltr'><strong>videor</strong></span> <span class='ocrx_word' id='word_1_443' title='bbox 617 5304 887 5362; x_wconf 89' lang='lat' dir='ltr'><strong>hominem</strong></span> <span class='ocrx_word' id='word_1_444' title='bbox 913 5308 1120 5379; x_wconf 91' lang='lat' dir='ltr'><strong>singulo</strong></span> <span class='ocrx_word' id='word_1_445' title='bbox 1146 5325 1359 5380; x_wconf 89' lang='lat' dir='ltr'><strong>quoque</strong></span> <span class='ocrx_word' id='word_1_446' title='bbox 1384 5326 1529 5366; x_wconf 88' lang='lat' dir='ltr'><strong>anno</strong></span> <span class='ocrx_word' id='word_1_447' title='bbox 1550 5327 1822 5382; x_wconf 87' lang='lat' dir='ltr'><strong>repentem</strong></span> 
     </span>
    </p>
   </div>
   <div class='ocr_carea' id='block_1_57' title="bbox 230 5391 1825 5474">
    <p class='ocr_par' dir='ltr' id='par_1_57' title="bbox 230 5391 1825 5474">
     <span class='ocr_line' id='line_1_57' title="bbox 230 5391 1825 5474; baseline 0.012 -31"><span class='ocrx_word' id='word_1_448' title='bbox 230 5402 289 5446; x_wconf 84' lang='lat' dir='ltr'><strong>et</strong></span> <span class='ocrx_word' id='word_1_449' title='bbox 316 5391 666 5449; x_wconf 88' lang='lat' dir='ltr'><strong>accedentem</strong></span> <span class='ocrx_word' id='word_1_450' title='bbox 691 5395 758 5450; x_wconf 89' lang='lat' dir='ltr'><strong>ad</strong></span> <span class='ocrx_word' id='word_1_451' title='bbox 786 5411 848 5452; x_wconf 91' lang='lat' dir='ltr'><strong>os</strong></span> <span class='ocrx_word' id='word_1_452' title='bbox 877 5400 1112 5467; x_wconf 66' lang='lat' dir='ltr'><strong>piscinae,</strong></span> <span class='ocrx_word' id='word_1_453' title='bbox 1140 5410 1192 5454; x_wconf 87' lang='lat' dir='ltr'><strong>et</strong></span> <span class='ocrx_word' id='word_1_454' title='bbox 1211 5401 1421 5471; x_wconf 86' lang='lat' dir='ltr'><strong>singulo</strong></span> <span class='ocrx_word' id='word_1_455' title='bbox 1449 5417 1662 5474; x_wconf 88' lang='lat' dir='ltr'><strong>quoque</strong></span> <span class='ocrx_word' id='word_1_456' title='bbox 1683 5421 1825 5462; x_wconf 89' lang='lat' dir='ltr'><strong>anno</strong></span> 
     </span>
    </p>
   </div>
   <div class='ocr_carea' id='block_1_58' title="bbox 235 5487 1820 5567">
    <p class='ocr_par' dir='ltr' id='par_1_58' title="bbox 235 5487 1820 5567">
     <span class='ocr_line' id='line_1_58' title="bbox 235 5487 1820 5567; baseline 0.011 -30"><span class='ocrx_word' id='word_1_457' title='bbox 235 5487 565 5555; x_wconf 83' lang='lat' dir='ltr'><strong>pendentem</strong></span> <span class='ocrx_word' id='word_1_458' title='bbox 598 5490 648 5542; x_wconf 94' lang='lat' dir='ltr'><strong>in</strong></span> <span class='ocrx_word' id='word_1_459' title='bbox 676 5490 903 5558; x_wconf 84' lang='lat' dir='ltr'><strong>ipsumet</strong></span> <span class='ocrx_word' id='word_1_460' title='bbox 929 5491 1075 5547; x_wconf 90' lang='lat' dir='ltr'><strong>aditu</strong></span> <span class='ocrx_word' id='word_1_461' title='bbox 1101 5493 1252 5549; x_wconf 80' lang='lat' dir='ltr'><strong>bona:</strong></span> <span class='ocrx_word' id='word_1_462' title='bbox 1277 5495 1408 5565; x_wconf 90' lang='lat' dir='ltr'><strong>spei.</strong></span> <span class='ocrx_word' id='word_1_463' title='bbox 1437 5494 1618 5567; x_wconf 86' lang='lat' dir='ltr'><strong>Neque</strong></span> <span class='ocrx_word' id='word_1_464' title='bbox 1656 5513 1782 5554; x_wconf 90' lang='lat' dir='ltr'><strong>vero</strong></span> <span class='ocrx_word' id='word_1_465' title='bbox 1805 5540 1820 5565; x_wconf 94' lang='lat'><strong>,</strong></span> 
     </span>
    </p>
   </div>
   <div class='ocr_carea' id='block_1_59' title="bbox 235 5577 1824 5662">
    <p class='ocr_par' dir='ltr' id='par_1_59' title="bbox 235 5577 1824 5662">
     <span class='ocr_line' id='line_1_59' title="bbox 235 5577 1824 5662; baseline 0.013 -35"><span class='ocrx_word' id='word_1_466' title='bbox 235 5577 383 5645; x_wconf 86' lang='lat' dir='ltr'><strong>quod</strong></span> <span class='ocrx_word' id='word_1_467' title='bbox 403 5579 620 5648; x_wconf 84' lang='lat' dir='ltr'><strong>gravius</strong></span> <span class='ocrx_word' id='word_1_468' title='bbox 638 5589 739 5643; x_wconf 90' lang='lat' dir='ltr'><strong>est,</strong></span> <span class='ocrx_word' id='word_1_469' title='bbox 767 5579 882 5638; x_wconf 69' lang='lat' dir='ltr'><strong>haec</strong></span> <span class='ocrx_word' id='word_1_470' title='bbox 908 5583 1042 5640; x_wconf 78' lang='lat' dir='ltr'><strong>duos</strong></span> <span class='ocrx_word' id='word_1_471' title='bbox 1065 5593 1154 5639; x_wconf 89' lang='lat' dir='ltr'><strong>aut</strong></span> <span class='ocrx_word' id='word_1_472' title='bbox 1175 5595 1302 5653; x_wconf 90' lang='lat' dir='ltr'><strong>tres,</strong></span> <span class='ocrx_word' id='word_1_473' title='bbox 1331 5596 1422 5642; x_wconf 89' lang='lat' dir='ltr'><strong>aut</strong></span> <span class='ocrx_word' id='word_1_474' title='bbox 1445 5587 1631 5643; x_wconf 89' lang='lat' dir='ltr'><strong>decem</strong></span> <span class='ocrx_word' id='word_1_475' title='bbox 1653 5604 1824 5662; x_wconf 83' lang='lat' dir='ltr'><strong>annos</strong></span> 
     </span>
    </p>
   </div>
   <div class='ocr_carea' id='block_1_60' title="bbox 243 5670 1816 5749">
    <p class='ocr_par' dir='ltr' id='par_1_60' title="bbox 243 5670 1816 5749">
     <span class='ocr_line' id='line_1_60' title="bbox 243 5670 1816 5749; baseline 0.011 -27"><span class='ocrx_word' id='word_1_476' title='bbox 243 5671 466 5737; x_wconf 73' lang='lat' dir='ltr'><strong>pertulit</strong></span> <span class='ocrx_word' id='word_1_477' title='bbox 491 5711 506 5736; x_wconf 92' lang='lat'><strong>,</strong></span> <span class='ocrx_word' id='word_1_478' title='bbox 557 5670 649 5726; x_wconf 82' lang='lat' dir='ltr'><strong>sed</strong></span> <span class='ocrx_word' id='word_1_479' title='bbox 681 5687 844 5744; x_wconf 81' lang='lat' dir='ltr'><strong>usque</strong></span> <span class='ocrx_word' id='word_1_480' title='bbox 890 5674 956 5730; x_wconf 90' lang='lat' dir='ltr'><strong>ad</strong></span> <span class='ocrx_word' id='word_1_481' title='bbox 983 5676 1193 5749; x_wconf 85' lang='lat' dir='ltr'><strong>triginta</strong></span> <span class='ocrx_word' id='word_1_482' title='bbox 1231 5689 1285 5735; x_wconf 89' lang='lat' dir='ltr'><strong>et</strong></span> <span class='ocrx_word' id='word_1_483' title='bbox 1325 5689 1464 5737; x_wconf 90' lang='lat' dir='ltr'><strong>octo.</strong></span> <span class='ocrx_word' id='word_1_484' title='bbox 1496 5681 1562 5738; x_wconf 81' lang='lat' dir='ltr'><strong>Et</strong></span> <span class='ocrx_word' id='word_1_485' title='bbox 1603 5697 1816 5742; x_wconf 84' lang='lat' dir='ltr'><strong>omnem</strong></span> 
     </span>
    </p>
   </div>
   <div class='ocr_carea' id='block_1_61' title="bbox 992 269 2715 343">
    <p class='ocr_par' dir='ltr' id='par_1_61' title="bbox 992 269 2715 343">
     <span class='ocr_line' id='line_1_61' title="bbox 992 269 2715 343; baseline -0.004 -11"><span class='ocrx_word' id='word_1_486' title='bbox 992 273 1080 332; x_wconf 85' lang='lat' dir='ltr'><strong>DE</strong></span> <span class='ocrx_word' id='word_1_487' title='bbox 1118 273 1383 334; x_wconf 77' lang='lat' dir='ltr'><strong>CHRISTI</strong></span> <span class='ocrx_word' id='word_1_488' title='bbox 1423 269 1834 343; x_wconf 79' lang='lat' dir='ltr'><strong>DIVINITATE,</strong></span> <span class='ocrx_word' id='word_1_489' title='bbox 1873 271 2146 330; x_wconf 79' lang='lat' dir='ltr'><strong>CONTRA</strong></span> <span class='ocrx_word' id='word_1_490' title='bbox 2187 271 2558 329; x_wconf 69' lang='lat' dir='ltr'><strong>ANOMOEOS.</strong></span> <span class='ocrx_word' id='word_1_491' title='bbox 2604 269 2715 327; x_wconf 77' lang='lat' dir='ltr'><strong>XII.</strong></span> 
     </span>
    </p>
   </div>
   <div class='ocr_carea' id='block_1_62' title="bbox 3400 260 3503 313">
    <p class='ocr_par' dir='ltr' id='par_1_62' title="bbox 3400 260 3503 313">
     <span class='ocr_line' id='line_1_62' title="bbox 3400 260 3503 313; baseline 0.01 -1"><span class='ocrx_word' id='word_1_492' title='bbox 3400 260 3503 313; x_wconf 69' lang='lat' dir='ltr'><strong>Silii</strong></span> 
     </span>
    </p>
   </div>
   <div class='ocr_carea' id='block_1_63' title="bbox 1911 383 3506 460">
    <p class='ocr_par' dir='ltr' id='par_1_63' title="bbox 1911 383 3506 460">
     <span class='ocr_line' id='line_1_63' title="bbox 1911 383 3506 460; baseline -0.004 -15"><span class='ocrx_word' id='word_1_493' title='bbox 1911 390 2124 460; x_wconf 90' lang='lat' dir='ltr'><strong>quidem</strong></span> <span class='ocrx_word' id='word_1_494' title='bbox 2147 390 2427 446; x_wconf 88' lang='lat' dir='ltr'><strong>adhibebat</strong></span> <span class='ocrx_word' id='word_1_495' title='bbox 2442 390 2789 460; x_wconf 85' lang='lat' dir='ltr'><strong>diligentiam,</strong></span> <span class='ocrx_word' id='word_1_496' title='bbox 2816 389 2987 444; x_wconf 84' lang='lat' dir='ltr'><strong>fructu</strong></span> <span class='ocrx_word' id='word_1_497' title='bbox 3003 397 3178 444; x_wconf 87' lang='lat' dir='ltr'><strong>autem</strong></span> <span class='ocrx_word' id='word_1_498' title='bbox 3191 383 3506 441; x_wconf 78' lang='lat' dir='ltr'><strong>excedebat:</strong></span> 
     </span>
    </p>
   </div>
   <div class='ocr_carea' id='block_1_64' title="bbox 1911 475 3500 552">
    <p class='ocr_par' dir='ltr' id='par_1_64' title="bbox 1911 475 3500 552">
     <span class='ocr_line' id='line_1_64' title="bbox 1911 475 3500 552; baseline 0 -16"><span class='ocrx_word' id='word_1_499' title='bbox 1911 491 1965 536; x_wconf 90' lang='lat' dir='ltr'><strong>et</strong></span> <span class='ocrx_word' id='word_1_500' title='bbox 2005 497 2194 536; x_wconf 86' lang='lat' dir='ltr'><strong>cursus</strong></span> <span class='ocrx_word' id='word_1_501' title='bbox 2225 481 2436 552; x_wconf 89' lang='lat' dir='ltr'><strong>quidem</strong></span> <span class='ocrx_word' id='word_1_502' title='bbox 2477 480 2832 551; x_wconf 88' lang='lat' dir='ltr'><strong>peragebatur</strong></span> <span class='ocrx_word' id='word_1_503' title='bbox 2856 522 2870 547; x_wconf 93' lang='lat'><strong>,</strong></span> <span class='ocrx_word' id='word_1_504' title='bbox 2899 479 3054 550; x_wconf 86' lang='lat' dir='ltr'><strong>hujus</strong></span> <span class='ocrx_word' id='word_1_505' title='bbox 3093 475 3269 534; x_wconf 85' lang='lat' dir='ltr'><strong>autem</strong></span> <span class='ocrx_word' id='word_1_506' title='bbox 3310 497 3500 536; x_wconf 87' lang='lat' dir='ltr'><strong>cursus</strong></span> 
     </span>
    </p>
   </div>
   <div class='ocr_carea' id='block_1_65' title="bbox 1911 573 3498 644">
    <p class='ocr_par' dir='ltr' id='par_1_65' title="bbox 1911 573 3498 644">
     <span class='ocr_line' id='line_1_65' title="bbox 1911 573 3498 644; baseline -0.001 -16"><span class='ocrx_word' id='word_1_507' title='bbox 1911 575 2185 644; x_wconf 71' lang='lat' dir='ltr'><strong>prtemium</strong></span> <span class='ocrx_word' id='word_1_508' title='bbox 2215 573 2280 628; x_wconf 88' lang='lat' dir='ltr'><strong>ad</strong></span> <span class='ocrx_word' id='word_1_509' title='bbox 2311 573 2469 628; x_wconf 89' lang='lat' dir='ltr'><strong>alium</strong></span> <span class='ocrx_word' id='word_1_510' title='bbox 2497 574 2875 644; x_wconf 89' lang='lat' dir='ltr'><strong>perveniebat,</strong></span> <span class='ocrx_word' id='word_1_511' title='bbox 2906 574 2957 628; x_wconf 92' lang='lat' dir='ltr'><strong>in</strong></span> <span class='ocrx_word' id='word_1_512' title='bbox 2989 573 3172 628; x_wconf 90' lang='lat' dir='ltr'><strong>multis</strong></span> <span class='ocrx_word' id='word_1_513' title='bbox 3193 613 3210 640; x_wconf 95' lang='lat'><strong>,</strong></span> <span class='ocrx_word' id='word_1_514' title='bbox 3240 574 3456 644; x_wconf 88' lang='lat' dir='ltr'><strong>inquam</strong></span> <span class='ocrx_word' id='word_1_515' title='bbox 3482 611 3498 634; x_wconf 82' lang='lat'><strong>,</strong></span> 
     </span>
    </p>
   </div>
   <div class='ocr_carea' id='block_1_66' title="bbox 1919 663 3500 734">
    <p class='ocr_par' dir='ltr' id='par_1_66' title="bbox 1919 663 3500 734">
     <span class='ocr_line' id='line_1_66' title="bbox 1919 663 3500 734; baseline -0.001 -16"><span class='ocrx_word' id='word_1_516' title='bbox 1919 664 2023 718; x_wconf 89' lang='lat' dir='ltr'><strong>illis</strong></span> <span class='ocrx_word' id='word_1_517' title='bbox 2050 664 2226 719; x_wconf 86' lang='lat' dir='ltr'><strong>annis.</strong></span> <span class='ocrx_word' id='word_1_518' title='bbox 2252 663 2509 734; x_wconf 87' lang='lat' dir='ltr'><strong>Quodque</strong></span> <span class='ocrx_word' id='word_1_519' title='bbox 2529 665 2741 734; x_wconf 90' lang='lat' dir='ltr'><strong>gravius</strong></span> <span class='ocrx_word' id='word_1_520' title='bbox 2769 673 2884 720; x_wconf 87' lang='lat' dir='ltr'><strong>erat</strong></span> <span class='ocrx_word' id='word_1_521' title='bbox 2903 705 2918 728; x_wconf 94' lang='lat'><strong>,</strong></span> <span class='ocrx_word' id='word_1_522' title='bbox 2947 663 3082 719; x_wconf 90' lang='lat' dir='ltr'><strong>alios</strong></span> <span class='ocrx_word' id='word_1_523' title='bbox 3107 664 3304 718; x_wconf 89' lang='lat' dir='ltr'><strong>liberos</strong></span> <span class='ocrx_word' id='word_1_524' title='bbox 3349 664 3500 718; x_wconf 88' lang='lat' dir='ltr'><strong>abire</strong></span> 
     </span>
    </p>
   </div>
   <div class='ocr_carea' id='block_1_67' title="bbox 1910 753 3490 818">
    <p class='ocr_par' dir='ltr' id='par_1_67' title="bbox 1910 753 3490 818">
     <span class='ocr_line' id='line_1_67' title="bbox 1910 753 3490 818; baseline 0.001 -10"><span class='ocrx_word' id='word_1_525' title='bbox 1910 754 2142 810; x_wconf 85' lang='lat' dir='ltr'><strong>videbat.</strong></span> <span class='ocrx_word' id='word_1_526' title='bbox 2169 753 2348 809; x_wconf 89' lang='lat' dir='ltr'><strong>Nostis</strong></span> <span class='ocrx_word' id='word_1_527' title='bbox 2372 755 2514 810; x_wconf 87' lang='lat' dir='ltr'><strong>enim</strong></span> <span class='ocrx_word' id='word_1_528' title='bbox 2541 756 2614 809; x_wconf 91' lang='lat' dir='ltr'><strong>ita</strong></span> <span class='ocrx_word' id='word_1_529' title='bbox 2643 755 2757 810; x_wconf 91' lang='lat' dir='ltr'><strong>lieri</strong></span> <span class='ocrx_word' id='word_1_530' title='bbox 2783 754 2978 818; x_wconf 91' lang='lat' dir='ltr'><strong>solere,</strong></span> <span class='ocrx_word' id='word_1_531' title='bbox 3011 763 3069 809; x_wconf 92' lang='lat' dir='ltr'><strong>ut</strong></span> <span class='ocrx_word' id='word_1_532' title='bbox 3094 763 3218 809; x_wconf 91' lang='lat' dir='ltr'><strong>tunc</strong></span> <span class='ocrx_word' id='word_1_533' title='bbox 3238 755 3490 809; x_wconf 88' lang='lat' dir='ltr'><strong>malorum</strong></span> 
     </span>
    </p>
   </div>
   <div class='ocr_carea' id='block_1_68' title="bbox 1910 846 3497 914">
    <p class='ocr_par' dir='ltr' id='par_1_68' title="bbox 1910 846 3497 914">
     <span class='ocr_line' id='line_1_68' title="bbox 1910 846 3497 914; baseline 0.001 -15"><span class='ocrx_word' id='word_1_534' title='bbox 1910 855 2214 900; x_wconf 89' lang='lat' dir='ltr'><strong>nostrorum</strong></span> <span class='ocrx_word' id='word_1_535' title='bbox 2255 847 2570 901; x_wconf 89' lang='lat' dir='ltr'><strong>acerrimum</strong></span> <span class='ocrx_word' id='word_1_536' title='bbox 2601 862 2817 900; x_wconf 86' lang='lat' dir='ltr'><strong>sensum</strong></span> <span class='ocrx_word' id='word_1_537' title='bbox 2859 846 3131 914; x_wconf 90' lang='lat' dir='ltr'><strong>capiamus</strong></span> <span class='ocrx_word' id='word_1_538' title='bbox 3155 886 3170 912; x_wconf 90' lang='lat'><strong>,</strong></span> <span class='ocrx_word' id='word_1_539' title='bbox 3205 861 3324 901; x_wconf 86' lang='lat' dir='ltr'><strong>cum</strong></span> <span class='ocrx_word' id='word_1_540' title='bbox 3366 846 3497 904; x_wconf 89' lang='lat' dir='ltr'><strong>alios</strong></span> 
     </span>
    </p>
   </div>
   <div class='ocr_carea' id='block_1_69' title="bbox 1909 936 3491 994">
    <p class='ocr_par' dir='ltr' id='par_1_69' title="bbox 1909 936 3491 994">
     <span class='ocr_line' id='line_1_69' title="bbox 1909 936 3491 994; baseline 0 -2"><span class='ocrx_word' id='word_1_541' title='bbox 1909 936 2098 992; x_wconf 90' lang='lat' dir='ltr'><strong>iisdem</strong></span> <span class='ocrx_word' id='word_1_542' title='bbox 2130 938 2281 992; x_wconf 89' lang='lat' dir='ltr'><strong>malis</strong></span> <span class='ocrx_word' id='word_1_543' title='bbox 2311 938 2528 993; x_wconf 85' lang='lat' dir='ltr'><strong>all‘ectos</strong></span> <span class='ocrx_word' id='word_1_544' title='bbox 2557 939 2804 994; x_wconf 87' lang='lat' dir='ltr'><strong>liberatos</strong></span> <span class='ocrx_word' id='word_1_545' title='bbox 2837 939 2982 993; x_wconf 89' lang='lat' dir='ltr'><strong>abire</strong></span> <span class='ocrx_word' id='word_1_546' title='bbox 3013 939 3323 993; x_wconf 85' lang='lat' dir='ltr'><strong>viderimus.</strong></span> <span class='ocrx_word' id='word_1_547' title='bbox 3359 938 3491 993; x_wconf 83' lang='lat' dir='ltr'><strong>Pro-</strong></span> 
     </span>
    </p>
   </div>
   <div class='ocr_carea' id='block_1_70' title="bbox 1908 1027 3496 1099">
    <p class='ocr_par' dir='ltr' id='par_1_70' title="bbox 1908 1027 3496 1099">
     <span class='ocr_line' id='line_1_70' title="bbox 1908 1027 3496 1099; baseline -0.001 -17"><span class='ocrx_word' id='word_1_548' title='bbox 1908 1038 2092 1099; x_wconf 86' lang='lat' dir='ltr'><strong>pterea</strong></span> <span class='ocrx_word' id='word_1_549' title='bbox 2116 1037 2170 1083; x_wconf 91' lang='lat' dir='ltr'><strong>et</strong></span> <span class='ocrx_word' id='word_1_550' title='bbox 2195 1045 2415 1098; x_wconf 91' lang='lat' dir='ltr'><strong>pauper,</strong></span> <span class='ocrx_word' id='word_1_551' title='bbox 2445 1045 2563 1084; x_wconf 90' lang='lat' dir='ltr'><strong>cum</strong></span> <span class='ocrx_word' id='word_1_552' title='bbox 2587 1030 2812 1084; x_wconf 90' lang='lat' dir='ltr'><strong>alterum</strong></span> <span class='ocrx_word' id='word_1_553' title='bbox 2840 1028 2983 1083; x_wconf 87' lang='lat' dir='ltr'><strong>videt</strong></span> <span class='ocrx_word' id='word_1_554' title='bbox 3006 1027 3203 1083; x_wconf 86' lang='lat' dir='ltr'><strong>divitiis</strong></span> <span class='ocrx_word' id='word_1_555' title='bbox 3223 1028 3496 1083; x_wconf 89' lang='lat' dir='ltr'><strong>abundan-</strong></span> 
     </span>
    </p>
   </div>
   <div class='ocr_carea' id='block_1_71' title="bbox 1839 1120 3497 1191">
    <p class='ocr_par' dir='ltr' id='par_1_71' title="bbox 1839 1120 3497 1191">
     <span class='ocr_line' id='line_1_71' title="bbox 1839 1120 3497 1191; baseline 0 -17"><span class='ocrx_word' id='word_1_556' title='bbox 1839 1135 1848 1152; x_wconf 59' lang='grc' dir='ltr'><strong>κ</strong></span> <span class='ocrx_word' id='word_1_557' title='bbox 1911 1131 2049 1185; x_wconf 89' lang='lat' dir='ltr'><strong>tem,</strong></span> <span class='ocrx_word' id='word_1_558' title='bbox 2080 1129 2205 1176; x_wconf 91' lang='lat' dir='ltr'><strong>tunc</strong></span> <span class='ocrx_word' id='word_1_559' title='bbox 2233 1121 2400 1191; x_wconf 88' lang='lat' dir='ltr'><strong>magis</strong></span> <span class='ocrx_word' id='word_1_560' title='bbox 2426 1135 2576 1174; x_wconf 91' lang='lat' dir='ltr'><strong>suam</strong></span> <span class='ocrx_word' id='word_1_561' title='bbox 2617 1120 2780 1174; x_wconf 86' lang='lat' dir='ltr'><strong>sentit</strong></span> <span class='ocrx_word' id='word_1_562' title='bbox 2811 1127 3174 1190; x_wconf 87' lang='lat' dir='ltr'><strong>paupertatem</strong></span> <span class='ocrx_word' id='word_1_563' title='bbox 3200 1137 3211 1171; x_wconf 91' lang='lat'><strong>:</strong></span> <span class='ocrx_word' id='word_1_564' title='bbox 3234 1127 3300 1173; x_wconf 66' lang='lat' dir='ltr'><strong>&quot;&#39;et</strong></span> <span class='ocrx_word' id='word_1_565' title='bbox 3328 1134 3497 1190; x_wconf 66' lang='lat' dir='ltr'><strong>aegro-</strong></span> 
     </span>
    </p>
   </div>
   <div class='ocr_carea' id='block_1_72' title="bbox 1909 1209 3497 1283">
    <p class='ocr_par' dir='ltr' id='par_1_72' title="bbox 1909 1209 3497 1283">
     <span class='ocr_line' id='line_1_72' title="bbox 1909 1209 3497 1283; baseline -0.001 -18"><span class='ocrx_word' id='word_1_566' title='bbox 1909 1220 2028 1266; x_wconf 89' lang='lat' dir='ltr'><strong>tans</strong></span> <span class='ocrx_word' id='word_1_567' title='bbox 2056 1220 2180 1266; x_wconf 86' lang='lat' dir='ltr'><strong>tunc</strong></span> <span class='ocrx_word' id='word_1_568' title='bbox 2209 1213 2374 1283; x_wconf 87' lang='lat' dir='ltr'><strong>magis</strong></span> <span class='ocrx_word' id='word_1_569' title='bbox 2403 1211 2738 1267; x_wconf 85' lang='lat' dir='ltr'><strong>excruciatur</strong></span> <span class='ocrx_word' id='word_1_570' title='bbox 2761 1253 2776 1278; x_wconf 94' lang='lat'><strong>,</strong></span> <span class='ocrx_word' id='word_1_571' title='bbox 2817 1225 2934 1265; x_wconf 91' lang='lat' dir='ltr'><strong>cum</strong></span> <span class='ocrx_word' id='word_1_572' title='bbox 2963 1211 3159 1264; x_wconf 89' lang='lat' dir='ltr'><strong>multos</strong></span> <span class='ocrx_word' id='word_1_573' title='bbox 3188 1209 3331 1265; x_wconf 88' lang='lat' dir='ltr'><strong>videt</strong></span> <span class='ocrx_word' id='word_1_574' title='bbox 3356 1250 3370 1275; x_wconf 90' lang='lat'><strong>,</strong></span> <span class='ocrx_word' id='word_1_575' title='bbox 3411 1211 3497 1279; x_wconf 88' lang='lat' dir='ltr'><strong>qui</strong></span> 
     </span>
    </p>
   </div>
   <div class='ocr_carea' id='block_1_73' title="bbox 1909 1301 3497 1374">
    <p class='ocr_par' dir='ltr' id='par_1_73' title="bbox 1909 1301 3497 1374">
     <span class='ocr_line' id='line_1_73' title="bbox 1909 1301 3497 1374; baseline -0.003 -18"><span class='ocrx_word' id='word_1_576' title='bbox 1909 1302 2098 1358; x_wconf 89' lang='lat' dir='ltr'><strong>morbo</strong></span> <span class='ocrx_word' id='word_1_577' title='bbox 2139 1303 2448 1370; x_wconf 87' lang='lat' dir='ltr'><strong>laborarint,</strong></span> <span class='ocrx_word' id='word_1_578' title='bbox 2485 1318 2604 1359; x_wconf 90' lang='lat' dir='ltr'><strong>eum</strong></span> <span class='ocrx_word' id='word_1_579' title='bbox 2644 1303 2754 1374; x_wconf 90' lang='lat' dir='ltr'><strong>jam</strong></span> <span class='ocrx_word' id='word_1_580' title='bbox 2797 1301 3128 1372; x_wconf 89' lang='lat' dir='ltr'><strong>deposuisse,</strong></span> <span class='ocrx_word' id='word_1_581' title='bbox 3193 1301 3293 1355; x_wconf 89' lang='lat' dir='ltr'><strong>sihi</strong></span> <span class='ocrx_word' id='word_1_582' title='bbox 3322 1312 3497 1357; x_wconf 88' lang='lat' dir='ltr'><strong>autem</strong></span> 
     </span>
    </p>
   </div>
   <div class='ocr_carea' id='block_1_74' title="bbox 1909 1392 3500 1464">
    <p class='ocr_par' dir='ltr' id='par_1_74' title="bbox 1909 1392 3500 1464">
     <span class='ocr_line' id='line_1_74' title="bbox 1909 1392 3500 1464; baseline 0.001 -18"><span class='ocrx_word' id='word_1_583' title='bbox 1909 1392 2041 1447; x_wconf 89' lang='lat' dir='ltr'><strong>nihil</strong></span> <span class='ocrx_word' id='word_1_584' title='bbox 2073 1393 2226 1448; x_wconf 77' lang='lat' dir='ltr'><strong>bona:</strong></span> <span class='ocrx_word' id='word_1_585' title='bbox 2256 1395 2368 1463; x_wconf 90' lang='lat' dir='ltr'><strong>spei</strong></span> <span class='ocrx_word' id='word_1_586' title='bbox 2401 1410 2702 1464; x_wconf 88' lang='lat' dir='ltr'><strong>superesse.</strong></span> <span class='ocrx_word' id='word_1_587' title='bbox 2733 1395 2790 1449; x_wconf 92' lang='lat' dir='ltr'><strong>lu</strong></span> <span class='ocrx_word' id='word_1_588' title='bbox 2821 1395 3048 1450; x_wconf 90' lang='lat' dir='ltr'><strong>aliorum</strong></span> <span class='ocrx_word' id='word_1_589' title='bbox 3078 1394 3218 1449; x_wconf 91' lang='lat' dir='ltr'><strong>enim</strong></span> <span class='ocrx_word' id='word_1_590' title='bbox 3247 1394 3500 1450; x_wconf 87' lang='lat' dir='ltr'><strong>secundis</strong></span> 
     </span>
    </p>
   </div>
   <div class='ocr_carea' id='block_1_75' title="bbox 1907 1485 3497 1556">
    <p class='ocr_par' dir='ltr' id='par_1_75' title="bbox 1907 1485 3497 1556">
     <span class='ocr_line' id='line_1_75' title="bbox 1907 1485 3497 1556; baseline 0 -16"><span class='ocrx_word' id='word_1_591' title='bbox 1907 1485 2066 1541; x_wconf 89' lang='lat' dir='ltr'><strong>rebus</strong></span> <span class='ocrx_word' id='word_1_592' title='bbox 2088 1494 2298 1541; x_wconf 89' lang='lat' dir='ltr'><strong>nostras</strong></span> <span class='ocrx_word' id='word_1_593' title='bbox 2324 1487 2653 1542; x_wconf 89' lang='lat' dir='ltr'><strong>manifestius</strong></span> <span class='ocrx_word' id='word_1_594' title='bbox 2677 1489 2946 1542; x_wconf 91' lang='lat' dir='ltr'><strong>intuemur</strong></span> <span class='ocrx_word' id='word_1_595' title='bbox 2969 1487 3332 1541; x_wconf 87' lang='lat' dir='ltr'><strong>calamitates:</strong></span> <span class='ocrx_word' id='word_1_596' title='bbox 3357 1487 3497 1556; x_wconf 91' lang='lat' dir='ltr'><strong>quod</strong></span> 
     </span>
    </p>
   </div>
   <div class='ocr_carea' id='block_1_76' title="bbox 1907 1575 3496 1646">
    <p class='ocr_par' dir='ltr' id='par_1_76' title="bbox 1907 1575 3496 1646">
     <span class='ocr_line' id='line_1_76' title="bbox 1907 1575 3496 1646; baseline 0.002 -17"><span class='ocrx_word' id='word_1_597' title='bbox 1907 1575 2120 1642; x_wconf 89' lang='lat' dir='ltr'><strong>quidem</strong></span> <span class='ocrx_word' id='word_1_598' title='bbox 2145 1577 2218 1630; x_wconf 93' lang='lat' dir='ltr'><strong>illi</strong></span> <span class='ocrx_word' id='word_1_599' title='bbox 2251 1587 2374 1632; x_wconf 89' lang='lat' dir='ltr'><strong>tunc</strong></span> <span class='ocrx_word' id='word_1_600' title='bbox 2396 1578 2690 1634; x_wconf 79' lang='lat' dir='ltr'><strong>eveniebat.</strong></span> <span class='ocrx_word' id='word_1_601' title='bbox 2710 1577 3087 1634; x_wconf 82' lang='lat' dir='ltr'><strong>Verumtamen</strong></span> <span class='ocrx_word' id='word_1_602' title='bbox 3114 1594 3234 1632; x_wconf 92' lang='lat' dir='ltr'><strong>cum</strong></span> <span class='ocrx_word' id='word_1_603' title='bbox 3270 1578 3458 1633; x_wconf 90' lang='lat' dir='ltr'><strong>morbo</strong></span> <span class='ocrx_word' id='word_1_604' title='bbox 3480 1621 3496 1646; x_wconf 94' lang='lat'><strong>,</strong></span> 
     </span>
    </p>
   </div>
   <div class='ocr_carea' id='block_1_77' title="bbox 1908 1666 3502 1737">
    <p class='ocr_par' dir='ltr' id='par_1_77' title="bbox 1908 1666 3502 1737">
     <span class='ocr_line' id='line_1_77' title="bbox 1908 1666 3502 1737; baseline 0.001 -17"><span class='ocrx_word' id='word_1_605' title='bbox 1908 1681 2026 1720; x_wconf 90' lang='lat' dir='ltr'><strong>cum</strong></span> <span class='ocrx_word' id='word_1_606' title='bbox 2042 1676 2370 1736; x_wconf 89' lang='lat' dir='ltr'><strong>paupertate,</strong></span> <span class='ocrx_word' id='word_1_607' title='bbox 2391 1683 2509 1722; x_wconf 89' lang='lat' dir='ltr'><strong>cum</strong></span> <span class='ocrx_word' id='word_1_608' title='bbox 2522 1667 2805 1722; x_wconf 81' lang='lat' dir='ltr'><strong>solitudine</strong></span> <span class='ocrx_word' id='word_1_609' title='bbox 2819 1667 3016 1728; x_wconf 86' lang='lat' dir='ltr'><strong>tamdiu</strong></span> <span class='ocrx_word' id='word_1_610' title='bbox 3028 1666 3356 1737; x_wconf 88' lang='lat' dir='ltr'><strong>depugnans,</strong></span> <span class='ocrx_word' id='word_1_611' title='bbox 3369 1667 3502 1734; x_wconf 78' lang='lat' dir='ltr'><strong>alios</strong></span> 
     </span>
    </p>
   </div>
   <div class='ocr_carea' id='block_1_78' title="bbox 1911 1759 3495 1831">
    <p class='ocr_par' dir='ltr' id='par_1_78' title="bbox 1911 1759 3495 1831">
     <span class='ocr_line' id='line_1_78' title="bbox 1911 1759 3495 1831; baseline 0.003 -21"><span class='ocrx_word' id='word_1_612' title='bbox 1911 1759 2102 1814; x_wconf 88' lang='lat' dir='ltr'><strong>videns</strong></span> <span class='ocrx_word' id='word_1_613' title='bbox 2131 1759 2344 1814; x_wconf 85' lang='lat' dir='ltr'><strong>liberari</strong></span> <span class='ocrx_word' id='word_1_614' title='bbox 2369 1800 2383 1825; x_wconf 92' lang='lat'><strong>,</strong></span> <span class='ocrx_word' id='word_1_615' title='bbox 2418 1769 2470 1814; x_wconf 88' lang='lat' dir='ltr'><strong>et</strong></span> <span class='ocrx_word' id='word_1_616' title='bbox 2513 1760 2747 1830; x_wconf 89' lang='lat' dir='ltr'><strong>seipsum</strong></span> <span class='ocrx_word' id='word_1_617' title='bbox 2779 1759 2993 1830; x_wconf 89' lang='lat' dir='ltr'><strong>quidem</strong></span> <span class='ocrx_word' id='word_1_618' title='bbox 3020 1774 3234 1830; x_wconf 89' lang='lat' dir='ltr'><strong>semper</strong></span> <span class='ocrx_word' id='word_1_619' title='bbox 3263 1759 3495 1831; x_wconf 87' lang='lat' dir='ltr'><strong>aggredi.</strong></span> 
     </span>
    </p>
   </div>
   <div class='ocr_carea' id='block_1_79' title="bbox 1911 1839 3504 1921">
    <p class='ocr_par' dir='ltr' id='par_1_79' title="bbox 1911 1839 3504 1921">
     <span class='ocr_line' id='line_1_79' title="bbox 1911 1839 3504 1921; baseline -0.003 -16"><span class='ocrx_word' id='word_1_620' title='bbox 1911 1839 2199 1920; x_wconf 82' lang='lat' dir='ltr'><strong>numquam</strong></span> <span class='ocrx_word' id='word_1_621' title='bbox 2229 1860 2403 1906; x_wconf 90' lang='lat' dir='ltr'><strong>autem</strong></span> <span class='ocrx_word' id='word_1_622' title='bbox 2434 1859 2736 1921; x_wconf 85' lang='lat' dir='ltr'><strong>compotem</strong></span> <span class='ocrx_word' id='word_1_623' title='bbox 2764 1851 2911 1920; x_wconf 83' lang='lat' dir='ltr'><strong>fieri,</strong></span> <span class='ocrx_word' id='word_1_624' title='bbox 2941 1866 3115 1921; x_wconf 90' lang='lat' dir='ltr'><strong>neque</strong></span> <span class='ocrx_word' id='word_1_625' title='bbox 3141 1850 3363 1920; x_wconf 87' lang='lat' dir='ltr'><strong>posthac</strong></span> <span class='ocrx_word' id='word_1_626' title='bbox 3387 1865 3504 1904; x_wconf 86' lang='lat' dir='ltr'><strong>rur-</strong></span> 
     </span>
    </p>
   </div>
   <div class='ocr_carea' id='block_1_80' title="bbox 1913 1939 3499 2010">
    <p class='ocr_par' dir='ltr' id='par_1_80' title="bbox 1913 1939 3499 2010">
     <span class='ocr_line' id='line_1_80' title="bbox 1913 1939 3499 2010; baseline -0.001 -15"><span class='ocrx_word' id='word_1_627' title='bbox 1913 1956 2005 1996; x_wconf 90' lang='lat' dir='ltr'><strong>sus</strong></span> <span class='ocrx_word' id='word_1_628' title='bbox 2032 1956 2256 2010; x_wconf 89' lang='lat' dir='ltr'><strong>sperans</strong></span> <span class='ocrx_word' id='word_1_629' title='bbox 2284 1958 2315 1997; x_wconf 92' lang='lat' dir='ltr'><strong>a</strong></span> <span class='ocrx_word' id='word_1_630' title='bbox 2344 1942 2648 1996; x_wconf 89' lang='lat' dir='ltr'><strong>calamitate</strong></span> <span class='ocrx_word' id='word_1_631' title='bbox 2671 1941 2905 2009; x_wconf 89' lang='lat' dir='ltr'><strong>liberari,</strong></span> <span class='ocrx_word' id='word_1_632' title='bbox 2937 1957 3042 1997; x_wconf 91' lang='lat' dir='ltr'><strong>non</strong></span> <span class='ocrx_word' id='word_1_633' title='bbox 3071 1940 3190 1996; x_wconf 93' lang='lat' dir='ltr'><strong>ideo</strong></span> <span class='ocrx_word' id='word_1_634' title='bbox 3217 1949 3392 1995; x_wconf 90' lang='lat' dir='ltr'><strong>tamen</strong></span> <span class='ocrx_word' id='word_1_635' title='bbox 3417 1939 3499 1993; x_wconf 87' lang='lat' dir='ltr'><strong>di-</strong></span> 
     </span>
    </p>
   </div>
   <div class='ocr_carea' id='block_1_81' title="bbox 1913 2030 3499 2108">
    <p class='ocr_par' dir='ltr' id='par_1_81' title="bbox 1913 2030 3499 2108">
     <span class='ocr_line' id='line_1_81' title="bbox 1913 2030 3499 2108; baseline -0.001 -24"><span class='ocrx_word' id='word_1_636' title='bbox 1913 2031 2102 2086; x_wconf 90' lang='lat' dir='ltr'><strong>scessit</strong></span> <span class='ocrx_word' id='word_1_637' title='bbox 2129 2046 2192 2086; x_wconf 92' lang='lat' dir='ltr'><strong>ac</strong></span> <span class='ocrx_word' id='word_1_638' title='bbox 2220 2031 2446 2096; x_wconf 90' lang='lat' dir='ltr'><strong>destitit,</strong></span> <span class='ocrx_word' id='word_1_639' title='bbox 2478 2031 2570 2086; x_wconf 90' lang='lat' dir='ltr'><strong>sed</strong></span> <span class='ocrx_word' id='word_1_640' title='bbox 2601 2032 2809 2108; x_wconf 85' lang='lat' dir='ltr'><strong>singulo</strong></span> <span class='ocrx_word' id='word_1_641' title='bbox 2837 2047 3049 2102; x_wconf 90' lang='lat' dir='ltr'><strong>quoque</strong></span> <span class='ocrx_word' id='word_1_642' title='bbox 3072 2046 3214 2086; x_wconf 90' lang='lat' dir='ltr'><strong>anno</strong></span> <span class='ocrx_word' id='word_1_643' title='bbox 3233 2030 3499 2086; x_wconf 88' lang='lat' dir='ltr'><strong>currebat.</strong></span> 
     </span>
    </p>
   </div>
   <div class='ocr_carea' id='block_1_82' title="bbox 1913 2119 3504 2190">
    <p class='ocr_par' dir='ltr' id='par_1_82' title="bbox 1913 2119 3504 2190">
     <span class='ocr_line' id='line_1_82' title="bbox 1913 2119 3504 2190; baseline -0.002 -15"><span class='ocrx_word' id='word_1_644' title='bbox 1913 2121 2021 2176; x_wconf 87' lang='lat' dir='ltr'><strong>Nos</strong></span> <span class='ocrx_word' id='word_1_645' title='bbox 2048 2130 2223 2176; x_wconf 91' lang='lat' dir='ltr'><strong>autem</strong></span> <span class='ocrx_word' id='word_1_646' title='bbox 2253 2162 2268 2187; x_wconf 90' lang='lat'><strong>,</strong></span> <span class='ocrx_word' id='word_1_647' title='bbox 2301 2122 2344 2174; x_wconf 90' lang='lat' dir='ltr'><strong>si</strong></span> <span class='ocrx_word' id='word_1_648' title='bbox 2375 2121 2498 2190; x_wconf 91' lang='lat' dir='ltr'><strong>quid</strong></span> <span class='ocrx_word' id='word_1_649' title='bbox 2526 2120 2694 2176; x_wconf 90' lang='lat' dir='ltr'><strong>semel</strong></span> <span class='ocrx_word' id='word_1_650' title='bbox 2723 2136 2752 2174; x_wconf 93' lang='lat' dir='ltr'><strong>a</strong></span> <span class='ocrx_word' id='word_1_651' title='bbox 2782 2120 2892 2176; x_wconf 91' lang='lat' dir='ltr'><strong>Deo</strong></span> <span class='ocrx_word' id='word_1_652' title='bbox 2932 2121 3129 2190; x_wconf 88' lang='lat' dir='ltr'><strong>precati</strong></span> <span class='ocrx_word' id='word_1_653' title='bbox 3175 2137 3280 2174; x_wconf 87' lang='lat' dir='ltr'><strong>non</strong></span> <span class='ocrx_word' id='word_1_654' title='bbox 3311 2119 3504 2188; x_wconf 83' lang='lat' dir='ltr'><strong>accipi-</strong></span> 
     </span>
    </p>
   </div>
   <div class='ocr_carea' id='block_1_83' title="bbox 1915 2209 3500 2278">
    <p class='ocr_par' dir='ltr' id='par_1_83' title="bbox 1915 2209 3500 2278">
     <span class='ocr_line' id='line_1_83' title="bbox 1915 2209 3500 2278; baseline -0.003 -12"><span class='ocrx_word' id='word_1_655' title='bbox 1915 2226 2063 2278; x_wconf 91' lang='lat' dir='ltr'><strong>mus,</strong></span> <span class='ocrx_word' id='word_1_656' title='bbox 2112 2209 2397 2266; x_wconf 89' lang='lat' dir='ltr'><strong>confestim</strong></span> <span class='ocrx_word' id='word_1_657' title='bbox 2437 2211 2711 2277; x_wconf 90' lang='lat' dir='ltr'><strong>dolemus,</strong></span> <span class='ocrx_word' id='word_1_658' title='bbox 2743 2221 2797 2266; x_wconf 88' lang='lat' dir='ltr'><strong>et</strong></span> <span class='ocrx_word' id='word_1_659' title='bbox 2826 2211 2878 2265; x_wconf 91' lang='lat' dir='ltr'><strong>in</strong></span> <span class='ocrx_word' id='word_1_660' title='bbox 2923 2219 3215 2266; x_wconf 81' lang='lat' dir='ltr'><strong>extremam</strong></span> <span class='ocrx_word' id='word_1_661' title='bbox 3241 2209 3500 2265; x_wconf 84' lang='lat' dir='ltr'><strong>desidiam</strong></span> 
     </span>
    </p>
   </div>
   <div class='ocr_carea' id='block_1_84' title="bbox 1917 2301 3502 2372">
    <p class='ocr_par' dir='ltr' id='par_1_84' title="bbox 1917 2301 3502 2372">
     <span class='ocr_line' id='line_1_84' title="bbox 1917 2301 3502 2372; baseline 0 -16"><span class='ocrx_word' id='word_1_662' title='bbox 1917 2301 2231 2357; x_wconf 90' lang='lat' dir='ltr'><strong>incidimus:</strong></span> <span class='ocrx_word' id='word_1_663' title='bbox 2264 2301 2608 2370; x_wconf 87' lang='lat' dir='ltr'><strong>quamobrem</strong></span> <span class='ocrx_word' id='word_1_664' title='bbox 2636 2301 2994 2372; x_wconf 90' lang='lat' dir='ltr'><strong>precationem</strong></span> <span class='ocrx_word' id='word_1_665' title='bbox 3035 2301 3356 2368; x_wconf 88' lang='lat' dir='ltr'><strong>omittimus,</strong></span> <span class='ocrx_word' id='word_1_666' title='bbox 3384 2310 3502 2356; x_wconf 89' lang='lat' dir='ltr'><strong>stu-</strong></span> 
     </span>
    </p>
   </div>
   <div class='ocr_carea' id='block_1_85' title="bbox 1893 2389 2426 2449">
    <p class='ocr_par' dir='ltr' id='par_1_85' title="bbox 1893 2389 2426 2449">
     <span class='ocr_line' id='line_1_85' title="bbox 1893 2389 2426 2449; baseline -0.004 -1"><span class='ocrx_word' id='word_1_667' title='bbox 1893 2389 2061 2448; x_wconf 88' lang='lat' dir='ltr'><strong>dium</strong></span> <span class='ocrx_word' id='word_1_668' title='bbox 2089 2392 2426 2449; x_wconf 87' lang='lat' dir='ltr'><strong>remittimus.</strong></span> 
     </span>
    </p>
   </div>
   <div class='ocr_carea' id='block_1_86' title="bbox 1991 2483 3504 2557">
    <p class='ocr_par' dir='ltr' id='par_1_86' title="bbox 1991 2483 3504 2557">
     <span class='ocr_line' id='line_1_86' title="bbox 1991 2483 3504 2557; baseline -0.001 -18"><span class='ocrx_word' id='word_1_669' title='bbox 1991 2483 2337 2540; x_wconf 82' lang='lat' dir='ltr'><strong>Constantiam</strong></span> <span class='ocrx_word' id='word_1_670' title='bbox 2365 2485 2540 2540; x_wconf 80' lang='lat' dir='ltr'><strong>laudat</strong></span> <span class='ocrx_word' id='word_1_671' title='bbox 2560 2484 2849 2557; x_wconf 82' lang='lat' dir='ltr'><strong>paralytici.</strong></span> <span class='ocrx_word' id='word_1_672' title='bbox 2870 2515 2942 2526; x_wconf 92' lang='lat'><strong>——</strong></span> <span class='ocrx_word' id='word_1_673' title='bbox 2960 2484 3320 2541; x_wconf 89' lang='lat' dir='ltr'><strong>Possumusne</strong></span> <span class='ocrx_word' id='word_1_674' title='bbox 3345 2484 3504 2555; x_wconf 87' lang='lat' dir='ltr'><strong>igitur</strong></span> 
     </span>
    </p>
   </div>
   <div class='ocr_carea' id='block_1_87' title="bbox 1916 2577 3500 2650">
    <p class='ocr_par' dir='ltr' id='par_1_87' title="bbox 1916 2577 3500 2650">
     <span class='ocr_line' id='line_1_87' title="bbox 1916 2577 3500 2650; baseline -0.004 -14"><span class='ocrx_word' id='word_1_675' title='bbox 1916 2577 2051 2636; x_wconf 85' lang='lat' dir='ltr'><strong>satis</strong></span> <span class='ocrx_word' id='word_1_676' title='bbox 2077 2592 2173 2648; x_wconf 89' lang='lat' dir='ltr'><strong>pro</strong></span> <span class='ocrx_word' id='word_1_677' title='bbox 2203 2579 2392 2634; x_wconf 90' lang='lat' dir='ltr'><strong>merito</strong></span> <span class='ocrx_word' id='word_1_678' title='bbox 2411 2578 2496 2634; x_wconf 91' lang='lat' dir='ltr'><strong>vel</strong></span> <span class='ocrx_word' id='word_1_679' title='bbox 2521 2577 2863 2650; x_wconf 87' lang='lat' dir='ltr'><strong>paralyticum</strong></span> <span class='ocrx_word' id='word_1_680' title='bbox 2890 2577 3129 2643; x_wconf 89' lang='lat' dir='ltr'><strong>laudare,</strong></span> <span class='ocrx_word' id='word_1_681' title='bbox 3152 2577 3239 2632; x_wconf 87' lang='lat' dir='ltr'><strong>vel</strong></span> <span class='ocrx_word' id='word_1_682' title='bbox 3263 2585 3500 2632; x_wconf 86' lang='lat' dir='ltr'><strong>nostram</strong></span> 
     </span>
    </p>
   </div>
   <div class='ocr_carea' id='block_1_88' title="bbox 1925 2666 3503 2739">
    <p class='ocr_par' dir='ltr' id='par_1_88' title="bbox 1925 2666 3503 2739">
     <span class='ocr_line' id='line_1_88' title="bbox 1925 2666 3503 2739; baseline -0.003 -16"><span class='ocrx_word' id='word_1_683' title='bbox 1925 2668 2288 2724; x_wconf 90' lang='lat' dir='ltr'><strong>condemnare</strong></span> <span class='ocrx_word' id='word_1_684' title='bbox 2335 2668 2748 2739; x_wconf 86' lang='lat' dir='ltr'><strong>negligentiam?</strong></span> <span class='ocrx_word' id='word_1_685' title='bbox 2797 2666 3008 2723; x_wconf 86' lang='lat' dir='ltr'><strong>Etenim</strong></span> <span class='ocrx_word' id='word_1_686' title='bbox 3056 2682 3286 2738; x_wconf 89' lang='lat' dir='ltr'><strong>quanam</strong></span> <span class='ocrx_word' id='word_1_687' title='bbox 3337 2666 3503 2722; x_wconf 76' lang='lat' dir='ltr'><strong>simus</strong></span> 
     </span>
    </p>
   </div>
   <div class='ocr_carea' id='block_1_89' title="bbox 1926 2759 3503 2832">
    <p class='ocr_par' dir='ltr' id='par_1_89' title="bbox 1926 2759 3503 2832">
     <span class='ocr_line' id='line_1_89' title="bbox 1926 2759 3503 2832; baseline -0.004 -15"><span class='ocrx_word' id='word_1_688' title='bbox 1926 2764 2276 2817; x_wconf 81' lang='lat' dir='ltr'><strong>excusatione</strong></span> <span class='ocrx_word' id='word_1_689' title='bbox 2299 2760 2442 2832; x_wconf 89' lang='lat' dir='ltr'><strong>digni</strong></span> <span class='ocrx_word' id='word_1_690' title='bbox 2476 2802 2491 2828; x_wconf 93' lang='lat'><strong>,</strong></span> <span class='ocrx_word' id='word_1_691' title='bbox 2523 2776 2626 2831; x_wconf 89' lang='lat' dir='ltr'><strong>qua</strong></span> <span class='ocrx_word' id='word_1_692' title='bbox 2655 2761 2817 2816; x_wconf 76' lang='lat' dir='ltr'><strong>venia</strong></span> <span class='ocrx_word' id='word_1_693' title='bbox 2839 2802 2854 2826; x_wconf 91' lang='lat'><strong>,</strong></span> <span class='ocrx_word' id='word_1_694' title='bbox 2898 2775 3019 2816; x_wconf 93' lang='lat' dir='ltr'><strong>cum</strong></span> <span class='ocrx_word' id='word_1_695' title='bbox 3039 2801 3056 2828; x_wconf 91' lang='lat'><strong>,</strong></span> <span class='ocrx_word' id='word_1_696' title='bbox 3083 2759 3175 2815; x_wconf 91' lang='lat' dir='ltr'><strong>illo</strong></span> <span class='ocrx_word' id='word_1_697' title='bbox 3216 2759 3425 2829; x_wconf 88' lang='lat' dir='ltr'><strong>triginta</strong></span> <span class='ocrx_word' id='word_1_698' title='bbox 3451 2768 3503 2814; x_wconf 89' lang='lat' dir='ltr'><strong>et</strong></span> 
     </span>
    </p>
   </div>
   <div class='ocr_carea' id='block_1_90' title="bbox 1923 2852 3503 2926">
    <p class='ocr_par' dir='ltr' id='par_1_90' title="bbox 1923 2852 3503 2926">
     <span class='ocr_line' id='line_1_90' title="bbox 1923 2852 3503 2926; baseline -0.004 -14"><span class='ocrx_word' id='word_1_699' title='bbox 1923 2866 2046 2912; x_wconf 90' lang='lat' dir='ltr'><strong>octo</strong></span> <span class='ocrx_word' id='word_1_700' title='bbox 2067 2870 2238 2910; x_wconf 91' lang='lat' dir='ltr'><strong>annos</strong></span> <span class='ocrx_word' id='word_1_701' title='bbox 2263 2854 2585 2926; x_wconf 87' lang='lat' dir='ltr'><strong>perdurante</strong></span> <span class='ocrx_word' id='word_1_702' title='bbox 2604 2893 2621 2920; x_wconf 92' lang='lat'><strong>,</strong></span> <span class='ocrx_word' id='word_1_703' title='bbox 2651 2869 2750 2909; x_wconf 92' lang='lat' dir='ltr'><strong>nos</strong></span> <span class='ocrx_word' id='word_1_704' title='bbox 2771 2864 2875 2908; x_wconf 90' lang='lat' dir='ltr'><strong>tam</strong></span> <span class='ocrx_word' id='word_1_705' title='bbox 2902 2853 3009 2908; x_wconf 91' lang='lat' dir='ltr'><strong>cito</strong></span> <span class='ocrx_word' id='word_1_706' title='bbox 3037 2867 3066 2907; x_wconf 91' lang='lat' dir='ltr'><strong>a</strong></span> <span class='ocrx_word' id='word_1_707' title='bbox 3099 2852 3371 2924; x_wconf 82' lang='lat' dir='ltr'><strong>pmposito</strong></span> <span class='ocrx_word' id='word_1_708' title='bbox 3420 2865 3503 2906; x_wconf 86' lang='lat' dir='ltr'><strong>re-</strong></span> 
     </span>
    </p>
   </div>
   <div class='ocr_carea' id='block_1_91' title="bbox 1925 2947 2203 3004">
    <p class='ocr_par' dir='ltr' id='par_1_91' title="bbox 1925 2947 2203 3004">
     <span class='ocr_line' id='line_1_91' title="bbox 1925 2947 2203 3004; baseline -0.014 0"><span class='ocrx_word' id='word_1_709' title='bbox 1925 2947 2203 3004; x_wconf 78' lang='lat' dir='ltr'><strong>siliamusi</strong></span> 
     </span>
    </p>
   </div>
   <div class='ocr_carea' id='block_1_92' title="bbox 1997 3033 3506 3109">
    <p class='ocr_par' dir='ltr' id='par_1_92' title="bbox 1997 3033 3506 3109">
     <span class='ocr_line' id='line_1_92' title="bbox 1997 3033 3506 3109; baseline -0.004 -15"><span class='ocrx_word' id='word_1_710' title='bbox 1997 3041 2052 3095; x_wconf 77' lang='lat'><strong>3.</strong></span> <span class='ocrx_word' id='word_1_711' title='bbox 2080 3037 2215 3106; x_wconf 86' lang='lat' dir='ltr'><strong>Quid</strong></span> <span class='ocrx_word' id='word_1_712' title='bbox 2243 3038 2403 3109; x_wconf 88' lang='lat' dir='ltr'><strong>igitur</strong></span> <span class='ocrx_word' id='word_1_713' title='bbox 2426 3036 2711 3092; x_wconf 83' lang='lat' dir='ltr'><strong>Christus?</strong></span> <span class='ocrx_word' id='word_1_714' title='bbox 2746 3035 2844 3091; x_wconf 89' lang='lat' dir='ltr'><strong>Ubi</strong></span> <span class='ocrx_word' id='word_1_715' title='bbox 2875 3035 3107 3090; x_wconf 89' lang='lat' dir='ltr'><strong>ostendit</strong></span> <span class='ocrx_word' id='word_1_716' title='bbox 3147 3033 3362 3104; x_wconf 86' lang='lat' dir='ltr'><strong>dignum</strong></span> <span class='ocrx_word' id='word_1_717' title='bbox 3385 3047 3506 3088; x_wconf 82' lang='lat' dir='ltr'><strong>esse</strong></span> 
     </span>
    </p>
   </div>
   <div class='ocr_carea' id='block_1_93' title="bbox 1925 3125 3503 3200">
    <p class='ocr_par' dir='ltr' id='par_1_93' title="bbox 1925 3125 3503 3200">
     <span class='ocr_line' id='line_1_93' title="bbox 1925 3125 3503 3200; baseline -0.006 -15"><span class='ocrx_word' id='word_1_718' title='bbox 1925 3131 2096 3194; x_wconf 90' lang='lat' dir='ltr'><strong>illum,</strong></span> <span class='ocrx_word' id='word_1_719' title='bbox 2120 3130 2211 3200; x_wconf 80' lang='lat' dir='ltr'><strong>qui</strong></span> <span class='ocrx_word' id='word_1_720' title='bbox 2236 3138 2470 3194; x_wconf 91' lang='lat' dir='ltr'><strong>curetur,</strong></span> <span class='ocrx_word' id='word_1_721' title='bbox 2494 3129 2616 3198; x_wconf 87' lang='lat' dir='ltr'><strong>jure</strong></span> <span class='ocrx_word' id='word_1_722' title='bbox 2641 3127 2708 3182; x_wconf 91' lang='lat' dir='ltr'><strong>ad</strong></span> <span class='ocrx_word' id='word_1_723' title='bbox 2740 3127 2884 3182; x_wconf 90' lang='lat' dir='ltr'><strong>illum</strong></span> <span class='ocrx_word' id='word_1_724' title='bbox 2916 3141 3025 3196; x_wconf 71' lang='lat' dir='ltr'><strong>prae</strong></span> <span class='ocrx_word' id='word_1_725' title='bbox 3051 3125 3170 3180; x_wconf 89' lang='lat' dir='ltr'><strong>aliis</strong></span> <span class='ocrx_word' id='word_1_726' title='bbox 3195 3125 3379 3189; x_wconf 90' lang='lat' dir='ltr'><strong>venit,</strong></span> <span class='ocrx_word' id='word_1_727' title='bbox 3403 3125 3503 3180; x_wconf 85' lang='lat' dir='ltr'><strong>ait-</strong></span> 
     </span>
    </p>
   </div>
   <div class='ocr_carea' id='block_1_94' title="bbox 1925 3215 3500 3292">
    <p class='ocr_par' dir='ltr' id='par_1_94' title="bbox 1925 3215 3500 3292">
     <span class='ocr_line' id='line_1_94' title="bbox 1925 3215 3500 3292; baseline -0.004 -16"><span class='ocrx_word' id='word_1_728' title='bbox 1925 3236 2030 3290; x_wconf 85' lang='lat' dir='ltr'><strong>que</strong></span> <span class='ocrx_word' id='word_1_729' title='bbox 2049 3220 2119 3287; x_wconf 91' lang='lat' dir='ltr'><strong>ei,</strong></span> <span class='ocrx_word' id='word_1_730' title='bbox 2144 3219 2331 3292; x_wconf 86' lang='lat' dir='ltr'><strong>Surge,</strong></span> <span class='ocrx_word' id='word_1_731' title='bbox 2360 3220 2478 3274; x_wconf 78' lang='lat' dir='ltr'><strong>tolle</strong></span> <span class='ocrx_word' id='word_1_732' title='bbox 2504 3219 2769 3291; x_wconf 80' lang='lat' dir='ltr'><strong>grabatum</strong></span> <span class='ocrx_word' id='word_1_733' title='bbox 2796 3227 2959 3284; x_wconf 88' lang='lat' dir='ltr'><strong>tuum,</strong></span> <span class='ocrx_word' id='word_1_734' title='bbox 2989 3226 3036 3272; x_wconf 88' lang='lat' dir='ltr'><strong>et</strong></span> <span class='ocrx_word' id='word_1_735' title='bbox 3075 3216 3278 3272; x_wconf 76' lang='lat' dir='ltr'><strong>ambula</strong></span> <span class='ocrx_word' id='word_1_736' title='bbox 3321 3215 3500 3287; x_wconf 80' lang='lat' dir='ltr'><strong>(Joan.</strong></span> 
     </span>
    </p>
   </div>
   <div class='ocr_carea' id='block_1_95' title="bbox 1925 3307 3500 3384">
    <p class='ocr_par' dir='ltr' id='par_1_95' title="bbox 1925 3307 3500 3384">
     <span class='ocr_line' id='line_1_95' title="bbox 1925 3307 3500 3384; baseline -0.006 -12"><span class='ocrx_word' id='word_1_737' title='bbox 1925 3315 1979 3372; x_wconf 83' lang='lat'><strong>5.</strong></span> <span class='ocrx_word' id='word_1_738' title='bbox 2006 3312 2083 3384; x_wconf 80' lang='lat'><strong>8).</strong></span> <span class='ocrx_word' id='word_1_739' title='bbox 2119 3311 2282 3367; x_wconf 86' lang='lat' dir='ltr'><strong>Vides</strong></span> <span class='ocrx_word' id='word_1_740' title='bbox 2309 3327 2468 3383; x_wconf 89' lang='lat' dir='ltr'><strong>quam</strong></span> <span class='ocrx_word' id='word_1_741' title='bbox 2494 3312 2543 3368; x_wconf 89' lang='lat' dir='ltr'><strong>ei</strong></span> <span class='ocrx_word' id='word_1_742' title='bbox 2574 3311 2776 3367; x_wconf 90' lang='lat' dir='ltr'><strong>nullum</strong></span> <span class='ocrx_word' id='word_1_743' title='bbox 2799 3310 3010 3381; x_wconf 87' lang='lat' dir='ltr'><strong>triginta</strong></span> <span class='ocrx_word' id='word_1_744' title='bbox 3035 3316 3092 3364; x_wconf 88' lang='lat' dir='ltr'><strong>et</strong></span> <span class='ocrx_word' id='word_1_745' title='bbox 3106 3317 3229 3363; x_wconf 90' lang='lat' dir='ltr'><strong>octo</strong></span> <span class='ocrx_word' id='word_1_746' title='bbox 3253 3308 3376 3362; x_wconf 90' lang='lat' dir='ltr'><strong>anui</strong></span> <span class='ocrx_word' id='word_1_747' title='bbox 3403 3307 3500 3363; x_wconf 91' lang='lat' dir='ltr'><strong>de-</strong></span> 
     </span>
    </p>
   </div>
   <div class='ocr_carea' id='block_1_96' title="bbox 1929 3402 3504 3475">
    <p class='ocr_par' dir='ltr' id='par_1_96' title="bbox 1929 3402 3504 3475">
     <span class='ocr_line' id='line_1_96' title="bbox 1929 3402 3504 3475; baseline -0.004 -13"><span class='ocrx_word' id='word_1_748' title='bbox 1929 3407 2236 3462; x_wconf 88' lang='lat' dir='ltr'><strong>trimentum</strong></span> <span class='ocrx_word' id='word_1_749' title='bbox 2275 3405 2586 3472; x_wconf 88' lang='lat' dir='ltr'><strong>attulerint,</strong></span> <span class='ocrx_word' id='word_1_750' title='bbox 2632 3403 2881 3475; x_wconf 90' lang='lat' dir='ltr'><strong>quoniam</strong></span> <span class='ocrx_word' id='word_1_751' title='bbox 2911 3417 3090 3458; x_wconf 90' lang='lat' dir='ltr'><strong>casum</strong></span> <span class='ocrx_word' id='word_1_752' title='bbox 3120 3415 3273 3456; x_wconf 88' lang='lat' dir='ltr'><strong>suum</strong></span> <span class='ocrx_word' id='word_1_753' title='bbox 3300 3402 3504 3471; x_wconf 82' lang='lat' dir='ltr'><strong>patien-</strong></span> 
     </span>
    </p>
   </div>
   <div class='ocr_carea' id='block_1_97' title="bbox 1927 3493 3506 3566">
    <p class='ocr_par' dir='ltr' id='par_1_97' title="bbox 1927 3493 3506 3566">
     <span class='ocr_line' id='line_1_97' title="bbox 1927 3493 3506 3566; baseline -0.006 -10"><span class='ocrx_word' id='word_1_754' title='bbox 1927 3509 2010 3556; x_wconf 93' lang='lat' dir='ltr'><strong>ter</strong></span> <span class='ocrx_word' id='word_1_755' title='bbox 2036 3499 2269 3562; x_wconf 83' lang='lat' dir='ltr'><strong>tulerat?</strong></span> <span class='ocrx_word' id='word_1_756' title='bbox 2289 3499 2478 3554; x_wconf 88' lang='lat' dir='ltr'><strong>Anima</strong></span> <span class='ocrx_word' id='word_1_757' title='bbox 2501 3498 2642 3554; x_wconf 87' lang='lat' dir='ltr'><strong>enim</strong></span> <span class='ocrx_word' id='word_1_758' title='bbox 2680 3497 2847 3566; x_wconf 89' lang='lat' dir='ltr'><strong>ipsius</strong></span> <span class='ocrx_word' id='word_1_759' title='bbox 2863 3496 2914 3551; x_wconf 93' lang='lat' dir='ltr'><strong>in</strong></span> <span class='ocrx_word' id='word_1_760' title='bbox 2946 3504 3052 3550; x_wconf 91' lang='lat' dir='ltr'><strong>tam</strong></span> <span class='ocrx_word' id='word_1_761' title='bbox 3083 3493 3242 3565; x_wconf 90' lang='lat' dir='ltr'><strong>longo</strong></span> <span class='ocrx_word' id='word_1_762' title='bbox 3269 3502 3506 3563; x_wconf 87' lang='lat' dir='ltr'><strong>tempore</strong></span> 
     </span>
    </p>
   </div>
   <div class='ocr_carea' id='block_1_98' title="bbox 1927 3582 3500 3661">
    <p class='ocr_par' dir='ltr' id='par_1_98' title="bbox 1927 3582 3500 3661">
     <span class='ocr_line' id='line_1_98' title="bbox 1927 3582 3500 3661; baseline -0.006 -15"><span class='ocrx_word' id='word_1_763' title='bbox 1927 3590 2158 3661; x_wconf 87' lang='lat' dir='ltr'><strong>majores</strong></span> <span class='ocrx_word' id='word_1_764' title='bbox 2179 3590 2230 3644; x_wconf 91' lang='lat' dir='ltr'><strong>in</strong></span> <span class='ocrx_word' id='word_1_765' title='bbox 2254 3587 2591 3659; x_wconf 86' lang='lat' dir='ltr'><strong>philosophia</strong></span> <span class='ocrx_word' id='word_1_766' title='bbox 2612 3600 2926 3656; x_wconf 88' lang='lat' dir='ltr'><strong>progressus</strong></span> <span class='ocrx_word' id='word_1_767' title='bbox 2938 3585 3079 3649; x_wconf 89' lang='lat' dir='ltr'><strong>fecit,</strong></span> <span class='ocrx_word' id='word_1_768' title='bbox 3100 3584 3150 3638; x_wconf 92' lang='lat' dir='ltr'><strong>in</strong></span> <span class='ocrx_word' id='word_1_769' title='bbox 3177 3582 3500 3648; x_wconf 90' lang='lat' dir='ltr'><strong>calamitate,</strong></span> 
     </span>
    </p>
   </div>
   <div class='ocr_carea' id='block_1_99' title="bbox 1928 3673 3506 3751">
    <p class='ocr_par' dir='ltr' id='par_1_99' title="bbox 1928 3673 3506 3751">
     <span class='ocr_line' id='line_1_99' title="bbox 1928 3673 3506 3751; baseline -0.005 -15"><span class='ocrx_word' id='word_1_770' title='bbox 1928 3691 2196 3751; x_wconf 86' lang='lat' dir='ltr'><strong>tamquam</strong></span> <span class='ocrx_word' id='word_1_771' title='bbox 2226 3680 2278 3735; x_wconf 93' lang='lat' dir='ltr'><strong>iu</strong></span> <span class='ocrx_word' id='word_1_772' title='bbox 2300 3677 2612 3734; x_wconf 87' lang='lat' dir='ltr'><strong>coullatoria</strong></span> <span class='ocrx_word' id='word_1_773' title='bbox 2638 3675 2884 3740; x_wconf 86' lang='lat' dir='ltr'><strong>fornace,</strong></span> <span class='ocrx_word' id='word_1_774' title='bbox 2923 3674 3143 3745; x_wconf 90' lang='lat' dir='ltr'><strong>probata</strong></span> <span class='ocrx_word' id='word_1_775' title='bbox 3174 3691 3188 3728; x_wconf 93' lang='lat'><strong>:</strong></span> <span class='ocrx_word' id='word_1_776' title='bbox 3218 3681 3274 3728; x_wconf 89' lang='lat' dir='ltr'><strong>et</strong></span> <span class='ocrx_word' id='word_1_777' title='bbox 3304 3673 3506 3742; x_wconf 87' lang='lat' dir='ltr'><strong>majore</strong></span> 
     </span>
    </p>
   </div>
   <div class='ocr_carea' id='block_1_100' title="bbox 1927 3763 3502 3844">
    <p class='ocr_par' dir='ltr' id='par_1_100' title="bbox 1927 3763 3502 3844">
     <span class='ocr_line' id='line_1_100' title="bbox 1927 3763 3502 3844; baseline -0.008 -15"><span class='ocrx_word' id='word_1_778' title='bbox 1927 3767 2048 3829; x_wconf 64' lang='lat' dir='ltr'><strong>c’um</strong></span> <span class='ocrx_word' id='word_1_779' title='bbox 2069 3771 2235 3844; x_wconf 88' lang='lat' dir='ltr'><strong>gloria</strong></span> <span class='ocrx_word' id='word_1_780' title='bbox 2264 3771 2591 3826; x_wconf 86' lang='lat' dir='ltr'><strong>curationem</strong></span> <span class='ocrx_word' id='word_1_781' title='bbox 2609 3767 2918 3839; x_wconf 89' lang='lat' dir='ltr'><strong>reportavit.</strong></span> <span class='ocrx_word' id='word_1_782' title='bbox 2951 3765 3065 3820; x_wconf 85' lang='lat' dir='ltr'><strong>Non</strong></span> <span class='ocrx_word' id='word_1_783' title='bbox 3091 3765 3232 3822; x_wconf 91' lang='lat' dir='ltr'><strong>enim</strong></span> <span class='ocrx_word' id='word_1_784' title='bbox 3261 3763 3502 3834; x_wconf 88' lang='lat' dir='ltr'><strong>angelus,</strong></span> 
     </span>
    </p>
   </div>
   <div class='ocr_carea' id='block_1_101' title="bbox 1866 3853 3508 3940">
    <p class='ocr_par' dir='ltr' id='par_1_101' title="bbox 1866 3853 3508 3940">
     <span class='ocr_line' id='line_1_101' title="bbox 1866 3853 3508 3940; baseline -0.007 -21"><span class='ocrx_word' id='word_1_785' title='bbox 1866 3925 1882 3940; x_wconf 41' lang='lat'><strong>~</strong></span> <span class='ocrx_word' id='word_1_786' title='bbox 1926 3863 2020 3919; x_wconf 84' lang='lat' dir='ltr'><strong>sed</strong></span> <span class='ocrx_word' id='word_1_787' title='bbox 2047 3866 2270 3934; x_wconf 88' lang='lat' dir='ltr'><strong>ipsemet</strong></span> <span class='ocrx_word' id='word_1_788' title='bbox 2295 3863 2603 3933; x_wconf 80' lang='lat' dir='ltr'><strong>angelorum</strong></span> <span class='ocrx_word' id='word_1_789' title='bbox 2641 3858 2895 3915; x_wconf 89' lang='lat' dir='ltr'><strong>Dominus</strong></span> <span class='ocrx_word' id='word_1_790' title='bbox 2927 3857 3076 3912; x_wconf 89' lang='lat' dir='ltr'><strong>illum</strong></span> <span class='ocrx_word' id='word_1_791' title='bbox 3122 3854 3348 3912; x_wconf 90' lang='lat' dir='ltr'><strong>sanavit.</strong></span> <span class='ocrx_word' id='word_1_792' title='bbox 3399 3853 3508 3909; x_wconf 89' lang='lat' dir='ltr'><strong>Cur</strong></span> 
     </span>
    </p>
   </div>
   <div class='ocr_carea' id='block_1_102' title="bbox 1925 3946 3508 4023">
    <p class='ocr_par' dir='ltr' id='par_1_102' title="bbox 1925 3946 3508 4023">
     <span class='ocr_line' id='line_1_102' title="bbox 1925 3946 3508 4023; baseline -0.006 -14"><span class='ocrx_word' id='word_1_793' title='bbox 1925 3964 2100 4009; x_wconf 89' lang='lat' dir='ltr'><strong>autem</strong></span> <span class='ocrx_word' id='word_1_794' title='bbox 2129 3962 2406 4023; x_wconf 73' lang='lat' dir='ltr'><strong>praeterea,</strong></span> <span class='ocrx_word' id='word_1_795' title='bbox 2425 3960 2483 4007; x_wconf 93' lang='lat' dir='ltr'><strong>ut</strong></span> <span class='ocrx_word' id='word_1_796' title='bbox 2504 3967 2658 4008; x_wconf 90' lang='lat' dir='ltr'><strong>suum</strong></span> <span class='ocrx_word' id='word_1_797' title='bbox 2684 3949 2784 4005; x_wconf 90' lang='lat' dir='ltr'><strong>sibi</strong></span> <span class='ocrx_word' id='word_1_798' title='bbox 2811 3949 3003 4005; x_wconf 90' lang='lat' dir='ltr'><strong>lectum</strong></span> <span class='ocrx_word' id='word_1_799' title='bbox 3030 3947 3262 4013; x_wconf 91' lang='lat' dir='ltr'><strong>tolleret,</strong></span> <span class='ocrx_word' id='word_1_800' title='bbox 3280 3946 3508 4018; x_wconf 86' lang='lat' dir='ltr'><strong>impera-</strong></span> 
     </span>
    </p>
   </div>
   <div class='ocr_carea' id='block_1_103' title="bbox 1927 4039 3505 4117">
    <p class='ocr_par' dir='ltr' id='par_1_103' title="bbox 1927 4039 3505 4117">
     <span class='ocr_line' id='line_1_103' title="bbox 1927 4039 3505 4117; baseline -0.006 -17"><span class='ocrx_word' id='word_1_801' title='bbox 1927 4047 2039 4101; x_wconf 86' lang='lat' dir='ltr'><strong>vit?</strong></span> <span class='ocrx_word' id='word_1_802' title='bbox 2064 4046 2234 4103; x_wconf 90' lang='lat' dir='ltr'><strong>Unam</strong></span> <span class='ocrx_word' id='word_1_803' title='bbox 2262 4045 2477 4117; x_wconf 91' lang='lat' dir='ltr'><strong>quidem</strong></span> <span class='ocrx_word' id='word_1_804' title='bbox 2509 4045 2774 4115; x_wconf 70' lang='lat' dir='ltr'><strong>przecipue</strong></span> <span class='ocrx_word' id='word_1_805' title='bbox 2802 4056 2864 4097; x_wconf 89' lang='lat' dir='ltr'><strong>ac</strong></span> <span class='ocrx_word' id='word_1_806' title='bbox 2895 4041 3117 4111; x_wconf 84' lang='lat' dir='ltr'><strong>primam</strong></span> <span class='ocrx_word' id='word_1_807' title='bbox 3143 4039 3213 4094; x_wconf 90' lang='lat' dir='ltr'><strong>ob</strong></span> <span class='ocrx_word' id='word_1_808' title='bbox 3240 4051 3452 4108; x_wconf 85' lang='lat' dir='ltr'><strong>causam</strong></span> <span class='ocrx_word' id='word_1_809' title='bbox 3485 4077 3505 4103; x_wconf 87' lang='lat'><strong>,</strong></span> 
     </span>
    </p>
   </div>
   <div class='ocr_carea' id='block_1_104' title="bbox 1926 4129 3504 4208">
    <p class='ocr_par' dir='ltr' id='par_1_104' title="bbox 1926 4129 3504 4208">
     <span class='ocr_line' id='line_1_104' title="bbox 1926 4129 3504 4208; baseline -0.008 -14"><span class='ocrx_word' id='word_1_810' title='bbox 1926 4148 1986 4193; x_wconf 91' lang='lat' dir='ltr'><strong>ut</strong></span> <span class='ocrx_word' id='word_1_811' title='bbox 2010 4140 2063 4193; x_wconf 92' lang='lat' dir='ltr'><strong>in</strong></span> <span class='ocrx_word' id='word_1_812' title='bbox 2093 4146 2363 4208; x_wconf 87' lang='lat' dir='ltr'><strong>posterum</strong></span> <span class='ocrx_word' id='word_1_813' title='bbox 2391 4137 2644 4192; x_wconf 89' lang='lat' dir='ltr'><strong>liberaret</strong></span> <span class='ocrx_word' id='word_1_814' title='bbox 2661 4134 2873 4190; x_wconf 68' lang='lat' dir='ltr'><strong>Iudaeos</strong></span> <span class='ocrx_word' id='word_1_815' title='bbox 2899 4147 2928 4187; x_wconf 91' lang='lat' dir='ltr'><strong>a</strong></span> <span class='ocrx_word' id='word_1_816' title='bbox 2952 4133 3085 4201; x_wconf 85' lang='lat' dir='ltr'><strong>legis</strong></span> <span class='ocrx_word' id='word_1_817' title='bbox 3112 4129 3504 4185; x_wconf 89' lang='lat' dir='ltr'><strong>observatione.</strong></span> 
     </span>
    </p>
   </div>
   <div class='ocr_carea' id='block_1_105' title="bbox 1926 4219 3508 4296">
    <p class='ocr_par' dir='ltr' id='par_1_105' title="bbox 1926 4219 3508 4296">
     <span class='ocr_line' id='line_1_105' title="bbox 1926 4219 3508 4296; baseline -0.007 -13"><span class='ocrx_word' id='word_1_818' title='bbox 1926 4228 2052 4284; x_wconf 92' lang='lat' dir='ltr'><strong>Sole</strong></span> <span class='ocrx_word' id='word_1_819' title='bbox 2079 4228 2220 4284; x_wconf 91' lang='lat' dir='ltr'><strong>enim</strong></span> <span class='ocrx_word' id='word_1_820' title='bbox 2251 4228 2302 4282; x_wconf 94' lang='lat' dir='ltr'><strong>in</strong></span> <span class='ocrx_word' id='word_1_821' title='bbox 2331 4235 2670 4296; x_wconf 87' lang='lat' dir='ltr'><strong>conspectum</strong></span> <span class='ocrx_word' id='word_1_822' title='bbox 2695 4240 2754 4280; x_wconf 90' lang='lat' dir='ltr'><strong>se</strong></span> <span class='ocrx_word' id='word_1_823' title='bbox 2779 4224 2972 4287; x_wconf 86' lang='lat' dir='ltr'><strong>dante,</strong></span> <span class='ocrx_word' id='word_1_824' title='bbox 3003 4237 3107 4276; x_wconf 92' lang='lat' dir='ltr'><strong>nou</strong></span> <span class='ocrx_word' id='word_1_825' title='bbox 3141 4229 3256 4276; x_wconf 87' lang='lat' dir='ltr'><strong>erat</strong></span> <span class='ocrx_word' id='word_1_826' title='bbox 3284 4219 3508 4274; x_wconf 85' lang='lat' dir='ltr'><strong>ulterius</strong></span> 
     </span>
    </p>
   </div>
   <div class='ocr_carea' id='block_1_106' title="bbox 1928 4311 3504 4386">
    <p class='ocr_par' dir='ltr' id='par_1_106' title="bbox 1928 4311 3504 4386">
     <span class='ocr_line' id='line_1_106' title="bbox 1928 4311 3504 4386; baseline -0.005 -11"><span class='ocrx_word' id='word_1_827' title='bbox 1928 4318 2160 4375; x_wconf 74' lang='lat' dir='ltr'><strong>lucerna:</strong></span> <span class='ocrx_word' id='word_1_828' title='bbox 2185 4317 2562 4374; x_wconf 69' lang='lat' dir='ltr'><strong>adhaerendum</strong></span> <span class='ocrx_word' id='word_1_829' title='bbox 2584 4333 2599 4372; x_wconf 92' lang='lat'><strong>:</strong></span> <span class='ocrx_word' id='word_1_830' title='bbox 2622 4325 2676 4371; x_wconf 92' lang='lat' dir='ltr'><strong>et</strong></span> <span class='ocrx_word' id='word_1_831' title='bbox 2692 4314 2946 4386; x_wconf 88' lang='lat' dir='ltr'><strong>patefacta</strong></span> <span class='ocrx_word' id='word_1_832' title='bbox 2975 4313 3198 4370; x_wconf 89' lang='lat' dir='ltr'><strong>veritate</strong></span> <span class='ocrx_word' id='word_1_833' title='bbox 3217 4353 3232 4379; x_wconf 94' lang='lat'><strong>,</strong></span> <span class='ocrx_word' id='word_1_834' title='bbox 3261 4327 3369 4368; x_wconf 88' lang='lat' dir='ltr'><strong>non</strong></span> <span class='ocrx_word' id='word_1_835' title='bbox 3391 4311 3504 4382; x_wconf 90' lang='lat' dir='ltr'><strong>jam</strong></span> 
     </span>
    </p>
   </div>
   <div class='ocr_carea' id='block_1_107' title="bbox 1925 4404 3521 4481">
    <p class='ocr_par' dir='ltr' id='par_1_107' title="bbox 1925 4404 3521 4481">
     <span class='ocr_line' id='line_1_107' title="bbox 1925 4404 3521 4481; baseline -0.004 -15"><span class='ocrx_word' id='word_1_836' title='bbox 1925 4419 2046 4466; x_wconf 88' lang='lat' dir='ltr'><strong>erat</strong></span> <span class='ocrx_word' id='word_1_837' title='bbox 2072 4409 2442 4481; x_wconf 86' lang='lat' dir='ltr'><strong>amplectenda</strong></span> <span class='ocrx_word' id='word_1_838' title='bbox 2468 4407 2653 4478; x_wconf 84' lang='lat' dir='ltr'><strong>figura.</strong></span> <span class='ocrx_word' id='word_1_839' title='bbox 2679 4407 2801 4464; x_wconf 90' lang='lat' dir='ltr'><strong>Ideo</strong></span> <span class='ocrx_word' id='word_1_840' title='bbox 2821 4407 2866 4462; x_wconf 91' lang='lat' dir='ltr'><strong>si</strong></span> <span class='ocrx_word' id='word_1_841' title='bbox 2891 4405 3104 4478; x_wconf 87' lang='lat' dir='ltr'><strong>quando</strong></span> <span class='ocrx_word' id='word_1_842' title='bbox 3125 4405 3367 4462; x_wconf 87' lang='lat' dir='ltr'><strong>solvebat</strong></span> <span class='ocrx_word' id='word_1_843' title='bbox 3386 4404 3521 4460; x_wconf 84' lang='lat' dir='ltr'><strong>sab-</strong></span> 
     </span>
    </p>
   </div>
   <div class='ocr_carea' id='block_1_108' title="bbox 1929 4496 3502 4568">
    <p class='ocr_par' dir='ltr' id='par_1_108' title="bbox 1929 4496 3502 4568">
     <span class='ocr_line' id='line_1_108' title="bbox 1929 4496 3502 4568; baseline -0.003 -13"><span class='ocrx_word' id='word_1_844' title='bbox 1929 4500 2133 4566; x_wconf 88' lang='lat' dir='ltr'><strong>batum,</strong></span> <span class='ocrx_word' id='word_1_845' title='bbox 2165 4500 2455 4555; x_wconf 80' lang='lat' dir='ltr'><strong>maxinium</strong></span> <span class='ocrx_word' id='word_1_846' title='bbox 2484 4499 2536 4554; x_wconf 92' lang='lat' dir='ltr'><strong>in</strong></span> <span class='ocrx_word' id='word_1_847' title='bbox 2565 4514 2632 4555; x_wconf 89' lang='lat' dir='ltr'><strong>eo</strong></span> <span class='ocrx_word' id='word_1_848' title='bbox 2669 4499 2756 4554; x_wconf 89' lang='lat' dir='ltr'><strong>die</strong></span> <span class='ocrx_word' id='word_1_849' title='bbox 2781 4498 2990 4568; x_wconf 89' lang='lat' dir='ltr'><strong>signum</strong></span> <span class='ocrx_word' id='word_1_850' title='bbox 3017 4496 3249 4554; x_wconf 88' lang='lat' dir='ltr'><strong>edebat:</strong></span> <span class='ocrx_word' id='word_1_851' title='bbox 3293 4505 3353 4552; x_wconf 92' lang='lat' dir='ltr'><strong>ut</strong></span> <span class='ocrx_word' id='word_1_852' title='bbox 3391 4497 3502 4567; x_wconf 83' lang='lat' dir='ltr'><strong>ipsa</strong></span> 
     </span>
    </p>
   </div>
   <div class='ocr_carea' id='block_1_109' title="bbox 1928 4588 3502 4662">
    <p class='ocr_par' dir='ltr' id='par_1_109' title="bbox 1928 4588 3502 4662">
     <span class='ocr_line' id='line_1_109' title="bbox 1928 4588 3502 4662; baseline -0.004 -13"><span class='ocrx_word' id='word_1_853' title='bbox 1928 4593 2194 4649; x_wconf 88' lang='lat' dir='ltr'><strong>excellens</strong></span> <span class='ocrx_word' id='word_1_854' title='bbox 2210 4592 2452 4648; x_wconf 87' lang='lat' dir='ltr'><strong>miraculi</strong></span> <span class='ocrx_word' id='word_1_855' title='bbox 2468 4590 2770 4662; x_wconf 89' lang='lat' dir='ltr'><strong>magnitudo</strong></span> <span class='ocrx_word' id='word_1_856' title='bbox 2791 4591 3030 4646; x_wconf 86' lang='lat' dir='ltr'><strong>videntes</strong></span> <span class='ocrx_word' id='word_1_857' title='bbox 3057 4588 3502 4659; x_wconf 87' lang='lat' dir='ltr'><strong>obstupefaciens,</strong></span> 
     </span>
    </p>
   </div>
   <div class='ocr_carea' id='block_1_110' title="bbox 1928 4679 3501 4757">
    <p class='ocr_par' dir='ltr' id='par_1_110' title="bbox 1928 4679 3501 4757">
     <span class='ocr_line' id='line_1_110' title="bbox 1928 4679 3501 4757; baseline -0.005 -17"><span class='ocrx_word' id='word_1_858' title='bbox 1928 4684 2183 4757; x_wconf 87' lang='lat' dir='ltr'><strong>paulatim</strong></span> <span class='ocrx_word' id='word_1_859' title='bbox 2207 4684 2354 4739; x_wconf 88' lang='lat' dir='ltr'><strong>illam</strong></span> <span class='ocrx_word' id='word_1_860' title='bbox 2383 4683 2478 4739; x_wconf 91' lang='lat' dir='ltr'><strong>otii</strong></span> <span class='ocrx_word' id='word_1_861' title='bbox 2507 4724 2523 4749; x_wconf 86' lang='lat'><strong>,</strong></span> <span class='ocrx_word' id='word_1_862' title='bbox 2549 4693 2603 4739; x_wconf 89' lang='lat' dir='ltr'><strong>et</strong></span> <span class='ocrx_word' id='word_1_863' title='bbox 2629 4681 2942 4739; x_wconf 87' lang='lat' dir='ltr'><strong>cessationis</strong></span> <span class='ocrx_word' id='word_1_864' title='bbox 2970 4680 3398 4737; x_wconf 85' lang='lat' dir='ltr'><strong>observationem</strong></span> <span class='ocrx_word' id='word_1_865' title='bbox 3423 4679 3501 4732; x_wconf 85' lang='lat' dir='ltr'><strong>la-</strong></span> 
     </span>
    </p>
   </div>
   <div class='ocr_carea' id='block_1_111' title="bbox 1927 4772 3504 4830">
    <p class='ocr_par' dir='ltr' id='par_1_111' title="bbox 1927 4772 3504 4830">
     <span class='ocr_line' id='line_1_111' title="bbox 1927 4772 3504 4830; baseline -0.004 0"><span class='ocrx_word' id='word_1_866' title='bbox 1927 4773 2199 4830; x_wconf 88' lang='lat' dir='ltr'><strong>befactans</strong></span> <span class='ocrx_word' id='word_1_867' title='bbox 2239 4774 2507 4830; x_wconf 87' lang='lat' dir='ltr'><strong>auferret:</strong></span> <span class='ocrx_word' id='word_1_868' title='bbox 2550 4772 2742 4830; x_wconf 91' lang='lat' dir='ltr'><strong>deinde</strong></span> <span class='ocrx_word' id='word_1_869' title='bbox 2788 4788 2918 4829; x_wconf 90' lang='lat' dir='ltr'><strong>vero</strong></span> <span class='ocrx_word' id='word_1_870' title='bbox 2960 4781 3018 4828; x_wconf 89' lang='lat' dir='ltr'><strong>ut</strong></span> <span class='ocrx_word' id='word_1_871' title='bbox 3068 4772 3372 4827; x_wconf 87' lang='lat' dir='ltr'><strong>obstrueret</strong></span> <span class='ocrx_word' id='word_1_872' title='bbox 3413 4785 3504 4824; x_wconf 88' lang='lat' dir='ltr'><strong>ora</strong></span> 
     </span>
    </p>
   </div>
   <div class='ocr_carea' id='block_1_112' title="bbox 1928 4861 3506 4936">
    <p class='ocr_par' dir='ltr' id='par_1_112' title="bbox 1928 4861 3506 4936">
     <span class='ocr_line' id='line_1_112' title="bbox 1928 4861 3506 4936; baseline -0.003 -16"><span class='ocrx_word' id='word_1_873' title='bbox 1928 4865 2140 4921; x_wconf 89' lang='lat' dir='ltr'><strong>illorum</strong></span> <span class='ocrx_word' id='word_1_874' title='bbox 2179 4865 2524 4936; x_wconf 89' lang='lat' dir='ltr'><strong>impudentia.</strong></span> <span class='ocrx_word' id='word_1_875' title='bbox 2556 4865 2687 4920; x_wconf 87' lang='lat' dir='ltr'><strong>Nam</strong></span> <span class='ocrx_word' id='word_1_876' title='bbox 2727 4865 2977 4936; x_wconf 89' lang='lat' dir='ltr'><strong>quoniam</strong></span> <span class='ocrx_word' id='word_1_877' title='bbox 3004 4865 3056 4918; x_wconf 93' lang='lat' dir='ltr'><strong>in</strong></span> <span class='ocrx_word' id='word_1_878' title='bbox 3083 4861 3381 4934; x_wconf 87' lang='lat' dir='ltr'><strong>judicandis</strong></span> <span class='ocrx_word' id='word_1_879' title='bbox 3407 4863 3506 4916; x_wconf 87' lang='lat' dir='ltr'><strong>mi-</strong></span> 
     </span>
    </p>
   </div>
   <div class='ocr_carea' id='block_1_113' title="bbox 1929 4957 3502 5030">
    <p class='ocr_par' dir='ltr' id='par_1_113' title="bbox 1929 4957 3502 5030">
     <span class='ocr_line' id='line_1_113' title="bbox 1929 4957 3502 5030; baseline -0.003 -18"><span class='ocrx_word' id='word_1_880' title='bbox 1929 4959 2123 5013; x_wconf 89' lang='lat' dir='ltr'><strong>raculis</strong></span> <span class='ocrx_word' id='word_1_881' title='bbox 2148 4959 2412 5015; x_wconf 88' lang='lat' dir='ltr'><strong>malitiose</strong></span> <span class='ocrx_word' id='word_1_882' title='bbox 2437 4959 2682 5030; x_wconf 87' lang='lat' dir='ltr'><strong>agebant,</strong></span> <span class='ocrx_word' id='word_1_883' title='bbox 2710 4966 2765 5012; x_wconf 93' lang='lat' dir='ltr'><strong>et</strong></span> <span class='ocrx_word' id='word_1_884' title='bbox 2789 4957 3013 5026; x_wconf 87' lang='lat' dir='ltr'><strong>gloriam</strong></span> <span class='ocrx_word' id='word_1_885' title='bbox 3041 4971 3239 5020; x_wconf 90' lang='lat' dir='ltr'><strong>rerum,</strong></span> <span class='ocrx_word' id='word_1_886' title='bbox 3271 4969 3391 5026; x_wconf 67' lang='lat' dir='ltr'><strong>qua:</strong></span> <span class='ocrx_word' id='word_1_887' title='bbox 3414 4968 3502 5024; x_wconf 76' lang='lat' dir='ltr'><strong>ge-</strong></span> 
     </span>
    </p>
   </div>
   <div class='ocr_carea' id='block_1_114' title="bbox 1927 5047 3506 5118">
    <p class='ocr_par' dir='ltr' id='par_1_114' title="bbox 1927 5047 3506 5118">
     <span class='ocr_line' id='line_1_114' title="bbox 1927 5047 3506 5118; baseline -0.002 -14"><span class='ocrx_word' id='word_1_888' title='bbox 1927 5050 2483 5118; x_wconf 87' lang='lat' dir='ltr'><strong>rebantur,calumniis</strong></span> <span class='ocrx_word' id='word_1_889' title='bbox 2497 5050 2781 5106; x_wconf 87' lang='lat' dir='ltr'><strong>obscurare</strong></span> <span class='ocrx_word' id='word_1_890' title='bbox 2798 5047 3352 5114; x_wconf 88' lang='lat' dir='ltr'><strong>conabantur,idcirco</strong></span> <span class='ocrx_word' id='word_1_891' title='bbox 3372 5055 3506 5102; x_wconf 87' lang='lat' dir='ltr'><strong>tam-</strong></span> 
     </span>
    </p>
   </div>
   <div class='ocr_carea' id='block_1_115' title="bbox 1925 5136 3506 5211">
    <p class='ocr_par' dir='ltr' id='par_1_115' title="bbox 1925 5136 3506 5211">
     <span class='ocr_line' id='line_1_115' title="bbox 1925 5136 3506 5211; baseline 0.001 -19"><span class='ocrx_word' id='word_1_892' title='bbox 1925 5155 2082 5210; x_wconf 90' lang='lat' dir='ltr'><strong>quam</strong></span> <span class='ocrx_word' id='word_1_893' title='bbox 2109 5151 2363 5211; x_wconf 70' lang='lat' dir='ltr'><strong>tropaaum</strong></span> <span class='ocrx_word' id='word_1_894' title='bbox 2383 5139 2648 5210; x_wconf 92' lang='lat' dir='ltr'><strong>quoddam</strong></span> <span class='ocrx_word' id='word_1_895' title='bbox 2661 5148 2713 5194; x_wconf 92' lang='lat' dir='ltr'><strong>et</strong></span> <span class='ocrx_word' id='word_1_896' title='bbox 2723 5145 3091 5209; x_wconf 83' lang='lat' dir='ltr'><strong>argumentum</strong></span> <span class='ocrx_word' id='word_1_897' title='bbox 3103 5136 3342 5194; x_wconf 88' lang='lat' dir='ltr'><strong>sanitatis</strong></span> <span class='ocrx_word' id='word_1_898' title='bbox 3361 5136 3506 5194; x_wconf 82' lang='lat' dir='ltr'><strong>indu-</strong></span> 
     </span>
    </p>
   </div>
   <div class='ocr_carea' id='block_1_116' title="bbox 1924 5229 3502 5302">
    <p class='ocr_par' dir='ltr' id='par_1_116' title="bbox 1924 5229 3502 5302">
     <span class='ocr_line' id='line_1_116' title="bbox 1924 5229 3502 5302; baseline -0.003 -16"><span class='ocrx_word' id='word_1_899' title='bbox 1924 5231 2140 5286; x_wconf 89' lang='lat' dir='ltr'><strong>bitabile</strong></span> <span class='ocrx_word' id='word_1_900' title='bbox 2153 5231 2293 5286; x_wconf 89' lang='lat' dir='ltr'><strong>illam</strong></span> <span class='ocrx_word' id='word_1_901' title='bbox 2307 5231 2424 5286; x_wconf 89' lang='lat' dir='ltr'><strong>lecti</strong></span> <span class='ocrx_word' id='word_1_902' title='bbox 2442 5241 2604 5301; x_wconf 86' lang='lat' dir='ltr'><strong>gestat</strong></span> <span class='ocrx_word' id='word_1_903' title='bbox 2614 5230 2785 5287; x_wconf 92' lang='lat' dir='ltr'><strong>ioncm</strong></span> <span class='ocrx_word' id='word_1_904' title='bbox 2799 5246 2909 5302; x_wconf 77' lang='lat' dir='ltr'><strong>pra:</strong></span> <span class='ocrx_word' id='word_1_905' title='bbox 2921 5244 2980 5286; x_wconf 90' lang='lat' dir='ltr'><strong>se</strong></span> <span class='ocrx_word' id='word_1_906' title='bbox 2992 5231 3129 5285; x_wconf 88' lang='lat' dir='ltr'><strong>ferre</strong></span> <span class='ocrx_word' id='word_1_907' title='bbox 3140 5230 3310 5301; x_wconf 89' lang='lat' dir='ltr'><strong>ipsum</strong></span> <span class='ocrx_word' id='word_1_908' title='bbox 3324 5229 3502 5299; x_wconf 86' lang='lat' dir='ltr'><strong>jussit,</strong></span> 
     </span>
    </p>
   </div>
   <div class='ocr_carea' id='block_1_117' title="bbox 1926 5321 3501 5392">
    <p class='ocr_par' dir='ltr' id='par_1_117' title="bbox 1926 5321 3501 5392">
     <span class='ocr_line' id='line_1_117' title="bbox 1926 5321 3501 5392; baseline 0 -16"><span class='ocrx_word' id='word_1_909' title='bbox 1926 5337 1992 5377; x_wconf 92' lang='lat' dir='ltr'><strong>ue</strong></span> <span class='ocrx_word' id='word_1_910' title='bbox 2022 5322 2072 5376; x_wconf 93' lang='lat' dir='ltr'><strong>id</strong></span> <span class='ocrx_word' id='word_1_911' title='bbox 2090 5323 2229 5392; x_wconf 90' lang='lat' dir='ltr'><strong>quod</strong></span> <span class='ocrx_word' id='word_1_912' title='bbox 2254 5323 2320 5378; x_wconf 85' lang='lat' dir='ltr'><strong>de</strong></span> <span class='ocrx_word' id='word_1_913' title='bbox 2344 5337 2488 5378; x_wconf 66' lang='lat' dir='ltr'><strong>cazco</strong></span> <span class='ocrx_word' id='word_1_914' title='bbox 2514 5323 2776 5388; x_wconf 87' lang='lat' dir='ltr'><strong>dicebant,</strong></span> <span class='ocrx_word' id='word_1_915' title='bbox 2805 5321 2872 5378; x_wconf 91' lang='lat' dir='ltr'><strong>de</strong></span> <span class='ocrx_word' id='word_1_916' title='bbox 2900 5321 3002 5377; x_wconf 90' lang='lat' dir='ltr'><strong>hoc</strong></span> <span class='ocrx_word' id='word_1_917' title='bbox 3021 5336 3230 5392; x_wconf 89' lang='lat' dir='ltr'><strong>quoque</strong></span> <span class='ocrx_word' id='word_1_918' title='bbox 3245 5321 3501 5378; x_wconf 85' lang='lat' dir='ltr'><strong>dicerent.</strong></span> 
     </span>
    </p>
   </div>
   <div class='ocr_carea' id='block_1_118' title="bbox 1925 5411 3505 5480">
    <p class='ocr_par' dir='ltr' id='par_1_118' title="bbox 1925 5411 3505 5480">
     <span class='ocr_line' id='line_1_118' title="bbox 1925 5411 3505 5480; baseline -0.002 -14"><span class='ocrx_word' id='word_1_919' title='bbox 1925 5411 2060 5478; x_wconf 90' lang='lat' dir='ltr'><strong>Quid</strong></span> <span class='ocrx_word' id='word_1_920' title='bbox 2082 5421 2258 5467; x_wconf 90' lang='lat' dir='ltr'><strong>autem</strong></span> <span class='ocrx_word' id='word_1_921' title='bbox 2283 5412 2352 5468; x_wconf 90' lang='lat' dir='ltr'><strong>de</strong></span> <span class='ocrx_word' id='word_1_922' title='bbox 2375 5413 2464 5467; x_wconf 95' lang='lat' dir='ltr'><strong>illo</strong></span> <span class='ocrx_word' id='word_1_923' title='bbox 2493 5413 2780 5468; x_wconf 87' lang='lat' dir='ltr'><strong>dicebant?</strong></span> <span class='ocrx_word' id='word_1_924' title='bbox 2810 5412 2910 5467; x_wconf 78' lang='lat' dir='ltr'><strong>llic</strong></span> <span class='ocrx_word' id='word_1_925' title='bbox 2929 5422 3021 5476; x_wconf 77' lang='lat' dir='ltr'><strong>est,</strong></span> <span class='ocrx_word' id='word_1_926' title='bbox 3040 5427 3140 5466; x_wconf 87' lang='lat' dir='ltr'><strong>non</strong></span> <span class='ocrx_word' id='word_1_927' title='bbox 3166 5423 3238 5466; x_wconf 79' lang='lat' dir='ltr'><strong>est</strong></span> <span class='ocrx_word' id='word_1_928' title='bbox 3262 5413 3370 5479; x_wconf 89' lang='lat' dir='ltr'><strong>hic,</strong></span> <span class='ocrx_word' id='word_1_929' title='bbox 3394 5413 3505 5480; x_wconf 79' lang='lat' dir='ltr'><strong>ipsa</strong></span> 
     </span>
    </p>
   </div>
   <div class='ocr_carea' id='block_1_119' title="bbox 1924 5501 3499 5575">
    <p class='ocr_par' dir='ltr' id='par_1_119' title="bbox 1924 5501 3499 5575">
     <span class='ocr_line' id='line_1_119' title="bbox 1924 5501 3499 5575; baseline 0 -19"><span class='ocrx_word' id='word_1_930' title='bbox 1924 5513 1997 5557; x_wconf 79' lang='lat' dir='ltr'><strong>est</strong></span> <span class='ocrx_word' id='word_1_931' title='bbox 2023 5501 2134 5575; x_wconf 83' lang='lat' dir='ltr'><strong>(Id.</strong></span> <span class='ocrx_word' id='word_1_932' title='bbox 2181 5503 2235 5560; x_wconf 90' lang='lat'><strong>9.</strong></span> <span class='ocrx_word' id='word_1_933' title='bbox 2282 5503 2336 5559; x_wconf 91' lang='lat'><strong>8.</strong></span> <span class='ocrx_word' id='word_1_934' title='bbox 2359 5503 2436 5570; x_wconf 87' lang='lat'><strong>9).</strong></span> <span class='ocrx_word' id='word_1_935' title='bbox 2465 5503 2606 5574; x_wconf 85' lang='lat' dir='ltr'><strong>Ergo</strong></span> <span class='ocrx_word' id='word_1_936' title='bbox 2632 5517 2697 5558; x_wconf 88' lang='lat' dir='ltr'><strong>ne</strong></span> <span class='ocrx_word' id='word_1_937' title='bbox 2741 5504 2862 5560; x_wconf 85' lang='lat' dir='ltr'><strong>talia</strong></span> <span class='ocrx_word' id='word_1_938' title='bbox 2886 5502 3100 5574; x_wconf 81' lang='lat' dir='ltr'><strong>quidam</strong></span> <span class='ocrx_word' id='word_1_939' title='bbox 3129 5502 3196 5559; x_wconf 91' lang='lat' dir='ltr'><strong>de</strong></span> <span class='ocrx_word' id='word_1_940' title='bbox 3211 5502 3319 5558; x_wconf 83' lang='lat' dir='ltr'><strong>hoc</strong></span> <span class='ocrx_word' id='word_1_941' title='bbox 3340 5511 3499 5557; x_wconf 83' lang='lat' dir='ltr'><strong>etiam</strong></span> 
     </span>
    </p>
   </div>
   <div class='ocr_carea' id='block_1_120' title="bbox 1925 5594 3498 5662">
    <p class='ocr_par' dir='ltr' id='par_1_120' title="bbox 1925 5594 3498 5662">
     <span class='ocr_line' id='line_1_120' title="bbox 1925 5594 3498 5662; baseline 0.001 -12"><span class='ocrx_word' id='word_1_942' title='bbox 1925 5595 2164 5650; x_wconf 90' lang='lat' dir='ltr'><strong>dicerent</strong></span> <span class='ocrx_word' id='word_1_943' title='bbox 2192 5636 2209 5662; x_wconf 95' lang='lat'><strong>,</strong></span> <span class='ocrx_word' id='word_1_944' title='bbox 2247 5595 2416 5650; x_wconf 89' lang='lat' dir='ltr'><strong>lectus</strong></span> <span class='ocrx_word' id='word_1_945' title='bbox 2461 5595 2566 5650; x_wconf 88' lang='lat' dir='ltr'><strong>alte</strong></span> <span class='ocrx_word' id='word_1_946' title='bbox 2601 5594 2842 5651; x_wconf 88' lang='lat' dir='ltr'><strong>sublatus</strong></span> <span class='ocrx_word' id='word_1_947' title='bbox 2871 5605 3148 5652; x_wconf 90' lang='lat' dir='ltr'><strong>accusator</strong></span> <span class='ocrx_word' id='word_1_948' title='bbox 3191 5595 3249 5652; x_wconf 83' lang='lat' dir='ltr'><strong>fit</strong></span> <span class='ocrx_word' id='word_1_949' title='bbox 3288 5597 3498 5652; x_wconf 81' lang='lat' dir='ltr'><strong>illorum</strong></span> 
     </span>
    </p>
   </div>
   <div class='ocr_carea' id='block_1_121' title="bbox 1925 5677 3492 5762">
    <p class='ocr_par' dir='ltr' id='par_1_121' title="bbox 1925 5677 3492 5762">
     <span class='ocr_line' id='line_1_121' title="bbox 1925 5677 3492 5762; baseline 0 -18"><span class='ocrx_word' id='word_1_950' title='bbox 1925 5687 2289 5759; x_wconf 75' lang='lat' dir='ltr'><strong>impudentiae.</strong></span> <span class='ocrx_word' id='word_1_951' title='bbox 2343 5688 2489 5748; x_wconf 86' lang='lat' dir='ltr'><strong>Licet</strong></span> <span class='ocrx_word' id='word_1_952' title='bbox 2522 5677 2780 5759; x_wconf 79' lang='lat' dir='ltr'><strong>praeterea</strong></span> <span class='ocrx_word' id='word_1_953' title='bbox 2813 5690 3020 5746; x_wconf 85' lang='lat' dir='ltr'><strong>tertiam</strong></span> <span class='ocrx_word' id='word_1_954' title='bbox 3047 5691 3330 5762; x_wconf 84' lang='lat' dir='ltr'><strong>quamdam</strong></span> <span class='ocrx_word' id='word_1_955' title='bbox 3372 5707 3492 5745; x_wconf 66' lang='lat' dir='ltr'><strong>t‘auo</strong></span> 
     </span>
    </p>
   </div>
  </div>
