3980 6184
543 255 643 309 807

547 385 662 423 sam
690 367 878 422 afferre
899 407 914 431 ,
933 362 1106 418 nihilo
1130 361 1193 415 iis
1215 372 1334 429 quae
1359 356 1498 411 dicta
1527 360 1652 409 sunt
1679 351 1952 405 leviorem.
1983 345 2114 400 Nam

554 461 886 528 utintelligas
901 471 1006 510 non
1029 464 1195 508 artem
1217 451 1524 510 humanam,
1551 444 1644 500 sed
1668 441 1904 498 divinam
1927 446 2116 510 poten-

552 556 673 609 tiam
704 552 866 606 fuisse
894 540 910 616 ,
941 534 1059 618 qua:
1097 537 1272 600 totum
1319 541 1446 597 illud
1475 536 1800 610 prmstiterit,
1824 548 1977 589 suum
2007 530 2107 599 ipsi

515 638 520 644 ’
549 645 743 700 lectum
768 622 1082 711 gestandum
1111 632 1356 706 injunxit,
1385 646 1526 687 verte
1553 637 1710 698 atque
1737 626 1955 694 integrae
1984 619 2116 676 sani-

551 734 672 789 tatis
693 732 978 786 maximam
1006 738 1060 784 et
1089 727 1419 798 perspicuam
1445 717 1949 777 demonstrationem
1976 726 2116 783 pra:-

549 825 709 878 bens:
737 831 794 876 ut
819 837 885 876 ne
901 819 1020 890 quis
1048 817 1476 886 blasphemorum
1509 812 1716 866 illorum
1737 810 1940 864 diceret
1966 820 2118 877 para-

549 913 767 985 lyticum
797 911 1044 966 simulate
1077 918 1131 965 et
1169 908 1382 962 Christo
1423 903 1807 976 gratificantem
1850 899 2119 957 effinxisse

551 1002 725 1056 tenuis
750 1000 1023 1071 cujusdam
1052 997 1420 1053 ambulationis
1441 996 1691 1065 speciem.

614 1090 726 1144 ’Cur
747 1107 873 1144 onus
889 1089 1018 1144 illud
1033 1090 1164 1158 ferre
1171 1089 1378 1160 jusserit
1408 1081 2118 1156 paralyticum.—Propterea

541 1195 686 1234 onus
709 1181 781 1234 illi
809 1179 919 1234 suis
943 1177 1214 1233 ferendum
1252 1175 1486 1230 humeris
1515 1174 1763 1244 injunxit.
1799 1171 1911 1225 Non
1937 1170 2076 1224 enim
2101 1209 2117 1234 ,

546 1270 653 1324 nisi
683 1268 918 1323 bene‘illi
942 1250 1549 1321 membra'rconsolidata
1579 1271 1785 1329 essent,
1837 1270 1890 1315 et
1915 1256 2123 1312 articuli

545 1362 718 1432 probe
741 1361 866 1428 fixi,
898 1347 1096 1415 tantam
1128 1345 1322 1413 molem
1345 1367 1556 1428 portare
1581 1355 1816 1410 humeris
1847 1352 2120 1422 potuisset.

554 1453 634 1506 Ad
664 1452 775 1506 haec
802 1452 978 1507 omnia
1000 1452 1129 1506 illud
1153 1465 1362 1520 quoque
1377 1448 1611 1504 accedit:
1634 1445 1944 1503 ostendebat
1960 1443 2122 1509 enim,

555 1543 710 1597 simul
738 1559 800 1599 ac
825 1542 1242 1613 Christusjussit
1267 1583 1282 1609 ,
1314 1541 1490 1596 omnia
1528 1539 1641 1595 fieri
1670 1580 1686 1607 ,
1743 1547 1798 1594 et
1831 1538 2123 1593 discessum

555 1634 763 1701 morbi,
803 1643 857 1688 et
881 1634 1108 1688 reditum
1137 1633 1398 1689 sanitatis.
1428 1632 1641 1687 Etenim
1684 1630 1875 1686 medici
1913 1629 2125 1699 quidem

558 1725 767 1778 tametsi
795 1725 997 1779 morbis
1041 1725 1289 1791 liberent,
1342 1740 1448 1779 non
1497 1733 1674 1778 tamen
1703 1722 1878 1778 subito
1901 1729 2127 1791 ingratos

557 1812 889 1867 reduceread
913 1814 1190 1870 sanitatem
1221 1814 1394 1869 valent
1427 1831 1441 1867 :
1471 1815 1564 1868 sed
1591 1814 1748 1884 longo
1777 1813 1977 1884 pariter
1995 1821 2130 1867 tem-

560 1917 690 1973 pore
715 1912 871 1973 egent
891 1903 954 1957 ad
979 1904 1449 1970 instaurationem;
1478 1914 1532 1959 ut
1548 1903 1782 1974 reliquiae
1805 1902 1976 1957 morbi
2003 1917 2130 1971 pau-

562 1994 707 2046 latim
728 2008 758 2047 e
782 2009 1005 2064 corpore
1020 1995 1369 2066 cxpellantur,
1392 2005 1551 2065 atque
1572 1982 1868 2064 ejiciantur.
1886 1993 2132 2049 Christus

559 2093 734 2138 autem
764 2099 868 2138 non
897 2085 1005 2138 ita:
1044 2084 1136 2139 sed
1175 2085 1360 2140 eodem
1401 2086 1656 2155 temporis
1702 2093 1976 2140 momento
2004 2091 2059 2139 et
2099 2097 2128 2137 a

563 2175 748 2227 inorbo
774 2173 1052 2241 liberavit,
1080 2183 1133 2228 et
1159 2176 1438 2230 sanitatem
1470 2176 1716 2242 restituit,
1749 2184 1804 2231 et
1825 2176 2026 2231 nullum
2052 2176 2134 2230 in-

565 2268 879 2322 termedium
933 2268 1234 2323 intercessit
1278 2278 1486 2339 tempus
1518 2287 1532 2324 :
1562 2269 1654 2325 sed
1684 2270 1842 2325 simul
1883 2279 2042 2340 atque
2068 2285 2134 2324 ex

561 2369 740 2412 sancta
767 2359 850 2411 illa
882 2358 1057 2428 lingua
1089 2359 1283 2429 prodiit
1308 2375 1457 2414 sacra
1482 2374 1604 2426 vox,
1628 2369 1683 2415 et
1709 2360 1924 2415 morbus
1952 2376 1982 2416 e
2010 2375 2133 2414 cor-

565 2463 691 2516 pore
707 2448 924 2518 auf‘ugit,
947 2451 1234 2504 etverbum
1256 2451 1423 2505 evasit
1447 2465 1601 2520 opus,
1620 2461 1673 2506 et
1702 2459 1808 2505 tota
1830 2449 2136 2506 invaletudo

563 2537 794 2607 undique
820 2539 1072 2608 profugit.
1097 2541 1161 2593 Et
1189 2541 1630 2610 quemadmodum
1663 2542 1853 2596 ancilla
1875 2543 2134 2613 qutepiam

564 2627 882 2683 seditionem
911 2644 1151 2695 movens,
1177 2645 1296 2692 cum
1326 2631 1554 2700 primum
1581 2630 1851 2685 dominum
1880 2647 2032 2686 suum
2053 2633 2134 2687 vi-

565 2717 742 2784 derit,
774 2709 1076 2789 comprimit
1101 2735 1158 2774 se
1182 2760 1198 2786 ,
1226 2721 1466 2792 reditque
1492 2717 1560 2776 ad
1587 2723 1989 2778 convenientem
2021 2739 2138 2779 mo-

565 2805 824 2873 destiam;
862 2806 1132 2864 ita'etiam
1181 2818 1364 2864 natura
1405 2812 1642 2880 corporis
1673 2853 1688 2877 ,
1718 2812 1937 2883 perinde
1985 2821 2142 2884 atque

567 2895 756 2950 ancilla
783 2897 1020 2967 quasdam
1049 2908 1172 2954 tunc
1191 2899 1502 2974 seditionem
1541 2917 1781 2970 movens,
1807 2912 1861 2959 et
1890 2903 2142 2960 inducens

567 2987 877 3060 paralysim,
896 2999 1172 3059 postquam
1191 2991 1459 3046 dominum
1481 3008 1633 3048 suum
1651 2994 1716 3047 ad
1734 3009 1792 3050 se
1807 2995 2142 3050 accedentem

566 3078 717 3147 vidit,
741 3079 806 3134 ad
829 3095 980 3135 suum
1005 3079 1162 3136 rediit
1185 3081 1446 3149 ordinem,
1478 3099 1737 3154 suumque
1757 3084 1970 3139 modum
1995 3099 2143 3140 rece-

570 3171 666 3239 pit.
715 3171 888 3240 Atque
944 3171 1056 3226 litec
1097 3173 1276 3227 omnia
1305 3187 1405 3228 vox
1435 3173 1546 3242 ipsa
1573 3173 1831 3244 praestitit.
1863 3173 1979 3230 Non
2004 3176 2146 3229 enim

571 3261 709 3316 nuda
734 3271 886 3316 erant
903 3263 1083 3327 verba,
1105 3263 1200 3318 sed
1223 3263 1382 3319 verba
1412 3265 1501 3319 Dei
1529 3305 1546 3331 ,
1595 3265 1662 3320 de
1686 3266 1875 3335 quibus
1895 3266 2147 3336 scriptum

572 3363 655 3407 est
678 3370 691 3406 :
713 3352 1109 3425 Potentiaopera
1123 3371 1405 3408 sermonum
1424 3357 1531 3425 ejus
1551 3355 1690 3426 (Joel
1729 3357 1781 3409 2.
1813 3354 2148 3426 il).Etenim

573 3445 617 3499 si
647 3444 912 3500 hominem
938 3484 957 3513 ,
996 3461 1115 3500 cum
1143 3460 1246 3502 non
1274 3456 1446 3512 esset,
1477 3446 1751 3514 fecerunt,
1783 3447 1949 3503 multo
1985 3449 2152 3520 magis

577 3545 785 3606 putrem
812 3547 863 3590 et
892 3536 1120 3607 paralysi
1144 3537 1470 3594 laborantem
1495 3539 1792 3594 restituent.

649 3624 838 3680 Contra
865 3626 1130 3681 Anommos
1153 3627 1395 3696 loquitur.
1423 3657 1498 3669 —
1529 3629 1642 3684 Hoc
1667 3629 1784 3685 loco
1808 3629 2036 3686 libenter
2062 3629 2144 3684 in-

578 3716 956 3786 terrogaverim
985 3732 1114 3785 eos,
1162 3719 1250 3788 qui
1275 3718 1484 3773 curiose
1523 3728 1801 3775 versantur
1823 3719 1876 3775 in
1905 3735 2150 3790 perscru-

581 3804 736 3860 tanda
754 3809 987 3861 essentia
1025 3807 1114 3862 Dei
1137 3850 1149 3873 ,
1172 3808 1436 3878 quomodo
1459 3809 1736 3864 coiverunt
1758 3810 1997 3865 membra
2023 3810 2152 3866 illa?

579 3896 845 3966 quomodo
860 3897 1079 3952 solidata
1095 3909 1216 3953 sunt
1230 3900 1375 3953 ossa?
1395 3899 1660 3970 quomodo
1680 3907 2151 3970 temperamentum

583 3987 714 4043 illud
739 3991 937 4044 ventris
954 3989 1239 4044 resolutum
1263 3991 1568 4047 convaluit?
1589 4006 1695 4061 quo
1721 3999 1874 4060 pacto
1901 3991 2050 4046 nervi
2069 4006 2155 4046 re-

583 4080 733 4136 missi
762 4096 945 4138 rursus
968 4083 1202 4139 contenti
1225 4085 1574 4152 exstiterunt,
1619 4091 1674 4139 et
1699 4084 1901 4154 dejecta
1934 4083 2157 4140 facultas

580 4173 918 4239 exsurrexit,
963 4183 1019 4230 et
1058 4184 1234 4230 erecta
1278 4176 1398 4230 est?
1449 4175 1518 4229 At
1559 4190 1661 4231 non
1688 4183 1912 4246 possunt
1937 4175 2152 4230 modum

583 4265 726 4321 hunc
761 4264 957 4321 dicere.
1002 4265 1142 4335 Ergo
1181 4265 1446 4322 admirare
1480 4277 1680 4322 tantum
1712 4265 1764 4321 id
1785 4266 1924 4337 quod
1949 4276 2156 4338 gestum

583 4366 698 4414 est:
740 4358 958 4414 modum
985 4368 1162 4414 autem
1199 4360 1405 4415 curiose
1447 4374 1515 4414 ne
1550 4359 1852 4430 investiges.
1897 4359 2157 4428 Quoniam

584 4448 746 4519 igitur
769 4451 1084 4522 paralyticus
1117 4493 1132 4518 ,
1163 4450 1301 4521 quod
1326 4451 1505 4520 jussus
1534 4457 1617 4505 est
1647 4492 1662 4517 ,
1706 4449 1830 4505 fecit
1852 4491 1867 4515 ,
1895 4445 2158 4504 et'lectum

587 4535 848 4607 sumpsit,
873 4539 1112 4596 videntes
1138 4541 1283 4596 illum
1313 4541 1479 4596 Jndzei
1508 4541 1715 4596 dicunt:
1745 4539 2022 4595 Sabbatum
2056 4548 2160 4593 est:

588 4643 690 4682 non
723 4627 837 4682 licet
867 4628 955 4682 tibi
975 4630 1148 4684 tollere
1173 4631 1434 4702 grabatum
1458 4632 1512 4685 in
1535 4631 1738 4686 sabbato
1763 4629 1938 4701 (Joan.
1966 4631 2018 4685 5.
2048 4627 2158 4702 10).

587 4719 720 4774 Cum
742 4721 965 4777 adorare
990 4739 1085 4792 par
1111 4734 1252 4779 esset
1288 4740 1408 4779 eum
1429 4765 1444 4791 ,
1472 4725 1563 4795 qui
1603 4724 1703 4780 hoc
1728 4724 2010 4790 effecerat,
2038 4737 2157 4779 cum

589 4810 842 4867 admirari
871 4812 1066 4868 factum
1088 4852 1105 4878 ,
1133 4812 1206 4868 illi
1229 4828 1357 4868 vero
1376 4814 1443 4869 de
1462 4814 1679 4869 sabbato
1703 4814 2004 4879 disserunt,
2037 4828 2162 4869 vere

590 4903 897 4960 excolentes
925 4904 1172 4971 culicem,
1202 4905 1462 4960 camelum
1491 4914 1668 4960 autem
1693 4905 1994 4976 glutientes.
2021 4905 2155 4972 Quid

593 4994 754 5065 igitur
805 4995 933 5050 ille?
969 4993 1066 5061 Qui
1095 5011 1174 5048 me
1207 5011 1385 5049 sonum
1416 4997 1568 5067 fecit,
1599 4997 1684 5050 ille
1708 4995 1834 5049 mihi
1853 4995 1982 5050 dixit
2003 5035 2018 5060 ,
2047 4997 2166 5050 tolle

593 5086 859 5156 grabatum
869 5097 1028 5152 tuum,
1047 5095 1094 5140 et
1112 5085 1314 5140 ambula
1331 5085 1436 5158 (Ib.
1454 5101 1501 5141 υ.
1522 5087 1633 5158 11).
1653 5085 1814 5142 Vides
1834 5094 2044 5158 gratum
2068 5085 2164 5139 bo-

593 5177 1015 5235 minis‘animum
1035 5177 1060 5235 τ
1081 5177 1378 5236 Confitetur
1402 5179 1664 5236 medicum
1685 5219 1702 5248 ,
1731 5186 1788 5234 et
1810 5178 2024 5249 dignum
2047 5189 2166 5232 esse

595 5273 946 5345 legislatorem
969 5315 985 5339 ,
1013 5273 1095 5330 cui
1121 5273 1442 5344 praecipienti
1459 5272 1588 5329 fides
1600 5270 1874 5328 habeatur.
1897 5270 1964 5326 Et
1983 5284 2167 5339 quem-

595 5367 878 5423 admodum
904 5368 1023 5425 illos
1043 5381 1214 5423 caicus
1239 5375 1550 5438 argumento
1571 5363 1857 5428 conclusit,
1889 5362 1959 5417 ita
1979 5369 2035 5416 et
2057 5360 2161 5415 hic.

598 5462 876 5528 Quomodo
900 5473 1074 5520 autem
1097 5463 1190 5518 ille
1217 5459 1519 5518 conclusit?
1555 5459 1810 5514 Dicebant
1833 5455 1882 5511 ei
1911 5494 1927 5520 ,
1953 5451 2074 5507 Non
2095 5459 2166 5506 est

599 5555 681 5609 hic
734 5557 882 5610 homo
959 5573 991 5610 a
1060 5553 1170 5609 Deo
1210 5569 1231 5608 :
1294 5553 1414 5623 quia
1472 5549 1730 5608 sabbatum
1792 5563 1891 5602 non
1956 5542 2168 5598 custodit

604 5642 714 5716 (Id.
763 5645 817 5698 9.
849 5646 955 5716 16).
976 5644 1111 5714 Quid
1165 5645 1324 5715 igitur
1355 5642 1483 5698 ille?
1519 5641 1720 5696 Scimus
1745 5678 1761 5705 ,
1804 5637 1972 5707 inquit
1992 5675 2005 5701 ,
2030 5634 2163 5705 quod

1244 245 1300 299 s.
1341 237 1617 296 JOANNlS
1655 227 2124 290 (:nnvsos'ront
2165 229 2481 286 ARClllEP.
2522 227 3056 284 nonsummum
3628 239 3711 291 sua

2218 356 2500 413 peccatores
2517 343 2652 398 Deus
2675 361 2772 397 non
2786 344 2926 396 audit
2946 361 2964 397 :
2978 344 3057 397 hic
3070 353 3236 397 autem
3248 351 3425 414 aperuit
3441 367 3553 406 meos
3570 359 3706 414 oculos

2225 432 2436 502 (Joann.
2454 433 2510 488 9.
2529 449 2576 487 υ.
2597 433 2802 504 30.51).
2834 433 2985 499 Quod
3012 443 3188 490 autem
3217 434 3378 501 affert,
3397 439 3489 495 tale
3509 444 3709 511 quiddam

2217 533 2316 580 est.
2345 525 2401 580 Si
2425 533 2779 595 transgressus
2794 534 2937 580 esset
2965 525 3155 595 legem,
3175 539 3455 595 peccasset:
3479 533 3517 588 si
3537 550 3706 604 peccas.

2218 624 2299 670 set
2331 655 2346 681 ,
2389 631 2494 671 non
2529 625 2728 671 tantum
2755 618 3016 687 potuisset
3043 635 3056 671 :
3096 617 3186 672 ubi
3210 619 3343 674 enim
3365 633 3600 694 peccatum
3624 668 3636 692 ,
3658 629 3711 684 ibi

2219 721 2325 760 non
2348 715 2429 760 est
2455 705 2603 760 locus
2617 705 3043 762 demonstranda:
3067 709 3332 777 potentize.
3347 710 3407 763 At
3434 714 3605 780 potuit:
3630 733 3708 772 non
3773 757 3777 762 -

2219 810 2345 865 ergo
2383 796 2616 865 peccavit
2653 807 3011 865 transgressus
3052 798 3244 868 legem.
3296 794 3484 856 Eodem
3524 806 3713 864 modost

2223 888 2306 941 hic
2351 896 2762 957 argumentatur.
2804 889 2934 944 Nam
2963 905 3081 944 cum
3113 891 3278 960 inquit
3301 931 3319 956 ,
3360 892 3454 958 Qui
3489 910 3558 948 me
3578 913 3712 952 mnum

2221 976 2337 1046 fecit
2364 1017 2378 1040 ,
2410 976 2509 1031 hoc
2534 970 2874 1047 significavit,
2909 980 3048 1034 hunc
3075 995 3227 1046 esse,
3257 982 3344 1052 qui
3375 986 3625 1051 potentiam
3646 987 3718 1042 de-

2222 1069 2554 1132 monstravit,
2587 1068 2888 1140 idcircoque
2913 1072 3128 1128 minime
3151 1071 3361 1142 dignum
3387 1089 3497 1130 esse
3517 1117 3529 1140 ,
3551 1078 3624 1146 qui
3641 1079 3718 1133 cri-

2224 1157 2366 1211 mine
2389 1157 2595 1213 violatae
2613 1159 2742 1228 legis
2767 1168 3084 1216 arcessatur.
3111 1161 3245 1230 Quid
3277 1162 3426 1233 igitur
3453 1164 3536 1218 lii?
3569 1165 3646 1220 Ubi
3664 1177 3717 1220 est

2224 1246 2310 1300 ille
2329 1248 2499 1308 homo,
2514 1247 2604 1317 qui
2623 1246 2756 1301 diait
2769 1250 2881 1315 tibi,
2901 1250 3040 1306 Tolle
3059 1251 3321 1324 grabatum
3349 1264 3496 1322 tuum,
3512 1257 3723 1310 etantbala

2230 1336 2340 1406 (Id.
2394 1339 2447 1392 5.
2501 1339 2611 1408 12).
2641 1341 2774 1396 Vide
2809 1345 3091 1398 amentiam
3134 1354 3294 1416 atque
3333 1349 3725 1418 stuporemzvide

2225 1430 2456 1483 animum
2481 1440 2766 1486 tumentem
2795 1436 3114 1504 arrogantia.

2295 1520 2590 1574 Invidorum
2633 1525 2852 1578 conditio
2894 1525 3076 1597 qualis.
3133 1555 3204 1568 -—
3253 1525 3577 1583 Invidentium
3621 1531 3727 1587 enim

2226 1610 2364 1666 oculi
2395 1611 2524 1666 nihil
2567 1627 2751 1667 sanum
2783 1615 2983 1679 vident,
3035 1616 3127 1670 sed
3162 1615 3300 1686 illud,
3324 1626 3511 1672 tantum
3539 1620 3653 1674 unde
3673 1637 3733 1675 ca-

2228 1717 2355 1771 pere
2375 1717 2556 1757 ansam
2578 1712 2832 1773 possunt:
2856 1705 3034 1760 itidem
3065 1716 3119 1761 et
3138 1707 3211 1762 hi.
3243 1707 3373 1762 Cum
3400 1709 3501 1774 ille,
3525 1711 3602 1780 qui
3619 1726 3733 1764 cura-

2229 1803 2313 1848 tus
2341 1804 2472 1860 erat,
2499 1807 2778 1866 utrumque
2832 1797 3004 1852 fassus
3025 1807 3167 1853 esset
3192 1839 3206 1862 ,
3256 1807 3311 1854 et
3334 1809 3558 1854 curatum
3581 1816 3630 1855 se
3648 1816 3739 1856 esse

2233 1893 2288 1938 et
2322 1883 2528 1954 jussum
2553 1886 2738 1940 tollere
2785 1887 3055 1957 grabatum
3085 1927 3103 1954 ,
3153 1888 3286 1942 illud
3336 1888 3534 1956 quidem
3571 1890 3739 1944 silentio

2230 1976 2599 2044 prreterierunt
2626 2017 2642 2041 ,
2688 1976 2789 2032 hoc
2835 1987 3011 2032 autem
3048 1980 3424 2049 protulerunt:
3469 1981 3743 2034 occultarum

2231 2065 2442 2135 quidem
2472 2067 2783 2122 miraculum
2809 2108 2824 2132 ,
2879 2067 3210 2137 przetendunt
3265 2079 3436 2124 autem
3458 2068 3635 2123 sabbati
3659 2068 3742 2122 dis-

2231 2158 2568 2214 solutionem.
2604 2158 2719 2214 Non
2745 2160 2886 2214 enim
2909 2158 3174 2226 dixerunt,
3207 2161 3302 2216 ubi
3327 2159 3507 2230 estqui
3533 2168 3580 2214 te
3599 2175 3746 2212 sanum

2233 2247 2390 2303 fecit?
2416 2249 2521 2304 Sed
2565 2248 2666 2304 hoc
2701 2251 2981 2304 reticentes
3028 2250 3317 2305 dixerunt:
3362 2249 3454 2305 Ubi
3474 2259 3536 2304 est
3559 2250 3631 2318 qui
3651 2249 3748 2300 dixit

2236 2339 2323 2393 tibi
2346 2380 2361 2404 ,
2380 2337 2520 2392 Tolle
2533 2336 2808 2409 grabatum
2822 2347 2980 2402 tuum,
3009 2347 3054 2394 et
3077 2338 3287 2392 ambula
3312 2339 3336 2392 ?
3365 2337 3419 2393 Is
3439 2349 3589 2391 autem
3607 2339 3751 2390 nescie-

2236 2430 2511 2484 batJesus
2557 2430 2689 2482 enim
2732 2429 2996 2484 declinavit
3031 2446 3064 2483 α
3100 2429 3249 2483 turba
3295 2431 3553 2483 constituta
3591 2429 3646 2509 in_
3669 2428 3754 2479 loco

2239 2521 2341 2595 (Ib.
2371 2537 2419 2576 υ.
2449 2521 2560 2593 15).
2583 2520 2640 2576 Id
2671 2536 2798 2576 vero
2826 2522 3052 2576 maxima
3093 2530 3175 2576 est
3204 2521 3439 2576 hominis
3467 2521 3591 2575 illius
3611 2517 3758 2573 defen-

2237 2615 2337 2677 sio,
2368 2611 2627 2669 idChristi
2654 2612 2998 2682 providentia:
3023 2612 3412 2668 demonstratio
3443 2630 3456 2666 :
3487 2621 3540 2665 ut
3563 2627 3664 2665 cum
3681 2624 3760 2664 au-

2238 2703 2400 2758 dieris
2423 2702 2767 2773 paralyticum
2787 2700 2928 2758 hunc
2951 2717 3056 2756 non
3079 2702 3274 2758 eodem
3295 2702 3452 2758 modo
3469 2717 3527 2756 ac
3544 2700 3764 2755 centurio-

2243 2811 2362 2850 nem
2379 2794 2678 2865 suscepisse
2692 2793 3057 2849 advenientem
3079 2795 3388 2862 Dominum,
3409 2809 3569 2865 neque
3584 2792 3766 2854 dixisse,

2248 2885 2344 2940 Dic
2368 2884 2512 2940 verba
2538 2926 2554 2949 ,
2579 2895 2628 2939 et
2654 2885 2914 2940 sanabitur
2939 2901 3064 2955 puer
3080 2902 3220 2940 meus
3253 2885 3482 2957 (Matth.
3508 2885 3556 2940 8.
3580 2882 3666 2952 8),
3682 2896 3768 2936 non

2243 2979 2412 3048 ipsum
2437 2976 2761 3032 infidelitatis
2812 2977 3027 3032 nomine
3080 2976 3448 3042 condemnes,
3485 2972 3770 3047 quandoqui-

2242 3070 2367 3127 dem
2395 3070 2544 3126 illum
2566 3086 2672 3126 non
2702 3069 3086 3141 cognoscebat:
3113 3085 3220 3124 non
3253 3071 3396 3126 enim
3425 3068 3633 3131 sciebat,
3657 3065 3772 3136 quis-

2248 3177 2372 3217 nam
2423 3161 2514 3218 ille
2555 3170 2718 3219 esset.
2742 3161 2812 3216 Et
2847 3160 3113 3232 quomodo
3157 3175 3286 3216 eum
3330 3176 3485 3232 quem
3533 3168 3774 3226 numquam

2246 3252 2471 3320 viderat,
2500 3251 2776 3307 novisset?
2804 3251 3089 3322 Propterea
3123 3251 3340 3306 dicebat
3368 3269 3384 3307 :
3430 3248 3676 3304 Hominem
3697 3259 3776 3296 non

2249 3343 2424 3408 habeo,
2445 3341 2531 3414 qui
2549 3343 2718 3396 mittat
2741 3358 2820 3395 me
2845 3342 2897 3396 in
2913 3341 3154 3412 piscinam
3175 3339 3397 3413 (Joann.
3425 3341 3481 3396 5.
3505 3338 3578 3410 7).
3599 3334 3727 3404 Quod
3745 3334 3780 3388 si

2249 3449 2369 3490 eum
2391 3434 2644 3499 novisset,
2677 3431 2915 3502 profecto
2948 3434 3166 3503 piscina:
3192 3449 3260 3489 ac
3285 3431 3640 3488 dcscensionis
3667 3428 3782 3488 illius

2251 3524 2568 3580 mentionem
2589 3538 2692 3576 non
2716 3523 2946 3590 fecisset,
2965 3512 3056 3577 sed
3083 3539 3148 3579 eo
3173 3523 3341 3581 modo
3366 3522 3536 3578 curari
3555 3518 3785 3591 postulas-

2251 3628 2352 3684 set,
2371 3633 2477 3688 quo
2502 3625 2557 3673 et
2582 3624 2796 3672 curatus
2835 3623 2936 3670 est.
2988 3615 3092 3671 Sed
3140 3617 3369 3686 putabat
3412 3629 3570 3669 unum
3612 3624 3717 3666 esse
3759 3621 3785 3662 ε

2252 3709 2434 3767 multis
2459 3749 2478 3777 ,
2522 3723 2585 3764 ac
2612 3705 2810 3762 nudum
2841 3706 3143 3762 hominem:
3189 3716 3358 3778 atque
3396 3704 3590 3761 idcirco
3615 3701 3788 3756 usitata:

2252 3801 2494 3858 meminit
2516 3798 2824 3855 curationis.
2865 3797 3068 3852 Rursus
3096 3795 3276 3852 autem
3313 3795 3512 3852 Christi
3546 3789 3790 3863 providen-

2221 3893 2340 3954 gtire
2364 3891 2479 3946 htec
2502 3889 2884 3945 demonstratio
2906 3897 3025 3953 est,
3079 3885 3221 3956 quod
3256 3895 3513 3942 curatum
3533 3877 3791 3952 reliquerit,

2254 3997 2426 4052 neque
2460 3981 2509 4036 ei
2547 3994 2662 4034 sese
2691 3977 3016 4048 patefecerit.
3069 3978 3283 4033 Etenim
3327 3993 3398 4033 ne
3443 3976 3794 4045 suspicarentur

2253 4072 2442 4138 Judzei,
2464 4069 2792 4126 subdititium
2823 4084 2943 4124 esse
2978 4069 3116 4122 hunc
3141 4075 3365 4135 testem,
3397 4075 3556 4138 atque
3579 4063 3684 4118 haec
3702 4057 3795 4114 ideo

2254 4168 2432 4222 dicere
2459 4207 2475 4232 ,
2503 4163 2641 4233 quod
2669 4161 2946 4231 prmsentis
2976 4159 3172 4214 Christi
3199 4160 3462 4214 suasione
3488 4161 3762 4211 moveretur
3779 4187 3791 4211 ,

2259 4260 2400 4314 illius
2429 4255 2724 4328 ignorantia
2750 4263 2806 4310 et
2841 4252 3078 4307 absentia
3121 4251 3325 4306 Christi
3376 4249 3504 4305 huic
3552 4237 3796 4315 suspicioni

2258 4355 2431 4410 locum
2460 4366 2568 4407 non
2592 4350 2807 4405 dabant.
2834 4346 3008 4417 inquit
3043 4345 3182 4400 enim
3214 4343 3598 4415 Evangelista:
3627 4336 3798 4392 Νικίο-

2257 4447 2342 4501 bat
2365 4443 2476 4513 quis
2501 4450 2624 4496 esset
2652 4439 2758 4514 (Ib.
2782 4455 2830 4493 υ.
2863 4437 2975 4510 15).
3436 4521 3449 4524 Δ
3737 4514 3746 4524 ⁸

2329 4533 2384 4586 4.
2417 4529 2618 4584 Idcirco
2639 4542 2782 4593 eum,
2807 4525 2899 4596 qui
2927 4531 3142 4579 curatus
3163 4531 3280 4579 erat
3311 4565 3328 4589 ,
3369 4521 3548 4577 solum
3575 4559 3592 4586 ,
3620 4531 3678 4570 ac
3711 4521 3801 4567 sine

2261 4621 2408 4677 socio
2434 4619 2611 4685 mittit,
2641 4625 2699 4672 ut
2737 4613 3180 4686 quemadmodum
3227 4621 3499 4683 cuperent
3531 4649 3547 4675 ,
3599 4612 3797 4661 seorsum

2262 4711 2572 4767 adhibentes
2598 4750 2614 4775 ,
2657 4706 3026 4762 examinarent
3064 4703 3206 4775 quod
3230 4702 3442 4758 factum
3465 4708 3582 4757 erat
3607 4739 3621 4762 ,
3641 4704 3800 4751 etcum

2262 4809 2462 4858 certam
2489 4799 2567 4854 rei
2595 4795 3102 4855 demonstrationem
3127 4793 3474 4863 accepissent
3508 4831 3524 4854 ,
3554 4788 3620 4843 ab
3642 4787 3800 4852 impor-

2264 4904 2394 4949 tuno
2418 4890 2596 4946 furore
2621 4895 2911 4945 cessarent.
2956 4885 3239 4956 PrOpterea
3289 4880 3412 4952 ipse
3463 4879 3673 4951 quidem
3705 4867 3802 4929 nihil

2261 4983 2497 5055 loquitur
2518 5021 2536 5047 ,
2565 4994 2684 5037 eam
2710 4993 2839 5034 vero
2868 4992 2986 5047 qua:
3021 4955 3116 5046 per
3133 4955 3231 5029 'res
3259 4974 3415 5044 ipsas
3437 4973 3497 5026 fit
3514 4971 3800 5026 demonstra-

2265 5079 2464 5132 tionem
2487 5073 2566 5130 eis
2599 5073 2835 5145 praebet:
2886 5083 3097 5141 quoquo
3133 5082 3329 5122 versus
3355 5059 3803 5150 manifestissima!»

2265 5169 2517 5224 emittens
2535 5178 2741 5230 vocem,
2766 5169 2821 5217 et
2849 5159 2970 5216 tuba
2995 5157 3230 5230 qualibet
3254 5156 3578 5211 clariorem.
3603 5151 3670 5207 Ita
3695 5153 3803 5230 emit!

2269 5260 2394 5316 nulli
2420 5259 2528 5329 jam
2556 5228 2842 5326 suspicioni
2862 5252 2964 5308 erit
2987 5228 3272 5304 obnoxium
3299 5246 3667 5302 testimonium
3689 5228 3810 5292 illud,

2271 5354 2469 5422 Quinte
2494 5363 2670 5406 sanum
2690 5345 2823 5417 fecit,
2846 5345 2934 5399 ille
2954 5341 3078 5396 mihi
3095 5341 3248 5403 dixit,
3270 5339 3424 5425 Tolle
3437 5332 3814 5425 grabatum

2267 5414 2315 5498 ἆ
2363 5441 2566 5497 ambula
2603 5414 2726 5512 (Id.
2759 5453 2808 5490 υ.
2839 5434 2958 5504 11).
3007 5428 3338 5500 Paralyticus
3383 5424 3447 5481 fit
3483 5414 3778 5512 evangelista
3801 5445 3815 5472 ν

2272 5535 2521 5605 magister
2543 5500 2851 5592 infidelium,
2874 5500 3110 5578 medicus
3136 5529 3188 5576 et
3212 5530 3400 5588 praeco
3427 5514 3497 5568 ad
3529 5512 3722 5566 illorum
3736 5500 3814 5605 de:

2275 5587 2436 5686 dedas
2457 5635 2512 5682 ct
2554 5618 3045 5692 condemnationem
3070 5653 3087 5682 ,
3118 5608 3365 5668 medicus
3395 5620 3510 5662 non
3543 5615 3668 5658 voce
3692 5637 3706 5666 ,
3735 5587 3814 5648 sed
