3980 6184
533 325 636 380 809

469 455 477 468 ι
530 437 799 512 σϐήτητον
832 438 1128 512 ἐπεφέρετο
1155 439 1254 513 τὴν
1287 443 1586 511 ἀπόδειξιν,
1616 445 1710 498 καὶ
1737 446 1874 518 ὅπερ
1899 444 2105 513 ἔλεγεν,

528 530 770 585 ἐδείκνυε
812 530 900 584 διά
937 531 1031 586 τοῦ
1072 533 1340 605 σώματος.
1390 537 1554 593 Μετὰ
1601 539 1791 594 ταῦτα
1841 538 2110 607 εὑρίσκει

525 624 715 678 αὐτὸν
729 626 763 678 ὁ
779 621 931 696 [554]
961 625 1222 694 Ἰησοῦς,
1245 628 1343 682 καί
1365 631 1528 700 λέγει
1547 630 1736 697 αὐτῷ’
1767 631 1910 698 Ἴδε,
1934 628 2111 700 ὑγιὴς

524 714 797 785 γέγονας,
831 717 1044 786 μηκέτι
1082 719 1404 789 ἁμάρτανε,
1445 723 1548 777 ἳνα
1569 723 1657 794 μὴ
1685 723 1890 794 χεῖρόν
1925 723 1984 776 τί
2010 737 2110 776 σοι

525 805 788 876 γένηται.
813 803 966 872 Εἶδες
995 810 1182 880 ίατροῦ
1213 813 1407 881 σοφίαν
1428 830 1442 878 ;
1466 809 1607 878 εἶδες
1634 811 2111 886 κηδεμονίαν;ούκ
2153 840 2155 842 -

525 897 800 970 ἀπήλλαξε
847 900 943 954 τοῦ
987 903 1254 975 παρόντος
1291 907 1596 978 νοσήματος
1625 906 1807 978 μόνον,
1854 904 1992 959 ἀλλά
2015 905 2110 960 καὶ

525 992 664 1062 πρὸς
709 993 771 1047 τὸ
810 993 1003 1065 μέλλον
1053 997 1444 1066 ἀσφαλίζεταιο
1483 999 1580 1054 καὶ
1629 999 1776 1072 μάλα
1813 998 2105 1070 εὐκαίρως.

525 1083 655 1138 Ὅτε
679 1084 780 1156 μὲν
797 1087 907 1158 γάρ
926 1082 994 1159 ἦν
1022 1088 1114 1143 ἐπὶ⁵
1133 1091 1232 1161 τῆς
1256 1089 1466 1162 κλίνης,
1487 1090 1641 1145 ούδέν
1665 1088 1904 1146 τοιοῦτον
1931 1086 2107 1155 εἶπεν,

524 1173 624 1228 οὐκ
651 1175 955 1248 ἀνέμνησεν
980 1178 1142 1236 αὐτὸν
1174 1181 1289 1252 ἀμα
1299 1181 1620 1253 ρτημάτων·
1648 1181 1978 1251 δυσάρεστος
2001 1178 2108 1252 γάρ

525 1279 645 1329 πως
690 1266 787 1322 καὶ
829 1269 1177 1342 ταλαίπωρός
1229 1274 1378 1325 ἐστιν
1428 1274 1462 1344 ή
1517 1273 1628 1327 τῶν
1682 1271 2110 1344 ἀρρωστούντων

534 1361 678 1433 ᾁυχή
699 1379 712 1394 °
746 1364 836 1418 ὅτε
862 1363 919 1418 δὲ
947 1366 1196 1438 ἀπήλασε
1219 1369 1320 1440 τὴν
1353 1368 1688 1442 ἀρρωστίαν,
1721 1369 1810 1422 ὅτε
1843 1366 1983 1438 πρὸς
2010 1365 2110 1438 τὴν

527 1451 740 1522 ύγίειαν
777 1455 1145 1529 ἐπανήγαγεν,
1196 1459 1288 1512 ὅτε
1337 1459 1442 1530 τῆς
1492 1460 1772 1532 δυνάμεως
1806 1458 1971 1513 αὑτοῦ
2015 1459 2109 1514 καὶ

525 1545 624 1615 τῆς
656 1545 983 1618 κηδεμονίας
1009 1547 1158 1620 ἔργῳ
1180 1551 1282 1621 τὴν
1318 1550 1594 1624 ἀπόδειξιν
1622 1550 1955 1622 παρέσχετο,
1985 1550 2108 1604 τότε

527 1634 781 1710 εΰκαιρον
802 1641 1038 1694 ποιεῖται
1059 1642 1157 1711 τὴν
1185 1642 1496 1715 συμϐουλὴν
1521 1644 1616 1698 καὶ
1641 1643 1741 1715 τὴν
1761 1642 2104 1715 παραίνεσιν,

527 1726 840 1794 ἀξιόπιστος
858 1730 926 1783 δι’
957 1731 1140 1785 αὐτῶν
1177 1733 1366 1787 λοιπὸν
1409 1733 1520 1788 τῶν
1544 1734 1722 1807 ἔργων
1761 1735 2103 1806 φαινόμενος.

528 1818 596 1872 Τί
623 1815 718 1873 οὖν
754 1819 960 1886 ἐκεῖνος
1000 1822 1251 1878 ἀπελθὼν
1295 1825 1596 1898 κατάδηλον
1639 1825 1898 1898 ἐποίησεν
1945 1825 2107 1880 αὐτὸν

528 1913 639 1974 τοῖς
676 1909 977 1981 Ἰουδαίοιςς
1013 1915 1321 1980 Κοινωνοὺς
1346 1917 1544 1983 αὐτοὺς
1574 1917 1896 1990 βουλόμενος
1921 1917 2110 1972 λαϐεῖν

525 2002 626 2073 τῆς
670 2003 903 2076 ἀληθοῦς
953 2007 1324 2073 διδασκαλίας.
1381 2009 1522 2064 Ἀλλ’
1575 2012 1771 2065 ἐκεῖνοι
1815 2009 1905 2064 διά
1950 2008 2110 2065 τοῦτο

526 2093 750 2164 ἐμίσουν
773 2097 955 2164 αὐτὸν,
979 2101 1135 2173 φησὶ,
1154 2101 1246 2156 καὶ
1262 2102 1507 2158 ἐδίωκον.
1544 2102 1807 2158 Ἐνταῦθά
1829 2119 1921 2174 μοι
1943 2117 2111 2174 προσ-

527 2188 711 2258 έχετε·
741 2190 979 2246 ἐνταῦθα
1019 2194 1128 2266 γάρ
1178 2196 1208 2248 6
1255 2197 1365 2260 πᾶς
1406 2197 1556 2250 ἐστιν
1592 2193 1764 2265 ἀγών.
1803 2194 1906 2250 Διὰ
1933 2194 2110 2249 τοῦτο

526 2277 777 2337 ἐδίωκον
827 2284 1044 2351 αὐτὸν,
1091 2285 1182 2340 ὅτι
1227 2288 1416 2342 ταῦτα
1460 2287 1651 2343 ἐποίει
1697 2288 1768 2342 ἐν
1812 2284 2107 2354 σαϐϐάτῳ.

532 2373 763 2447 Ἵδωμεν
784 2371 882 2432 οὖν
917 2377 1038 2443 πῶς
1071 2380 1451 2451 ἀπολογεῖται’
1487 2382 1516 2435 6
1548 2380 1658 2451 γὰρ
1681 2381 1783 2452 τῆς
1811 2379 2110 2448 ἀπολογίας

528 2464 731 2534 τρόπος
749 2467 1022 2523 δείκνυσιν
1044 2473 1199 2543 ἡμῖν,
1227 2474 1338 2526 εἴτε
1362 2473 1472 2528 τῶν
1498 2473 1975 2545 ὑποτεταγμένων,
1999 2473 2110 2527 είτε

529 2555 635 2610 τῶν
673 2557 976 2632 ἐλευθέρων
1015 2564 1184 2632 ἐστὶν,
1235 2566 1345 2619 εἴτε
1379 2565 1489 2620 τῶν
1517 2567 1968 2639 διακονουμένων,
1999 2567 2110 2621 εἴτε

529 2646 639 2700 τῶν
665 2649 1087 2712 ἐπιταττόντων.
1132 2657 1454 2728 Παρανομία
1490 2659 1724 2730 μεγίστη
1761 2659 1934 2713 ἐδόκει
1974 2655 2113 2713 εἶναι

529 2737 591 2792 1:6
620 2743 1016 2814 γεγενημένον·
1043 2749 1140 2801 καὶ
1173 2750 1283 2822 γὰρ
1311 2750 1442 2816 ξύλα
1483 2752 1614 2806 ποτέ
1646 2769 1731 2816 τις
1758 2755 1816 2806 ἐν
1857 2751 2113 2824 σαϐϐάτῳ

534 2831 790 2901 συλλέξας
822 2836 1079 2912 ἐλιθάσθη
1125 2842 1217 2897 διά
1249 2842 1423 2911 τοῦτο,
1458 2846 1542 2899 ὅτι
1579 2845 1938 2917 βαστάγματα
1987 2845 2114 2916 ἐφε-

537 2941 628 2996 ρεν
671 2927 730 2980 ἐν
761 2930 1039 3003 σαϐϐάτῳ.
1089 2933 1260 2990 Τοῦτο
1292 2935 1353 2989 τὺ
1404 2937 1547 3008 μέγα
1578 2939 1886 3010 ἁμάρτημα
1920 2941 2112 2993 ἐνεκα-

531 3012 676 3072 λεῖτο
710 3020 742 3073 6
772 3023 1028 3093 Χριστὸς,
1057 3027 1140 3081 ὅτι
1167 3027 1323 3082 έλυσε
1352 3029 1414 3082 τὸ
1453 3030 1744 3085 σάϐϐατον.
1774 3031 1998 3104 Ἰδωμεν
2020 3027 2116 3090 οὖν

531 3109 586 3164 εί
613 3112 878 3187 πρότερον
919 3119 1252 3193 συγγνώμην
1293 3123 1436 3176 αίτεῖ
1473 3123 1550 3188 ὡς
1583 3123 1770 3187 δοῦλος
1801 3125 1896 3178 καὶ
1922 3125 2117 3180 ὑποτε-

532 3205 826 3276 ταγμένος,
869 3209 902 3279 ἢ
931 3210 1007 3274 ὡς
1034 3211 1286 3277 ἐξουσίαν
1314 3214 1452 3286 ἔχων
1485 3215 1580 3269 καὶ
1605 3216 1891 3270 αύθεντίαν
1915 3216 2118 3271 ἐπιδεί-

534 3310 747 3363 κνυται,
773 3299 850 3362 ὡς
879 3301 1178 3373 Δεσπότης,
1208 3305 1304 3357 καὶ
1337 3306 1682 3376 ἐπικείμενος
1704 3306 1782 3376 τῷ
1810 3307 1981 3378 νόμῳ,
2023 3307 2118 3361 καὶ

535 3385 636 3450 τὰς
675 3388 899 3453 ἐντολὰς
939 3392 1103 3457 αὐτὸς
1132 3393 1400 3459 δεδωκώς.
1442 3396 1568 3460 Πῶς
1612 3393 1705 3452 οὖν
1737 3397 2116 3467 ἀπολογεῖται;

537 3476 723 3546 φησίνο
779 3479 834 3531 '0
879 3480 1085 3550 Πατήρ
1127 3501 1247 3552 μου
1276 3484 1386 3552 ἕως
1418 3485 1548 3556 ἄρτι
1593 3488 1910 3558 ἐργάζεται,
1954 3490 2117 3560 κάγὼ

534 3566 863 3639 ἐργάζομαι.
893 3567 1050 3638 Εἶδες
1085 3576 1404 3646 αύθεντίαν;
1451 3579 1645 3634 Καίτοι
1687 3585 1735 3636 εί
1769 3583 2121 3637 καταδεέστε-

541 3674 633 3728 ρος
658 3661 752 3715 καὶ
778 3661 1016 3718 ἐλάττων
1034 3661 1102 3738 ἦν
1124 3667 1216 3722 τοῦ
1240 3670 1473 3743 Πατρὸς,
1497 3671 1597 3725 ούκ
1619 3672 1734 3725 ἐστι
1753 3673 1813 3726 τὺ
1832 3675 2120 3746 εἰρημένον

537 3750 825 3844 ἀπολογία,
851 3755 968 3808 ἀλλ’
995 3756 1246 3831 ἔγκλημα
1291 3759 1476 3830 μεῖζον
1503 3765 1597 3816 καὶ
1623 3767 1928 3844 κατηγορία
1958 3768 2119 3838 χαλε·-

541 3843 782 3914 πωτέρα.
842 3845 1015 3902 Ὀταν
1063 3848 1172 3920 γὰρ
1202 3853 1326 3923 ποιῇ
1375 3869 1480 3918 τις,
1528 3853 1556 3907 ὃ
1593 3854 1669 3925 τῷ
1715 3843 1922 3926 μείζονι
1975 3857 2119 3930 μόνῳ

540 3937 713 3988 ποιεῖν
759 3936 990 4005 ἔξεστιν,
1033 3936 1152 3994 εἶτα
1192 3941 1355 4006 ἁλοὺς
1386 3945 1695 4013 ἐγκαλεῖται
1725 3950 1818 4002 καὶ
1844 3949 2014 4019 λέγει,
2038 3951 2120 4005 ὅτι

554 4025 775 4100 Ἐπειδὴ
811 4029 840 4081 6
877 4029 1078 4100 μείζων
1112 4033 1354 4110 ἐποίησε,
1380 4036 1468 4090 διά
1493 4038 1650 4093 τοῦτο
1681 4040 1837 4110 κάγὼ
1864 4043 2115 4115 ἐποίησα,

541 4119 602 4172 οὐ
635 4119 798 4190 μόνον
825 4121 924 4176 οὐκ
947 4123 1174 4178 ἀπολύει
1203 4126 1312 4181 τῶν
1341 4127 1701 4201 ἐγκλημάτων
1729 4133 1918 4188 ἐαυτὸν
1945 4138 2120 4210 τούτῳ

541 4211 643 4284 τῆς
661 4215 957 4286 ἀπολογίας
976 4217 1054 4290 τῷ
1076 4218 1286 4290 τρόπῳ,
1313 4221 1448 4276 ἀλλά
1471 4225 1564 4276 καὶ⁹
1591 4223 1836 4295 μείζονος
1861 4227 2120 4300 μέμψεως

543 4312 636 4363 καὶ
660 4313 994 4384 κατηγορίας
1015 4316 1312 4373 ὑπεύθυνον
1335 4319 1526 4374 ἐαυτὸν
1549 4320 1890 4398 καθίστησιν.
1931 4325 2122 4398 ’Υπερ-

545 4403 778 4473 ηφανίας
821 4407 930 4477 γὰρ
971 4411 1066 4461 καὶ
1108 4397 1427 4476 ἀλαζονείας
1468 4396 1608 4482 ἐστί,
1659 4416 1721 4470 τὸ
1744 4419 1861 4482 τοῖς
1907 4396 2121 4489 μείζοσι

541 4493 644 4563 τῆς
674 4493 828 4558 ἀξίας
856 4497 1153 4569 ἐπιχειρεῖν
1179 4504 1488 4573 πράγμασι.

617 4608 726 4662 Καὶ
765 4611 794 4662 6
831 4611 1063 4682 Χριστὸς
1105 4615 1285 4669 τοίνυν
1333 4621 1382 4673 εί
1431 4621 1853 4695 καταδεέστερος
1899 4621 1988 4696 ἦν,
2023 4627 2124 4682 οὐκ

546 4693 616 4771 ἦν
657 4700 925 4770 ἀπολογία
966 4703 1028 4756 τὸ
1065 4703 1380 4776 λεγόμενον,
1426 4711 1543 4764 ἀλλ’
1593 4693 1846 4785 ἔγκλημα
1903 4693 2118 4788 μεῖζον·

548 4792 735 4866 ἐπειδὴ
759 4793 816 4846 δὲ
843 4794 956 4881 ίσος
981 4795 1130 4866 αὐτῷ
1149 4791 1240 4867 ἦν,
1266 4797 1354 4852 διὰ
1377 4799 1534 4854 τοῦτο
1555 4805 1655 4857 οὐκ
1677 4804 1824 4860 ἔστιν
1847 4807 2014 4880 ἕγκλη
2024 4828 2122 4881 μα.

551 4887 659 4944 Kal
697 4889 746 4941 εί
791 4877 1066 4957 βούλεσθε,
1115 4892 1207 4945 ἐπὶ
1245 4893 1641 4964 ύποδείγματος
1666 4897 1695 4949 ὃ
1723 4897 1866 4967 λέγω
1914 4877 2124 4975 ποιήσω

549 4981 800 5054 φανερόν.
837 4983 926 5054 Τῷ
958 4982 1167 5054 βασιλεῖ
1204 4987 1392 5062 φέρειν
1427 4989 1740 5062 ἁλουργίδα,
1767 4994 1861 5046 καὶ
1887 4994 2124 5068 διάδημα

548 5075 691 5146 ἔχειν
723 5076 816 5128 ἐπὶ
834 5077 932 5146 τῆς
956 5078 1199 5149 κεφαλῆς
1231 5079 1378 5150 μόνῳ
1397 5079 1626 5147 ἔξεστιν,
1661 5084 1829 5154 ἑτέρῳ
1851 5085 1906 5138 δὲ
1927 5087 2121 5144 ούδενί.

561 5168 685 5224 Ἐὰν
709 5169 887 5222 τοίνυν
912 5173 1053 5242 φανῇ
1075 5188 1159 5235 τις
1186 5170 1294 5226 τῶν
1320 5172 1530 5227 πολλῶν
1551 5174 1708 5229 τοῦτο
1735 5176 1796 5228 τὸ
1822 5179 2006 5249 σχῆμα
2031 5197 2126 5232 πε-

553 5261 881 5332 ρικείμενος,
911 5257 1030 5315 εἶτα
1052 5264 1146 5317 καὶ
1175 5265 1256 5329 είς
1281 5264 1624 5336 δικαστήριον
1648 5269 1937 5340 ἑλκόμενος
1968 5271 2121 5345 λέγῃ,

548 5357 630 5408 ὅτι
673 5353 891 5427 Ἐπειδὴ
914 5358 945 5408 6
981 5355 1234 5427 βασιλεὺς
1277 5357 1436 5411 τοῦτο
1467 5359 1527 5412 τὸ
1569 5361 1755 5431 σχῆμα
1795 5363 2123 5434 περίκειται,

553 5445 642 5500 διὰ
688 5445 845 5501 τοῦτο
887 5447 1042 5518 κάγὼ
1081 5449 1424 5522 περίκειμαι,
1477 5451 1536 5504 ού
1569 5453 1728 5522 μόνον
1767 5456 1866 5510 οὐκ
1903 5457 2126 5528 ἀφίησιν

552 5539 740 5592 ἑαυτὸν
766 5541 866 5610 τῆς
899 5543 1252 5614 κατηγορίας,
1286 5542 1422 5598 ἀλλά
1450 5543 1543 5598 καὶ
1581 5544 1826 5614 μείζονος
1855 5549 2127 5615 κολάσεως

552 5628 650 5680 καὶ
691 5631 961 5699 τιμωρίας
1005 5634 1326 5706 καθίστησιν
1365 5636 1665 5692 ὑπεύθυνον
1698 5639 1775 5710 τῷ
1815 5643 1998 5713 τρόπῳ
2031 5645 2128 5714 τῆς

556 5718 706 5792 [555]
742 5721 1052 5790 ἀπολογίας.
1106 5725 1276 5780 Πάλιν
1314 5729 1374 5781 τὸ
1409 5731 1532 5793 τοὺς
1568 5732 1878 5803 αίσχίστους
1911 5736 2124 5805 ἀφεῖναι

1241 327 1297 383 S.
1340 325 1627 384 JOANNIS
1664 323 2159 383 CHRYSOSTOMI
2208 325 2530 386 ARCHIEP.
2572 326 3119 387 CONSTANTINOP.
3628 336 3707 396 8-10

2210 446 2484 510 κολάσεως
2526 445 2621 500 καὶ
2656 445 2945 517 τιμωρίας,
2991 438 3102 498 οἷον
3147 441 3500 514 ἀνδροφόνους,
3528 445 3715 520 λῃστὰς,

2209 539 2627 613 τυμϐωρύχους,
2655 539 2896 602 καὶτοὺς
2924 539 3090 609 ἕτερα
3117 535 3336 590 τοιαῦτα
3359 537 3715 612 τετολμηκότας,

2214 631 2500 704 βασιλικῆς
2535 634 2652 686 ἐστι
2679 630 2990 702 φιλοτιμίας
3015 629 3204 701 μόνης.
3239 627 3350 683 Κᾶν
3377 629 3537 685 τοίνυν
3558 649 3629 698 τις
3653 636 3714 690 διο

2211 727 2438 796 καστὴς,
2456 725 2548 778 τὸν
2562 723 3028 779 καταδικασθέντα
3052 723 3223 794 χωρὶς
3253 721 3515 792 βασιλικῆς
3537 726 3716 798 γνώμης

2199 820 2390 895 ἀφεὶς,
2421 821 2741 893 ἐγκαλῆται,
2781 821 2876 875 καὶ
2924 818 3192 888 λέγεικαὶ
3224 818 3396 896 αὐτὸς,
3435 820 3509 873 ὅτι
3547 821 3717 894 Ἐπειδὴ

2209 913 2303 966 καὶ
2339 913 2592 982 βασιλεὺς
2643 912 2863 985 ἀφίησι,
2912 910 3071 981 κάγὼ
3103 910 3327 983 ἀφίημι,
3369 911 3428 964 ού
3475 912 3612 983 μόνον
3642 914 3716 968 οὐκ

2208 1003 2611 1060 ἀπαλλάττεται
2649 1005 2824 1076 τούτῳ
2867 1004 2947 1076 τῷ
2988 1005 3197 1076 τρόπῳ,
3242 1003 3376 1057 ἀλλά
3414 1003 3502 1056 καὶ
3542 1002 3718 1073 μείζονα

2210 1095 2434 1161 ἐξάπτει
2465 1097 2588 1152 καθ’
2638 1097 2832 1152 ἐαυτοῦ
2865 1098 2966 1166 τὴν
2997 1097 3168 1168 όργὴν
3187 1113 3202 1129 ο
3238 1096 3332 1150 καὶ
3365 1095 3500 1167 μάλα
3521 1097 3715 1160 είκότοκ.

2209 1191 2346 1246 Ούδέ
2373 1191 2480 1265 γάρ
2508 1192 2715 1250 δίκαιον
2758 1196 2817 1250 ἐν
2851 1196 2974 1257 ταῖς
3004 1191 3358 1266 παροινίαιςι
3390 1191 3477 1244 ἐπὶ
3516 1190 3600 1260 τὴν
3635 1190 3719 1243 τῶν

2212 1289 2477 1362 μειζόνων
2515 1290 2802 1346 αύθεντίαν
2858 1289 3253 1354 ἀναϐαίνοντας
3297 1289 3419 1353 τοὺς
3462 1288 3722 1342 ὑποδεεστέ-

2214 1397 2358 1452 ρους,
2411 1383 2618 1437 ἐκεῖθεν
2677 1384 2889 1446 ἑαυτοῖς
2941 1381 3269 1454 πορίζεσθαι
3312 1379 3409 1452 τὴν
3461 1378 3720 1446 ἀπολογίαν,

2209 1470 2397 1544 ἐπειδὴ
2438 1472 2595 1527 τοῦτο
2637 1472 2797 1546 ὕϐρις
2851 1472 3053 1544 μείζων
3100 1473 3249 1526 ἐστὶν
3277 1472 3355 1534 είς
3390 1470 3507 1535 τοὺς
3532 1467 3720 1540 ἐγχειρί-

2211 1577 2412 1628 σαντας
2450 1565 2634 1630 αὐτοῖς
2670 1565 2770 1636 τὴν
2803 1565 2998 1637 ἀρχὴν.
3032 1563 3132 1618 Διά
3159 1563 3320 1617 τοῦτο
3341 1562 3404 1617 ἂν
3440 1561 3528 1633 μὲν
3549 1559 3724 1614 ὑποδεέ-

2211 1672 2400 1728 στερος
2487 1675 2594 1722 τις,
2624 1657 2880 1711 οὐδέποτε
2909 1657 3099 1712 τοῦτον
3124 1656 3511 1726 ἀπολογήσεται
3534 1652 3612 1706 τὸν
3627 1650 3727 1722 τρό-

2185 1749 2344 1804 ’πονο
2377 1749 2474 1804 ἐάν
2515 1751 2574 1805 δὲ
2605 1750 2858 1822 βασιλεὺς
2881 1751 2977 1806 καὶ
3009 1751 3111 1822 τῆς
3147 1749 3323 1820 αὐτῆς
3349 1746 3420 1801 ὣν
3439 1747 3589 1814 ἀξίας,
3616 1741 3730 1814 μετά

2209 1843 2523 1916 παρρησίας
2542 1843 2702 1899 τοῦτο
2730 1845 2866 1916 ἐρεῖ.
2895 1844 2987 1908 Ὠς
3004 1844 3114 1914 γάρ
3132 1843 3166 1913 ή
3189 1842 3294 1914 τῆς
3319 1839 3484 1912 ἀρχῆς
3502 1838 3584 1909 μία
3595 1838 3733 1907 61:69-

2208 1935 2344 2009 οχὴ,
2382 1934 2525 1990 οὕτω
2571 1935 2666 1990 καὶ
2717 1936 2753 2007 ή
2787 1933 3006 2001 ἐξουσία
3041 1934 3140 2006 μία
3179 1931 3390 2002 γένοιτο
3429 1930 3490 1985 ἀν
3529 1928 3730 1990 εἰκότως.

2211 2026 2377 2081 Ὠστε
2421 2029 2488 2084 ἂν
2525 2031 2668 2100 φανῇ
2717 2045 2801 2090 τις
2844 2025 3020 2092 οὕτως
3066 2023 3512 2096 ἀπολογούμενος,
3559 2019 3733 2088 ἀνάγκη

2205 2123 2362 2177 ’πᾶσα
2382 2121 2482 2193 τῆς
2502 2122 2672 2192 αὐτῆς
2695 2120 2892 2188 ἀξίαςδ
2921 2115 3062 2174 εἷναι
3085 2117 3308 2190 ἐκείνῳ,
3336 2110 3395 2171 οὗ
3421 2114 3510 2185 τήν
3535 2111 3734 2177 ἐξουσίαν

2210 2214 2349 2288 ὑπὲρ
2375 2214 2569 2270 ἐαυτοῦ
2597 2214 2980 2287 προϐάλλεται.
3019 2210 3233 2267 οὐκοῦν
3263 2209 3446 2279 ἐπειδὴ
3476 2206 3560 2260 καὶ
3585 2205 3610 2256 6
3631 2204 3736 2274 Χρι-

2213 2304 2336 2370 στὸς
2372 2304 2543 2370 οὕτως
2585 2305 3057 2377 ἐδικαιολογήσατο
3094 2301 3238 2373 πρὸς
3281 2297 3570 2360 Ἰουδαίους,
3595 2295 3735 2363 ἀναμ-

2213 2397 2560 2472 φισϐητήτως
2583 2400 2715 2470 ἡμῖν
2738 2396 3040 2462 ἀπέδειξεν,
3069 2395 3152 2449 ὅτι
3175 2391 3284 2464 τῆς
3305 2391 3472 2461 αὐτῆς
3497 2386 3633 2453 ἀξίας
3649 2385 3739 2438 ἐστὶ

2210 2489 2289 2562 τῷ
2314 2491 2507 2563 Πατρὶ.
2537 2491 2648 2544 Καὶ
2676 2489 3096 2563 μεταγάγωμεν,
3118 2487 3168 2540 εί
3192 2485 3365 2546 δοκεῖ,
3395 2482 3456 2535 τδ
3482 2479 3739 2546 ὑπόδειγμα

2213 2582 2306 2637 ἐπὶ
2343 2582 2414 2638 τά
2453 2585 2676 2656 ῥήματα
2709 2584 2803 2637 τοῦ
2833 2579 3092 2654 Χριστοῦ,
3123 2580 3223 2632 καὶ
3255 2579 3316 2632 τὸ
3344 2575 3496 2649 ἔργον
3519 2573 3638 2642 ὅπερ
3655 2566 3745 2639 :19-

2212 2674 2438 2744 γάσατο.
2470 2675 2654 2729 Ἔστω
2680 2674 2859 2729 τοίνυν
2885 2672 2948 2726 τὸ
2979 2670 3096 2743 μετ’
3122 2668 3375 2735 ἐξουσίας
3400 2664 3549 2720 λῦσαι
3568 2660 3620 2714 τὸ
3642 2656 3744 2712 0&6-

2213 2767 2396 2836 ϐατον,
2434 2769 2573 2839 ὅπερ
2601 2769 2636 2839 ἡ
2673 2767 2932 2839 ἁλουργὶς
2958 2765 3053 2819 καὶ
3081 2762 3143 2817 τὸ
3166 2761 3412 2833 διάδημα
3441 2755 3529 2812 καὶ
3546 2753 3600 2808 :6
3625 2747 3748 2820 ἀφιέ-

2215 2877 2304 2914 ναι
2329 2862 2454 2926 τοὺς
2486 2859 2840 2924 ὑπευθύνους.

2285 2956 2499 3028 Ὠσπερ
2527 2951 2620 3011 οὖν
2639 2956 2826 3011 ἐκεῖνα
2849 2952 2928 3024 τῷ
2956 2951 3166 3025 βασιλεῖ
3194 2948 3349 3021 μόνῳ
3374 2945 3588 3010 gazam
3609 2933 3751 3028 “5'7"

2213 3050 2271 3104 66
2290 3048 2433 3120 ἄλλῳ
2448 3026 2558 3102 τῶν
2574 3048 2970 3120 ὑποκειμένων,
2993 3044 3088 3100 ἐὰν
3111 3043 3167 3098 66
3190 3045 3343 3113 φανῇ
3357 3056 3438 3102 τις
3454 3034 3608 3090 ποιῶν
3623 3026 3748 3120 αὐτὰ.

2217 3141 2314 3197 καὶ
2345 3119 2569 3207 δικαίως
2598 3119 2789 3206 ποιῶν,
2825 3141 3038 3212 ἀνάγκη
3083 3139 3342 3192 κάκεῖνον
3373 3129 3586 3205 βασιλέα
3612 3119 3749 3179 εἶναι·

2216 3232 2359 3286 οὕτω
2385 3232 2449 3305 δή
2476 3233 2568 3287 καὶ
2595 3233 2851 3299 ἐνταῦθα,
2880 3231 3066 3302 ἐπειδὴ
3089 3228 3344 3299 φαίνεται
3377 3223 3490 3296 μετ’
3514 3215 3755 3276 αύθεντίας

2217 3326 2388 3380 ταῦτα
2417 3325 2588 3380 ποιῶν
2619 3328 2648 3379 6
2675 3325 2929 3397 Χριστὸς,
2975 3320 3095 3377 εἶτα
3130 3317 3532 3390 ἐγκαλούμενος
3560 3311 3642 3366 τὸν
3664 3307 3757 3362 Ila-

2216 3419 2353 3490 τέρα
2393 3417 2754 3490 προϐάλλεται
2801 3416 2996 3486 λέγων,
3053 3413 3112 3467 '0
3163 3411 3365 3483 Πατήρ
3415 3424 3512 3478 μου
3540 3405 3634 3466 ἕως
3661 3401 3759 3472 ἄρτι

2220 3510 2532 3581 ἐργάζεται,
2557 3509 2773 3579 ἀνάγκη
2794 3510 2943 3562 πᾶσα
2971 3506 3065 3560 καὶ
3083 3503 3282 3558 τοῦτον
3312 3504 3427 3557 [σον
3453 3494 3583 3552 εἶναι
3603 3492 3762 3559 ἐκείνῳ

2219 3604 2296 3676 τῷ
2328 3603 2464 3675 μετά
2491 3602 2775 3666 αύθεντίας
2820 3599 3080 3654 ποιοῦντι.
3124 3596 3205 3650 Οὐ
3242 3595 3354 3666 γάρ
3383 3592 3469 3656 ἀν,
3499 3591 3546 3643 εί
3585 3587 3651 3658 μὴ
3675 3583 3762 3645 [σος

2219 3693 2286 3768 ἦν
2306 3694 2475 3766 αύτῷ,
2498 3693 2672 3765 τούτῳ
2691 3695 2790 3764 τῆς
2808 3682 3172 3758 δικαιολογίας
3206 3687 3482 3759 ἐχρήσατο
3501 3681 3574 3752 τῷ
3589 3677 3759 3768 τρόπῳ.

2220 3765 2332 3844 Καὶ
2353 3765 2440 3842 ἵνα
2470 3787 2800 3857 σαφέστερον
2837 3782 3043 3856 μάθητε
3069 3781 3130 3835 τὸ
3165 3779 3488 3849 λεγόμενον,
3523 3773 3697 3827 ἔλυσαν
3719 3765 3766 3817 τὸ

2224 3879 2492 3936 σάϐϐατόν
2517 3895 2647 3931 ποτε
2673 3877 2722 3929 οί
2752 3874 2990 3946 μαθηταὶ
3010 3873 3066 3927 ἐν
3088 3870 3167 3942 τῷ
3191 3869 3398 3924 τίλλειν
3419 3867 3541 3928 τοὺς
3568 3860 3765 3930 στάχυας

2220 3973 2316 4026 καὶ
2349 3969 2549 4024 ἐσθίειν
2593 3967 2652 4021 ἐν
2689 3964 2982 4034 σαϐϐάτῳο
3036 3961 3196 4014 ἔλυσε
3232 3959 3330 4013 καὶ
3369 3957 3530 4018 αὐτὸς
3557 3952 3667 4008 νῦν·
3701 3949 3768 4000 ὲν-

2223 4064 2487 4118 εκάλεσαν
2502 4059 2775 4121 κάκείνοις
2788 4058 2837 4110 οί
2864 4056 3125 4120 Ἰουδαῖοι,
3148 4052 3482 4106 ἐνεκάλεσαν
3504 4048 3590 4101 καὶ
3606 4042 3765 4110 τούτῳ.

2227 4158 2454 4225 ’ῐδωμεν
2487 4152 2604 4216 πῶς
2631 4151 2730 4223 μὲν
2762 4150 2903 4221 ὑπὲρ
2927 4147 3149 4202 ἐκείνων
3201 4144 3572 4213 ἀπολογεῖται,
3607 4132 3770 4225 πῶςὸἐ

2225 4221 2369 4318 ὑπὲρ
2397 4247 2591 4298 ἑαυτοῦ
2611 4221 2641 4274 ’⁷
2664 4243 2749 4296 ἴνα
2776 4243 2842 4296 ἐκ
2862 4240 2964 4311 τῆς
2993 4239 3264 4307 διαφορᾶς
3286 4234 3389 4307 τὴν
3417 4230 3674 4305 ὑπεροχὴν
3697 4221 3769 4277 καὶ

2223 4339 2324 4409 τὴν
2354 4336 2649 4404 ἀπολογίαν
2675 4332 2840 4387 αύτοῦ
2883 4325 3084 4403 μάθῃς.
3121 4328 3250 4392 Πῶς
3276 4324 3373 4382 οὖν
3407 4327 3546 4397 ὑπὲρ
3582 4321 3771 4376 ἐκείνων

2223 4429 2598 4497 ἀπολογεῖται;
2621 4429 2743 4481 οὐκ
2777 4424 3071 4494 ἀνέγνωτε
3101 4423 3158 4494 τι
3183 4421 3444 4488 ἐποίησε
3477 4414 3664 4477 Δαυϊδ,
3695 4410 3770 4462 ὅτε

2223 4520 2576 4584 ἐπείνασεν;
2613 4519 2781 4572 Ὀταν
2812 4517 2908 4588 μὲν
2941 4514 3049 4587 γὰρ
3079 4513 3221 4587 ὑπὲρ
3249 4512 3364 4566 τῶν
3393 4509 3587 4563 δούλων
3613 4503 3772 4559 ἀπολο-

2225 4616 2407 4686 γῆται,
2439 4612 2533 4665 ἐπὶ
2575 4610 2668 4664 τὸν
2703 4607 2983 4663 σύνδουλον
3015 4606 3197 4660 αὐτῶν
3233 4601 3573 4672 καταφεύγει
3612 4594 3768 4652 Δαυῖδ⁶

2223 4707 2350 4760 ὅταν
2380 4706 2435 4760 δὲ
2463 4705 2599 4774 ὑπὲρ
2625 4702 2840 4767 ἑαυτοῦ,
2873 4701 2964 4754 ἐπὶ
2994 4699 3084 4753 τὸν
3116 4698 3345 4767 Πατέρα
3391 4696 3579 4762 ἀνάγει
3604 4691 3686 4744 τὸν
3707 4687 3774 4740 λό-

2192 4817 2350 4871 ,γονο
2398 4799 2462 4852 '0
2491 4795 2692 4864 Πατήρ
2729 4813 2846 4866 μου
2894 4791 3211 4864 ἐργάζεται,
3263 4791 3433 4860 κάγὼ
3486 4782 3768 4857 ἐργάζομαι.

2227 4894 2338 4949 Καὶ
2385 4890 2544 4944 ποίαν
2589 4887 2848 4960 ἐργασίαν
2875 4885 3053 4954 λέγει;
3100 4883 3233 4946 ἴσως
3270 4882 3422 4934 είποι
3454 4899 3534 4944 τις
3573 4879 3658 4932 ἄν·
3697 4873 3772 4927 Ἐν

2227 4986 2336 5056 γὰρ
2373 4982 2442 5048 ἐξ
2483 4980 2732 5052 ἡμέραις
2765 4977 3144 5032 κατέπαυσεν
3171 4977 3205 5028 ό
3240 4973 3393 5039 Θεὸς
3423 4971 3542 5069 ἀπό
3573 4968 3770 5069 πάντες

2226 5074 2345 5129 τῶν
2374 5077 2564 5142 ἔργων
2599 5071 2786 5127 αὑτοῦ
2807 5085 2822 5101 ο
2851 5069 2948 5140 τὴν
2998 5065 3386 5137 καθημερινὴν
3429 5062 3686 5134 πρόνοιαν.
3715 5058 3769 5106 Οὐ

2227 5168 2336 5241 γὰρ
2361 5168 2653 5238 παρήγαγε
2686 5163 2848 5234 μόνον
2871 5161 2971 5230 τὴν
3002 5158 3200 5219 κτίσιν,
3237 5156 3381 5210 ἀλλά
3400 5156 3494 5209 καὶ
3521 5145 3768 5246 παραχθεί-

2229 5279 2330 5315 σαν
2391 5260 2563 5328 αὐτὴν
2617 5255 2939 5326 συγκροτεῖο
2995 5250 3099 5304 κᾶν
3153 5247 3432 5317 ἀγγέλους
3479 5244 3654 5342 εἴπης,

2228 5352 2622 5428 ἀρχαγγέλους,
2641 5348 2744 5403 κᾶν
2758 5345 2858 5408 τὰς
2883 5345 2993 5399 ἄνω
3007 5341 3293 5410 δυνάμεις,
3313 5340 3422 5393 κᾶν
3438 5334 3773 5430 πάντα

2226 5426 2296 5501 τά
2318 5445 2486 5518 ὁρατά
2519 5443 2615 5497 καὶ
2640 5440 2712 5495 τά
2742 5441 2972 5510 ἀόρατα,
2998 5438 3097 5508 τῆς
3131 5434 3400 5506 προνοίας
3431 5426 3676 5486 ἀπολαύει
3699 5426 3777 5489 τῆς

2229 5540 2438 5594 ἐκείνου
2456 5555 2470 5570 ο
2503 5537 2606 5591 κᾶν
2645 5535 2830 5608 ἔρημα
2854 5532 3080 5603 γένηται
3109 5530 3207 5599 τῆς
3257 5527 3543 5598 ἐνεργείας
3573 5519 3776 5586 ἐκείνης,

2293 5681 2316 5710 ⁸
2343 5679 2490 5728 Sevi].
2518 5681 2572 5726 et
2593 5670 3079 5740 Μοτειηπαροιιμίαις,
3100 5669 3227 5740 βςε.
3254 5665 3537 5740 παροινίαις.

2296 5741 2321 5781 b
2351 5742 2472 5803 Reg.
2497 5747 2579 5798 τῆς
2601 5740 2743 5797 αὐτῆς
2769 5727 2996 5795 ἐξουσίας,
3022 5739 3071 5782 ει
3098 5727 3221 5780 infra
3238 5727 3490 5778 similiter.
