3980 6184
251 321 353 378 809

257 446 552 518 operibus:
584 462 688 502 non
719 463 814 518 per
833 460 1108 502 sermones
1127 487 1143 511 ,
1166 445 1259 501 sed
1289 460 1382 515 per
1407 459 1493 498 res
1523 443 1686 513 ipsas.
1723 441 1836 496 Ma-

259 538 514 594 nifestam
542 540 706 602 enim,
728 547 782 593 et
803 538 870 592 de
897 552 999 607 qua
1028 537 1220 607 ambigi
1252 552 1358 592 non
1384 543 1601 605 posset,
1638 548 1750 603 pra!
1780 547 1839 586 se

1016 329 1131 386 -ὒΕ
1168 329 1431 385 CHRISTI
1472 325 1878 391 DlVlNlTATE,
1922 324 2192 381 CONTRA
2234 324 2587 382 ANOMOEOS
2650 325 2764 380 ΧΠ.

2378 118 2404 179 κ

3419 326 3522 381 διο

1950 439 2156 495 ltursus
2194 440 2614 510 flagitiosissimis
2654 441 2953 496 hominibus
2988 457 3198 512 paruam
3236 458 3296 496 ac
3325 443 3520 514 suppli-

1947 529 2087 583 cium
2114 532 2403 597 remittere,
2428 541 2483 585 ut
2505 531 2803 598 homicidis,
2827 531 3135 597 latronibus,
3162 536 3523 602 St‘ptticrttrtlttt

259 630 469 685 ferebat
496 629 1024 694 demonstrationem,
1055 636 1109 682 et
1132 627 1274 696 quod
1304 626 1511 681 diccbat
1534 666 1550 691 ,
1583 625 1698 693 ipso
1726 637 1844 677 ουτ·
1877 613 1894 632 ⁸
1948 620 2308 689 effossoribns,
2338 632 2389 676 et
2414 625 2653 684 C(EICI'iS,
2683 624 2771 692 qui
2801 623 2925 677 talia
2951 623 3191 690 quendam
3223 636 3530 694 perpetrare

259 736 398 793 pore
426 721 757 776 ostendebat.
789 720 912 774 Post
941 721 1049 774 lucc
1075 720 1259 774 invenit
1286 736 1398 772 eunt
1422 718 1572 772 Jesus
1599 758 1614 781 ,
1644 726 1690 771 et
1717 716 1845 769 dixit

1950 712 2063 766 ausi
2094 723 2216 766 sunt
2239 755 2252 778 ,
2287 714 2451 768 solius
2493 715 2844 783 imperatoria:
2887 715 3142 784 largitatis
3171 725 3273 771 est.
3305 718 3456 783 Quod
3484 721 3527 773 si

263 809 355 864 illi
371 807 540 863 :Ecce
557 825 722 864 sanus
743 810 912 881 fartus
925 824 1011 872 es;
1020 812 1133 881 jam
1159 811 1264 864 noli
1282 825 1517 880 peccare,
1541 825 1603 862 ne
1630 808 1848 862 deterius
1947 804 2108 874 judex
2139 805 2398 875 quispiam
2435 805 2736 860 danmatum
2767 807 2880 861 sine
2907 807 3240 876 Imperatoris
3269 813 3532 866 sententia

261 900 351 952 tibi
366 899 566 970 aliquid
585 901 835 970 contingat
861 898 1212 969 (Joan.5.ﬂ).
1234 898 1419 953 Vidisti
1439 898 1628 952 medici
1641 897 1852 966 sapien-

261 987 434 1042 tiam?
475 987 666 1043 Vidisti
709 987 1134 1058 providentiam?
1173 987 1289 1042 Non
1335 988 1508 1042 solum
1537 1001 1568 1041 a
1603 985 1849 1056 praesenti

257 1079 456 1134 morbo
483 1079 748 1144 liberavit,
777 1079 869 1133 sed
899 1080 1058 1134 etiam
1080 1079 1251 1133 munit
1279 1077 1330 1132 in
1353 1087 1624 1149 posterum
1647 1118 1662 1144 ,
1694 1077 1852 1145 idque

261 1180 682 1240 peropportune.
712 1170 842 1225 Nam
867 1171 992 1225 dum
1031 1171 1121 1224 ille
1154 1171 1356 1238 jaceret
1401 1170 1452 1223 in
1490 1169 1627 1224 lecto
1652 1208 1668 1235 ,
1715 1169 1846 1221 nihil

257 1261 532 1330 ejusmodi
557 1262 711 1327 dixit,
735 1276 840 1316 non
869 1262 940 1316 illi
975 1271 1185 1330 peccata
1212 1261 1264 1315 in
1296 1259 1604 1315 memoriam
1630 1272 1843 1313 revoca-

264 1352 376 1418 vit;
412 1367 658 1407 morosus
687 1353 829 1407 enim
862 1351 1256 1422 quodammodo
1275 1392 1290 1414 ,
1319 1365 1385 1406 ac
1432 1348 1748 1405 miserabilis
1774 1359 1856 1401 est

260 1444 638 1513 tegmtantium
655 1443 883 1496 animus.
905 1442 1003 1498 Ubi
1016 1451 1190 1497 autem
1209 1441 1410 1512 expulit
1425 1439 1852 1502 invaletudinem,

264 1534 364 1589 ubi
405 1535 679 1589 sanitatem
702 1533 948 1599 reduxit,
987 1533 1075 1588 ubi
1105 1533 1386 1602 potentiae,
1427 1541 1480 1586 et
1507 1528 1852 1601 providentia:

261 1638 386 1678 suae
406 1624 911 1679 demonstrationem
938 1639 1100 1694 opere
1123 1622 1376 1693 praebuit;
1405 1629 1530 1677 tunc
1555 1634 1848 1690 peroppor-

265 1721 401 1768 tune
425 1714 706 1768 consilium
733 1715 1187 1784 monitionemque
1214 1712 1449 1777 adhibet,
1477 1727 1597 1766 cuin
1619 1711 1728 1780 jam
1755 1711 1860 1766 fide

225 1822 239 1842 ε
261 1802 491 1874 dignum
516 1819 577 1859 se
600 1804 852 1874 operibus
889 1804 1016 1874 ipsis
1050 1804 1392 1860 ostendisset.
1433 1802 1542 1857 Cur
1575 1803 1740 1872 igitur
1769 1801 1860 1858 ille

262 1895 458 1951 abiens
488 1895 828 1952 manifestum
859 1897 1029 1966 ipsum
1062 1896 1188 1951 fecit
1213 1894 1451 1950 Judaais?
1473 1894 1734 1949 Nimirum
1767 1908 1860 1948 cu-

267 1987 423 2058 piens
435 2002 535 2043 eos
545 1987 743 2044 habere
752 1989 1036 2060 participes
1047 2003 1187 2042 verte
1198 1987 1544 2052 doctrinaeAt
1561 1986 1630 2041 illi
1647 1995 1862 2058 propter

269 2076 415 2132 hanc
432 2077 604 2148 ipsam
623 2093 837 2133 causam
857 2079 1002 2134 illum
1019 2079 1259 2142 oderant,
1290 2079 1480 2147 inquit,
1498 2088 1552 2131 et
1575 2092 1860 2148 perseque-

266 2167 488 2223 bantur.
501 2168 614 2224 Hoc
629 2169 756 2223 mihi
775 2169 892 2224 loco
925 2178 1156 2226 mentem
1196 2168 1463 2225 adhibete.
1498 2169 1592 2224 Hic
1611 2167 1750 2224 enim
1779 2177 1862 2222 to-

271 2270 388 2314 tum
403 2270 485 2315 est
504 2270 798 2316 certamen.
826 2260 1097 2331 PrOpterea
1116 2260 1261 2315 illum
1279 2260 1710 2331 persequebantur,
1743 2259 1862 2327 quia

265 2350 382 2404 Ιια
398 2350 612 2420 faciebat
629 2352 682 2404 in
701 2351 904 2406 sabbato
921 2349 1025 2423 (Ib.
1043 2368 1092 2406 υ.
1109 2350 1218 2420 16).
1239 2350 1522 2405 Videamus
1545 2350 1862 2420 igitur,quo-

265 2440 439 2497 modo
453 2455 515 2496 se
526 2441 796 2498 defendat.
822 2441 1152 2497 Defensionis
1171 2441 1314 2497 enim
1327 2441 1514 2496 modus
1526 2441 1861 2510 perspicuum

266 2531 432 2586 nobis
460 2530 615 2596 facit,
649 2542 824 2586 utrum
873 2533 962 2588 ille
995 2533 1064 2586 sit
1083 2547 1217 2588 unus
1236 2532 1593 2602 sulijectorum
1622 2548 1688 2585 an
1728 2529 1862 2585 libe-

264 2638 460 2679 rorum
483 2665 502 2692 ,
530 2635 706 2680 utrum
726 2627 1136 2682 ministrantium
1151 2641 1217 2680 an
1237 2626 1627 2696 imperantium.
1647 2625 1863 2681 Factum

267 2718 412 2772 illud
460 2720 747 2774 maximam
776 2720 906 2792 legis
932 2720 1402 2790 transgressionem
1431 2735 1540 2790 prre
1555 2734 1615 2774 se
1643 2719 1862 2774 ferebat.

261 2809 839 2881 0|imenim,quiligna
858 2813 910 2866 in
939 2811 1160 2867 sabbato
1187 2811 1495 2881 collegerat,
1521 2821 1737 2882 propter
1765 2811 1866 2866 hoc

266 2899 455 2968 ipsum
478 2900 737 2969 lapidatus
757 2910 840 2957 est
863 2944 877 2970 ,
926 2901 1066 2973 quod
1095 2917 1256 2957 onera
1283 2911 1518 2972 portaret
1543 2903 1594 2956 in
1645 2901 1865 2956 sabbato

263 2989 472 3060 (Num.
511 2993 594 3048 l5.
633 2992 704 3048 32
727 2993 909 3068 —56).
948 2996 1059 3050 Hoc
1080 3011 1324 3065 magnum
1353 2996 1552 3050 crimen
1580 2994 1867 3064 objicieba-

265 3092 360 3137 tur
390 3080 628 3147 Christo,
647 3085 790 3154 quod
818 3085 1091 3140 sabbatqu
1108 3086 1358 3140 solveret.
1378 3084 1661 3140 Videamus
1682 3084 1863 3154 igitur,

269 3189 414 3228 num
445 3175 583 3228 forte
613 3177 839 3244 prinmm
883 3176 1088 3231 veniam
1113 3185 1256 3246 petat
1285 3185 1340 3230 ut
1365 3191 1547 3232 servus
1577 3190 1639 3230 ac
1685 3175 1866 3244 subje-

261 3273 425 3326 ctus,
445 3281 513 3317 an
538 3275 802 3334 tamquam
825 3277 1138 3334 potestatem
1167 3266 1368 3322 habens
1393 3276 1445 3322 et
1472 3268 1861 3330 auctoritatem,

263 3354 529 3408 ostendat
569 3371 628 3410 se
675 3356 954 3411 Dominum
996 3367 1152 3427 atque
1199 3373 1320 3412 eum
1354 3399 1369 3424 ,
1417 3359 1504 3428 qui
1536 3359 1778 3426 superior
1797 3359 1866 3413 sit

266 3445 419 3516 lege,
450 3461 515 3500 ac
544 3449 911 3519 mandataipse
939 3449 1180 3504 dederit?
1206 3450 1481 3517 Quomodo
1498 3451 1653 3521 igitur
1677 3465 1735 3506 se
1763 3450 1863 3505 de-

266 3534 494 3590 fendit?
523 3535 676 3589 Pater
709 3554 848 3592 meus
872 3577 886 3602 ,
925 3539 1092 3609 inquit
1121 3580 1135 3605 ,
1166 3555 1320 3607 usque
1344 3539 1491 3592 modo
1518 3549 1753 3610 aperatur
1776 3581 1790 3604 ,
1818 3550 1865 3594 et

263 3643 363 3699 ego
397 3643 578 3697 operor
604 3627 792 3694 (Joan.
832 3629 885 3683 5.
905 3627 1030 3700 17).
1058 3628 1248 3684 Vidisti
1283 3630 1680 3684 auctoritatem.
1708 3629 1860 3698 Quod

265 3719 312 3772 si
351 3717 680 3772 imbecillior
699 3728 754 3774 et
779 3719 952 3774 minor
976 3727 1120 3774 esset
1147 3720 1321 3785 Patre,
1356 3719 1458 3776 hoc
1487 3721 1628 3791 quod
1659 3721 1866 3776 dixerat

269 3819 486 3862 L’tttlllltt
517 3811 666 3864 abest
689 3823 744 3865 ut
770 3812 1063 3866 defensioni
1090 3822 1270 3882 aptum
1291 3815 1382 3882 sit,
1411 3823 1466 3868 ut
1496 3814 1664 3885 majus
1691 3817 1864 3884 potius

266 3904 486 3955 crimen
511 3902 578 3955 sit
606 3910 660 3956 et
687 3905 911 3972 graviori
938 3905 1224 3959 obnoxium
1251 3906 1594 3960 accusationi.
1614 3907 1862 3974 Quoties-

268 4008 510 4062 cumque
535 3994 676 4046 enim
703 3995 823 4063 quis
857 3995 982 4049 illud
1009 3994 1187 4059 faciat,
1215 3997 1356 4066 quod
1382 3998 1479 4051 soli
1505 3999 1859 4067 prtestantiori

271 4083 437 4136 liceat
470 4082 646 4138 facere
673 4126 688 4150 ,
742 4085 933 4140 deinde
974 4087 1342 4156 deprehensus
1386 4100 1667 4145 accusetur
1699 4133 1714 4156 ,
1754 4093 1866 4161 ipse

270 4190 408 4225 vero
440 4174 511 4226 ita
555 4174 692 4228 dicat
719 4216 734 4242 ,
763 4178 1010 4243 quoniam
1040 4180 1374 4247 praestantior
1403 4179 1527 4235 fecit
1550 4222 1564 4246 ,
1595 4181 1792 4236 idcirco
1813 4191 1868 4238 et

271 4280 377 4331 ego
410 4265 551 4328 feci;
609 4282 712 4319 non
743 4267 912 4320 solum
941 4283 1046 4321 non
1066 4269 1281 4337 expedit
1312 4283 1371 4324 se
1411 4270 1478 4325 ab
1504 4271 1730 4341 objectis
1758 4273 1864 4326 cri-

273 4358 532 4420 minibus,
560 4357 662 4412 hoc
689 4358 1018 4414 defensionis
1042 4361 1221 4426 modo,
1253 4362 1346 4416 sed
1377 4363 1534 4417 etiam
1567 4364 1755 4432 majori
1783 4380 1866 4419 re-

277 4447 626 4517 prehensioni
668 4458 826 4518 atque
868 4451 1193 4505 accusationi
1241 4453 1526 4506 obnoxium
1571 4467 1632 4508 se
1670 4454 1864 4508 reddit.

279 4538 560 4607 Superbia:
601 4541 741 4594 enim
783 4551 837 4597 et
876 4545 1192 4612 arrogantiae
1231 4552 1315 4600 est
1361 4547 1562 4616 majora
1596 4545 1867 4617 suscipere

280 4627 540 4694 dignitate
568 4644 684 4684 sua.

353 4721 541 4776 Christi
569 4722 801 4778 divinitas
826 4725 1080 4778 asseritur.
1112 4755 1182 4766 —
1221 4726 1360 4798 Ergo
1395 4725 1638 4782 Christus
1661 4727 1867 4782 etiamsi

275 4812 504 4866 inferior
534 4811 749 4880 fuisset,
782 4823 984 4870 tantum
1011 4817 1223 4884 aberat,
1247 4827 1305 4872 ut
1325 4834 1441 4888 quae
1461 4819 1867 4892 dicebatgipsum

275 4906 669 4971 defenderent,
701 4915 759 4962 ut
782 4909 958 4978 potius
981 4908 1191 4979 gravius
1217 4911 1653 4966 condemnarent.
1674 4912 1867 4968 Verum

276 4998 537 5068 quoniam
566 4999 707 5054 Patri
736 5002 953 5071 tequalis
979 5012 1125 5070 erat,
1173 5013 1451 5073 propterea
1482 5006 1677 5060 nullam
1703 5007 1872 5061 admi-

275 5090 354 5142 sit
379 5089 613 5157 culpam.
635 5093 711 5144 Ac
737 5091 779 5145 si
802 5092 980 5157 vultis,
999 5094 1241 5162 exemplo
1267 5096 1597 5164 perspicuum
1626 5096 1776 5150 vobis
1797 5096 1871 5150 fa-

273 5180 427 5236 ciam
469 5181 517 5235 id
535 5180 830 5250 quoddico.
862 5183 970 5238 Soli
1013 5183 1318 5254 Imperatori
1347 5185 1468 5240 licet
1495 5196 1704 5256 gestare
1735 5203 1862 5256 pur-

276 5286 477 5341 puram
507 5283 561 5326 et
583 5273 824 5327 diadema
864 5274 915 5328 in
950 5276 1122 5344 capite
1143 5316 1157 5340 ,
1188 5287 1444 5346 praeterea
1473 5279 1690 5332 nemini.
1725 5279 1864 5349 Ergo

276 5362 328 5416 si
365 5377 503 5415 unus
527 5378 556 5416 e
585 5363 760 5417 multis
786 5364 925 5418 hunc
950 5374 1193 5420 ornatum
1215 5375 1450 5437 gestans,
1477 5367 1668 5424 deinde
1693 5370 1759 5424 ad
1783 5371 1872 5424 tri-

277 5454 450 5508 bunal
477 5455 766 5523 perductus
796 5457 865 5510 ita
895 5457 1067 5524 dicat,
1101 5458 1221 5528 quia
1254 5459 1544 5529 Imperator
1572 5460 1870 5530 hujusmndi

278 5557 537 5600 ornatum
559 5556 745 5618 gestat,
763 5561 1042 5619 propterea
1071 5567 1169 5622 ego
1194 5552 1351 5606 etiam
1380 5562 1548 5622 gesto,
1573 5569 1675 5606 non
1699 5553 1870 5608 solum

285 5640 394 5693 hoc
413 5639 738 5696 defensionis
766 5643 924 5698 modo
950 5658 1052 5698 non
1077 5658 1136 5699 se
1156 5643 1317 5699 libera
1328 5653 1406 5700 ret
1425 5645 1492 5698 ab
1517 5645 1870 5712 accusatione,

289 5730 391 5784 sed
431 5737 684 5804 majorem
727 5749 934 5803 ρωιιωιι
977 5752 1038 5790 ac
1078 5737 1389 5808 supplicium
1420 5737 1517 5794 sibi
1553 5748 1866 5794 accerseret.

1952 895 2243 960 dimittens,
2273 906 2571 960 accusetur,
2604 905 2657 951 et
2685 897 2824 951 dicat
2852 900 3008 952 etiam
3040 899 3151 968 ipse
3172 940 3184 960 ,
3216 914 3313 966 ego
3335 899 3532 966 dimisi,

1952 985 2202 1053 quoniam
2250 983 2540 1054 Imperator
2579 985 2792 1040 dimittit
2819 1028 2835 1052 ,
2867 1003 2970 1041 non
3001 990 3167 1042 solum
3199 989 3298 1044 hac
3329 992 3533 1044 ratione

1954 1076 2172 1131 minime
2199 1091 2257 1131 se
2283 1076 2509 1141 liberat,
2539 1078 2631 1132 sed
2670 1079 2828 1132 etiam
2864 1080 3116 1148 majorem
3148 1095 3270 1150 erga
3302 1095 3359 1136 se
3402 1083 3528 1134 iram

1954 1166 2213 1231 accendit,
2246 1176 2300 1222 et
2322 1167 2444 1236 jure
2472 1168 2704 1237 quidem.
2739 1168 2850 1222 Non
2878 1171 3016 1223 cnitn
3046 1186 3252 1238 aequum
3280 1181 3383 1236 est,
3412 1186 3533 1225 cum

1955 1255 2233 1311 inferiores
2259 1257 2310 1312 in
2342 1258 2642 1312 temulentis
2683 1258 2818 1314 forte
2855 1261 3334 1330 compotationibus
3364 1263 3414 1314 in
3442 1277 3532 1315 su-

1958 1348 2219 1416 periorem
2249 1350 2615 1404 auctoritatem
2657 1351 2947 1418 irruerint,
2995 1362 3171 1420 postea
3213 1369 3280 1407 ex
3327 1355 3534 1408 illorum

1959 1453 2140 1504 more,
2174 1447 2230 1493 et
2257 1439 2393 1494 facto
2416 1440 2514 1494 sibi
2555 1441 2683 1510 ipsis
2715 1457 2906 1511 parare
2943 1441 3330 1498 defensionem.
3373 1445 3539 1514 Major

1959 1529 2100 1582 enim
2131 1528 2245 1582 hare
2269 1529 2589 1584 contumelia
2611 1539 2692 1585 est
2721 1531 2772 1584 in
2793 1546 2906 1596 eos,
2931 1533 3018 1602 qui
3042 1534 3387 1601 principatum
3411 1535 3538 1603 ipsis

1963 1618 2310 1675 tradiderunt.
2343 1620 2474 1692 Ideo
2509 1622 2554 1674 si
2584 1623 2704 1690 quis
2736 1621 2954 1676 inferior
2981 1623 3080 1690 sit,
3111 1639 3394 1692 ntimquam
3442 1623 3540 1676 hac

1959 1711 2043 1764 sui
2073 1710 2386 1765 defendendi
2418 1712 2622 1766 ratione
2651 1721 2855 1777 utetur;
2887 1714 2970 1766 sin
2996 1722 3170 1768 autem
3199 1715 3266 1766 sit
3308 1715 3542 1782 Impera.-

1963 1813 2047 1856 tor
2069 1845 2085 1870 ,
2116 1812 2171 1857 et
2196 1803 2383 1858 eadem
2417 1803 2667 1874 prmditus
2690 1804 2944 1874 dignitate
2966 1846 2982 1870 ,
3025 1804 3251 1860 fidenter
3289 1805 3341 1858 id
3378 1806 3540 1860 dicet.

1962 1893 2171 1948 Etenim
2212 1892 2655 1963 quemadmodum
2695 1893 2878 1950 eadem
2915 1902 2996 1948 est
3035 1894 3088 1948 in
3117 1904 3341 1964 utroque
3368 1897 3544 1950 excel-

1964 1984 2081 2039 lens
2107 1984 2399 2054 amplitudo
2429 1986 2773 2055 priucipatus,
2807 1986 2876 2040 ita
2907 1985 3068 2040 etiam
3093 1986 3279 2040 eadem
3309 1987 3544 2040 auctori-

1964 2089 2046 2133 tas
2069 2093 2132 2133 ac
2156 2079 2364 2134 licentia
2395 2093 2514 2134 esse
2542 2078 2719 2133 debet.
2742 2077 3096 2146 Quamobrem
3123 2079 3168 2132 si
3196 2078 3414 2134 exsismt
3443 2078 3541 2131 alio

1961 2169 2084 2239 quis
2106 2210 2119 2234 ,
2160 2169 2249 2238 qui
2279 2169 2379 2224 hac
2414 2185 2474 2224 se
2507 2170 2714 2224 ratione
2747 2167 3037 2235 defendat,
3070 2183 3289 2224 necesse
3327 2170 3544 2222 omnino

1964 2273 2065 2330 est,
2085 2265 2322 2320 eamdem
2343 2265 2648 2335 dignitatem
2670 2266 2860 2321 habeat
2874 2275 3030 2336 atque
3049 2266 3156 2332 ille,
3182 2264 3333 2334 cujus
3356 2272 3512 2333 poten
3528 2293 3543 2301 -

1971 2363 2096 2411 tiam
2127 2357 2192 2411 ad
2223 2373 2370 2412 suam
2401 2358 2765 2414 defensionem
2796 2358 3095 2430 praetendit.
3129 2358 3348 2427 Quando
3388 2358 3544 2428 igitur

1963 2449 2210 2506 Christus
2248 2450 2346 2506 hac
2383 2452 2591 2508 ratione
2633 2451 2756 2507 facti
2792 2452 2874 2506 sui
2911 2452 3170 2522 justitiam
3202 2467 3320 2508 cum
3348 2451 3544 2506 Judazis

1965 2539 2236 2596 disserens
2252 2540 2557 2608 declaravit,
2571 2543 2686 2597 sine
2705 2542 2865 2598 dubio
2885 2543 3037 2597 nobis
3056 2543 3286 2597 ostendit
3305 2543 3543 2610 ejusdem

1965 2646 2025 2686 se
2049 2646 2168 2687 esse
2195 2631 2466 2702 dignitatis
2488 2648 2607 2686 cum
2636 2633 2813 2687 Patre.
2843 2633 2920 2687 Ac
2945 2633 2987 2686 si
3019 2633 3178 2696 libet,
3211 2633 3547 2685 conferamus

1965 2723 2180 2777 allatum
2208 2723 2507 2792 exemplum
2535 2737 2654 2778 cum
2676 2723 2850 2776 verbis
2869 2731 2924 2778 et
2949 2721 3084 2777 facto
3104 2722 3320 2776 Christi.
3347 2721 3426 2776 Sit
3453 2721 3548 2790 igi-

1968 2823 2054 2867 tur
2081 2813 2243 2879 idem,
2272 2815 2485 2870 solvere
2515 2829 2612 2884 pro
2637 2813 2950 2870 auctoritate
2983 2814 3258 2869 sabbatum
3279 2855 3296 2880 ,
3325 2828 3385 2867 ac
3419 2828 3545 2882 pur-

1968 2917 2118 2972 pura.
2141 2901 2403 2967 diadema,
2432 2912 2484 2958 et
2509 2919 2723 2957 reorum
2751 2903 3012 2957 dimissio.
3436 2890 3442 2898 ’

2036 2992 2287 3048 Christum
2306 2993 2451 3046 Patri
2465 2993 2706 3062 (aqualem
2719 3011 2825 3048 esse
2841 2981 3172 3064 probatur.—
3186 2993 3518 3061 Quemadtuo
3528 3023 3548 3035 -

1966 3085 2091 3139 dum
2119 3085 2277 3154 igitur
2311 3085 2410 3140 soli
2441 3086 2751 3153 Imperatori
2796 3086 2881 3140 illa
2913 3087 3110 3153 licent,
3144 3087 3341 3140 nemini
3369 3094 3546 3140 autem

1967 3176 2324 3246 subjectorum
2349 3218 2362 3242 ,
2395 3192 2457 3230 ac
2483 3177 2527 3231 si
2552 3177 2671 3247 quis
2695 3177 2880 3232 eadem
2909 3177 3176 3240 faciat,.ac
3200 3177 3320 3246 jure
3350 3177 3504 3232 faciat
3529 3219 3544 3241 ,

1967 3267 2113 3321 illum
2138 3284 2346 3356 quoque
2375 3269 2750 3339 Imperatorem
2778 3284 2898 3324 esse
2927 3283 3143 3324 necesse
3164 3278 3265 3334 est,
3298 3270 3366 3323 ita
3388 3270 3546 3322 etiam

1967 3360 2068 3416 hac
2093 3361 2144 3416 in
2166 3377 2244 3427 re,
2269 3361 2518 3431 quoniam
2547 3361 2598 3416 in
2625 3373 2967 3430 conspectum
2995 3377 3052 3416 se
3073 3361 3161 3416 dat
3179 3360 3420 3416 Christus
3448 3361 3546 3415 ista

1971 3467 2069 3521 pro
2093 3454 2404 3508 auctoritate
2457 3452 2658 3508 faciens
2676 3494 2692 3521 ,
2723 3467 2787 3508 ac
2815 3451 3006 3507 deinde
3033 3463 3310 3507 accusatus
3338 3452 3546 3506 Patrem

1968 3543 2246 3612 praetendit
2269 3544 2338 3597 ita
2359 3542 2562 3609 dicens,
2595 3541 2751 3596 Pater
2775 3559 2912 3596 meus
2937 3559 3094 3613 usque
3122 3542 3270 3596 modo
3291 3552 3548 3612 aperamr;

1969 3634 2329 3688 necessarium
2361 3649 2579 3703 prorsus
2604 3643 2686 3688 est
2710 3675 2724 3699 ,
2754 3643 2808 3687 et
2838 3633 2975 3688 hunc
2996 3634 3253 3703 aequalem
3285 3633 3358 3686 illi
3389 3647 3510 3688 esse
3530 3665 3546 3696 »,

1967 3724 2056 3794 qui
2086 3741 2182 3794 pro
2207 3726 2519 3779 auctoritate
2557 3723 2735 3778 faciat.
2776 3723 2890 3778 Non
2921 3723 3062 3777 enim
3093 3723 3191 3777 nisi
3219 3724 3436 3792 argualis
3466 3739 3549 3777 es-

1966 3824 2086 3880 set,
2115 3815 2216 3870 hoc
2244 3815 2325 3870 sui
2369 3814 2488 3868 facti
2518 3813 2778 3884 probandi
2817 3813 2976 3868 modo
3005 3821 3261 3868 uteretur.
3290 3813 3464 3882 Atque
3494 3825 3550 3866 ut

1967 3911 2160 3964 clarius
2187 3911 2516 3980 cognoscatis
2539 3926 2656 3978 qua:
2682 3909 2905 3965 dicimus
2923 3949 2940 3975 ,
2972 3908 3240 3963 solverant
3263 3907 3550 3977 aliquando

1967 4001 2243 4056 sabbatum
2269 4001 2535 4070 discipuli,
2565 4016 2685 4056 cum
2716 4002 2890 4070 spicas
2920 4001 3200 4066 vellerent,
3227 4010 3282 4055 et
3303 3999 3549 4054 comede-

1968 4100 2086 4143 rent
2113 4090 2163 4143 in
2187 4089 2404 4144 sabbato
2471 4087 2684 4156 (Matth.
2714 4087 2799 4140 t2.
2833 4086 2880 4156 ι)
2916 4105 2930 4142 :
2962 4085 3122 4141 solvit
3149 4092 3204 4138 et
3233 4083 3348 4153 ipse
3376 4099 3545 4139 nunc.

1971 4179 2040 4234 Et
2081 4179 2198 4234 illos
2244 4177 2703 4248 reprehenderunt
2749 4177 2958 4230 Judzei:
3001 4173 3454 4244 reprehenderunt
3498 4182 3551 4223 ct

1970 4273 2129 4327 hunc.
2151 4271 2439 4326 Videamus
2463 4271 2668 4341 qualem
2693 4270 2905 4339 quidem
2939 4284 3030 4338 pro
3059 4267 3163 4321 illis
3188 4264 3548 4320 defensiOnetn

1967 4363 2189 4427 afferat,
2227 4363 2437 4430 qualem
2478 4376 2608 4415 vero
2660 4375 2756 4428 pro
2803 4358 2978 4427 seipse
3005 4399 3020 4422 ,
3052 4365 3110 4410 ut
3147 4371 3210 4426 ex
3252 4353 3549 4408 differentia

1967 4453 2324 4524 praestantiam
2351 4463 2404 4506 et
2433 4452 2538 4504 vim
2581 4449 2906 4504 defensionis
2934 4447 3050 4518 ejus
3089 4447 3368 4516 intelligas.
3413 4445 3552 4512 Qua-

1970 4544 2074 4598 lem
2114 4544 2273 4614 igitur
2299 4541 2664 4596 defensionem
2705 4556 2800 4610 pro
2834 4538 2938 4594 illis
2975 4536 3173 4594 affert?
3207 4535 3327 4589 Non
3368 4535 3554 4605 legistis

1967 4639 2088 4708 quid
2116 4637 2288 4706 fecerit
2318 4635 2502 4700 David,
2537 4635 2739 4704 quando
2765 4632 2936 4688 esuriit
2962 4630 3083 4700 (Ib.
3113 4647 3158 4703 v_.
3187 4631 3220 4684 5
3241 4627 3303 4699 )‘3
3331 4626 3555 4694 Quando

1968 4731 2110 4784 enim
2136 4743 2318 4782 servos
2339 4727 2699 4781 defendendos
2727 4724 2965 4794 suscipit,
2990 4721 3224 4791 confugit
3243 4719 3308 4772 ad
3335 4733 3554 4773 conser-

1970 4835 2094 4874 vum
2125 4820 2332 4874 illorum
2366 4817 2616 4872 Davidem
2641 4833 2656 4870 :
2685 4815 2894 4885 quando
2936 4823 3112 4867 autem
3158 4810 3388 4878 scipsutn
3415 4847 3431 4873 ,
3466 4823 3553 4861 ra-

1971 4913 2171 4968 tionem
2207 4912 2367 4966 refert
2405 4909 2469 4964 ad
2501 4911 2728 4964 Patrem.
2764 4906 2918 4960 Pater
2947 4921 3085 4959 naeus
3115 4911 3369 4972 aperatur,
3393 4910 3438 4953 et
3465 4916 3554 4969 ego

1972 5020 2152 5074 aperor
2197 5005 2214 5073 (
2238 5002 2395 5056 Joun.
2428 5003 2481 5058 5.
2511 4999 2638 5072 I7).
2671 5002 2838 5064 Quam
2882 5012 3043 5060 vere,
3085 5000 3288 5064 quteret
3331 4990 3555 5045 fortasse

1974 5095 2233 5166 quispiam
2259 5134 2272 5156 ,
2305 5093 2666 5162 operationem
2693 5087 2863 5143 dicit?
2896 5085 3032 5140 Nam
3062 5086 3116 5138 in
3142 5100 3231 5138 sex
3271 5083 3444 5136 diebus
3471 5097 3552 5133 re-

1973 5188 2153 5256 quievit
2198 5185 2336 5238 Deus
2383 5183 2442 5236 ab
2487 5182 2714 5236 omnibus
2753 5178 2985 5248 operibus
3025 5177 3130 5231 suis
3172 5174 3340 5247 (Gen.
3367 5174 3423 5226 9.
3455 5173 3552 5242 2).

1975 5276 2175 5344 Nempe
2211 5273 2567 5344 quotidianam
2609 5269 3011 5340 providentiam.
3050 5266 3166 5320 Non
3204 5265 3345 5320 enim
3381 5263 3554 5318 solum

1974 5367 2193 5438 protulit
2216 5373 2511 5419 creaturam
2537 5403 2552 5429 ,
2584 5377 2764 5416 verum
2791 5360 2952 5415 etiam
2995 5359 3248 5427 prolatatn
3280 5365 3476 5420 tuetur,
3505 5365 3560 5408 et

1976 5458 2118 5514 fovet
2141 5474 2156 5512 :
2183 5457 2296 5512 sive
2317 5456 2533 5526 angelos
2557 5454 2774 5517 dixeris,
2803 5453 2916 5506 sive
2939 5449 3305 5519 archangelos,
3329 5449 3441 5502 sive
3461 5463 3555 5502 su-

1977 5550 2215 5621 periores
2246 5557 2554 5618 petestates,
2583 5545 2696 5601 sive
2725 5545 2900 5600 omnia
2929 5557 3165 5613 prorsus,
3191 5556 3311 5613 qua:
3339 5540 3440 5594 sub
3467 5556 3555 5592 as-

1979 5653 2190 5714 pectum
2211 5641 2407 5696 cadunt
2428 5680 2444 5707 ,
2469 5649 2524 5696 et
2551 5654 2668 5710 quae
2695 5653 2798 5693 non
2826 5637 3060 5692 cadunt:
3094 5645 3282 5690 cuneta
3313 5633 3563 5690 fruuntur

1983 5735 2308 5809 providentia
2347 5733 2484 5789 illius
2503 5772 2516 5799 ,
2548 5742 2602 5789 et
2629 5732 2671 5788 si
2700 5731 3054 5787 destituantur
3074 5726 3276 5784 efficaci
3295 5727 3437 5783 illius
3468 5743 3562 5778 ae-
