3980 6184
515 307 611 366 8H

517 425 682 492 tione,
713 423 979 496 difﬂuunt,
1003 426 1327 498 dilabuntur,
1351 444 1594 500 pererrat.
1624 434 1768 506 Ergo
1791 452 1912 492 cum
1936 438 2097 496 vellet

514 513 760 571 Christus
785 519 1066 577 ostendere
1095 535 1248 576 suum
1279 538 1399 579 esse
1429 526 1709 594 providere
1732 567 1748 594 ,
1779 544 1886 584 non
1914 539 2093 588 autem

514 608 614 662 sibi
643 610 926 681 provideri,
970 614 1256 671 efﬁcaciter
1293 633 1452 688 agere
1473 660 1491 687 ,
1535 636 1640 675 non
1677 631 1854 682 autem
1887 624 2010 694 agi,
2040 633 2095 680 et

513 697 732 754 alterius
769 700 1108 759 efﬁcientiam
1147 707 1329 762 subire
1352 748 1369 773 ,
1412 709 1484 765 ita
1527 709 1706 776 dixit,
1759 711 1918 767 Pater
1954 730 2094 768 meus

513 801 782 861 operatur,
823 805 872 849 et
916 812 1006 867 ego
1051 814 1252 869 operor,
1275 801 1543 871 aequalem
1585 801 1646 859 Se
1688 803 1832 860 Patri
1869 805 2094 862 demou-

511 891 708 938 διηιιε.

580 975 635 1030 5.
664 974 790 1030 Cum
818 978 984 1048 probis
1012 981 1234 1037 moribus
1259 993 1394 1038 recta
1417 985 1564 1053 ﬁdes.
1589 1016 1662 1026 —
1683 985 1809 1042 Hac
1837 989 2095 1044 memoria

489 1057 690 1122 ~tenete
707 1107 723 1132 ,
752 1075 808 1122 et
831 1084 990 1138 quam
1016 1070 1420 1143 diligentissime
1444 1076 1725 1144 custodite,
1751 1088 1807 1134 et
1829 1082 2096 1138 contexite

514 1157 902 1230 philosOphiam
946 1178 1153 1218 morum
1183 1180 1304 1220 cum
1344 1175 1492 1222 recto
1530 1168 1835 1239 dogmatum
1863 1171 2045 1229 habitu
2077 1192 2093 1231 :

511 1246 654 1316 quod
683 1258 736 1302 et
764 1265 934 1320 nuper
960 1250 1204 1308 hortatus
1243 1271 1358 1310 sum
1380 1297 1395 1323 ,
1421 1266 1477 1312 et
1512 1274 1652 1314 nunc
1691 1260 1892 1328 hortor,
1924 1279 2096 1334 neque

516 1339 676 1392 linem
719 1337 964 1396 hortandi
998 1342 1209 1398 faciam.
1237 1344 1441 1399 Horum
1466 1357 1642 1404 autem
1679 1349 2094 1423 institutionem,

513 1435 568 1481 et
593 1428 976 1500 philosophiam
1001 1433 1134 1488 nihil
1157 1449 1307 1505 mque
1335 1435 1568 1504 adducit,
1595 1448 1753 1509 atque
1774 1439 1874 1498 hoc
1895 1442 1952 1500 in
1983 1443 2097 1502 loco

512 1534 654 1590 smpe
691 1524 914 1579 versari.
963 1523 1095 1579 Nam
1133 1527 1580 1596 quemadmodum
1619 1532 1868 1601 squalens
1907 1541 2046 1617 terra
2076 1565 2094 1602 ~,

511 1610 554 1662 si
595 1611 861 1668 neminem
890 1614 1084 1670 habeat
1108 1631 1138 1670 a
1167 1632 1274 1686 quo
1307 1618 1579 1689 irrigetur,
1610 1623 1776 1691 spinis
1804 1632 1859 1678 et
1893 1610 2097 1681 tribulis

513 1709 713 1767 scatet;
742 1718 860 1771 qua:
887 1714 1062 1760 autem
1088 1707 1307 1764 cultrice
1327 1724 1488 1764 manu
1519 1711 1729 1777 fruitur,
1755 1716 2018 1785 germinat
2041 1726 2097 1770 et

511 1790 667 1847 ﬂoret
691 1809 754 1849 ac
783 1795 1043 1852 redundat
1065 1813 1254 1868 magna
1282 1800 1549 1857 fructuum
1573 1805 1725 1874 copia
1749 1820 1765 1871 ;
1794 1806 1864 1861 ita
1890 1820 2020 1862 sane
2042 1815 2098 1862 et

512 1885 710 1954 anima,
741 1887 826 1943 illa
851 1889 1090 1958 quidem,
1116 1906 1234 1961 qua:
1259 1891 1451 1949 fruitur
1469 1894 1775 1967 irrigatione
1795 1897 2094 1954 divinorum

511 1992 856 2045 sermonum,
887 1983 1150 2050 germinat
1173 1992 1229 2038 et
1261 1984 1416 2040 ﬂoret
1435 2027 1450 2050 ,
1483 1996 1536 2041 et
1559 1988 1879 2044 circumfluit
1907 1989 2094 2046 fructi:-

511 2069 609 2123 bus
638 2069 866 2139 Spiritus
898 2090 912 2126 :
940 2089 1060 2143 qua:
1093 2082 1270 2131 autem
1313 2077 1508 2133 inculta
1535 2086 1589 2134 et
1630 2079 1681 2133 in
1714 2080 1962 2150 squalore
1984 2123 2000 2150 ,
2031 2098 2096 2139 ac

509 2160 625 2215 sine
654 2159 916 2229 ejusmodi
941 2163 1245 2234 irrigatione
1270 2166 1572 2236 dimittitur,
1596 2185 1657 2224 ea
1696 2171 1808 2225 sola
1837 2173 2093 2244 relinqui-

512 2259 596 2302 tur
624 2257 680 2304 et
712 2250 981 2318 silvescit,
1013 2263 1067 2308 et
1092 2256 1285 2310 multas
1311 2257 1510 2326 profert
1538 2259 1718 2328 spinas
1737 2301 1753 2327 ,
1781 2261 1949 2331 ipsam
1971 2278 2096 2333 pec-

510 2340 613 2394 cati
640 2350 904 2397 naturam.
934 2343 1032 2399 Ubi
1056 2354 1234 2402 autem
1260 2348 1428 2416 spina:
1446 2391 1463 2416 ,
1486 2347 1560 2404 ibi
1587 2349 1877 2415 dracones,
1904 2361 1959 2406 et
1976 2367 2094 2408 ser-

513 2437 714 2498 pentes,
747 2440 802 2487 et
827 2434 1042 2504 scorpii,
1069 2443 1125 2489 et
1150 2436 1399 2492 universa
1437 2446 1670 2508 potestas
1697 2439 1912 2497 diaboli.
1941 2440 2093 2509 Quod

511 2520 555 2573 si
577 2521 660 2576 his
691 2522 863 2576 verbis
908 2540 1013 2578 non
1061 2525 1238 2580 credis
1260 2568 1276 2593 ,
1315 2542 1414 2597 age
1447 2529 1786 2585 conferamus
1815 2531 2091 2587 nobiscum

512 2624 626 2676 eos,
654 2611 744 2680 qui
766 2611 869 2666 hoc
894 2614 1093 2669 auxilio
1120 2625 1440 2684 caruerunt;
1468 2633 1531 2674 ac
1551 2628 1675 2675 tunc
1702 2621 1916 2676 demum
1941 2622 2094 2678 vide-

513 2698 636 2756 bitis
657 2741 673 2766 ,
716 2712 970 2772 quantum
999 2707 1292 2763 intercedat
1321 2710 1677 2767 intervallum.
1708 2713 1891 2770 Potius
1914 2724 2092 2771 autem

511 2792 612 2862 ipsi
632 2807 734 2850 uos
755 2795 896 2864 ipsos
916 2797 1302 2865 examinemus,
1319 2802 1503 2872 quales
1522 2803 1734 2872 quidem
1761 2805 1948 2874 simus,
1966 2806 2090 2863 dum

512 2881 687 2939 divina
714 2884 955 2941 doctrina
984 2885 1240 2954 fruimur,
1272 2891 1454 2961 quales
1481 2903 1659 2947 autem
1685 2935 1699 2959 ,
1728 2910 1848 2949 cum
1874 2895 1967 2951 diu
1992 2896 2093 2952 hac

513 2973 780 3042 privamur
803 2976 1045 3032 utilitate.
1084 2977 1162 3034 Ne
1194 2980 1352 3050 igitur
1392 2992 1595 3037 tantum
1635 2983 1768 3040 lucri
1804 2985 2093 3056 profunda~

512 3082 656 3123 nius.
671 3065 788 3122 Hoc
803 3067 947 3121 enim
969 3066 1024 3123 in
1042 3067 1164 3122 loco
1189 3066 1525 3139 frequentem
1549 3083 1690 3137 esse,
1704 3071 1886 3126 omnia
1903 3070 2088 3127 conci-

512 3157 606 3210 liat
631 3156 794 3213 bona.
823 3155 962 3213 Hinc
976 3172 1100 3211 cum
1127 3156 1436 3225 discedunt,
1460 3167 1516 3214 et
1533 3160 1618 3213 vir
1643 3160 1856 3216 mulieri
1875 3162 2089 3220 videtur

513 3248 846 3314 honoratior,
877 3257 931 3303 et
965 3250 1161 3305 mulier
1185 3251 1300 3304 viro
1337 3251 1640 3308 amabilior.
1659 3251 1871 3308 Etenim
1902 3257 2089 3312 mulie-

511 3354 623 3393 rem
643 3356 750 3393 non
781 3339 1128 3408 pulchritudo
1145 3339 1391 3409 corporis
1409 3339 1562 3395 valde
1577 3342 1864 3398 amabilem
1887 3344 2085 3412 reddit,

524 3596 1477 3622 Μ

1482 3605 1910 3616 .—_____-~—_.

1723 3623 1972 3631 ῃ

1911 3610 2293 3622 ——~

1225 315 1279 371 s.
1319 314 1594 375 JOANNlS
1630 317 2099 382 cunvsosrom
2139 327 2466 384 ARCHIEP-
2498 313 3031 393 CONSTANTINOP.
3624 349 3706 404 sta
3807 327 3812 331 ’

2197 441 2294 496 sed
2315 441 2508 516 anima:
2527 441 2730 508 virtus;
2757 459 2862 498 non
2888 443 3090 512 pictura
3105 450 3161 498 et
3178 441 3345 512 fucus,
3365 461 3521 519 neque
3539 465 3708 524 aurum,

2200 548 2372 602 neque
2397 541 2592 588 vestes
2637 535 2882 602 pretiosa:
2909 551 2926 590 :
2954 534 3049 589 sed
3087 540 3421 604 temperantia
3443 551 3496 600 et
3517 546 3710 614 probitas

2199 630 2254 676 et
2283 622 2440 677 timor
2462 622 2667 678 stabilis
2690 639 2814 693 erga
2840 624 3029 679 Deum.
3059 625 3138 680 Ad
3167 625 3300 682 hanc
3330 643 3449 684 vero
3469 671 3484 695 ,
3513 649 3615 703 qua:
3635 642 3713 695 sub

2197 713 2596 785 intelligentiam
2614 712 3607 790 caditpulchritudinemcomparandam
3631 745 3712 785 nu-

2198 817 2390 873 squam
2426 804 2554 877 alibi
2591 814 2837 860 accurata
2871 805 3266 862 exercitationis
3297 811 3428 865 ratio
3449 813 3712 889 adhibetur,

2200 904 2550 967 printerquam
2580 897 2634 951 in
2659 896 2762 952 hoc
2785 895 3085 958 admirabili
3109 912 3172 952 ac
3197 897 3376 954 divino
3393 900 3522 969 loco,
3544 917 3714 975 aposto-

2201 987 2268 1043 lis
2289 995 2345 1042 et
2365 987 2637 1058 pr0phetis
2657 988 2983 1058 tergentibus
3003 1029 3019 1052 ,
3036 989 3345 1046 ornantibus
3364 1032 3380 1058 ,
3400 995 3716 1056 abradentibus

2197 1086 2531 1144 senecmtem
2550 1080 2772 1148 peccati,
2800 1078 3180 1136 adducentibus
3208 1081 3436 1151 vigorem
3457 1085 3714 1160 iuventutis,

2198 1185 2640 1242 omnemrrugam,
2666 1187 2883 1244 omnem
2905 1173 3186 1240 maculam,
3205 1189 3415 1230 omnem
3440 1192 3622 1233 navum
3645 1183 3718 1250 eji-

2198 1262 2458 1320 cientibus
2479 1279 2545 1319 ex
2570 1265 2761 1321 animis
2780 1265 2998 1321 uestris.
3024 1265 3173 1320 Hane
3193 1265 3368 1336 igitur;
3393 1274 3447 1324 et
3464 1271 3550 1324 viri
3567 1281 3612 1326 et
3631 1289 3720 1327 mu-

2201 1353 2390 1421 lieres,
2417 1355 2724 1412 studeamus
2751 1357 2903 1412 nobis
2932 1357 3245 1413 familiarem
3277 1358 3452 1414 facere
3473 1362 3718 1431 pulchritu-

2197 1446 2397 1512 dinem,
2415 1456 2475 1502 ut
2485 1448 2765 1504 nobiscum
2782 1445 3009 1502 habitet.
3021 1443 3157 1499 Nam
3168 1448 3413 1514 corporis
3422 1451 3722 1520 pulchritudi-

2198 1555 2324 1595 nem
2351 1547 2406 1594 et
2430 1539 2652 1594 morbus
2677 1538 2922 1593 tabefacit
2943 1579 2959 1604 ,
2991 1548 3047 1594 et
3078 1540 3338 1610 temporis
3360 1543 3608 1614 longitudo
3628 1560 3722 1600 oor-

2200 1630 2416 1698 rumpit,
2440 1638 2494 1684 et
2517 1639 2762 1685 senectus
2781 1629 3088 1700 exstinguit,
3105 1639 3161 1686 et
3179 1638 3327 1686 mors
3350 1631 3580 1703 ingruens
3595 1644 3724 1691 totam

2200 1721 2376 1791 medio
2410 1723 2564 1777 tollit.
2599 1723 2728 1780 Eam
2775 1738 2902 1778 vero
2927 1739 3046 1793 quae
3076 1725 3129 1778 in
3157 1725 3335 1779 anima
3360 1735 3468 1793 est,
3486 1712 3592 1784 non
3621 1739 3726 1783 tem-

2201 1825 2316 1880 pus,
2351 1825 2454 1866 non
2482 1813 2719 1880 morbus,
2750 1827 2858 1868 non
2878 1823 3145 1881 senectus,
3174 1831 3283 1870 non
3306 1832 3466 1882 mors,
3497 1833 3591 1874 non
3615 1820 3728 1875 aliud

2205 1897 2507 1969 hujusmodi
2549 1900 2836 1972 quidquam
2867 1911 3045 1972 potest
3082 1905 3358 1973 perdere:
3388 1907 3478 1962 sed
3517 1918 3728 1978 perpetuo

2198 1986 2371 2044 ﬂoret.
2385 1987 2447 2040 Et
2457 1989 2803 2059 pulchritudo
2815 1992 3032 2060 quidem
3043 1996 3293 2065 corporis
3303 2008 3445 2065 saepe
3455 2006 3610 2066 specta
3617 2008 3729 2054 tores

2197 2082 2266 2136 ad
2297 2083 2753 2152 intemperantiam
2782 2092 3052 2153 provocat.
3095 2087 3166 2140 At
3201 2101 3270 2142 ea
3289 2128 3305 2152 ,
3335 2102 3450 2156 qua:
3476 2088 3522 2142 in
3549 2089 3725 2154 animo,

2199 2173 2486 2244 ipsummet
2515 2174 2682 2229 Deum
2711 2175 2778 2228 ad
2807 2174 2889 2228 sui
2915 2190 3152 2231 amorem
3177 2177 3385 2242 allicit,
3425 2189 3571 2248 prout
3601 2182 3731 2234 etiam

2198 2263 2453 2335 propheta
2472 2263 2625 2333 dixit,
2645 2264 2938 2320 Ecclesium
2957 2266 3256 2336 alloquens,
3273 2269 3426 2336 Audi,
3449 2270 3564 2336 ﬁlia,
3577 2278 3617 2322 et
3627 2269 3731 2335 ride,

2196 2364 2243 2408 et
2267 2355 2456 2409 inclina
2482 2371 2654 2409 aurem
2681 2364 2830 2409 tuam
2860 2372 2880 2411 :
2909 2366 2955 2411 et
2992 2356 3284 2412 obliviscere
3327 2360 3559 2429 papuhnn
3590 2369 3732 2425 tum,

2193 2455 2242 2498 et
2275 2445 2480 2500 domum
2507 2445 2664 2512 patris
2689 2446 2804 2501 tui:
2828 2457 2876 2502 et
2906 2449 3223 2517 concupiscet
3255 2448 3372 2503 Rea:
3390 2451 3600 2504 decorent
3619 2459 3734 2502 tuitui

2196 2534 2215 2604 (
2239 2534 2382 2590 Psal.
2409 2537 2501 2591 44.
2524 2537 2611 2592 11.
2637 2537 2704 2591 12
2724 2537 2764 2606 ).
2793 2537 2974 2608 igitur,
2996 2553 3030 2593 ο
3052 2538 3254 2604 dilecti,
3282 2550 3342 2595 ut
3359 2541 3622 2595 amicitiam
3637 2553 3737 2595 cum

2193 2627 2306 2684 Deo
2333 2629 2732 2699 contrahamus,
2748 2627 2890 2685 hanc
2898 2631 3135 2700 quotidie
3150 2631 3737 2702 pulchritudinemcure-

2196 2735 2316 2774 mus
2349 2727 2406 2775 et
2433 2720 2679 2776 colamus
2701 2761 2717 2787 ,
2745 2719 3141 2791 Scripturarum
3169 2722 3404 2778 lectione
3425 2737 3623 2778 omnem
3645 2735 3738 2775 ma-

2193 2812 2366 2866 culam
2407 2811 2771 2883 abstergentes
2793 2853 2808 2878 ,
2852 2813 3124 2883 precibus,
3166 2814 3551 2887 eleemosynis,
3591 2823 3740 2869 mutua

2193 2901 2473 2957 concordia
2495 2921 2508 2957 :
2532 2914 2588 2956 ut
2609 2918 2724 2967 rex,
2747 2913 2953 2959 amator
2975 2902 3142 2959 factus
3163 2914 3368 2959 nostra:
3386 2921 3500 2976 qua:
3519 2905 3569 2959 in
3587 2904 3738 2958 animo

2193 2990 2631 3062 pulchritudinis,
2643 2995 3003 3068 digneturnos
3011 2997 3280 3054 caelorum
3294 3011 3460 3071 regno
3473 3016 3488 3052 :
3501 2994 3632 3066 quod
3661 2994 3744 3048 uti-

2192 3096 2314 3135 nam
2359 3096 2456 3136 nos
2491 3096 2676 3136 omnes
2715 3097 3106 3153 consequamur
3139 3086 3318 3154 gratia
3357 3095 3412 3141 et
3452 3083 3745 3140 humanitate

2192 3173 2402 3228 Domini
2431 3173 2596 3229 nostri
2619 3174 2744 3231 Jesu
2770 3174 2967 3231 Christi
2985 3219 3000 3240 ,
3029 3193 3149 3233 cum
3174 3194 3288 3248 quo
3316 3179 3460 3233 Patri
3488 3177 3661 3248 gloria,
3686 3175 3747 3228 si-

2190 3263 2404 3332 mulque
2429 3263 2646 3332 Spiritui
2686 3274 2890 3334 sancto,
2925 3282 3066 3321 nunc
3089 3277 3143 3322 et
3170 3283 3392 3338 semper
3419 3277 3472 3323 et
3507 3269 3556 3322 in
3579 3265 3746 3322 sarcula

2189 3353 2524 3409 saeculorum.
2552 3356 2744 3412 Amen.

3595 3616 3752 3628 w—

3594 3629 3756 3644 ,____

621 3754 701 3814 IN
744 3754 1048 3816 LIBRUM
1087 3755 1307 3829 QUOD
1349 3757 1734 3820 CHRISTUS
1770 3761 1895 3822 sn‘
1934 3761 2154 3834 usus,
2200 3762 2519 3824 CONTRA
2556 3741 2881 3826 Junaaos
2919 3743 3190 3841 ATQUE
3233 3769 3647 3836 GENTILES.

566 3947 886 4016 Argnmentt
915 3943 1126 3997 ratione
1158 3942 1314 4002 moti,
1352 3942 1494 3996 hunc
1529 3941 1725 3996 librmn
1751 3953 1877 4013 post
1905 3944 2083 3999 homi-

498 4037 597 4093 [ias
621 4043 810 4090 contra
836 4034 1114 4088 Anomaeos
1149 4040 1204 4087 et
1238 4032 1316 4086 De
1341 4033 1782 4086 consubstantiali
1807 4033 2082 4102 ponimus.

493 4133 683 4205 Agitur
711 4131 858 4187 enim
913 4127 1203 4199 utrobique
1232 4129 1300 4183 de
1348 4127 1629 4182 divinitate
1661 4125 1888 4187 Christi.
1919 4141 2084 4197 quam

493 4221 744 4278 Anommi
775 4221 978 4292 aliique
1008 4233 1201 4275 omnes
1259 4217 1451 4272 Ariani
1481 4217 1565 4273 vel
1613 4217 1922 4287 negabant;
1959 4232 2083 4272 cum

490 4315 734 4371 dicerent
759 4313 1041 4370 Christum
1071 4311 1241 4367 Deum
1272 4310 1495 4382 quidem
1523 4326 1665 4378 esse,
1691 4309 1786 4366 sed
1816 4324 1926 4364 non
1957 4323 2085 4366 vere

493 4405 706 4471 Deum;
759 4405 844 4460 vel
898 4420 993 4460 ore
1026 4413 1238 4460 tantum
1275 4413 1435 4459 tenus
1485 4399 1906 4466 conﬁtebantur,
1956 4415 2083 4457 cum

493 4495 646 4551 illum
677 4493 996 4564 simpliciter
1025 4493 1197 4550 Deum
1220 4495 1530 4550 vocabant:
1563 4492 1738 4550 ,ιιιᾶωὶ
1767 4509 1899 4548 vero
1922 4502 2088 4564 atque

492 4588 721 4656 gentiles
782 4587 991 4656 absque
1068 4587 1181 4642 ullo
1242 4595 1674 4656 temperamento
1741 4585 2082 4656 rejiciebant.

494 4677 798 4734 Commode
830 4677 996 4750 igitur
1025 4678 1142 4734 haec
1180 4692 1367 4749 opera,
1397 4693 1518 4748 quae
1544 4688 1602 4733 ut
1632 4678 1746 4734 fors
1775 4678 1900 4733 tulit
1926 4692 2087 4747 sepa.

493 4779 613 4825 rata
642 4768 879 4833 fuerant,
938 4784 1048 4824 una
1111 4769 1254 4825 serie
1309 4769 1536 4839 legenda
1596 4769 1923 4824 oﬂ‘erimus:
1984 4781 2086 4823 nec

491 4864 674 4920 minus
705 4871 1013 4934 opportune
1043 4861 1192 4917 hunc
1225 4860 1428 4916 librum
1455 4870 1581 4916 ante
1611 4861 1866 4916 homilias
1898 4869 2086 4914 contra

409 4963 412 4967 '
485 4956 706 5014 Iudicas
741 4957 1009 5020 locamus,
1043 4953 1267 5025 quando
1295 4953 1412 5025 ipse
1444 4952 1870 5023 Chrysostomus
1901 4953 1955 5007 in
1980 4955 2085 5011 hoc

489 5061 654 5118 opere
688 5053 878 5102 contra
913 5042 1134 5100 Judaaos
1158 5058 1218 5099 se
1256 5042 1710 5097 concionaturum
1763 5043 2085 5113 propediem

486 5154 608 5196 esse
636 5138 966 5210 pollicetur:
1005 5135 1096 5192 ubi
1125 5151 1220 5191 eas
1260 5135 1408 5206 ipsas
1449 5149 1572 5205 qua:
1625 5142 1750 5204 post
1803 5134 1953 5190 hunc
2016 5137 2086 5192 li-

486 5233 647 5288 brum
684 5227 1285 5302 sequuntur'homilias
1314 5229 1497 5298 ipsum
1529 5242 1963 5284 commemorare
1992 5246 2082 5286 ve-

486 5322 718 5378 risimile
745 5330 849 5388 est,
881 5330 942 5377 ut
989 5337 1116 5376 mox
1148 5321 1381 5376 dicetur.
1433 5319 1554 5388 Quo
1594 5328 1775 5375 autem
1836 5327 2081 5390 tempore

487 5429 665 5484 quave
693 5413 984 5469 occasione
1026 5411 1171 5466 hunc
1202 5411 1434 5466 ediderit
1493 5412 1714 5477 librum,
1748 5409 2079 5482 coniecturis

491 5521 600 5558 non
633 5505 844 5561 levibus
876 5519 1051 5574 neque
1082 5503 1260 5558 dubiis
1284 5504 1554 5571 expiscari
1605 5519 1919 5574 possumus.
1959 5502 2081 5559 Pri-

494 5609 584 5647 mo
614 5594 833 5662 quidem
892 5595 1137 5648 nondum
1193 5594 1514 5663 cpisc0pum
1557 5593 1746 5659 fuisse,
1802 5609 1906 5649 nec
1936 5594 2082 5649 Cun-

489 5682 841 5752 StantinOpoli
880 5692 1011 5737 tunc
1063 5683 1278 5754 (legisse
1334 5683 1790 5752 Chrysostomum
1849 5685 2081 5740 suadere

493 5774 743 5829 videntur
785 5776 901 5829 luec
933 5775 1138 5833 verba:
1171 5775 1282 5830 Kal
1310 5777 1368 5830 ὲν
1399 5779 1468 5847 τῇ
1505 5777 2079 5832 Κωνσταντινουπόλει

2183 3941 2239 3996 δὲ
2273 3944 2392 3998 οὐδὲ
2425 3945 2562 4016 πρὸς
2584 3946 2710 4012 τοὺς
2740 3934 3071 4014 ἀποστόλους
3100 3951 3295 4020 ἐγγὺς,
3323 3953 3468 4008 ἀλλὰ
3499 3955 3624 4026 παρ’
3645 3953 3760 4008 αὐτὰ

2182 4035 2252 4089 τὰ
2278 4035 2528 4106 πρόθυρα
2550 4036 2656 4105 ἔξω
2678 4040 2962 4110 ἀγαπητὸν
2987 4037 3124 4097 εἶναι
3153 4044 3422 4116 ἐνόμισαν
3441 4048 3492 4100 οἱ
3513 4047 3582 4101 τὰ
3604 4046 3760 4117 διαδή-

2188 4143 2335 4197 ματα
2367 4127 2744 4198 περικείμενοι
2773 4131 2845 4185 τὰ
2871 4131 3099 4203 σώματα
3121 4135 3306 4190 αὐτῶν
3340 4137 3760 4210 κατορύττεσθαι,

2185 4216 2280 4270 καὶ
2309 4218 2565 4286 γεγόνασι
2599 4218 2835 4291 θυρωροὶ
2860 4223 3044 4277 λοιπὸν
3067 4225 3180 4279 τῶν
3213 4227 3420 4282 ἁλιέων
3452 4232 3502 4282 oi
3528 4227 3758 4300 βασιλεῖς·

2185 4309 2280 4364 καὶ
2302 4310 2360 4363 ὲν
2387 4312 2453 4382 τῇ
2491 4310 2716 4384 τελευτῇ
2756 4315 2856 4367 οὐκ
2894 4315 3262 4387 αἰσχύνονται,
3297 4320 3440 4374 ἀλλὰ
3471 4322 3567 4376 καὶ
3593 4318 3763 4390 ἐγκαλ·

2183 4401 2534 4466 λωπίζονται,
2564 4403 2625 4457 οὐ
2647 4404 2805 4474 μόνον
2836 4406 3010 4472 αὐτοὶ,
3034 4407 3169 4464 ἀλλὰ
3201 4412 3298 4465 καὶ
3323 4413 3376 4466 οἱ
3407 4413 3619 4483 ἔκγονοι
3643 4409 3762 4465 ἐκεί·

2189 4509 2311 4546 νων.
2349 4492 2387 4545 Ι.
2419 4507 2469 4548 e.
2509 4493 2974 4565 Constantinopoli
3009 4514 3126 4553 vero
3159 4516 3261 4555 non
3301 4519 3471 4572 prape
3499 4502 3762 4574 apostolos,

2186 4587 2277 4640 sed
2301 4587 2432 4656 {oris
2465 4587 2536 4641 ad
2566 4589 2684 4658 ipsa
2709 4589 2909 4645 limina'
2933 4603 3241 4662 optaverunt
3275 4596 3322 4650 ii
3365 4598 3461 4668 qui
3492 4596 3763 4650 diademate

2191 4679 2629 4746 redimiebantur,
2661 4698 2885 4752 corpora
2910 4702 3009 4740 sua
3043 4688 3276 4757 sepeliri,
3321 4699 3486 4762 atque
3504 4691 3582 4745 ita
3619 4691 3762 4758 impe-

2188 4780 2390 4825 ratores
2414 4772 2745 4839 piscatorum
2771 4776 2981 4847 ostiarii
3025 4778 3156 4848 facli
3203 4790 3329 4835 sunt
3355 4776 3396 4838 :V
3423 4783 3502 4836 sic
3549 4785 3602 4836 in
3639 4781 3760 4835 obitu

2193 4862 2290 4916 hoc
2324 4881 2427 4917 non
2454 4863 2720 4932 dedecori,
2764 4869 2854 4921 sed
2889 4869 3076 4923 honori
3127 4872 3231 4926 sibi
3287 4868 3409 4928 esse
3442 4884 3631 4944 putant
3679 4886 3758 4925 non

2188 4954 2356 5008 solum
2390 4957 2511 5026 ipsi,
2543 4958 2634 5011 sed
2667 4959 2828 5035 etiam
2851 4977 3032 5014 eorum
3059 4973 3289 5032 nepotes.
3323 4963 3460 5021 Haac
3481 4968 3572 5020 vix
3597 4973 3762 5035 puten-

2191 5055 2280 5102 tur
2340 5065 2465 5104 esse
2525 5034 2995 5122 Constantinopoli
3039 5058 3492 5114 commorantis:
3551 5067 3605 5114 et
3653 5067 3760 5112 sane

2188 5141 2307 5212 pari
2358 5143 2521 5197 modo
2555 5143 2622 5198 de
2678 5144 3156 5218 Constantinopoli
3214 5149 3492 5221 loquitur,
3550 5162 3656 5219 quo
3705 5143 3758 5196 de

2193 5233 2331 5287 urbe
2356 5232 2527 5287 Roma
2595 5236 2758 5305 paulo
2813 5248 2941 5293 ante
2977 5239 3139 5295 verba
3191 5239 3424 5299 fecerat.
3486 5235 3758 5296 Antiochia:

2184 5323 2354 5390 igitur
2387 5322 2445 5378 S.
2484 5326 2763 5382 doctorem
2802 5329 2945 5386 hanc
2974 5332 3285 5403 suscepisse
3309 5349 3544 5404 operam
3573 5339 3756 5385 certum

2185 5415 2414 5471 videtur.
2449 5417 2588 5475 Huic
2621 5435 2729 5474 non
2777 5420 3095 5477 inferiorem
3130 5425 3396 5493 temporis
3435 5433 3620 5480 notam
3648 5433 3759 5488 sup-

2183 5508 2388 5576 peditat
2418 5511 2846 5582 Chrysostomus
2875 5514 3039 5583 paulo
3069 5526 3195 5570 ante
3223 5517 3395 5570 linem
3432 5516 3634 5584 operis,
3679 5508 3756 5564 ubi

2183 5609 2473 5670 postquam
2497 5618 2564 5657 ex
2585 5601 2791 5660 Veteris
2809 5603 3145 5661 Testamenti
3175 5606 3310 5660 locis
3334 5608 3575 5678 carptim
3602 5601 3756 5658 allatis

2182 5691 2457 5760 probavit,
2493 5694 2547 5748 in
2579 5695 2815 5751 adventu
2847 5696 3049 5753 Christi
3079 5697 3462 5768 abrogandum
3505 5710 3625 5753 esse
3651 5691 3752 5746 cu|~

2181 5789 2297 5836 tum
2325 5781 2636 5853 Judaicum,
2663 5786 2778 5842 hare
2814 5787 3000 5858 adjicit
3031 5807 3044 5842 :
3082 5788 3236 5841 Ἀλλὰ
3263 5789 3452 5845 ταῦτα
3477 5787 3577 5860 μὲν
3607 5782 3755 5858 ἡνίκα
