3980 6184
234 363 358 419 8H-

223 479 439 550 οἴχεται
462 477 557 531 καὶ
583 479 798 550 διαρρεῖ
830 482 924 535 καὶ
953 482 1105 556 [556]
1135 484 1452 540 ἀπόλλυται.
1481 487 1810 557 Βουλόμενος

223 560 415 613 τοίνυν
453 560 622 625 δεῖξαι
660 563 690 613 ὀ
728 565 983 634 Χριστὸς,
1019 567 1100 620 ὅτι
1129 569 1238 622 τῶν
1267 570 1638 640 προνοούντων
1672 572 1806 635 ἐστὶ,

225 646 319 697 καὶ
347 644 473 714 οὐχὶ
517 644 628 698 τῶν
656 650 1089 718 προνοουμένων,
1127 651 1235 704 τῶν
1269 653 1655 723 ἐνεργούντων,
1689 654 1810 724 οὐχὶ

220 726 331 779 τῶν
356 728 791 807 ἐνεργουμένων,
819 726 992 796 εἶπεν,
1031 733 1094 786 ’0
1120 733 1320 803 Πατήρ
1341 754 1462 804 μου
1489 735 1824 807 ἐργάζεται,-

221 806 395 878 κάτὼ
421 809 758 880 ἐρ-γύζομαι·
795 813 857 866 τὸ
909 816 1046 888 πρὸς
1090 817 1181 871 τὸν
1233 819 1454 890 Πατέρα
1508 806 1808 875 ἰσοστάσιον

218 890 489 956 ἐπιδεῖξαι
518 891 859 965 βουλόμενος.

287 1149 352 1226 ε’.
393 1144 582 1199 Ταῦτα
611 1146 669 1201 δὲ
711 1149 1010 1221 μέμνησθε,
1039 1152 1133 1206 καὶ
1159 1153 1454 1223 φυλάττετε
1485 1154 1624 1225 μετά
1646 1156 1804 1226 ἀκρι-

217 1224 375 1289 ϐείας
410 1229 651 1300 ἀπάσης,
686 1233 780 1285 καὶ
816 1235 914 1305 τὴν
937 1235 1050 1308 ἀπὸ,
1063 1237 1162 1307 τῆς
1189 1237 1464 1300 πολιτείας
1491 1224 1805 1308 φιλοσοφίαν

213 1311 282 1380 τῇ
301 1309 419 1364 τῶν
443 1312 735 1382 δογμάτων
759 1315 1008 1389 ὀρθότητι
1035 1321 1410 1390 συνυφαίνετεο
1443 1319 1471 1373 ὃ
1491 1321 1589 1374 ’καὶ
1615 1323 1805 1394 πρῴην

213 1394 598 1463 παρεκάλεσα,
636 1399 730 1451 καὶ
755 1399 852 1454 νῦν
882 1402 1204 1474 παρακαλῶ,
1225 1405 1341 1458 ικαὶ
1379 1405 1713 1476 παρακαλῶν
1738 1408 1802 1460 οὐ

211 1477 535 1548 παύσομαι·
563 1481 836 1537 πολιτείαν
863 1484 920 1538 δὲ
949 1487 1042 1539 καὶ
1080 1487 1393 1557 φιλοσοφίαν
1423 1489 1574 1542 οὐδὲν
1608 1489 1801 1557 οὕτως,

209 1559 295 1645 ὡς
314 1561 350 1631 ἡ
383 1562 612 1618 ἐνταῦθα
634 1569 780 1619 ποιεῖ
795 1566 1063 1640 διατριϐή.
1083 1571 1350 1643 Καθάπερ
1377 1573 1486 1644 γάρ
1513 1573 1545 1642 ή
1575 1590 1634 1642 χε
1645 1591 1804 1645 ρσου-

211 1643 361 1726 μένη
399 1645 495 1714 γῆ,
530 1647 729 1717 μηδένα
759 1649 851 1703 τὸν
881 1651 1176 1723 ἀρδεύοντα
1202 1655 1419 1724 ἔχουσα,
1443 1643 1602 1726 γέμει
1630 1643 1801 1710 ἀκαν-

209 1725 323 1809 θῶν
347 1729 446 1780 καὶ
474 1729 759 1799 τριϐόλων,
786 1735 820 1802 ἡ
859 1734 918 1787 δέ
949 1737 1270 1806 γεωργικῶν
1313 1738 1664 1792 ἀπολαύουσα
1690 1756 1803 1809 χει-

208 1807 322 1894 ρῶν
358 1811 563 1894 τέθηλε
612 1815 706 1867 καὶ
750 1819 897 1888 κομᾷ
931 1820 1026 1872 καὶ
1057 1820 1192 1874 πολύ
1232 1820 1414 1892 βρύει·
1446 1821 1525 1893 τῷ
1565 1807 1761 1894 καρπῷ
1784 1840 1801 1856 ⁸

207 1890 352 1944 οὕτω
388 1892 456 1965 δὴ
509 1894 606 1948 καὶ
647 1898 680 1968 ὴ
723 1897 891 1971 ψυχὴ,
921 1903 955 1971 ή
1002 1901 1102 1972 μὲν
1131 1890 1239 1974 τῆς
1259 1890 1480 1974 ἀρδείας
1496 1890 1614 1958 ’τῶν
1641 1890 1805 1960 θείων

207 1974 570 2060 ἀπολαύουσα
597 1979 814 2048 λογίων,
840 1983 1034 2054 τέθηλε
1070 1986 1164 2038 καὶ
1189 1987 1336 2058 κομᾷ
1365 1989 1458 2040 καὶ
1484 1987 1617 2042 πολύ
1651 1987 1802 2060 βρύει

206 2057 284 2141 τῷ
316 2060 526 2132 καρπῷ
553 2061 649 2114 τοῦ
689 2064 1006 2136 Πνεύματος
1025 2084 1039 2098 ·
1069 2069 1102 2138 ἡ
1129 2069 1186 2121 δὲ
1211 2070 1269 2121 ὲν
1295 2057 1493 2141 αὐχμῷ
1536 2071 1631 2124 καὶ
1654 2057 1802 2141 άμε-

205 2139 326 2212 λεία
373 2144 476 2196 καὶ
527 2145 720 2199 σπάνει
764 2151 863 2218 τῆς
904 2150 1162 2221 τοιαύτης
1203 2139 1422 2222 ἀρδείας
1466 2139 1804 2210 καθεστῶσα

205 2227 522 2297 ἐρημοῦται
544 2230 640 2284 καὶ
661 2230 920 2301 ὑλομανεῖ
947 2233 1310 2298 καὶέάκάνθας
1334 2231 1566 2307 ἐκφέρει
1579 2229 1800 2302 πολλάς,
1811 2235 1818 2260 ’⁸

202 2308 302 2377 τῆς
332 2311 622 2380 ἁμαρτίας
641 2313 740 2384 τὴν
769 2314 953 2382 φύσιν.
982 2315 1152 2371 Ἔνθα
1173 2317 1232 2370 δέ
1256 2317 1510 2382 ἄκανθαι,
1539 2322 1654 2374 ἐκεῖ
1675 2321 1816 2394 δράσ

203 2409 401 2474 κοντες
421 2394 520 2448 καὶ
541 2395 704 2463 ὄφεις
715 2397 809 2450 xal
831 2399 1080 2469 σκορπίοι
1109 2401 1205 2453 καὶ
1227 2402 1377 2456 πᾶσα
1403 2404 1436 2470 ἡ
1457 2401 1687 2474 δύναμις
1707 2404 1821 2458 τοῦ’

203 2473 485 2558 διαϐόλου.
526 2478 636 2530 Καὶ
673 2481 720 2531 εἰ
752 2480 1001 2544 ἀπιστεῖς
1028 2481 1296 2554 τῷλόγῳ,
1329 2485 1483 2558 φέρε,
1509 2487 1812 2550 τοὺςλάποέ

201 2555 536 2626 λειφθέντας
567 2562 662 2614 καὶ
684 2562 834 2632 ἡμᾶς
854 2564 1284 2638 παραϐάλωμεν,
1319 2555 1415 2622 καί
1453 2569 1650 2640 ὄψεσθε
1680 2571 1801 2625 τότε

204 2640 345 2696 πολὺ
383 2643 450 2695 τὸ
473 2644 639 2712 μέσον
657 2662 672 2676 ·
705 2645 907 2715 μᾶλλον
944 2647 1002 2701 δέ
1025 2649 1187 2720 ἡμεῖς
1209 2651 1357 2721 ἡμᾶς
1387 2652 1584 2717 αὐτοὺς
1613 2653 1815 2717 sieta--

205 2739 419 2794 σωμεν,
449 2726 596 2789 τίνες
623 2728 721 2798 μέν
747 2731 923 2799 ἐσμεν
958 2729 1112 2796 θείας
1154 2733 1518 2800 ἀπολαύοντες
1545 2737 1802 2796 διδασκα-

201 2804 342 2890 λίας,
373 2807 529 2872 τίνες
548 2808 604 2862 δὲ
635 2811 730 2864 ἐπὶ
755 2810 936 2865 πλεῖον
961 2811 1168 2884 ταύτης
1193 2813 1666 2888 ἀποστερούμενοι
1698 2820 1802 2890 τῆς

200 2887 486 2958 ὡφελείας
519 2893 880 2966 τυγχάνομεν.
917 2896 1010 2968 Μὴ
1059 2897 1241 2960 τοίνυν
1281 2887 1568 2972 προδῶμεν

197 2974 491 3029 τοσοῦτον.
535 2976 597 3032 'Il
642 2978 748 3050 γὰρ
794 2980 1030 3034 ἐνταῦθα
1062 2981 1312 3055 διατριϐὴ
1345 2984 1563 3038 πάντων
1607 2984 1804 3039 ὐπόθε-

200 3056 284 3119 σίς
323 3059 456 3110 ἐστι
491 3057 600 3112 τῶν
631 3061 880 3130 ἀγαθῶν
921 3064 1173 3120 ἐντεῦθεν
1206 3066 1504 3140 ἀναχωρῶν
1534 3069 1628 3121 καὶ
1660 3067 1814 3139 ἀνὴρ·

198 3141 439 3208 γυναικὶ
471 3146 718 3210 φανεῖται
757 3146 1102 3219 τιμιώτερος,
1136 3149 1230 3203 καὶ
1260 3149 1397 3222 γυνὴ
1430 3151 1586 3222 ἀνδρὶ
1619 3152 1815 3206 ποθει-·

204 3222 431 3294 νοτέρα.
479 3224 716 3282 Γυναῖκα
743 3228 854 3300 γάρ
887 3231 1190 3301 ἐπέραστον
1219 3233 1321 3287 οὐκ
1347 3235 1620 3306 εὐμορφία
1654 3236 1801 3289 ποιεῖ

278 3523 295 3540 ⁸
315 3514 460 3578 Reg.
490 3515 569 3564 καὶ
589 3518 751 3580 πολλῷ
777 3517 924 3582 βρύει,
953 3525 1006 3567 et
1025 3518 1149 3568 infra
1180 3517 1430 3571 similiter.

239 3671 498 3685 ,φ’-...-

236 3688 326 3704 -

983 369 1073 426 DE
1099 369 1391 428 CHRISTI
1433 353 1849 434 mvml'rivrs,
1893 354 2171 429 CONTRA
2211 351 2594 428 ANOMOEOS;
2624 349 2741 424 x’n.
2777 364 2784 387 ι

3385 347 3512 422 312‘

1922 485 2193 558 σώματος,
2229 487 2365 542 ἀλλά
2387 487 2564 558 ψυχῆς
2593 483 2785 556 ἀρετὴ,
2816 481 2914 535 οὐκ
2940 480 3316 553 ἐπιτρίμματα
3350 482 3444 535 καὶ
3463 481 3492 520 δ

1916 570 2251 642 ὑπογραφαὶ,
2283 571 2405 623 οὐδέ
2435 568 2657 640 χρυσίον
2690 566 2784 620 καὶ
2816 565 3005 635 ἱμάτια
3037 562 3326 633 πολυτελῆ,
3355 562 3493 616 ἀλλά

1918 651 2239 723 σωφροσύνη
2279 652 2372 705 καὶ
2399 651 2668 705 ἐπιείκεια
2693 650 2786 702 καὶ
2811 648 2970 717 φόϐος
2994 645 3332 718 ἐρειδόμενος
3354 645 3492 716 πρὸς

1887 733 2076 787 --Θεόνσ
2108 735 2220 788 Καὶ
2239 735 2318 788 ρτὸ
2349 735 2542 804 νοητὸν
2575 733 2769 796 κάλλος
2795 730 3069 786 οὐκέστιν
3093 727 3324 798 ἀλλαχοῦ
3353 727 3492 798 πρὸς

1917 815 2205 888 ἀκρίϐειαν
2238 818 2566 889 ἀσκηθῆναι,
2611 817 2726 870 ἀλλ’
2776 815 2809 886 ἢ
2857 816 2915 867 ὲν
2943 813 3021 884 τῷ
3065 809 3361 882 θαυμαστῷ
3394 810 3492 863 καὶ

1914 895 2044 968 θείῳ
2071 900 2244 971 τούτῳ
2271 901 2474 972 χωρίῳ,
2507 900 2617 953 τῶν
2661 897 2996 964 ἀποστόλων,
3034 895 3142 948 τῶν
3192 892 3491 966 προφητῶν

1915 981 2381 1054 ἀποσμηχόντων,
2450 982 2928 1047 καλλωπιζόντων,
2983 977 3327 1042 ἁποξυόντων
3388 975 3489 1045 τῆς

1912 1065 2186 1135 ἁμαρτίας
2235 1067 2296 1120 τὸ
2336 1067 2534 1139 γῆρας,
2586 1065 2902 1134 ἐπαγόντων
2945 1064 3047 1132 τῆς
3091 1061 3343 1131 νεότητος
3391 1059 3490 1130 τὴν

1912 1148 2116 1219 ἀκμὴν,
2175 1151 2356 1203 πᾶσαν
2389 1150 2618 1222 κηλῖδα,
2651 1149 2856 1203 ’πᾶσαν
2910 1146 3116 1218 ῥυτίδα,
3151 1145 3258 1196 πᾶν
3303 1141 3488 1195 σπῖλον

1911 1231 2280 1306 ἐκϐαλλόντων
2312 1233 2411 1306 τῆς
2437 1232 2617 1305 ψυχῆς
2649 1231 2749 1306 τῆς
2781 1228 3074 1304 ἡμετέρας.
3111 1225 3284 1279 Τοῦτο
3308 1225 3488 1300 τοίνυν

1870 1302 1890 1310 ”
1910 1304 2003 1367 καὶ
2024 1315 2212 1386 ἄνδρες
2238 1305 2332 1370 καὶ
2355 1302 2612 1385 γυναῖκες
2631 1302 3035 1384 ’σπουδ-άσωμεν
3055 1313 3268 1374 ’ἑαυτοῖς
3291 1311 3485 1378 ἐγκατι-

1869 1455 1881 1462 ,
1911 1397 2111 1452 οικίσαι
2150 1399 2212 1451 τὸ
2239 1398 2452 1463 κάλλος,
2493 1398 2574 1458 Τὰ
2611 1399 2708 1468 μὶν
2731 1396 2839 1468 γὰρ
2858 1394 2962 1450 ιτοῦ
2995 1395 3247 1466 σώματος
3278 1393 3373 1446 καὶ
3399 1392 3483 1445 νό⁴

1911 1499 2003 1546 σος
2037 1481 2303 1555 ἐμάρανε,
2345 1484 2438 1536 καὶ
2465 1481 2670 1552 πλῆθος
2699 1482 2892 1553 χρόνου
2927 1469 3220 1550 διέφθειρε,
3256 1477 3352 1531 καὶ
3382 1476 3487 1546 γῆν

1913 1583 2011 1635 ρας
2031 1566 2244 1632 ἔσϐεσε,
2276 1567 2372 1621 καὶ
2396 1567 2626 1630 θάνατος
2654 1563 3128 1634 ἐπελθὼνξάνεῖλεν
3147 1562 3296 1616 ἅπαν
3312 1577 3326 1591 ο
3350 1559 3412 1612 τὸ
3429 1559 3487 1612 δέ

1906 1649 2008 1719 τῆς
2027 1649 2206 1720 ψυχῆς
2229 1651 2288 1702 οὗ
2312 1649 2522 1720 Χρόνος,
2549 1650 2611 1703 οὐ
2630 1649 2806 1712 νόσος,
2832 1647 2891 1701 οὐ
2920 1648 3120 1717 γῆρας,
3153 1646 3214 1698 οὐ
3235 1644 3484 1705 θάνατος,

1893 1732 2008 1785 οὐκ
2041 1731 2168 1787 ἄλλο
2208 1733 2359 1786 οὐδὲν
2405 1733 2515 1785 τῶν
2555 1731 2814 1785 τοιούτων
2860 1727 3206 1800 λυμήνασθαι
3239 1727 3484 1786 δύναται,

1905 1813 2042 1868 ἀλλά
2070 1814 2222 1885 μένει
2245 1816 2509 1887 διηνεκῶς
2532 1815 2748 1869 ἀνθοῦν.
2773 1815 2883 1868 Kal
2906 1813 2968 1866 τὺ
2993 1813 3092 1883 μὲν
3113 1811 3208 1866 τοῦ
3234 1810 3487 1880 σώματος

1904 1899 2032 1961 τοὺς
2063 1899 2306 1969 ὁρῶντας
2329 1901 2408 1962 είς
2439 1899 2737 1954 ἀκολασίαν
2767 1896 3078 1951 ἐκκαλεῖται
3105 1894 3385 1957 πολλάκις,
3425 1892 3488 1945 τὸ

1903 1979 1959 2031 δὲ
1989 1979 2090 2049 τῆς
2123 1980 2305 2051 ψυχῆς
2344 1981 2537 2044 κάλλος
2565 1983 2729 2035 αὐτὸν
2761 1981 2850 2034 τὸν
2874 1979 3006 2032 Θεὸν
3029 1978 3162 2050 πρὸς
3187 1977 3276 2030 τὸν
3309 1975 3488 2047 ἔρωτα

1903 2055 2201 2116 ἐπισπᾶται
2223 2063 2313 2116 τὸν
2328 2066 2525 2117 οίκεῖον
2544 2081 2556 2094 ο
2581 2063 2832 2134 καθάπερ
2857 2063 2952 2116 καὶ
2971 2063 3000 2114 ό
3020 2061 3310 2132 Προφήτης
3330 2055 3484 2128 φησὶ,

1904 2145 2042 2215 πρὸς
2071 2146 2167 2216 τὴν
2211 2146 2535 2207 Ἐκκλησίαν
2571 2145 2982 2216 διαλεγόμενοςο
3023 2145 3346 2204 Ἄκουσον,
3379 2140 3485 2194 θύ-

1903 2227 2233 2296 γατερ,εκαὶ
2269 2228 2378 2293 ἴδε,
2407 2229 2508 2283 καὶ
2535 2227 2695 2301 [55η
2721 2227 3027 2282 κλῖνοοίτὸ
3066 2221 3178 2290 οὖς
3213 2235 3352 2288 σου,
3383 2221 3483 2276 καί

1902 2309 2189 2370 ἐπιλάθου
2217 2310 2326 2364 τοῦ
2343 2311 2499 2366 λαοῦ
2521 2327 2662 2376 σου,
2691 2310 2788 2364 καὶ
2811 2310 2918 2364 τοῦ
2942 2309 3113 2364 οἴκου
3130 2306 3236 2361 τοῦ
3259 2306 3501 2373 πατρόςῖ

1901 2397 2038 2460 σίου,
2088 2393 2187 2448 καί
2233 2394 2592 2463 ἐπιθυμήσει
2643 2397 2676 2447 ό
2709 2391 3011 2458 βασιλεὺς
3059 2390 3166 2445 τοῦ
3215 2387 3488 2453 κάλλους

1901 2493 2041 2532 σου.
2070 2477 2191 2531 Ἵνα
2218 2473 2346 2542 γοῦν,
2393 2477 2688 2548 ἀγαπητοὶ,
2731 2475 3020 2547 γενώμεθα
3048 2475 3190 2545 φίλοι
3216 2472 3311 2544 ,τῷ
3341 2471 3485 2542 Θεῷ,

1898 2559 2058 2614 τοῦτο
2073 2561 2208 2614 ’καθ’
2238 2561 2476 2631 ἐκάστην
2497 2561 2712 2632 ἡμέραν
2746 2558 3064 2629 ἐξασκῶμεν
3084 2558 3145 2610 τὸ
3171 2556 3363 2619 κάλλος
3378 2594 3394 2620 ,
3417 2558 3486 2626 τῇ

1899 2644 2010 2698 τῶν
2038 2643 2271 2715 Γραφῶν
2293 2643 2598 2713 ἀναγνώσει
2617 2646 2802 2698 πᾶσαν
2821 2644 3015 2714 κηλῖδα
3046 2641 3485 2710 ἀποσμήχοντες,

1898 2731 2020 2790 ταῖς
2049 2729 2260 2798 εὐχαῖς,
2295 2730 2417 2791 ταῖς
2450 2727 2873 2799 ’ἐλεημοσύναις,
2925 2729 2988 2797 τῇ
3039 2725 3172 2797 πρὸς
3220 2722 3500 2792 ἀλλήλους⁴

1900 2811 2153 2881 ὁμονοίᾳο
2192 2811 2280 2864 ἵνα
2313 2811 2342 2863 ό
2373 2811 2628 2881 βασιλεὺς
2649 2810 2904 2881 ἐρασθεὶς
2923 2809 3081 2880 ἡμῶν
3103 2807 3201 2880 τῆς
3222 2805 3366 2861 κατὰ
3389 2804 3488 2875 τὴν

1906 2893 2090 2964 ψυχὴν.
2124 2894 2453 2966 εὐμορφίας,
2473 2893 2890 2965 ,τῆςβασιλείας
2924 2893 3034 2946 τῶν
3056 2891 3302 2962 οὐρανῶν
3336 2890 3488 2960 ἡμᾶς

1905 2976 2242 3048 καταξιώσῃ·
2263 2975 2334 3049 ἦς
2356 2978 2566 3046 γένοιτο
2585 2977 2796 3045 πάντας
2821 2979 2968 3048 ἡμᾶς
2987 2979 3285 3046 ἐπιτυχεῖν,
3303 2976 3487 3046 χάριτι

1906 3059 2547 3131 καὶ.φιλανθρωπίᾳ,τοῦ
2577 3060 2785 3130 Κυρίου
2817 3058 2976 3129 ἡμῶν
3017 3058 3192 3129 Ἰησοῦ
3222 3057 3486 3130 Χριστοῦ,

1908 3143 2027 3214 μεθῒ
2060 3138 2125 3198 οὗ
2159 3142 2444 3214 τῷΠατρὶ
2475 3141 2601 3207 δόξα
2629 3142 2746 3212 ἅμα
2775 3139 2852 3211 τῷ
2893 3141 3034 3212 ἁγίῳ
3058 3141 3358 3211 Πνεύματι,
3391 3139 3488 3195 νῦν

1907 3228 2003 3280 καὶ
2029 3227 2138 3295 ἀεὶ,
2162 3226 2258 3281 καὶ
2292 3228 2372 3289 είς
2399 3225 2526 3288 τοὺς
2567 3223 2774 3289 αἰῶνας
2808 3223 2919 3279 τῶν
2946 3223 3178 3282 αίώνων.
3218 3225 3414 3304 ’Δμήν.

1964 3401 2164 3465 ἤεανίὶ.
2189 3405 2248 3453 in
2265 3402 2407 3452 textu
2431 3407 2483 3450 et
2503 3401 2628 3464 Rea.
2653 3401 2752 3450 ὀὐκ
2775 3402 2839 3450 ἔνι
2864 3397 3118 3465 γράμματα
3140 3399 3239 3456 καὶ,
3263 3397 3414 3447 Savil.
3434 3397 3489 3465 in

1904 3461 2057 3529 marg.
2083 3465 2175 3529 οὐκ
2204 3465 2520 3529 ἐπιτρίμματα
2555 3461 2654 3529 καὶ,
2678 3476 2790 3526 qua:
2833 3461 3078 3524 poSterior
3101 3461 3250 3508 lectio
3273 3472 3407 3518 vera,
3433 3464 3489 3507 et

1904 3524 2090 3586 legitur
2109 3527 2257 3577 etiam
2278 3524 2406 3586 apud
2426 3524 2601 3574 Morel.

2621 3663 3459 3702 ω

1666 3843 2067 3905 MONITUM.

205 4060 279 4114 ἂν
321 4058 477 4129 πρὸς
513 4056 796 4122 Ἰουδαίους
841 4057 1110 4128 λέγωμεν,
1141 4059 1476 4130 σαφέστερον
1518 4058 1612 4112 καὶ
1649 4058 1812 4127 εὐρύ-

198 4167 383 4221 τερον
440 4147 851 4219 ἀναπτύξομεν.
922 4146 1110 4202 Verum
1161 4149 1294 4214 lucc,
1356 4149 1572 4219 quando
1625 4159 1813 4203 contra

200 4239 443 4294 Judcos
474 4238 732 4306 dicemus,
755 4238 955 4292 clarius
987 4249 1036 4293 et
1085 4239 1254 4308 fusius
1282 4239 1683 4309 explicabitur“.
1716 4239 1812 4296 His

201 4345 387 4400 porro
416 4328 606 4384 verbis
636 4337 926 4398 sequentes
957 4337 1148 4384 contra
1177 4328 1392 4386 Jndteos
1422 4330 1682 4385 bomilias
1724 4331 1810 4384 ἰηο

202 4423 409 4476 dicare
437 4436 670 4490 prorsus
691 4421 933 4476 videtur.
965 4419 1102 4476 Nam
1131 4421 1209 4475 ibi
1235 4437 1301 4476 ex
1336 4420 1730 4491 prophetarum
1756 4430 1810 4477 et

213 4509 441 4566 Veteris
487 4509 822 4565 Testamenti
866 4511 1193 4566 auctoritate
1235 4511 1809 4581 pluribus‘commona

207 4611 366 4658 Strat
421 4602 726 4657 tollendum
800 4602 1284 4674 abrogandumque
1337 4611 1462 4673 post
1518 4603 1807 4657 adventum

204 4693 428 4749 Christi
453 4709 580 4749 esse
610 4694 819 4750 cultum
857 4692 1168 4750 Judaicutn.
1200 4693 1337 4749 Cum
1383 4704 1564 4749 autem
1598 4709 1707 4748 non
1751 4693 1807 4748 in

201 4786 401 4839 tribus
435 4785 716 4855 prioribus
745 4795 934 4840 contra
962 4785 1180 4842 Iudaeos
1209 4787 1466 4852 homiliis,
1497 4801 1621 4856 quae
1663 4801 1810 4842 anno

197 4877 322 4931 586
368 4877 572 4931 habita:
603 4885 752 4944 sunt,
787 4877 883 4933 sed
926 4879 981 4931 in
1010 4879 1254 4948 quinque
1282 4877 1682 4948 posterioribus
1712 4891 1812 4947 po-

191 4971 523 5036 tissimum,
558 4987 696 5041 quas
756 4972 950 5026 habuit
981 4971 1415 5042 Cbrysostomus
1475 4984 1624 5025 anno
1670 4968 1807 5036 587,

191 5077 415 5118 mense
439 5063 661 5118 circiter
684 5062 1016 5134 Septembri,
1041 5063 1363 5133 abrOgatum
1394 5061 1564 5117 fuisse
1601 5062 1807 5116 cultum

183 5153 518 5210 Iudaicum
554 5157 744 5211 multis
801 5155 1139 5227 argumentis
1194 5153 1366 5224 probe
1403 5164 1566 5224 atque
1597 5153 1810 5208 erudite

183 5251 600 5305 demonstret:
639 5249 769 5304 hinc
825 5250 1075 5319 sequitur
1129 5249 1276 5302 hunc
1301 5262 1396 5302 seu
1462 5247 1664 5301 librum
1710 5262 1807 5302 seu

183 5355 570 5406 setmettem,
630 5343 722 5398 ubi
786 5344 838 5398 id
875 5359 934 5399 se
980 5344 1251 5398 facturum
1309 5340 1617 5411 pollicetur,
1679 5347 1804 5394 ante

187 5447 465 5488 mensem
502 5430 876 5502 Septembrem
911 5430 1012 5486 587
1047 5432 1372 5485 adornatum
1410 5427 1600 5481 fuisse.

271 5526 374 5580 An
408 5541 580 5596 porro
641 5526 926 5581 eoncionis
979 5539 1133 5579 more
1189 5523 1336 5578 hunc
1391 5534 1698 5577 sermonem
1733 5518 1799 5572 ad

189 5617 483 5689 populum
545 5617 820 5682 habuerit,
878 5633 947 5672 an
985 5617 1268 5686 scripserit
1331 5614 1643 5685 legendum,
1699 5625 1800 5666 nec

183 5709 467 5766 oratorio
499 5725 654 5764 more
679 5710 1044 5774 recitandum,
1078 5725 1184 5763 non
1215 5708 1288 5762 ita
1319 5706 1476 5762 facile
1509 5711 1595 5758 est
1633 5717 1802 5772 augu-

190 5806 363 5863 rari.
386 5803 534 5860 Licet
558 5805 704 5860 enim
727 5805 887 5861 initio
914 5806 967 5860 in
995 5806 1306 5862 auditorum
1333 5803 1559 5874 cuiusve
1586 5798 1801 5870 generis

184 5906 252 5947 ct.
291 5892 634 5949 conditionis
667 5894 1017 5952 commodum
1047 5911 1102 5950 se
1137 5893 1386 5950 brevitati
1421 5889 1644 5949 studere
1671 5903 1798 5959 pro—

1916 4053 2136 4108 ﬁteatur
2165 4069 2178 4106 :
2216 4061 2453 4107 attamen
2489 4053 2605 4108 haec
2630 4067 2910 4123 nunquam
2943 4051 3496 4109 concionalnsmisse

1913 4143 2150 4198 videtur.
2185 4143 2243 4197 Si
2267 4143 2412 4199 enim
2446 4145 2804 4200 concionatus
2832 4154 2999 4210 esset,
3035 4143 3315 4200 bomiliam
3347 4153 3495 4200 certe

1912 4235 2288 4306 prolixiorem,
2313 4253 2478 4307 quam
2501 4246 2562 4292 ut
2591 4247 2775 4307 posset
2805 4253 2914 4293 una
2945 4237 3064 4292 vice
3098 4245 3208 4291 tota
3231 4237 3490 4306 persolvi,

1911 4329 2097 4398 plures
2119 4329 2174 4383 in
2199 4339 2383 4399 partes
2416 4330 2712 4397 divisisset,
2748 4339 2808 4384 ut
2835 4331 2972 4386 alias
2998 4345 3108 4385 non
3146 4331 3314 4386 semel
3340 4330 3489 4386 fecit.

1913 4420 1979 4474 Et
2031 4422 2276 4492 alioquin
2313 4431 2798 4494 quantumcunque
2834 4424 3046 4494 prolixa
3085 4425 3176 4488 sit,
3212 4440 3318 4479 non
3354 4425 3495 4479 inte-

1911 4525 2008 4581 gra
2037 4521 2222 4567 tamen
2261 4523 2388 4568 est:
2418 4521 2742 4585 certumque
2789 4515 3006 4570 videtur
3063 4515 3317 4586 magnam
3369 4516 3492 4586 ejus

1910 4603 2122 4673 partem
2163 4605 2218 4658 in
2246 4604 2353 4660 ﬁne
2391 4605 2715 4662 desiderari.
2744 4607 2836 4662 Sic
2867 4621 2997 4661 vero
3021 4608 3268 4662 mutilam
3303 4607 3495 4663 habuit

1910 4693 2068 4749 vetus
2104 4695 2398 4765 interpres,
2441 4697 2523 4752 sic
2555 4697 2736 4766 prius
2792 4696 2943 4763 editi,
2989 4698 3070 4753 sic
3109 4697 3273 4752 habet
3316 4699 3492 4752 "etiam

1909 4785 2096 4843 Codex
2131 4788 2520 4845 Colbertinus:
2565 4791 2709 4845 unde
2739 4789 2970 4846 fortasse
3001 4790 3230 4845 dubium
3259 4791 3490 4856 oriatur,

1911 4867 2268 4953 integramne‘
2297 4883 2450 4957 [558]
2482 4900 2724 4954 unquam
2773 4883 3006 4940 ediderit
3039 4883 3487 4954 Chrysostomus.

1913 4973 2098 5046 Stylus
2129 4976 2426 5032 admodum
2452 4977 2742 5042 redundat,
2774 4975 3016 5030 maxime
3045 4983 3225 5029 autem
3252 4988 3284 5027 a
3308 4972 3491 5028 medio

1914 5069 1981 5122 ad
2009 5068 2174 5123 ﬁnem
2208 5086 2222 5122 :
2264 5069 2454 5124 eodem
2487 5069 2679 5123 orandi
2709 5083 2908 5138 genere
2941 5066 3181 5137 scriptus
3203 5081 3316 5137 quo
3343 5067 3487 5122 liber

1907 5167 2093 5212 contra
2126 5171 2300 5230 gentes
2332 5169 2387 5214 et
2415 5161 2470 5214 in
2501 5158 2561 5214 S.
2581 5158 2869 5230 Babylam,
2901 5159 3100 5214 concio
3134 5159 3374 5214 secunda
3425 5159 3485 5212 in
3569 5181 3578 5186 -

1910 5245 2248 5316 Eutropium,
2296 5249 2521 5303 homilia
2556 5248 2635 5303 De
2693 5250 3051 5314 anathemate,
3104 5248 3344 5303 bomiliaa
3389 5247 3489 5303 ali-

1912 5348 2046 5409 quot
2082 5339 2160 5395 De
2193 5342 2516 5411 pwnitentia,
2550 5357 2672 5410 qua:
2702 5357 2810 5396 non
2861 5351 2989 5396 sunt
3017 5341 3262 5412 ejusdem
3322 5348 3488 5411 atque

1911 5441 2108 5486 caetera
2138 5448 2303 5502 opera
2351 5433 2657 5504 elegantiae,
2693 5433 2818 5504 quia
2860 5431 3112 5488 fortassis
3141 5449 3205 5487 ex
3239 5442 3487 5502 tempore

1911 5524 2137 5592 scripta.
2175 5522 2282 5578 Par
2351 5526 2594 5595 suspicio
2633 5525 2878 5580 nascitur
2914 5524 3063 5580 hunc
3121 5524 3251 5580 item
3283 5525 3485 5582 librum

1909 5631 2016 5670 non
2053 5615 2226 5672 fuisse
2258 5617 2514 5674 secundis
2543 5618 2692 5673 curis
2715 5616 3035 5686 expolitum.

1977 5705 2492 5778 interpretationem
2531 5707 2724 5764 incerti
2756 5708 3003 5763 auctoris
3051 5723 3174 5778 qua:
3207 5708 3262 5763 in
3321 5707 3486 5765 editis

1908 5807 2036 5854 ante
2062 5798 2364 5870 legebatur,
2394 5808 2580 5870 utpote
2614 5816 2724 5856 non
2772 5799 2909 5859 satis
2962 5810 3304 5860 accuratam.
3337 5798 3484 5866 reje-

1909 5887 2110 5954 cimus,
2137 5906 2442 5962 novamque
2469 5891 2803 5961 paravimus.
