3980 6184
531 300 640 358 813

1255 306 1312 384 8.
1347 303 1632 365 ιοΑΝΝιε
1668 309 2116 372 CHRYSOSTOM

2216 315 2512 374 malum).
2558 317 3106 376 consumma
3225 395 3227 397 ι
3600 338 3678 396 su

565 1252 724 1329 [558]
766 1257 925 1328 Πρός
966 1275 1031 1313 τε
1090 1257 1412 1327 Ἰουδαίους
1449 1260 1550 1316 καί
1583 1262 1890 1333 Ἕλληνας
1925 1265 2236 1336 ἀπόδειξις
2256 1306 2276 1335 ,
2348 1269 2438 1322 ὅτι
2479 1267 2610 1324 ἐστί
2661 1269 2806 1337 Θεὸς
2848 1273 2885 1325 ὁ
2957 1268 3206 1340 Χριστὸς
3233 1309 3250 1336 ,
3297 1269 3364 1325 ἐκ
3413 1270 3520 1326 τῶν
3566 1274 3694 1344 παρὰ

1164 1355 1291 1424 τοῖς
1343 1355 1677 1429 προφήταις
1720 1363 2036 1430 πολλαχοῦ
2084 1363 2219 1434 περὶ
2267 1364 2457 1419 αὑτοῦ·
2507 1365 2834 1436 εἰρημένων
2863 1377 2915 1421 ι.

601 2201 671 2251 α’.
715 2194 935 2267 Ἐπειδὴ
972 2193 1155 2249 πολλοὶ
1182 2193 1293 2247 τῶν
1324 2192 1649 2266 ἀνθρώπων,
1684 2195 1732 2249 οἰ
1771 2195 1869 2267 μὲν
1899 2193 2111 2250 οἴκοθεν

529 2279 683 2345 δντες
731 2280 986 2353 ῥᾴθυμοι,
1035 2281 1085 2334 oi
1126 2278 1183 2333 δὲ
1223 2282 1335 2343 τοῖς
1381 2276 1651 2348 βιωτικοῖς
1695 2279 1921 2344 ἑαυτοὺς
1975 2269 2113 2351 μετά

532 2362 735 2434 πολλῆς
766 2362 1126 2426 ὲκδεδωκότες
1155 2361 1255 2434 τῆς
1289 2360 1544 2432 σπουδῆς,
1574 2361 1750 2433 ἕτεροι
1790 2361 1848 2415 δὲ
1886 2364 1979 2416 καὶ
2004 2362 2112 2417 ὑπὸ

533 2445 774 2518 ἀμαθίας
801 2445 1005 2515 πολλῆς
1032 2444 1408 2515 κατεχόμενοι,
1435 2444 1534 2497 οὐκ
1558 2444 1625 2498 ἂν
1653 2445 1852 2516 ῥᾳδίως
1883 2445 2112 2517 μακρῶν

533 2531 854 2600 ἀνάσχοιντο
884 2528 1058 2595 λόγων
1082 2567 1098 2591 ,
1147 2528 1442 2597 ἀναγκαῖον
1475 2523 1614 2583 εἶναι
1649 2530 1874 2600 ἐνόμισα
1915 2529 2008 2583 τὸν
2047 2531 2150 2584 ὲκ-

530 2615 631 2686 τῆς
667 2611 1046 2684 μακρηγορίας
1086 2611 1454 2683 ὑποτεμέσθαι
1487 2613 1676 2668 πόνον’
1709 2612 1850 2666 ὥστε
1888 2613 1984 2668 καὶ
2020 2614 2113 2668 τὸν

531 2701 690 2752 ὕκνον
722 2695 930 2749 ἀνελεῖν
954 2698 1022 2766 τῇ
1056 2693 1389 2768 βραχυλογίᾳ
1418 2696 1527 2750 τῶν
1562 2696 1840 2768 ῥᾳθύμων,
1872 2697 2112 2764 καὶτοὺς

534 2780 742 2850 σφόδρα
771 2778 951 2834 αὐτῶν
990 2779 1456 2843 ἀναπεπτωκότας
1484 2780 1624 2851 πρὸς
1653 2779 1750 2852 τὴν
1779 2781 2108 2850 ἀνάγνωσιν,

534 2867 721 2918 πεῖσαι
746 2863 846 2932 τῆς
869 2861 1237 2933 προκειμένης
1264 2863 1397 2932 ἡμῖν
1423 2863 1806 2933 πραγματείας
1830 2865 1966 2934 μετά
1992 2865 2115 2918 πολ-

534 2947 633 3019 λῆς
663 2944 1035 3015 ἀκροάσασθαι
1065 2945 1166 3015 τῆς
1202 2944 1524 3017 προθυμίας.
1559 2947 1660 3000 Διά
1689 2963 1772 3000 τοι
1802 2947 1961 3002 τοῦτο
1991 2947 2113 3002 οὐδὲ

535 3034 894 3098 καλλωπίζων
923 3032 1129 3104 ῥήμασί
1173 3049 1232 3088 τε
1275 3032 1370 3086 καὶ
1390 3033 1638 3104 ’ὀνόμασι
1664 3033 1762 3106 τὴν
1796 3035 2110 3106 ἑρμηνείαν,

534 3117 650 3172 ἀλλ’
679 3117 819 3173 αύτά
856 3116 1028 3180 τιθεὶς
1060 3114 1131 3169 τά
1159 3115 1402 3186 ὀνόματα
1428 3114 1633 3182 οὓτως,
1667 3117 1743 3180 ώς
1775 3118 1870 3172 καὶ
1902 3117 2110 3190 οἰκέτῃ,

536 3201 631 3256 καὶ
656 3200 1016 3272 θεραπαινίδι,
1048 3198 1140 3251 καί⁵
1157 3199 1304 3270 χήρᾳ
1335 3191 1574 3267 γυναικὶ,
1607 3201 1702 3253 καὶ
1725 3201 1988 3272 καπήλῳ,
2018 3201 2113 3255 καὶ

510 3284 705 3355 ,ναύτῃ
725 3324 738 3345 ,
761 3284 856 3335 καλ⁵
875 3281 1100 3351 γηπόνῳ
1130 3280 1288 3350 ῥᾴδια
1319 3281 1458 3334 εἶναι
1484 3282 1579 3335 καὶ
1611 3281 1874 3353 εὔληπτα,
1908 3301 2113 3338 πάντας

535 3366 630 3439 χοῦ
665 3365 997 3435 πειράσομαι
1029 3362 1302 3416 συστεῖλαι
1335 3362 1397 3415 τὸ
1437 3364 1637 3434 μῆκος,
1668 3365 1743 3428 ὡς
1775 3365 1842 3419 ἂν
1869 3368 2110 3438 ἐγχωρῇ,

536 3451 631 3505 καὶ
671 3449 737 3502 δι’
771 3447 965 3516 ὀλίγων
1019 3446 1119 3517 τὴν
1149 3445 1494 3500 διδασκαλίαν
1529 3448 1792 3516 ποιῆσαι,
1837 3450 2118 3522 ἑκατέροις

534 3535 746 3594 τούτοις
773 3531 882 3584 τῶν
911 3529 1118 3583 ὑπτίων
1162 3531 1446 3601 ἀκροατῶν
1478 3530 1760 3601 διεγείρων
1807 3533 1905 3603 τὴν
1938 3533 2118 3604 ὄρεξιν

535 3621 617 3680 εἰς
743 3614 941 3687 ῥᾳδίως
968 3614 1065 3696 κριὶ
1095 3614 1266 3684 χωρὶς
1290 3614 1534 3684 καμάτου
1562 3615 1706 3678 τινὸς
1727 3616 1796 3670 τὰ
1825 3617 2116 3688 ὲγκείμενα

537 3687 786 3754 ἐπελθεῖν
809 3739 824 3764 ,
873 3699 969 3753 καλ⁵
999 3687 1373 3767 κατασχόντας
1402 3698 1495 3752 ἐπὶ
1531 3700 1750 3771 μνήμης
1783 3700 1954 3755 ταῦτα
1983 3687 2118 3775 έκερ-

535 3784 710 3838 δᾶναι.
741 3783 1048 3854 Ποιήσομαι
1077 3781 1136 3835 δὲ
1169 3781 1262 3833 τὸν
1291 3780 1478 3849 ἀγῶνα
1507 3782 1641 3852 πρὸς
1671 3783 1935 3855 Ἕλληνας
1964 3787 2116 3855 πρῶ-

534 3886 646 3922 τον.
677 3867 741 3922 Εί
766 3868 873 3939 γὰρ
900 3867 964 3938 δὴ
991 3867 1140 3935 λέγοι
1165 3870 1195 3921 ό
1229 3867 1449 3937 Ἕλλην,
1481 3867 1652 3920 Πόθεν
1679 3866 1837 3937 δῆλον
1870 3868 1952 3920 ὃτι
1985 3868 2117 3932 Θεός

537 3952 684 4004 ἐστιν
713 3951 741 4002 ὁ
770 3949 1038 4021 Χριστός;
1071 3949 1252 4020 (τοῦτο
1283 3950 1392 4020 γὰρ
1424 3950 1504 4003 δεῖ
1527 3949 1931 4019 προϋποθέσθαι
1963 3951 2117 4022 πρῶ-

536 4050 629 4088 τον
651 4073 667 4098 ,
696 4033 772 4096 ὡς
793 4032 861 4086 τά
890 4031 1025 4086 ἀλλα
1058 4034 1236 4087 πάντα
1262 4033 1437 4103 τούτῳ
1465 4032 1722 4104 ἑπόμενα)
1753 4033 1853 4086 οὐκ
1891 4034 1985 4087 ἀπ’
2029 4035 2120 4088 ού-

503 4117 701 4190 ρανοῦ
752 4115 1094 4188 ποιησόμεθα
1138 4117 1238 4189 τὴν
1289 4114 1562 4180 ἀπόδειξιν
1585 4153 1600 4178 ,
1651 4115 1771 4168 οὐδὲ
1820 4116 1916 4168 ἀπ’
1943 4115 2118 4171 ἄλλων

534 4202 812 4256 τοιούτων.
853 4201 978 4255 Ἐὰν
1014 4199 1122 4272 γὰρ
1164 4200 1303 4254 εῑπω
1349 4201 1484 4270 πρὸς
1514 4199 1676 4254 αὑτὸν
1702 4237 1718 4262 ,
1763 4198 1845 4252 ὅτι
1890 4199 2118 4270 οὐρανὸν

535 4284 772 4350 ἔκτισεν,
793 4287 876 4340 ὅτι
910 4286 1037 4356 γῆν,
1069 4286 1152 4338 ὅτι
1175 4285 1471 4350 θάλασσαν,
1500 4284 1600 4337 οὐκ
1624 4281 1870 4350 ἀνέξεται
1896 4299 1910 4316 ο
1947 4284 2014 4338 ἂν
2043 4284 2119 4337 εἴ·

539 4387 654 4436 πω,
688 4371 770 4422 ὅτι
800 4369 1030 4440 νεκροὺς
1071 4369 1260 4440 ἤγειρε
1285 4409 1299 4431 ,
1335 4367 1570 4437 τυφλοὺς
1597 4367 1930 4435 ἐθεράπευσε
1956 4408 1971 4432 ,
2002 4366 2119 4420 δαί-

539 4469 708 4522 μονας
737 4451 935 4521 ἤλασεν
959 4492 975 4517 ,
1001 4452 1120 4505 οὐδὲ
1148 4452 1305 4505 τοῦτο
1332 4450 1679 4515 καταδέξεται
1701 4468 1715 4481 ο
1747 4450 1812 4504 ἂν
1837 4452 2004 4516 εἴπω,
2035 4451 2119 4505 ὅτι

539 4533 815 4604 βασιλείαν
842 4534 1206 4604 ἐπηγγείλατο
1249 4535 1344 4588 καὶ
1385 4535 1453 4588 τά
1481 4535 1770 4606 ἀπόρῥητα
1805 4534 1988 4602 ἀγαθά
2007 4576 2022 4602 ,
2051 4533 2118 4589 ἂν

539 4618 666 4686 περὶ
699 4615 1049 4680 ἀναστάσεως
1089 4617 1384 4687 διαλεχθῶ,
1421 4619 1481 4672 οὐ
1525 4619 1683 4689 μόνον
1720 4619 1818 4672 οὐκ
1847 4619 2115 4686 ἀνέξεται,

536 4700 674 4755 ἀλλά
700 4702 794 4755 καὶ
824 4701 1132 4770 γελάσεται.
1169 4701 1339 4756 Πόθεν
1382 4700 1476 4757 οὖν
1501 4705 1661 4758 αὑτὸν
1685 4705 1944 4776 ὲνάξομεν
1969 4746 1984 4768 ,
2023 4705 2117 4758 καὶ

540 4783 775 4854 μάλιστα
811 4785 908 4838 ἐὰν
950 4783 1160 4855 ἰδιώτης
1249 4802 1263 4850 ;
1309 4786 1479 4839 Πόθεν
1506 4787 1728 4840 ἄλλοθεν
1750 4827 1765 4852 ,
1796 4786 1912 4842 ἀλλ’
1947 4787 1979 4858 ἢ
2010 4788 2118 4841 ἀπὸ

536 4869 644 4922 τῶν
688 4869 818 4939 παρ’
851 4867 986 4940 ἐμοῦ
1016 4869 1110 4922 καὶ
1150 4869 1316 4922 αὑτοῦ
1347 4870 1539 4932 κοινῶς
1573 4872 1668 4925 κα)⁸
1709 4874 2118 4944 ἀναντιρῥήτως

534 4951 982 5023 ὁμολογουμένων
1011 4993 1026 5018 ,
1059 4953 1153 5007 καὶ
1205 4953 1343 5026 πρὸς
1391 4953 1426 5006 ἃ
1457 4955 1775 5025 ἀμφιδόλως
1817 4957 1916 5007 οὐκ
1965 4956 2113 5024 Exn;

535 5036 618 5090 ὅτι
641 5039 739 5108 μὲν
757 5039 865 5109 γὰρ
886 5037 1112 5109 οὐρανὸν
1136 5039 1358 5110 ἐποίησε
1377 5040 1472 5093 καὶ
1492 5038 1564 5092 τὰ
1590 5039 1744 5106 ἄλλα,
1771 5038 1916 5112 ἅπερ
1938 5035 2111 5104 εἷπον,

535 5120 631 5174 ὲάν
661 5121 950 5192 ὑποθῶμαι
976 5165 990 5188 ,
1022 5124 1122 5178 οὐκ
1153 5125 1220 5178 ἂν
1247 5126 1533 5194 ἀνάσχοιτο
1565 5127 1853 5195 πεισθῆναι
1890 5125 2111 5196 ῥᾳδίως.

536 5205 671 5259 Τίνα
705 5202 800 5260 οὖν
829 5205 978 5260 ἐστιν
1009 5205 1046 5260 ἀ
1069 5207 1162 5260 καὶ
1187 5210 1391 5271 ἐκεῖνος
1419 5209 1672 5278 ὁμολογεῖ
1701 5209 1862 5262 αὐτὸν
1885 5226 2115 5278 πεποιη-

535 5289 712 5356 κέναι,
745 5292 841 5344 καὶ
864 5290 1116 5361 οὐδαμῶς
1148 5291 1214 5344 ἂν
1240 5292 1512 5358 ἀντείποι;
1541 5294 1663 5348 Ὅτι
1691 5294 1750 5347 τὸ
1773 5293 2117 5366 Χριστιανῶν

535 5373 692 5442 γένος
717 5375 882 5440 αὐτὸς
923 5376 1220 5444 ἐφύτευσεν
1244 5392 1258 5407 ·
1293 5377 1352 5430 ού
1393 5376 1502 5448 γὰρ
1534 5378 1599 5448 δὴ
1640 5378 1735 5431 καὶ
1784 5378 1920 5449 πρὸς
1959 5376 2118 5431 τοῦτο

535 5459 768 5529 ἀντερεῖ,
793 5459 874 5513 ὅτι
894 5458 993 5523 τὰς
1019 5459 1295 5531 πανταχοῦ
1319 5461 1419 5530 τῆς
1444 5461 1770 5532 οἰκουμένης
1791 5461 2120 5533 Ἐκκλησίας

536 5541 699 5604 αὐτὸς
726 5543 981 5614 ἐπήξατο.
1015 5544 1152 5597 Ἀπὸ
1180 5543 1384 5598 τούτων
1426 5544 1775 5614 παρεξόμεθα
1820 5547 1918 5615 τῆς
1960 5545 2120 5598 δυνά-

541 5640 688 5694 μεως
717 5625 880 5678 αὐτοῦ
910 5627 1006 5697 τὴν
1048 5627 1318 5694 ἀπόδειξιν
1341 5667 1354 5692 ,
1383 5629 1474 5681 καὶ
1516 5627 1760 5701 δείξομεν
1791 5628 1950 5682 αὑτὸν
1988 5629 2118 5684 ὅντα

549 5786 554 5790 ’
601 5778 616 5800 ⁸
643 5776 826 5828 Collala
855 5791 962 5827 cum
989 5781 1096 5830 cod.
1117 5780 1254 5831 Culb.
1278 5782 1416 5843 5055,
1445 5783 1522 5832 ubi
1550 5796 1790 5846 perpauca
1817 5784 2112 5836 discrimina.

2211 2192 2366 2259 Θεὸν,
2393 2196 2488 2250 καὶ
2519 2196 2752 2270 ἐροῦμεν
2778 2201 2860 2256 ὅτι
2886 2201 2988 2255 οὐκ
3023 2201 3171 2257 ἔστιν
3197 2202 3480 2278 ἀνθρώπου
3509 2204 3644 2276 ψιλοῦ
3663 2224 3734 2261 το·

2213 2278 2415 2351 σαύτην
2440 2282 2498 2334 ὲν
2530 2281 2722 2353 βραχεῖ
2749 2284 2927 2356 καιρῷ
2960 2285 3272 2357 περιελθεῖν
3303 2289 3603 2360 οἰκουμένην
3623 2328 3637 2353 ,
3663 2290 3735 2342 καὶ

2211 2361 2335 2432 γῆν,
2362 2363 2458 2416 καὶ
2484 2363 2774 2428 θάλατταν,
2798 2368 2892 2420 καὶ
2918 2368 3012 2421 ἐπὶ
3038 2368 3309 2435 τοιούτοις
3331 2371 3507 2426 καλεῖν
3527 2371 3737 2442 πράγμα-

2213 2461 2298 2498 σιν
2338 2445 2481 2501 οῦτω
2502 2488 2517 2514 ,
2549 2451 2640 2502 καὶ
2671 2450 2844 2505 ταῦτα
2873 2451 2978 2504 ὑπὸ
3000 2453 3205 2507 ἀτόπου
3235 2455 3515 2526 συνηθείας
3541 2472 3737 2524 προκατ-

2211 2529 2575 2600 ειλημμένους
2623 2533 2972 2604 ἀνθρώπους,
3024 2537 3231 2607 μᾶλλον
3280 2537 3340 2592 δὲ
3385 2538 3486 2591 ὑπὸ
3523 2537 3742 2608 τοσαύτης

2212 2613 2412 2676 κακίας
2460 2615 2880 2685 κατεχομένους.
2926 2620 3037 2673 Καλ⁸
3065 2621 3225 2691 ὅμως
3262 2621 3446 2692 ἴσχυσε
3479 2621 3614 2694 [559]
3641 2619 3742 2673 τού-

2211 2710 2320 2748 των
2351 2696 2568 2750 πάντων
2611 2697 2672 2750 τὸ
2707 2700 2820 2752 τῶν
2854 2700 3160 2774 ἀνθρώπων
3201 2703 3360 2772 γένος
3409 2703 3744 2774 ἐλευθερῶσαι,

2211 2779 2333 2847 οὐχὶ
2371 2779 2677 2850 Ῥωμαίους
2711 2783 2894 2852 μόνον,
2917 2785 3054 2839 ἀλλά
3074 2787 3169 2840 καὶ
3198 2789 3416 2860 Πέρσας
3434 2828 3448 2850 ,
3482 2790 3569 2842 καὶ
3594 2785 3749 2846 ἁπλῶς

2211 2861 2280 2914 τὰ
2309 2862 2416 2916 τῶν
2447 2863 2736 2937 βαρϐάρων
2769 2867 2921 2938 γένη.
2950 2869 3059 2923 Καὶ
3088 2865 3265 2926 ταῦτα
3289 2870 3646 2942 κατώρθωσεν,
3669 2869 3748 2936 οὐχ

2211 2946 2397 3010 ὅπλοις
2428 2947 2708 3019 χρώμενος
2727 2989 2742 3013 ,
2777 2951 2838 3003 ού
2868 2953 2973 3023 χρή
2984 2969 3129 3022 ματα
3151 2954 3416 3009 δαπανῶν
3439 2996 3453 3020 ,
3481 2956 3537 3007 ού
3565 2951 3753 3023 στρατόε

2213 3030 2352 3085 πεδα
2378 3031 2544 3085 κινῶν
2567 3071 2583 3094 ,
2619 3031 2681 3085 ού
2716 3033 2985 3104 πολέμους
3011 3037 3416 3108 ἀναρριπίζων,
3449 3036 3577 3089 ἀλλά
3602 3035 3661 3087 δι’
3685 3034 3752 3086 ἒν-

2212 3112 2346 3167 δεκα
2370 3112 2672 3185 ἀνθρώπων
2696 3115 2793 3186 τὴν
2815 3117 2989 3189 ἀρχὴν
3005 3159 3021 3183 ,
3050 3119 3288 3191 ἀσήμων
3309 3159 3324 3184 ,
3356 3117 3576 3172 εὐτελῶν
3599 3158 3612 3180 ,
3636 3117 3754 3186 ἀμα-

2215 3196 2344 3264 θῶν,
2376 3197 2620 3264 ἰδιωτῶν,
2661 3201 2928 3270 πενήτων,
2959 3203 3191 3271 γυμνῶν
3211 3244 3228 3270 ,
3259 3202 3501 3267 ἀόπλων,
3525 3197 3754 3267 ἀνυποδή-

2212 3297 2321 3335 των
2344 3319 2359 3344 ,
2405 3280 2798 3351 μονοχιτώνων.
2856 3283 2922 3335 Τί
2959 3283 3103 3352 λέγω
3129 3324 3145 3346 ,
3196 3285 3564 3356 κατώρθωσε;
3603 3284 3754 3335 πεῖσαι

2213 3363 2451 3435 ἠδυνήθη
2472 3364 2711 3418 τοσαῦτα
2739 3365 2878 3434 φῦλα
2903 3366 3231 3438 ἀνθρώπων,
3261 3369 3324 3422 ού
3356 3369 3483 3438 περὶ
3519 3366 3618 3420 τῶν
3640 3380 3757 3434 παρ·
3842 3368 3848 3372 ⁷

2217 3447 2382 3500 όντων
2413 3447 2604 3518 μόνον,
2637 3448 2774 3502 ἀλλά
2801 3450 2895 3501 καὶ
2928 3451 3058 3521 περὶ
3112 3450 3227 3504 τῶν
3261 3451 3557 3522 μελλόντων
3583 3447 3759 3519 φιλοσο-

2219 3533 2370 3600 φεῖν,
2405 3530 2501 3584 καὶ
2530 3531 2728 3599 νόμους
2767 3531 3054 3603 πατρῴους
3083 3533 3441 3598 ἀνασπάσαι,
3477 3532 3566 3586 καὶ
3591 3527 3762 3585 παλαιὰ

2217 3615 2312 3687 ἔθη
2347 3615 2583 3686 τοσούτῳ
2617 3614 2916 3686 ῥιζωθέντα
2952 3616 3130 3688 χρόνῳ
3157 3619 3225 3672 ὲκ
3259 3618 3424 3691 ῥιζῶν
3449 3617 3660 3676 ἀνελεῖν,
3687 3611 3761 3665 καὶ

2217 3699 2380 3768 ἕτερα
2429 3696 2818 3767 ἀντιφυτεῦσαι
2844 3737 2858 3761 ,
2892 3699 2986 3752 καὶ
3018 3699 3129 3752 τῶν
3174 3700 3420 3754 εύκόλων
3453 3696 3763 3767 ἀπαγαγόντα

2217 3781 2297 3844 εἰς
2316 3778 2387 3832 τὰ
2407 3779 2639 3834 δύσκολα
2668 3780 2924 3850 ἐμϐαλεῖν
2949 3781 3017 3835 τὰ
3043 3783 3232 3847 αὑτοῦ,
3258 3785 3357 3836 καὶ
3387 3783 3554 3837 ταῦτα
3579 3781 3764 3847 ποιῆσαι

2218 3863 2621 3934 πολεμούμενον
2663 3864 2825 3934 ’παρά
2857 3864 3074 3918 πάντων
3099 3906 3114 3929 ,
3168 3869 3266 3920 καὶ
3325 3866 3552 3936 σταυρὸν
3597 3865 3767 3932 ύπομε·

2221 3946 2514 4016 μενηκέναι
2563 3946 2957 4016 χλευαζόμενον
3009 3949 3106 4002 καὶ
3157 3949 3396 4003 θάνατον
3427 3947 3765 4002 ἐπονείδιστον.

2219 4029 2293 4081 Οὐ
2320 4028 2429 4100 γὰρ
2450 4029 2513 4101 δὴ
2544 4029 2793 4102 καὶπρὸς
2817 4029 2989 4084 ταῦτα
3015 4032 3362 4104 ἀντεροῦσιν,
3390 4035 3472 4087 δτι
3498 4033 3593 4084 ούκ
3615 4033 3769 4082 ὲσ-εσν⁸

2221 4111 2367 4184 ρώθη
2405 4111 2510 4165 ὑπὸ
2549 4112 2845 4177 Ἰουδαίων,
2899 4115 2994 4167 καὶ
3038 4115 3106 4168 τὰ
3144 4119 3322 4187 μυρία
3359 4117 3526 4170 ἔπαθε
3556 4116 3674 4184 παρ’
3696 4110 3770 4164 αὖ·

2217 4196 2325 4250 τῶν
2352 4237 2368 4262 ,
2398 4197 2492 4250 καὶ
2520 4197 2601 4250 ὅτι
2629 4197 2753 4251 καθ’
2785 4198 3020 4269 ἑκάστην
3053 4200 3274 4269 ἡμέραν
3305 4201 3578 4254 ἐπιδίδωσι
3612 4197 3667 4248 τὸ
3695 4195 3769 4260 κή-

2220 4295 2426 4350 ρυγμα.
2455 4278 2566 4332 Καὶ
2596 4280 2658 4332 τὸ
2687 4280 3010 4351 παράδοξον,
3045 4283 3145 4335 οὐκ
3175 4283 3420 4339 ἐνταῦθα
3460 4282 3642 4353 μόνον,
3665 4273 3772 4330 ἀλλὰ

2219 4363 2314 4415 καὶ
2347 4361 2497 4433 παρά
2531 4361 2765 4432 Πέρσαις
2810 4363 3004 4432 ἀνθεῖ,
3046 4364 3126 4418 ἔτι
3179 4367 3277 4419 καὶ
3327 4366 3424 4421 νῦν
3470 4364 3595 4434 παρ’
3622 4360 3772 4417 αὐτόίς

2221 4443 2350 4498 πολε
2358 4443 2459 4514 μού
2468 4460 2646 4515 μενον.

2289 4615 2401 4668 Καὶ
2433 4613 2540 4686 γὰρ
2568 4615 2699 4687 παρ’
2721 4615 2951 4678 ἐκείνοις
2997 4615 3122 4688 ἄρτι
3154 4617 3466 4688 μαρτύρωνΔ
3499 4616 3653 4686 δῆμοι
3679 4608 3774 4662 πολ·

2221 4696 2304 4750 λοὶ
2327 4736 2342 4762 ,
2373 4697 2466 4750 καὶ
2497 4699 2648 4769 ὅμως
2687 4701 2735 4751 οἰ
2762 4699 2856 4752 καὶ
2885 4698 3064 4752 λύκων
3095 4701 3279 4753 αὐτῶν
3307 4700 3631 4772 ἀγριώτεροι
3655 4691 3775 4756 δεξά-

2227 4799 2379 4853 μενοι
2408 4782 2470 4835 τὸ
2496 4784 2759 4854 κήρυγμα
2778 4823 2792 4847 ,
2835 4783 3122 4854 προϐάτων
3153 4783 3508 4856 ἡμερώτεροι
3535 4779 3770 4850 γεγόνασι.

2224 4867 2322 4921 καὶ
2345 4867 2482 4938 ,περὶ
2528 4867 2862 4930 ἀθανασίας,
2891 4867 2985 4920 καὶ
3035 4868 3160 4938 περὶ
3200 4870 3564 4930 ἀναστάσεως
3598 4862 3773 4934 φιλοσοο

2225 4949 2383 5018 φοῦσι
2406 4952 2496 5004 καὶ
2524 4951 2632 5004 τῶν
2659 4951 2986 5022 ἀπορῥήτων
3016 4949 3262 5018 ἀγαθῶν.

2294 5107 2358 5178 β’.
2391 5108 2504 5161 Οὐκ
2529 5108 2586 5158 ὲν
2615 5109 2736 5170 ταῖς
2762 5106 2946 5160 πόλεσι
2977 5106 3033 5159 δὲ
3059 5106 3243 5177 μόνον,
3278 5105 3423 5159 ἀλλά
3461 5105 3555 5158 καὶ
3597 5104 3669 5164 εἰς
3700 5095 3772 5164 τὴν

2220 5190 2424 5263 ἔρημον
2453 5188 2623 5243 ταῦτα
2643 5190 2830 5260 ἐξῆλθε
2851 5189 2918 5242 τά
2939 5189 3370 5260 κατορθώματα,
3396 5190 3495 5242 καλ⁵
3511 5189 3586 5250 εἰς
3602 5183 3772 5263 κώμας.

2218 5261 2315 5328 καὶ
2331 5261 2418 5338 εἰς
2448 5272 2629 5344 χώρας
2649 5314 2663 5338 ,
2694 5275 2789 5326 καὶ
2819 5274 2897 5335 εἰς
2928 5275 3124 5342 νήσους
3164 5273 3264 5325 καὶ
3314 5275 3529 5344 ὅρμους
3560 5271 3646 5322 καὶ
3685 5261 3778 5316 ἐπὶ·

2217 5375 2334 5411 νεια
2364 5375 2377 5387 ·
2412 5359 2505 5410 καὶ
2534 5343 2635 5409 οὐκ
2671 5356 2911 5421 ἰδιῶται,
2943 5355 3066 5408 οὐδὲ
3103 5343 3604 5426 ἀρχοντεςάπλῶς
3625 5393 3637 5416 ,
3669 5343 3779 5400 ἀλλὰ

2217 5441 2312 5494 καὶ
2340 5439 2492 5494 αὐτοὶ
2520 5441 2568 5491 οἰ
2595 5437 2663 5492 τά
2687 5439 2994 5509 διαδήματα
3021 5437 3429 5509 περικείμενοι,
3460 5436 3595 5507 μετά
3617 5427 3783 5496 πολλῆς

2219 5525 2356 5575 εἰσιν
2412 5522 2842 5593 ὑποτεταγμένοι
2873 5522 2974 5590 τῆς
3005 5521 3242 5584 πίστεως
3284 5521 3366 5592 τῷ
3423 5513 3778 5593 σταυρωθέντι..

2222 5609 2334 5660 Καὶ
2359 5609 2439 5660 ὅτι
2463 5605 2636 5660 ταῦτα
2665 5589 2852 5660 πάντα
2879 5589 2978 5676 οὗχ
3021 5603 3204 5666 ἁπλῶς
3236 5589 3495 5672 γέγονεν,
3519 5599 3646 5656 ἀλλά
3669 5589 3784 5683 μετᾷ

2225 5690 2581 5762 προρρήσεως
2609 5687 2714 5758 πρὸ
2737 5686 2931 5741 πολλοῦ
2957 5686 3341 5757 γεγενημένης
3367 5687 3583 5756 χρόνου,
3605 5681 3688 5762 ex}
3704 5681 3779 5727 τω

2225 5759 2491 5844 παρόντος
2537 5769 2814 5836 ἀποδεῖξαι
2874 5772 3201 5840 πειράσομαι
3232 5785 3248 5801 ⁸
3311 5769 3516 5841 μᾶλλον
3567 5765 3616 5819 δὲ
3661 5759 3775 5813 (os-‘1
