3980 6184
279 319 390 378 813

851 312 1124 369 CONTRA
1162 310 1447 371 JUDIEOS
1483 311 1572 369 ET
1609 311 1964 368 GENTILES.
2005 311 2189 382 QUOD
2226 308 2562 368 CHRISTUS
2598 307 2704 366 Sl'l'
2742 303 2940 362 DEUS.

3438 295 3543 354 8M

422 1295 744 1341 ADVERSUS
786 1292 1040 1338 JUDEOS
1083 1251 1165 1335 E'f‘
1205 1290 1510 1336 GBNTILES
1565 1283 2076 1336 DEIONSTRATIO,
2121 1280 2292 1336 QUOD
2347 1279 2650 1325 CHRISTUS
2691 1279 2792 1322 SIT
2837 1275 3020 1332 DEUS,
3067 1276 3150 1317 EX
3193 1274 3297 1329 IIS,
3340 1271 3485 1326 ρυλε

971 1393 1204 1438 MULTIS
1249 1391 1314 1436 IN
1359 1389 1533 1435 LOCIS
1577 1390 1660 1433 ns
1703 1386 1846 1431 ILLO
1886 1385 2079 1430 men
2121 1383 2284 1428 sum
2327 1383 2492 1426 aruo
2523 1379 2912 1424 rnornsns.
2957 1357 2963 1370 '

981 1586 996 1612 ι

360 2209 411 2263 Ι.
445 2205 716 2274 Quoniam
745 2203 992 2274 plerique
1021 2200 1322 2263 hominum,
1349 2197 1463 2254 sive
1480 2209 1544 2250 ex
1567 2193 1752 2248 innata
1775 2204 1867 2248 so-

276 2299 497 2364 cordia,
526 2297 640 2354 sive
661 2311 728 2351 ex
770 2293 937 2349 nimia
973 2291 1314 2348 saecularium
1345 2301 1549 2351 rerum,
1576 2283 1776 2354 quibus
1804 2296 1866 2337 se

275 2388 635 2453 dediderunt,
667 2401 800 2441 cura
829 2392 992 2455 atque
1021 2381 1408 2456 sollicitudine,
1443 2379 1537 2433 alii
1562 2391 1688 2433 vero
1710 2375 1865 2446 igno-

275 2480 463 2536 rantia
489 2493 684 2550 magna
701 2477 927 2541 detenti,
947 2475 1188 2546 prolixos
1203 2486 1484 2530 sermones
1505 2485 1616 2527 non
1634 2470 1866 2524 libenter

277 2575 542 2637 audiunt,
559 2586 738 2642 operae
762 2571 996 2642 pretium
1017 2569 1192 2623 visum
1215 2573 1321 2630 est,
1341 2563 1670 2634 multiloquii
1693 2561 1862 2618 mole-

274 2667 446 2721 stiam
484 2657 738 2720 resecare
773 2681 786 2717 :
817 2670 876 2716 ut
907 2660 1177 2716 sermonis
1205 2657 1472 2715 brevitate
1513 2672 1634 2712 cum
1681 2655 1862 2726 segni-

274 2753 409 2812 tic'm
435 2770 629 2810 eorum
653 2755 857 2819 tollam,
884 2761 999 2807 tum
1025 2753 1112 2817 iis,
1130 2751 1221 2822 qui
1239 2753 1294 2806 in
1311 2749 1560 2805 lectionis
1578 2747 1856 2803 fastidium

273 2847 528 2919 prolapsi
552 2857 701 2910 sunt,
735 2845 1016 2909 suadeam,
1046 2852 1107 2898 ut
1125 2842 1393 2914 praesenti
1411 2840 1644 2896 orationi
1667 2853 1858 2910 magna

269 2954 403 2994 cum
434 2937 723 2991 aclaritate
737 2950 899 2991 aures
921 2934 1214 3005 prabeant.
1231 2934 1358 2989 Ideo
1380 2933 1546 2988 nullis
1571 2931 1856 2986 verborum

269 3028 683 3097 nominumque
717 3027 998 3082 lenociniis
1029 3033 1211 3089 utens,
1245 3025 1339 3080 sed
1373 3023 1519 3079 dicta
1553 3022 1634 3077 sic
1653 3030 1856 3091 tempe-

270 3134 433 3180 rans,
474 3128 538 3171 ut
569 3115 797 3180 famulo,
830 3117 1064 3181 ancilla,
1093 3117 1289 3178 viduas,
1318 3112 1578 3178 institori,
1610 3120 1786 3168 nautae
1805 3120 1858 3168 et

267 3209 536 3282 agricolae
567 3219 730 3278 captu
767 3207 944 3264 facilia
967 3209 1100 3275 sint,
1128 3209 1377 3264 brevitati
1414 3209 1654 3278 insuper,
1687 3222 1859 3277 quan-

270 3310 394 3354 tum
431 3299 518 3354 fas
550 3299 676 3361 erit,
711 3299 912 3370 ubique
928 3301 1155 3356 studebo
1189 3300 1524 3370 :paucisquc
1552 3300 1854 3355 doctrinam

268 3390 501 3445 tradere
530 3399 773 3460 satagam
804 3398 1008 3460 :atque
1037 3403 1267 3461 utroque
1307 3392 1466 3446 modo
1507 3392 1854 3447 oscitantium

265 3478 594 3532 auditorum
626 3478 810 3534 studia
833 3480 1084 3535 excitabo
1109 3498 1124 3546 ;
1154 3496 1263 3549 quo
1288 3482 1445 3537 facile
1470 3491 1524 3536 et
1549 3483 1754 3552 absque
1777 3483 1857 3537 la-

263 3572 410 3626 bore
427 3571 546 3624 haec
574 3571 855 3642 percipere
884 3572 1118 3641 possint,
1143 3573 1318 3644 iisque
1341 3573 1396 3628 in
1419 3576 1678 3630 memoria
1702 3591 1849 3646 repo-

263 3663 422 3724 sitis.
479 3661 692 3716 lucrum
726 3663 852 3718 inde
891 3670 1188 3733 reportent.
1235 3664 1478 3719 Primum
1515 3675 1694 3722 autem
1728 3682 1852 3721 cum

259 3751 595 3807 Gentilibus
612 3767 807 3806 manus
823 3767 1130 3807 conseram.
1152 3751 1285 3807 Nam
1311 3753 1356 3809 si
1381 3754 1582 3809 dixerit
1603 3756 1852 3823 Gentilis,

267 3841 427 3896 unde
441 3841 794 3898 manifestum
818 3853 903 3900 est
921 3844 1197 3899 Christum
1216 3861 1336 3901 esse
1352 3845 1515 3901 Deum
1533 3847 1693 3917 ?(hoc
1713 3848 1876 3903 enim~

261 3942 403 3988 ante
438 3933 624 3987 omnia
661 3935 998 4003 prastituere
1024 3944 1259 4006 oportet,
1288 3945 1477 4008 utpote
1508 3954 1632 3993 cum
1664 3949 1858 3997 cetera

262 4022 405 4076 inde
432 4021 864 4091 consequantur)
883 4037 990 4076 non
1015 4039 1042 4075 a
1067 4023 1206 4078 cmlo
1231 4024 1751 4082 demonstrationem
1772 4044 1860 4099 pe-

260 4119 472 4174 temus,
506 4123 684 4178 neque
727 4109 794 4164 ab
822 4109 942 4164 aliis
987 4108 1039 4163 id
1067 4124 1255 4178 genus.
1291 4109 1422 4164 Nam
1459 4111 1505 4166 si
1537 4111 1612 4166 illi
1640 4111 1853 4179 dixero,

255 4200 462 4251 celum
509 4199 729 4265 creavit,
772 4207 968 4254 terram
1009 4199 1135 4253 item
1177 4199 1262 4253 vel
1301 4214 1470 4264 mare,
1518 4183 1570 4254 id
1613 4201 1724 4270 ipse
1750 4216 1856 4255 non

257 4289 440 4351 feret;
479 4289 526 4342 si
555 4289 762 4356 dixero,
804 4299 1044 4344 mortuos
1086 4291 1378 4353 suscitavit,
1424 4306 1595 4346 caecos
1631 4292 1854 4358 curavit,

259 4380 550 4432 clamonas
603 4379 821 4448 fugavit,
862 4396 1037 4450 neque
1084 4379 1188 4435 hoc
1232 4380 1508 4446 admittet;
1552 4383 1597 4436 si
1650 4382 1855 4449 dixero,

265 4484 498 4537 regnum
528 4472 774 4539 promisit
798 4481 852 4526 et
880 4473 1084 4526 occulta
1115 4473 1274 4537 bona,
1306 4473 1350 4527 si
1376 4472 1444 4529 de
1467 4474 1858 4530 resurrectione

266 4559 435 4612 verba
463 4559 668 4625 fecero,
701 4562 802 4616 hoc
830 4577 934 4616 non
965 4563 1126 4618 modo
1155 4579 1259 4620 non
1291 4565 1530 4634 recipiet,
1559 4566 1652 4620 sed
1696 4565 1857 4621 etiam

260 4647 491 4706 ridebit.
526 4651 676 4707 Unde
703 4653 882 4723 igitur,
911 4655 1145 4710 maxime
1181 4657 1224 4710 si
1265 4656 1426 4710 idiota
1465 4657 1555 4722 sit,
1594 4657 1740 4710 illum
1770 4658 1856 4711 in-

254 4745 602 4799 stituemus?
630 4743 801 4810 Unde,
836 4746 1070 4816 inquam,
1112 4747 1212 4801 nisi
1239 4764 1302 4803 ex
1336 4749 1420 4812 iis,
1449 4764 1567 4818 qum
1595 4749 1732 4818 apud
1773 4764 1860 4806 me

249 4844 313 4888 et
370 4835 525 4886 illum
574 4834 626 4887 in
684 4835 932 4891 confesso
973 4845 1119 4902 sunt,
1165 4840 1266 4893 ne'c
1315 4839 1368 4893 in
1409 4839 1626 4894 dubium
1678 4840 1857 4894 vocari

254 4931 522 4993 possunt.
545 4922 681 4978 Nam
719 4926 763 4980 si
803 4941 1097 4995 supponam
1137 4927 1308 4997 ipsum
1337 4929 1639 4985 condidisse
1667 4931 1858 4986 (mlum

249 5025 317 5068 et
345 5012 483 5078 alia,
513 5029 630 5083 qua:
656 5014 786 5079 dixi,
833 5015 885 5070 id
913 5017 1002 5071 ille
1047 5033 1154 5071 non
1197 5017 1348 5073 facile
1373 5019 1574 5074 credet.
1604 5022 1858 5089 Quaenam

247 5107 441 5176 igitur
467 5115 592 5160 sunt
624 5122 709 5172 ea,
741 5123 860 5177 qum
890 5109 1060 5178 ipsum
1088 5109 1280 5165 fecisse
1319 5111 1544 5167 Gentilis
1588 5113 1706 5182 ipse
1730 5113 1861 5169 fate-

249 5211 385 5262 tur,
421 5211 592 5266 nequo
635 5213 830 5270 negare
871 5201 1084 5270 potest?
1125 5201 1276 5269 Quod
1319 5201 1735 5258 Christianorum
1764 5219 1858 5274 ge-

247 5305 373 5344 nus
402 5288 517 5357 ipse
541 5289 836 5348 fundaverit
866 5311 879 5348 :
913 5309 1084 5363 neque
1111 5295 1252 5348 enim
1289 5294 1416 5349 illud
1447 5307 1730 5366 negaturus
1755 5308 1859 5365 est,

246 5397 378 5452 quo
403 5380 420 5433 l
451 5381 730 5438 universas
756 5399 852 5452 per
871 5385 1056 5440 orbem
1088 5385 1356 5441 Ecclesias
1381 5387 1698 5442 condiderit.
1731 5388 1863 5446 llinc

246 5475 389 5541 ejus
423 5472 677 5541 potentia:
713 5484 1084 5546 argumentum
1125 5475 1404 5544 ducemus,
1437 5486 1491 5532 et
1522 5477 1864 5534 ostendemus

246 5563 453 5637 ipsum
477 5575 609 5618 rere
650 5564 817 5620 Deum
865 5581 986 5625 esse
1015 5584 1028 5622 :
1061 5565 1401 5638 dicemusque
1438 5582 1542 5623 non
1585 5582 1703 5622 esse
1748 5571 1862 5640 puri

1963 2200 2196 2258 hominis
2244 2211 2448 2258 tantum
2497 2202 2707 2270 orbem,
2753 2211 2976 2270 terram,
3027 2220 3195 2273 mare,
3244 2213 3351 2261 tam
3400 2206 3549 2264 brevi

1960 2301 2198 2363 tempore
2241 2293 2549 2364 pervadere,
2583 2303 2639 2350 et
2677 2293 2745 2349 ad
2781 2309 2868 2350 res
2910 2302 3084 2351 tantas
3121 2310 3383 2362 evocare;
3424 2312 3546 2354 cum

1961 2384 2197 2439 maxime
2239 2391 2348 2438 tam
2393 2383 2639 2439 absurdis
2681 2385 2920 2441 moribus
2952 2387 3149 2442 assueti
3187 2387 3428 2443 homines
3463 2403 3550 2445 es-

1965 2482 2106 2540 sent,
2133 2483 2190 2530 et
2220 2482 2298 2529 tot
2323 2475 2478 2530 malis
2500 2475 2708 2531 irretiti.
2737 2475 2806 2530 Et
2832 2484 3009 2532 tamen
3040 2477 3211 2546 potuit
3238 2477 3327 2532 ille
3356 2477 3549 2533 huma-

1966 2581 2094 2620 num
2126 2580 2298 2637 genus
2323 2566 2391 2621 ab
2430 2565 2514 2621 his
2544 2565 2794 2622 omnibus
2828 2566 3094 2633 liberare;
3139 2581 3246 2622 non
3280 2566 3552 2622 Romanos

1967 2666 2193 2724 tantum,
2231 2658 2327 2713 sed
2348 2658 2538 2714 Persas
2561 2666 2616 2713 et
2641 2673 2800 2714 omne
2825 2659 3180 2714 Barbarorum
3205 2675 3394 2730 genus.
3424 2660 3550 2716 llaec

1966 2763 2129 2818 porro
2156 2747 2279 2803 fecit
2324 2763 2430 2803 non
2479 2748 2644 2804 armis
2687 2764 2835 2815 usus,
2883 2767 2990 2805 non
3017 2752 3338 2822 sumptibus,
3387 2751 3549 2806 nullis

1963 2839 2306 2907 exercitibus,
2328 2855 2443 2895 non
2464 2840 2763 2896 commissis
2789 2841 3007 2911 praeliis,
3034 2841 3130 2896 sed
3156 2841 3415 2912 principio
3458 2858 3552 2912 per

1967 2930 2214 2986 undecim
2264 2930 2432 2997 viros,
2496 2931 2776 3000 ignobiles,
2832 2932 2980 2997 viles,
3045 2932 3278 3002 ignaros,
3332 2933 3543 2998 idiotas,

1965 3035 2249 3092 pauperes,
2281 3021 2475 3085 nudos,
2502 3021 2752 3084 inermes,
2800 3022 2996 3076 calceis
3028 3031 3292 3089 carentes,
3335 3037 3438 3078 una
3468 3033 3552 3078 tu-

1966 3112 2084 3167 nica
2115 3119 2304 3166 tectos.
2345 3110 2482 3177 Quid
2521 3111 2660 3174 dico,
2706 3111 2873 3166 fecit?
2901 3112 3230 3167 Persuadere
3262 3114 3432 3183 potuit
3471 3122 3551 3169 tot

1966 3201 2243 3257 hominum
2277 3202 2542 3272 gentibus,
2589 3211 2647 3256 ut
2688 3218 2794 3256 non
2828 3202 2896 3258 de
2925 3205 3275 3273 praesentibus
3321 3213 3546 3270 tantum,

1967 3292 2063 3348 sed
2095 3292 2252 3346 etiam
2280 3292 2348 3347 de
2390 3292 2576 3347 futuris
2605 3292 3126 3362 philosonharentur,
3163 3305 3324 3364 utque
3353 3297 3550 3365 patrias

1966 3382 2111 3453 leges
2157 3384 2471 3449 evellerent,
2530 3393 2843 3454 veteresque
2890 3399 3068 3440 mores
3117 3394 3265 3440 tanto
3313 3397 3550 3456 tempore

1966 3475 2233 3530 radicatos
2284 3475 2497 3544 penitus
2552 3475 2818 3542 tollerent,
2861 3476 3101 3544 aliosque
3147 3477 3547 3544 substituerent,

1967 3566 2058 3637 qui
2098 3566 2164 3620 ab
2204 3566 2432 3620 assuetis
2456 3575 2510 3620 et
2553 3565 2794 3621 facilibus
2833 3565 2899 3620 ad
2929 3567 3226 3622 difficiliora
3271 3569 3388 3637 ejus
3414 3584 3553 3639 prm-

1969 3666 2121 3726 cepta
2148 3655 2504 3710 traducerent.
2535 3654 2660 3708 Ilaec
2684 3670 2814 3710 vero
2844 3655 3017 3710 facere
3062 3656 3250 3725 pctuit,
3290 3658 3415 3710 dum
3455 3673 3552 3727 op-

1967 3754 2289 3818 pugnaretur
2307 3745 2373 3800 ab
2393 3745 2638 3800 omnibus
2662 3762 2676 3799 :
2703 3760 3023 3814 crucemque
3051 3746 3320 3812 sustinuit,
3351 3747 3549 3803 infame

1966 3837 2300 3906 supplicium,
2345 3851 2409 3890 ac
2451 3845 2680 3890 mortem
2729 3835 3313 3905 ignominiosissimam.
3360 3836 3545 3908 Neque

1966 3928 2108 3983 enim
2135 3928 2402 3996 negabunt
2429 3927 2602 3997 ipsum
2627 3943 2655 3980 a
2682 3927 2882 3982 Judazis
2907 3927 3216 3982 crucifixum
3245 3929 3550 3984 innumera-

1964 4034 2068 4088 que
2090 4018 2158 4073 ab
2187 4018 2292 4073 illis
2319 4033 2533 4087 passum
2574 4033 2712 4081 esse,
2746 4028 2798 4072 et
2825 4029 3000 4074 tamen
3029 4019 3265 4088 quotidie
3292 4020 3548 4088 przcdica-

1967 4108 2164 4163 tionem
2204 4123 2513 4164 accrescere
2545 4107 2825 4178 :qnodquc
2856 4109 3164 4162 incredibile
3191 4108 3453 4172 videatur,
3484 4125 3548 4164 ea

1964 4213 2073 4252 non
2099 4199 2186 4254 hic
2215 4207 2439 4264 tantum,
2471 4199 2562 4254 sed
2590 4209 2644 4254 et
2665 4201 2802 4269 apud
2831 4199 3020 4253 Persas
3037 4197 3212 4266 ﬂoret,
3235 4200 3447 4254 etiamsi
3475 4202 3547 4256 ab

1964 4289 2072 4344 illis
2092 4298 2447 4359 oppugnetur.

2035 4380 2104 4434 In
2147 4379 2356 4434 Perside
2399 4380 2654 4450 Martyres
2699 4379 3192 4435 multi.—Etenim
3241 4380 3379 4451 apud
3428 4380 3548 4437 illos

1965 4484 2175 4540 quoque
2195 4479 2488 4539 martyrum
2514 4471 2756 4524 examina
2783 4470 2952 4524 multa
2984 4489 2996 4524 :
3021 4479 3076 4525 et
3101 4479 3276 4526 tamen
3301 4472 3390 4542 qui
3421 4472 3548 4541 ipsis

1967 4561 2105 4631 lupis
2129 4561 2422 4617 ferociores
2463 4571 2636 4628 erant,
2669 4573 2884 4632 accepta
2923 4563 3320 4633 prmdicatione,
3361 4565 3550 4618 ovibus

1968 4651 2358 4705 mansuetiores
2399 4665 2620 4706 evasere
2655 4670 2668 4706 :
2685 4651 2901 4720 jamque
2939 4651 3007 4707 de
3037 4652 3452 4720 immortalitate,
3483 4652 3552 4708 de

1965 4743 2360 4797 resurrectione
2380 4751 2434 4797 et
2452 4742 2522 4798 de
2543 4743 2896 4798 inelTabilibus
2919 4743 3070 4798 bonis
3091 4744 3546 4814 philosophantur.

2035 4833 2090 4887 2.
2131 4833 2386 4890 Christum
2413 4834 2576 4890 Deum
2608 4846 2655 4890 et
2684 4836 2936 4891 hominem
2963 4839 3188 4908 futurum
3215 4853 3321 4891 esse
3360 4837 3551 4907 pradi-

1965 4937 2100 4984 ctum
2120 4938 2211 4986 est.
2237 4958 2309 4968 —
2333 4928 2448 4984 Non
2479 4929 2531 4984 in
2560 4929 2777 4984 urbibus
2802 4936 3026 4995 tantum,
3063 4927 3156 4982 sed
3186 4929 3343 4983 etiam
3371 4928 3423 4983 in
3451 4928 3548 4984 de-

1969 5025 2116 5074 serto
2159 5019 2274 5075 hmc
2302 5019 2556 5089 pra-clare
2591 5028 2746 5096 gesta
2772 5017 2976 5086 videas,
3010 5020 3061 5074 in
3089 5019 3242 5087 vicis,
3292 5019 3344 5074 in
3387 5018 3546 5089 agris,

1968 5113 2022 5167 in
2051 5112 2262 5178 insulis,
2293 5112 2344 5165 in
2376 5111 2630 5182 portubus
2651 5120 2704 5166 et
2731 5111 3007 5166 navalibus
3039 5129 3053 5166 :
3086 5127 3190 5166 non
3219 5111 3417 5176 idiotas,
3445 5125 3548 5167 non

1970 5204 2239 5274 principes
2282 5211 2507 5269 tantum,
2557 5202 2651 5258 sed
2693 5192 2770 5258 illi
2815 5203 2915 5274 ipsi
2957 5203 3046 5274 qui
3083 5203 3380 5257 diademate
3419 5202 3550 5256 redi-

1970 5297 2226 5360 miuntur,
2251 5296 2503 5350 crucifixo
2527 5311 2714 5368 magna
2739 5312 2860 5353 cum
2887 5297 2989 5353 ﬁde
3013 5295 3208 5350 subditi
3232 5305 3377 5350 sunt.
3401 5297 3550 5364 Quod

1969 5396 2145 5442 autem
2168 5385 2282 5440 haec
2306 5402 2410 5440 non
2437 5396 2638 5442 temere
2665 5388 3002 5460 contigerint,
3029 5387 3125 5442 sed
3145 5387 3234 5441 diu
3264 5396 3388 5442 ante
3414 5401 3551 5456 pne-

1969 5479 2108 5534 dicta
2139 5479 2266 5545 sint,
2286 5479 2394 5549 jam
2417 5479 2786 5536 demonstrare
2816 5481 3070 5535 conabor.
3102 5480 3214 5535 lmo
3234 5495 3380 5542 vero,
3402 5488 3461 5534 ut
3487 5493 3558 5532 ne

1969 5587 2146 5628 sermo
2176 5581 2356 5628 noster
2381 5581 2658 5644 suspectus
2690 5573 2777 5640 sit,
2809 5586 2986 5643 operm
3015 5570 3242 5642 pretium
3264 5571 3365 5626 erit
3389 5569 3552 5627 libros
