3980 6184
445 361 551 417 lilii

448 488 775 552 Judzeorum,
798 484 884 554 qui
916 483 1086 552 ipsum
1113 480 1510 545 cruciﬁxerunt,
1542 478 1595 532 in
1639 475 1873 532 medium
1901 488 2024 543 pro-

452 577 607 641 l'erre,
636 577 974 644 ipsorumque
996 571 1292 628 testimonia
1314 587 1379 625 ex
1397 569 1702 638 Scripturis,
1724 582 1841 637 quae
1857 579 2021 634 penes

448 685 542 722 cos
588 676 950 730 asservantur,
988 673 1244 734 excerpta
1290 667 1390 720 sub
1431 664 1821 719 iucredulorum
1859 661 2029 717 oculis

450 771 779 828 percurrere.
805 755 956 824 Quod
987 756 1145 824 igitur
1167 755 1310 810 Deus
1331 755 1490 810 homo
1516 754 1722 808 futurus
1741 754 1829 817 sit,
1857 753 2028 806 Deus-

451 862 558 916 que
603 861 905 912 mansurus,
937 845 1140 914 primus
1181 846 1419 899 omnium
1450 845 1578 899 dicit
1602 844 1860 899 Jercmias
1886 859 1902 895 :
1930 841 2029 896 Hic

451 936 588 990 Deus
625 947 809 1003 noster,
843 953 944 990 non
991 937 1304 1006 reputabitur
1342 937 1472 989 alius
1515 935 1583 989 ad
1611 935 1774 989 illum.
1822 931 2036 986 Invenit

451 1044 647 1082 onmem
667 1027 798 1080 viam
822 1027 1066 1090 scientias,
1089 1036 1134 1080 et
1158 1027 1294 1080 dedit
1315 1027 1456 1080 illam
1476 1025 1636 1079 Jacob
1665 1041 1821 1094 puero
1847 1039 1959 1087 suo,
1987 1032 2036 1079 et

457 1114 623 1170 Israel
649 1115 828 1170 dilecto
855 1133 966 1170 suo.
1009 1114 1132 1170 Post
1164 1115 1268 1170 lucc
1296 1117 1348 1169 in
1377 1126 1510 1170 terra
1537 1116 1672 1169 uisus
1715 1125 1808 1181 est,
1843 1123 1890 1168 et
1918 1130 2033 1167 cum

455 1205 737 1260 hominibus
781 1217 1100 1261 conversatus
1143 1216 1216 1260 est
1256 1206 1465 1277 (Baruc.
1521 1207 1576 1260 5.
1620 1206 1828 1274 36-58).
1877 1203 2032 1258 Vides

455 1297 720 1368 quomodo
744 1299 922 1352 omnia
949 1299 1130 1368 paucis
1149 1299 1328 1353 verbis
1350 1299 1656 1365 declaravit,
1680 1313 1872 1368 nempe
1888 1298 2032 1368 quod

461 1386 598 1440 Deus
624 1387 912 1454 exsistens,
944 1387 1104 1445 homo
1142 1387 1314 1464 tactus
1360 1389 1453 1453 sit,
1489 1396 1544 1443 et
1579 1403 1700 1446 cum
1732 1387 2033 1450 hominibus

459 1465 800 1532 conversatus
843 1479 949 1544 sit;
977 1488 1030 1533 et
1057 1479 1199 1548 quod
1233 1490 1468 1534 veterem
1499 1479 1672 1548 legem
1710 1478 1826 1548 ipse
1857 1477 2036 1532 condi-

463 1566 640 1622 derit?
664 1567 794 1622 Nam
827 1567 1044 1634 Invenit,
1089 1569 1278 1638 inquit,
1312 1585 1510 1623 onmem
1547 1570 1678 1622 viam
1717 1569 1956 1633 scientiis,
1986 1576 2034 1622 et

457 1655 594 1709 dedit
627 1657 768 1710 illam
795 1657 956 1711 Jacob
985 1674 1138 1727 puero
1167 1675 1279 1722 suo,
1308 1667 1355 1712 et
1384 1657 1549 1712 Israel
1577 1659 1757 1713 dilecto
1798 1655 1908 1712 mo.
1938 1657 2036 1712 llic

457 1747 652 1816 quippe
677 1747 852 1813 docet,
875 1748 1034 1802 etiam
1063 1758 1187 1803 ante
1213 1747 1634 1804 lucarnationem
1658 1749 1831 1818 ipsum
1856 1749 2034 1802 omnia

459 1837 821 1907 dispensasse,
853 1840 1136 1909 omniaque
1165 1838 1376 1906 fecisse,
1408 1841 1579 1910 legem
1615 1840 1883 1904 statuisse,
1910 1854 2036 1909 pro-

460 1916 673 1992 vidisse,
704 1943 940 1994 curasse,
980 1928 1329 1984 benelecisse.
1375 1929 1526 1984 Alius
1563 1929 1751 1984 iterum
1781 1928 2035 1998 propheta

461 2015 726 2085 quomodo
755 2016 898 2071 dicat
925 2017 1097 2086 ipsum
1141 2032 1246 2072 non
1278 2018 1439 2073 modo
1479 2016 1746 2074 hominem
1777 2019 2033 2084 futurum,

460 2105 556 2160 sed
587 2107 744 2160 etiam
789 2121 856 2160 ex
893 2106 1110 2177 Virgine
1156 2109 1502 2175 nasciturum,
1538 2109 1699 2164 audi:
1727 2109 1860 2164 Ecce
1897 2110 2037 2180 virgo

461 2195 512 2248 in
542 2204 687 2268 utero
730 2196 966 2272 habebit,
992 2207 1057 2266 et,
1079 2199 1241 2266 pariet
1267 2199 1450 2267 ﬁlium,
1475 2208 1535 2262 et
1574 2199 1821 2252 uocabunt
1856 2215 2039 2255 nomen

459 2286 568 2362 ejus
595 2283 899 2362 Emmanuel
943 2284 1120 2358 (Hes.
1160 2283 1212 2353 7.
1242 2283 1370 2355 14).
1407 2283 1564 2350 Quod
1602 2287 2037 2358 interpretantur,

467 2374 748 2430 Nobiscum
788 2375 948 2431 Deus.
975 2376 1177 2433 Deinde
1210 2376 1519 2443 ostendens,
1549 2392 1659 2431 non
1700 2374 2038 2448 apparenter,

460 2470 553 2524 sed
571 2485 695 2523 vere
709 2468 978 2542 hominem
995 2484 1137 2546 esse,
1155 2468 1386 2537 addidit,
1404 2466 1675 2541 [Butyrum
1685 2479 1731 2523 et
1754 2469 1852 2523 mel
1878 2485 2043 2525 come-

460 2561 561 2614 det.
598 2560 712 2615 Mos
734 2571 816 2616 est
844 2561 1084 2637 enim,ut
1116 2562 1200 2616 his
1232 2560 2044 2630 cibispeculiariterpascantur

461 2648 611 2718 pueri
629 2665 747 2725 mox
768 2658 824 2703 ut
840 2649 948 2704 nati
963 2650 1170 2722 iuerint.
1205 2649 1273 2704 Et
1297 2649 1592 2717 declarans,
1609 2649 1748 2720 quod
1763 2665 1866 2704 non
1882 2637 2044 2720 purus

463 2741 646 2810 homo,
671 2742 860 2810 iterum
892 2741 1038 2797 addit
1057 2742 1268 2796 diceus‘
1285 2739 1338 2814 ]:
1364 2739 1582 2814 Propter
1599 2741 1732 2812 quod
1751 2742 2045 2812 priusquam

458 2833 586 2886 sciat
603 2832 726 2902 puer
738 2847 916 2885 vocare
930 2841 1132 2906 patrem
1145 2831 1328 2898 bonum
1341 2832 1418 2886 vel
1433 2833 1620 2902 malum
1639 2872 1659 2898 ι
1674 2848 1774 2896 non
1793 2823 2044 2901 obtempe-

459 2929 541 2974 rat
590 2911 832 2988 malitiie,
875 2911 1129 3000 ut'eligat
1162 2920 1362 2990 (bonum
1403 2920 1604 2991 (Hesai.
1644 2921 1854 3000 .7516).
1891 2922 2044 2989 Quod

459 3019 636 3066 autem
659 3015 779 3082 (neu
807 3012 1190 3078 tantumhomo
1215 3021 1269 3068 et
1297 3028 1364 3069 ex
1389 3013 1628 3085 virgine,
1656 3014 1749 3082 sed
1788 3015 1946 3080 etiam
1978 3029 2044 3080 ex

461 3085 621 3158 domo
660 3102 823 3157 David
861 3102 1068 3158 futurus
1110 3112 1290 3168 esset,
1317 3093 1438 3159 audi
1469 3103 1736 3174 quomodo
1779 3103 1868 3160 diu
1913 3113 2040 3159 ante

354 3203 369 3217 ί
462 3193 767 3263 prtcdixcrit
808 3193 1048 3268 llesaias,
1074 3196 1165 3270 qui
1208 3194 1390 3264 ﬁguris
1435 3195 1560 3250 licet
1606 3210 1734 3251 usus
1771 3203 1826 3250 ct
1871 3205 2044 3250 meta-

463 3285 648 3355 phora,
699 3286 937 3358 prmdicit
975 3295 1152 3352 tamen
1187 3303 1201 3340 :
1240 3277 1550 3357 Egredietitr.
1583 3275 1724 3357 uirga
1769 3288 1832 3340 de
1867 3288 2046 3350 radice

460 3377 642 3442 Jessaz,
674 3386 722 3428 et
747 3377 842 3446 ﬂos
868 3377 948 3442 de
969 3377 1140 3429 radice
1164 3377 1271 3446 ejus
1307 3376 1558 3440 ascendet,
1581 3387 1628 3430 et
1657 3377 1927 3446 requiescet
1953 3395 2044 3432 su-

464 3482 555 3535 per
572 3481 682 3519 eum
705 3465 914 3540 spiritus
931 3463 1152 3535 Domini,
1174 3465 1380 3534 spiritus
1398 3466 1658 3534 sapientia:
1676 3476 1724 3529 et
1743 3449 2042 3541 intellectus,

471 3558 680 3626 spiritus
708 3541 902 3609 consilii
931 3565 980 3609 et
1018 3556 1345 3627 fortitudinis,
1379 3558 1585 3626 spiritus
1620 3559 1842 3614 scientia:
1865 3568 1913 3612 et
1933 3560 2043 3630 pie-

463 3643 580 3701 tatis
599 3637 626 3710 ,
645 3647 852 3718 spiritus
882 3648 1074 3720 timoris
1096 3645 1197 3701 Dei
1220 3648 1425 3718 replebit
1460 3648 1604 3702 illum
1637 3647 1850 3720 (IIesai.,
1871 3650 1958 3704 11.
1986 3651 2046 3704 1-
2107 3661 2122 3674 ⁸

471 3722 551 3808 5).
581 3736 677 3793 llic
701 3737 843 3792 enim
881 3736 1047 3792 Jessaa
1091 3747 1242 3811 pater
1271 3739 1367 3793 fuit
1393 3738 1625 3807 Davidis,
1663 3740 1786 3809 quia
1839 3755 1906 3794 ex
1957 3739 2044 3794 illa

463 3829 600 3884 tribu
637 3822 919 3885 eratanec
961 3830 1133 3885 solum
1179 3846 1270 3898 ex,
1298 3831 1386 3885 illa
1432 3831 1592 3897 tribu,
1641 3831 1734 3886 sed
1779 3815 1938 3887 etiam
1979 3847 2046 3901 ex

463 3921 623 3976 domo
648 3920 813 3976 Jessae
849 3921 1119 3990 prodibit:
1153 3921 1205 3976 id
1242 3936 1370 3977 vero
1398 3923 1773 3992 praenuntiavit
1814 3921 1896 3976 his
1920 3938 2045 3977 ver-

470 4012 592 4067 bis:
622 4009 922 4082 Egredietur
954 4013 1094 4083 virga
1119 4013 1181 4065 de
1227 4011 1399 4066 radice
1420 4011 1600 4077 Iesse},
1645 4028 1748 4066 non
1795 4012 1863 4067 de
1892 4013 2046 4083 ,virga

463 4103 779 4173 simpliciter
820 4103 1064 4174 loquens,
1120 4103 1212 4158 sed
1255 4103 1466 4174 deillo
1486 4111 1540 4157 et
1580 4102 1646 4156 de
1696 4117 1862 4172 regno
1908 4103 2043 4173 ejus.

465 4193 619 4262 Quod
641 4183 954 4258 autem‘non
975 4193 1042 4249 de
1071 4193 1215 4262 virga
1247 4193 1360 4248 haec
1380 4193 1597 4258 dixerit,
1624 4193 1677 4248 in
1707 4195 2047 4263 sequentibus

464 4270 700 4339 declarat
729 4302 743 4340 :
774 4294 1053 4354 postquam
1083 4285 1223 4340 enim
1264 4285 1470 4339 dixerat
1511 4284 1723 4355 virgam,
1754 4284 2044 4354 subiunxit,

465 4377 536 4431 Et
554 4379 826 4450 requiescet
849 4394 1003 4446 super
1025 4394 1136 4431 eum
1167 4378 1375 4447 spiritus
1399 4377 1660 4446 sapientiae
1686 4385 1732 4432 et
1747 4378 2046 4440 intellectus.

465 4465 634 4521 Nemo
656 4467 819 4533 enim,
842 4466 944 4520 etsi
964 4465 1248 4520 admodum
1265 4467 1519 4536 insipiens
1535 4467 1624 4532 sit,
1651 4465 1870 4534 dixerit,
1893 4467 2051 4538 spiri-

467 4568 555 4610 tus
583 4557 806 4627 gratiam
835 4572 996 4626 super
1034 4558 1231 4627 lignum
1257 4557 1534 4613 advenisse
1562 4559 1693 4613 :sed
1736 4558 1911 4628 palam
1941 4564 2046 4625 est,

467 4661 629 4717 super
658 4647 912 4716 templum
945 4647 1069 4700 illud
1106 4649 1499 4702 immaculatum
1523 4649 1752 4716 venisse.
1790 4648 1913 4703 ldeo
1942 4663 2049 4703 non

426 4742 437 4747 '
468 4736 623 4802 dixit,
645 4737 824 4802 veniet,
854 4735 948 4791 sed
978 4740 1287 4804 requiescet:
1309 4739 1558 4807 quoniam
1584 4751 1862 4809 postquam
1882 4738 2048 4805 venit,

470 4827 544 4882 ibi
580 4827 793 4906 mansit,
839 4842 939 4882 nec
979 4827 1242 4881 discessit.
1271 4827 1420 4894 Quod
1446 4828 1676 4884 Joannes
1714 4815 2050 4898 Evangelista

469 4919 706 4975 declarat
746 4919 830 4972 his
859 4919 1032 4974 verbis
1062 4937 1074 4972 :
1098 4917 1211 4990 Ego
1255 4919 1357 4972 vidi
1387 4909 1643 4988 Spiritum
1674 4918 2051 4973 descendentem

469 5013 596 5067 sicut
623 5011 923 5083 columbam,
956 5019 1001 5064 et
1036 4995 1315 5082 manentem
1342 5026 1493 5080 super
1516 5025 1627 5063 eum
1649 5007 1828 5079 (Joan.
1855 5009 1905 5064 l.
1933 5009 2048 5083 52).

469 5101 654 5172 Neque
685 5097 898 5155 silentio
927 5101 1379 5169 praetermiserunt
1416 5098 1729 5153 sententiam
1754 5098 2047 5170 Iudaicam,

470 5207 631 5266 quam
669 5191 743 5248 illi
780 5191 1134 5245 exbibucrunt
1173 5190 1290 5259 ipso
1329 5197 1452 5244 nato
1478 5206 1493 5243 :
1515 5205 1635 5243 nam
1670 5189 1946 5245 Mattheus
1975 5191 2054 5246 sic

438 5296 452 5311 ί
473 5282 704 5352 loquitur
727 5298 741 5336 :
768 5281 988 5335 Audiens
1011 5290 1178 5335 autem
1203 5279 1426 5336 Herodes
1448 5283 1674 5338 turbatus
1700 5291 1792 5349 est,
1822 5292 1868 5336 et
1892 5283 2053 5337 omnis

459 5362 792 5442 [Jerosolyma
832 5388 946 5424 cum
987 5372 1076 5424 illo
1107 5370 1317 5442 (Matth.
1349 5373 1405 5426 2.
1449 5373 1528 5442 3).
1557 5373 1798 5427 Hesaiam
1843 5389 2052 5444 quoque

477 5460 621 5528 audi,
654 5462 741 5531 qui
781 5461 832 5517 id
862 5462 950 5516 ditt
980 5471 1102 5516 ante
1143 5465 1513 5533 prmnuntiavit
1541 5481 1554 5517 :
1586 5464 1816 5534 Cupient,
1859 5468 1902 5519 si
1925 5467 2051 5535 ﬁant

538 5656 558 5687 ι
583 5663 696 5712 Quae
717 5656 904 5719 uncinis
924 5656 1308 5719 hicgclauduntur
1329 5671 1423 5706 non
1447 5657 1676 5719 leguntur
1699 5660 1746 5706 in
1772 5666 1908 5707 textu
1929 5665 2055 5706 Grae-

478 5727 554 5771 eo,
572 5727 739 5784 neque
761 5715 886 5774 apud
905 5717 1126 5765 Savihum
1138 5731 1156 5784 _;
1178 5718 1265 5767 sed
1299 5715 1524 5784 videntur:
1547 5719 1605 5766 ad
1629 5721 1808 5768 seriem
1829 5721 2055 5770 orationis

477 5779 748 5840 pertinere,
765 5784 912 5836 atque
931 5787 961 5825 a
993 5779 1151 5827 veteri
1173 5785 1444 5842 tuterprete
1473 5780 1598 5829 lecta
1620 5789 1751 5830 sunt.

1189 343 1248 419 ς.
1285 344 1559 419 temnis
1581 346 2048 418 CttRYSOSTOMI
2089 344 2405 412 An‘cuisp.
2445 343 2975 417 consummes.

3602 353 3702 420 sui

2133 472 2247 542 igne
2269 474 2512 528 combusti
2535 491 2553 529 :
2578 477 2695 545 quia
2719 494 2844 547 puer
2871 488 3018 533 natus
3044 487 3117 533 est
3142 480 3304 546 nobis,
3326 490 3374 536 et
3397 482 3532 550 ﬁlius
3554 482 3702 542 datus

2133 573 2204 617 est
2232 563 2390 629 nobis,
2434 574 2480 618 et
2513 576 2716 620 vocatur
2744 584 2924 622 nomen
2959 569 3088 640 ejus,
3119 572 3290 640 magni
3317 573 3514 626 consilii
3538 574 3702 644 Ange-

2135 658 2231 724 lus,
2259 660 2570 715 admirabilis
2597 662 2936 726 consiliarius,
2976 661 3114 716 Dcus
3139 664 3303 732 fortis,
3337 675 3530 732 potens,
3561 667 3705 734 prin-

2133 765 2250 818 ceps
2275 753 2431 820 pacis,
2463 752 2793 821 pater-futuri
2827 752 3174 830 maritima.
3213 755 3267 809 9.
3300 755 3353 810 5.
3395 756 3470 826 6).
3501 757 3614 812 Hoc
3639 758 3707 814 de

2136 856 2268 910 puro
2287 841 2511 898 homine
2535 842 2639 898 dici
2660 859 2766 898 non
2786 859 2942 914 posse
2968 846 3143 916 palam
3173 856 3255 901 est
3282 848 3364 901 vel
3393 847 3474 915 iis,
3502 850 3597 923 qui
3615 850 3708 903 ad.

2133 932 2351 988 modum
2381 935 2695 990 coutentiosi
2738 946 2881 990 sunt.
2911 936 3100 1018 Nullus
3133 939 3326 1008 quippe
3354 939 3513 995 homo
3549 956 3580 994 a
3609 956 3710 997 sa:-

2132 1027 2257 1081 culo
2302 1027 2443 1083 Deus
2468 1027 2620 1083 l'ortis
2659 1037 2880 1084 vocatus
2916 1041 3019 1096 est,
3065 1041 3124 1086 ut
3164 1047 3334 1102 neque
3375 1041 3536 1088 taline
3561 1035 3708 1104 pacis

2133 1118 2417 1187 princeps:
2448 1134 2570 1174 nam
2610 1119 2764 1174 Pacis
2801 1123 2930 1189 eius;
2977 1122 3166 1192 inquit,
3216 1140 3318 1176 non
3358 1133 3428 1178 est
3469 1126 3710 1179 terminus

2140 1203 2244 1277 (Ib.
2285 1223 2334 1261 υ.
2375 1208 2454 1279 7).
2505 1208 2559 1264 ιιι
2598 1209 2834 1266 declarat
2876 1227 3055 1266 rerum
3091 1223 3330 1281 eventus,
3375 1215 3495 1284 quia
3543 1224 3706 1270 totam

2111 1299 2365 1366 pervasit
2395 1307 2611 1364 terram,
2638 1301 2940 1356 universum
2962 1317 3132 1369 mare,
3169 1304 3474 1375 orbemque
3498 1308 3708 1362 habita-

2135 1387 2315 1454 bilem,
2339 1399 2568 1458 montes,
2591 1391 2774 1457 saltus,
2798 1391 2984 1460 colles,
3000 1409 3031 1447 a
3057 1393 3142 1448 die
3163 1395 3272 1462 illa,
3290 1410 3320 1449 a
3347 1411 3446 1466 qua
3466 1396 3709 1454 Christus

2137 1480 2395 1551 incipiens
2438 1483 2492 1538 in
2541 1484 2728 1538 castum
2765 1499 3083 1540 ascensurus
3111 1486 3285 1541 dixit:
3316 1487 3503 1542 Pacem
3546 1507 3712 1544 meam

2136 1572 2203 1624 do
2241 1573 2375 1626 vobis
2402 1591 2421 1627 :
2449 1589 2552 1628 non
2595 1574 2722 1628 sicut
2769 1576 2986 1632 mundus
3029 1577 3117 1630 dat
3158 1578 3224 1631 do
3251 1579 3386 1633 vobis
3413 1579 3591 1649 (Joan.
3622 1583 3710 1636 Η.

2138 1661 2253 1731 27).
2300 1663 2408 1717 Cur
2450 1663 2523 1717 ita
2567 1664 2814 1735 loquutus
2853 1677 2935 1723 est
2976 1667 3252 1723 Christus?
3292 1669 3424 1736 Quia
3460 1671 3713 1727 nimirum

2121 1768 2241 1828 [pax
2269 1753 2543 1810 hominum
2573 1756 2728 1812 facile
2767 1759 3008 1826 solvitur,
3055 1759 3329 1831 variasque
3367 1761 3527 1823 habet
3548 1762 3715 1818 vicis-

2137 1844 2394 1901 situdines
2423 1865 2437 1901 :
2466 1862 2568 1916 pax
2607 1857 2783 1904 autem
2825 1849 2959 1918 ejus,
2996 1851 3170 1918 ﬁrma,
3200 1851 3436 1919 immota,
3481 1852 3715 1917 stabilis,

2141 1933 2410 2004 diuturna,
2440 1936 2776 2005 immortalis,
2822 1939 2980 1994 ﬁnem
3011 1955 3116 1995 non
3156 1941 3377 2009 habens,
3407 1942 3530 1998 licet
3560 1943 3715 1998 innm

2139 2040 2283 2081 mera
2313 2026 2450 2081 bella
2473 2027 2705 2098 undique
2731 2039 3061 2098 moveantur,
3087 2047 3151 2086 ac
3187 2033 3334 2088 mille
3358 2035 3597 2104 quotidie
3622 2050 3712 2106 pa-

2139 2128 2324 2174 rentur
2351 2120 2579 2176 insidiae.
2609 2121 2804 2177 Verum
2838 2124 2979 2179 illius
2997 2139 3193 2191 sermo,
3225 2126 3315 2196 qui
3344 2127 3525 2182 omnia
3551 2127 3714 2197 perli-

2138 2210 2234 2278 cit,
2265 2211 2367 2266 hoc
2391 2226 2514 2267 cum
2539 2215 2746 2268 caeteris
2769 2215 2966 2272 etfecit.
3125 2230 3131 2236 '
3205 2233 3212 2240 '
3381 2237 3383 2239 ί

2211 2303 2267 2358 3.
2298 2302 2510 2358 Modum
2536 2306 2684 2359 etiam
2708 2305 2948 2362 adventus
2972 2307 3310 2377 prtedixerunt
3334 2307 3632 2379 Prophetas.
3647 2340 3715 2350 —

2141 2391 2260 2448 Non
2287 2394 2458 2448 solum
2483 2403 2660 2450 autem
2682 2396 2826 2458 illum
2854 2396 3123 2452 hominem
3147 2397 3403 2464 futurum,
3430 2398 3526 2454 sed
3553 2401 3714 2455 etiam

2145 2483 2359 2540 modum
2397 2479 2657 2544 adventus
2681 2487 2798 2556 ejus
2822 2487 3200 2557 praedixerunt.
3221 2521 3223 2524 ι
3245 2488 3376 2556 Quia
3423 2490 3569 2545 enim
3594 2506 3722 2545 ven-

2146 2582 2296 2630 turus
2313 2583 2448 2644 erat,
2465 2591 2573 2631 non
2593 2578 2847 2644 tonitrua,
2869 2593 2975 2633 non
2996 2578 3211 2633 fulmina
3229 2595 3461 2650 superne
3480 2580 3727 2648 mittens,

2144 2679 2251 2719 non
2276 2666 2518 2735 quatiens
2557 2675 2753 2722 terram
2777 2708 2792 2733 ,
2838 2683 2944 2723 non
2990 2684 3333 2726 commovens
3359 2670 3585 2738 caelum,
3617 2687 3728 2727 non

2145 2764 2389 2826 portenta
2409 2757 2698 2824 exhibens;
2727 2759 2820 2814 sed
2841 2761 2957 2816 sine
2981 2763 3200 2831 strepitu
3232 2763 3480 2833 nulloque
3504 2765 3731 2820 conscio

2144 2848 2198 2902 iu
2229 2847 2390 2902 domo
2433 2847 2565 2904 labri
2607 2852 2906 2906 nasciturus
2947 2862 3083 2917 erat,
3135 2853 3185 2906 in
3226 2852 3387 2908 domo
3414 2854 3640 2924 ignobili
3664 2871 3732 2910 ac

2143 2938 2256 3004 vili,
2283 2937 2406 2994 audi
2433 2941 2700 3011 quomodo
2723 2957 2899 3012 neque
2926 2942 3030 2998 hoc
3051 2943 3268 3000 tacuerit
3288 2944 3455 3000 David
3473 2945 3734 3001 :Descers-

2151 3031 2260 3097 det,
2289 3031 2484 3104 inquit,
2503 3035 2640 3088 sicut
2661 3033 2838 3102 pluvia
2859 3034 2915 3088 in
2938 3033 3342 3105 vellus(Psalm.
3371 3032 3460 3088 71.
3480 3033 3564 3103 6),
3587 3041 3746 3088 tran-

2150 3121 2481 3194 quillitatem
2499 3130 2553 3178 et
2573 3122 2810 3192 quietem
2833 3121 3360 3194 signiﬁcans.Neque
3374 3121 3480 3175 hoc
3493 3127 3742 3187 tantum;

2145 3213 2243 3268 sed
2268 3214 2427 3268 etiam
2453 3229 2611 3282 quam
2637 3223 2916 3270 mansuete
2940 3223 2995 3270 et
3013 3215 3245 3270 suaviter
3267 3230 3387 3270 cum
3417 3214 3740 3270 hominibus

2145 3313 2555 3360 conversaturus
2593 3314 2769 3372 esset,
2818 3307 2954 3361 alius
2994 3305 3253 3376 propheta
3291 3307 3574 3366 declarans
3613 3307 3740 3364 vide

2146 3392 2278 3462 quid.
2301 3393 2459 3448 dicat.
2500 3393 2633 3448 Nam
2661 3396 2782 3464 quia
2809 3411 2928 3450 cum
2959 3396 3294 3451 contumeliis
3316 3438 3332 3464 ,
3372 3398 3569 3467 sputis,
3605 3413 3741 3454 con.

2145 3484 2292 3550 viciis
2313 3484 2630 3553 afﬁceretur,
2654 3485 3086 3554 inhonoraretur,
3111 3488 3491 3559 ﬂagellaretur,
3512 3501 3740 3561 postre-

2147 3573 2340 3646 moque
2367 3577 2799 3648 cruciﬁgeretur,
2846 3580 3048 3634 nullum
3091 3581 3229 3635 ultus
3258 3590 3341 3636 est
3369 3581 3495 3636 talia
3525 3583 3740 3640 facien-

2147 3676 2275 3732 tem,
2300 3667 2391 3721 sed
2414 3669 2590 3726 omnia
2621 3669 2880 3737 patienter
2909 3671 3045 3735 tulit,
3074 3655 3442 3738 contumelias,
3472 3673 3738 3739 insidias,

2147 3756 2404 3812 insaniam
2431 3767 2485 3813 et
2517 3759 2872 3829 importunum
2903 3760 3069 3830 plebis
3109 3762 3249 3818 illius
3292 3761 3526 3818 furorem
3570 3774 3740 3835 atque

2150 3849 2440 3916 incursum,
2467 3850 2583 3906 hzrc
2610 3851 2788 3920 omnia
2815 3851 3103 3907 declaravit
3128 3853 3212 3908 his
3236 3853 3442 3908 verbis:
3462 3853 3740 3910 Calamam

2147 3939 2411 3992 contritum
2441 3957 2540 3994 non
2563 3941 2863 4013 confringet,
2885 3951 2932 3996 et
2949 3943 3108 4000 linum
3124 3944 3382 4014 fumigans
3405 3960 3509 3998 non
3533 3949 3738 4000 exstin-

2146 4039 2262 4101 guet
2285 4071 2300 4095 ,
2337 4031 2495 4085 donec
2532 4033 2710 4086 educat
2749 4034 2803 4086 in
2834 4034 3089 4088 victoriam
3119 4035 3407 4102 judicium,
3459 4046 3507 4089 et
3535 4037 3598 4090 in
3626 4037 3737 4107 ipso

2151 4120 2330 4177 Gentes
2357 4125 2628 4193 sperabunt
2653 4124 2854 4195 (Hesai.
2881 4127 2970 4181 42.
2993 4128 3072 4196 3).
3098 4127 3248 4182 Alius
3275 4128 3399 4182 item
3432 4127 3620 4182 locum
3641 4170 3657 4194 ,
3684 4130 3735 4182 in

2149 4229 2254 4284 quo
2281 4215 2579 4272 nasciturus
2597 4225 2730 4276 erat.
2755 4216 2951 4271 indicat
2972 4216 3158 4273 dicens
3185 4233 3201 4270 :
3226 4215 3296 4270 Et
3326 4228 3381 4270 tu
3400 4258 3418 4283 ,
3446 4216 3734 4283 Bethleem,

2151 4316 2285 4361 terra
2308 4306 2343 4360 J
2347 4308 2471 4374 uda,
2497 4325 2808 4379 nequaquam
2837 4309 3042 4363 minima
3067 4325 3118 4362 es
3143 4309 3197 4363 in
3213 4308 3524 4379 principibus
3543 4309 3736 4364 Iuda:

2150 4417 2214 4456 ea:
2238 4411 2292 4455 te
2307 4401 2438 4456 enim
2462 4402 2588 4456 exiet
2615 4402 2752 4468 dux,
2779 4401 2865 4471 qui
2895 4410 3035 4472 regat
3063 4399 3306 4471 populum
3325 4416 3491 4454 meant
3521 4399 3697 4454 Israel
3716 4443 3733 4460 ρ

2151 4503 2199 4548 et
2225 4494 2386 4549 exitus
2405 4494 2515 4564 ejus
2544 4494 2608 4547 ab
2628 4495 2771 4548 initio
2789 4511 2822 4548 a
2844 4493 3016 4548 diebus
3035 4493 3204 4548 seaculi
3226 4492 3410 4559 (Mich.
3440 4493 3495 4547 5.
3523 4492 3606 4562 2).
3634 4493 3736 4547 [lic

2151 4586 2478 4642 divinitatem
2509 4595 2563 4641 et
2592 4587 2968 4641 humanitatem
2997 4584 3267 4639 declarat:
3291 4598 3412 4638 nam
3456 4597 3584 4638 cum
3624 4584 3731 4646 ait,

2152 4688 2197 4733 et
2222 4678 2382 4732 exitus
2401 4678 2509 4748 ejus
2532 4677 2596 4730 ab
2620 4678 2762 4730 initio
2799 4694 2832 4730 a
2865 4676 3038 4730 diebus
3065 4675 3266 4741 steculi,
3307 4682 3563 4728 mter-nam
3608 4683 3732 4726 ante

2153 4768 2344 4824 szecula
2371 4767 2731 4823 exsistentiam
2760 4767 3117 4829 demonstrat;
3149 4780 3268 4819 cum
3297 4778 3424 4819 vero
3451 4763 3548 4825 ait,
3584 4761 3732 4816 Exiet

2154 4860 2261 4914 dua:
2298 4859 2384 4930 qui
2423 4868 2564 4929 regat
2601 4857 2846 4929 papulum
2886 4872 3051 4911 meum
3092 4855 3290 4920 Israel,
3334 4853 3729 4923 generationem

2156 4949 2451 5005 secundum
2476 4963 2714 5004 carnem.
2738 4951 2816 5004 Ac
2843 4935 2962 5002 vide
2988 4961 3198 5002 rursum
3220 4954 3276 5000 et
3301 4944 3384 4998 hic
3411 4944 3576 4997 aliam
3609 4958 3726 5012 pro-

2159 5040 2392 5111 phetiam
2431 5039 2796 5110 refulgentem.
2840 5038 2957 5093 Non
2978 5038 3122 5094 enim
3149 5036 3276 5091 dicit
3306 5034 3511 5099 solum,
3559 5035 3724 5102 ipsum

2156 5146 2275 5187 esse
2301 5131 2628 5186 nasciturum
2647 5171 2663 5195 ,
2709 5129 2801 5185 sed
2836 5129 2995 5184 etiam
3026 5128 3198 5182 locum
3229 5127 3458 5182 nobilem
3497 5125 3722 5180 futurum

2156 5238 2298 5287 esse,
2328 5223 2420 5292 qui
2447 5231 2573 5276 tunc
2611 5229 2726 5276 erat
2767 5219 3011 5290 ignobilis
3039 5228 3092 5275 et
3116 5218 3370 5288 exiguus:
3398 5214 3724 5286 Nequaquam

2157 5313 2298 5368 enim
2325 5313 2533 5366 minima
2559 5327 2641 5376 es,
2662 5311 2846 5379 inquit,
2875 5310 2928 5363 in
2957 5307 3263 5379 principibus
3285 5305 3446 5359 Iuda.

2232 5403 2386 5458 Totus
2413 5403 2546 5457 orbis
2575 5401 2643 5454 ad
2675 5400 2929 5455 Bethleem
2965 5399 3232 5454 videndam
3261 5397 3490 5467 con/luit.
3508 5397 3728 5451 —Sane

2161 5506 2301 5553 totus
2326 5497 2472 5551 orbis
2497 5495 2564 5551 ad
2589 5494 2860 5549 Bethleem
2888 5490 3173 5546 videndam
3199 5488 3436 5552 conﬂuit,
3463 5488 3554 5542 ubi
3586 5496 3728 5542 natus

2161 5589 2423 5659 repositus
2461 5587 2558 5642 fuit
2579 5626 2594 5652 ,
2622 5601 2795 5655 neque
2820 5585 2925 5639 ulla
2950 5584 3054 5638 alia
3078 5599 3238 5654 quam
3280 5581 3395 5643 haec
3428 5595 3592 5636 causa
3635 5587 3724 5633 est.

2163 5682 2308 5736 Alius
2349 5680 2539 5734 iterum
2585 5685 2793 5745 tempus
2836 5691 2940 5745 quo
2987 5685 3238 5728 venturus
3279 5681 3394 5726 erat
3425 5667 3726 5741 signiﬁcavit

2167 5773 2250 5831 his
2278 5771 2453 5829 verbis
2478 5789 2492 5826 :
2517 5770 2640 5826 Non
2673 5769 2868 5838 deﬁciet
2902 5768 3132 5837 princeps
3158 5765 3220 5818 de
3243 5763 3384 5817 Iuda
3404 5804 3418 5830 ,
3449 5777 3607 5832 neque
3633 5759 3725 5812 du:
