3980 6184
283 248 384 300 8ίό

279 364 440 434 ἡμῶν
475 359 608 431 μηδὲ
652 357 892 412 ὕποπτον
921 357 1172 432 γενέσθαι
1211 357 1304 410 τὸν
1347 356 1534 426 λόγον,
1564 357 1860 425 ἀναγκαῖον

279 447 348 500 τά
377 443 560 516 βιϐλία
584 441 695 494 τῶν
723 441 1154 511 σταυρωσάντων
1175 439 1336 493 αὐτὸν
1363 441 1632 494 Ἰουδαίων
1670 441 1750 503 εἰς
1774 439 1864 510 μέ-

279 547 375 584 σον
412 523 734 598 προθεῖναι,
769 525 864 578 καὶ
913 525 1010 588 τὰς
1060 522 1189 593 περὶ
1239 523 1403 577 αὑτοῦ
1444 524 1753 596 μαρτυρίας
1798 526 1862 578 ἐκ

275 614 390 665 τῶν
422 611 552 680 παρ’
584 609 768 671 αὐτοῖς
813 605 1232 678 φυλαττομένων
1258 606 1490 677 Γραφῶν
1529 607 1607 660 ἔτι
1647 608 1740 660 καὶ
1768 609 1862 662 νῦν

276 695 370 747 ὑπ’
407 692 564 763 ὄψεσι
584 690 695 744 τῶν
727 690 1099 744 ἀπειθούντων
1127 687 1433 754 διεξελθεῖν.
1470 689 1594 742 Ὅτι
1621 691 1804 742 τοίνυν
1835 690 1859 742 ό

273 777 413 840 Θεδς
460 775 748 846 ἄνθρωπος
792 774 981 838 ἔσται,
1014 771 1146 836 Θεὸς
1173 770 1281 836 ῶν,
1333 772 1550 844 πρῶτος
1593 772 1862 844 Ἱερεμίας

274 859 454 928 λέγει·
487 854 741 923 Οὗτος,ό
775 857 918 921 Θεὸς
945 854 1147 924 ἡμῶν,
1177 857 1248 908 οὐ
1278 856 1708 924 λογισθήσεται
1734 857 1860 911 ἓτε-

266 962 380 1012 ρος
407 941 558 1011 πρὸς
589 942 795 995 αὐτόν.
831 939 1069 1008 Ἐξεῦρε
1098 937 1306 995 πᾶσαν
1327 939 1472 993 ὁδὸν
1497 940 1856 1009 ἐπιστήμης,

269 1025 372 1078 καί
413 1025 640 1080 ἔδωκεν
679 1023 876 1089 αὐτὴν
911 1022 1112 1077 Ἰακὼϐ
1155 1021 1236 1087 τῷ
1289 1021 1454 1076 παιδὶ
1500 1023 1726 1088 αὑτοῦ,
1760 1024 1861 1077 καί

284 1098 529 1174 Ἰσραὴλ
556 1105 638 1181 τῷ
676 1105 1042 1174 ἠγαπημένῳ
1070 1103 1171 1158 ὑπ’
1213 1105 1421 1160 αὐτοῦ.
1465 1107 1627 1160 Μετὰ
1675 1107 1860 1160 ταῦτα

267 1190 369 1243 ἐπί
408 1189 522 1258 τῆς
559 1188 676 1258 γῆς
707 1188 871 1258 ὤφθη
893 1229 906 1253 ,
949 1187 1046 1241 καί
1087 1186 1212 1254 τοῖς
1263 1187 1595 1258 ἀνθρώποις
1627 1203 1856 1242 συνανο

267 1249 580 1342 εστράφηί
932 1265 1149 1324 ἅπαντα
1167 1249 1225 1322 ὲτν
1243 1249 1467 1340 βραχέσι
1490 1249 1694 1342 ῥήμασι
1721 1287 1860 1342 παρ-

267 1355 511 1426 εδήλωσε
534 1395 552 1421 ,
609 1355 706 1408 καὶ
762 1355 846 1407 ὅτι
881 1351 1016 1416 Θεὸς
1049 1351 1124 1404 ῶν
1157 1352 1444 1423 ἄνθρωπος
1489 1353 1734 1420 ἐγένετο,
1763 1353 1858 1408 καὶ

266 1437 586 1510 ἀνθρώποις
615 1435 1030 1507 συνανεστράφη
1055 1476 1070 1498 ,
1100 1435 1197 1488 καὶ
1245 1435 1326 1488 ὅτι
1359 1435 1453 1488 καὶ
1483 1435 1579 1504 τὴν
1614 1434 1856 1504 Παλαιὰν

268 1521 443 1585 αὐτὸς
495 1520 885 1590 ἐνομοθέτησεν
911 1535 926 1583 ;
969 1517 1212 1584 Ἐξεῦρε
1235 1516 1371 1588 κγὰρ
1391 1556 1405 1576 ,
1449 1519 1581 1586 φησὶ
1603 1558 1619 1582 ,
1649 1515 1858 1570 πᾶσαν

269 1604 425 1658 ὀδόν
467 1602 805 1673 ἐπιστήμης
829 1641 844 1664 ,
883 1600 982 1654 καί
1013 1599 1236 1653 ἔδωκεν
1291 1599 1486 1666 αὐτὴν
1529 1599 1730 1654 Ἰακὼϐ
1773 1599 1855 1665 τῷ

266 1687 438 1740 παιδί
471 1686 679 1749 αὑτοῦ,
718 1685 817 1739 καί
854 1682 1092 1752 Ἰσραὴλ
1120 1679 1202 1745 τῷ
1228 1681 1590 1751 ἠγαπημένῳ
1615 1684 1717 1735 ὑπ’
1747 1685 1856 1738 af)-

263 1774 399 1828 τοῦ.
419 1774 672 1826 Δείκνυσι
693 1772 802 1842 γὰρ
823 1771 1056 1825 ἐνταῦθα
1079 1771 1160 1824 ὃτι
1183 1771 1276 1824 καί⁸
1303 1769 1410 1840 πρὸ
1424 1769 1526 1839 τῆς
1551 1769 1852 1840 παρουσίας

264 1857 367 1925 τῆς
401 1856 673 1926 ἐνσάρκου
711 1855 889 1908 πάντα
914 1852 1076 1926 αὐτὸς
1107 1852 1396 1924 ᾠκονόμει,
1430 1850 1525 1923 καὶ
1549 1851 1728 1906 πάντα
1763 1853 1854 1906 αύ-

264 1939 357 2002 τὺς
389 1938 654 2009 ἔπραττε,
684 1936 1012 2007 νομοθετῶν,
1044 1930 1288 2007 προνοῶν
1306 1931 1334 1998 ,”
1354 1935 1670 2006 κηδόμενος,
1699 1935 1854 2006 εὐερ-

264 2022 466 2090 γετῶν.
502 2022 732 2092 ’Έτερος
766 2018 926 2073 πάλιν
968 2020 1251 2091 προφήτης
1273 2059 1288 2083 ,
1327 2018 1408 2070 ὅτι
1434 2018 1532 2071 οὐκ
1569 2018 1853 2089 ἅνθρωπος

266 2106 432 2172 μόνον
459 2104 615 2159 ἔσται
638 2144 652 2166 ,
681 2103 795 2159 ἀλλ’
820 2104 902 2156 ὄτι
937 2103 1031 2156 καὶ
1063 2103 1171 2155 ἀπὸ
1209 2100 1476 2173 παρθένου
1505 2100 1848 2172 τεχθήσεται,

261 2189 503 2243 ἄκουσον
540 2187 660 2251 πῶς
715 2200 912 2264 φησιν·
955 2183 1100 2238 Ἰδοὺ
1147 2186 1186 2253 ὴ
1223 2182 1517 2252 παρθένος
1542 2184 1614 2237 ἐν
1639 2183 1852 2252 γαστρί

259 2276 420 2342 ἔξει,
453 2274 556 2330 καί
584 2265 816 2338 τέξεται
852 2271 987 2328 υἱόν
1009 2312 1024 2336 ,
1056 2270 1154 2325 καί
1189 2272 1524 2326 καλέσουσι
1567 2270 1634 2324 τὸ
1665 2271 1852 2339 ὄνομα

259 2359 457 2414 αὐτοῦ
502 2357 916 2426 Ἐιιμανουήλο
943 2355 1099 2408 τοῦτο
1128 2353 1185 2408 δέ
1235 2356 1350 2406 ἐστι
1379 2352 1853 2425 μεθερμηνευόμε-

260 2460 392 2508 νον,
425 2440 576 2514 [560]
599 2438 732 2493 Μεθ’
761 2439 919 2512 ἡμῶν
964 2441 993 2493 6
1040 2438 1192 2502 Θεός.
1227 2433 1360 2492 Εἶτα
1407 2437 1621 2501 δεικνὺς
1666 2439 1748 2490 ὃτι
1787 2437 1850 2490 ού

260 2524 544 2596 φαντασία
578 2523 638 2576 τὸ
671 2523 994 2593 φαινόμενον
1023 2517 1111 2592 ἧν,
1148 2520 1263 2574 ἀλλ’
1301 2519 1515 2590 ἀληθῶς
1540 2519 1848 2592 ἄνθρωπος,

257 2610 516 2680 ἐπήγαγε
553 2607 728 2676 λέγων
751 2623 765 2637 ο
812 2607 967 2659 Διότι
997 2605 1138 2672 πρὶν
1181 2604 1220 2672 ἢ
1267 2604 1486 2672 γνῶναι
1516 2603 1582 2655 τὸ
1610 2601 1852 2656 παιδίον

256 2695 483 2750 καλεῖν
505 2693 732 2762 πατέρα
753 2692 981 2762 ἀγαθὸν
1008 2692 1047 2760 ἢ
1071 2690 1264 2744 ’κακὸν
1285 2731 1301 2754 ,
1333 2688 1568 2745 ἀπειθεῖ
1594 2689 1851 2756 πονηρίᾳ

255 2779 372 2833 τοῦ
407 2777 773 2842 ἐκλέξασθαι
809 2775 879 2828 τὸ
926 2773 1330 2844 ἀγαθόν.-Ὅτι
1377 2772 1434 2826 δὲ
1479 2771 1671 2835 αὐτὸς
1696 2767 1849 2835 οὗτος

253 2863 365 2916 οὐκ
404 2861 694 2933 ἄνθρωπος
725 2859 883 2930 μόνον
907 2899 923 2924 ,
973 2858 1082 2912 οὐδ’
1115 2858 1198 2911 ὅτι
1242 2859 1308 2910 ὲκ
1352 2855 1621 2926 παρθένου
1668 2855 1846 2926 μόνον,

255 2945 381 2999 ἀλλ’
405 2946 493 2999 ὅτι
517 2943 613 2998 καὶ
640 2942 700 3009 ἐξ
737 2941 890 2996 οἴκου
918 2940 1084 2994 Δαϐὶδ
1103 2981 1117 3006 ,
1142 2941 1374 2995 ἄκουσον
1409 2939 1527 3002 πῶς
1555 2938 1650 2991 καὶ
1689 2937 1850 2990 τοῦτο

252 3029 473 3085 ἀνωθεν
505 3027 761 3100 προλέγει
787 3029 816 3080 6
854 3026 1114 3086 Ἡσαΐας,
1150 3021 1427 3093 τροπικῶς
1457 3022 1552 3092 μὲν
1574 3021 1851 3100 κεχρημέ-

252 3130 350 3177 νος
381 3114 505 3175 ταῖς
528 3111 704 3176 λέξεσι
733 3110 828 3163 καὶ
855 3108 1138 3179 μεταφορᾷ
1165 3104 1371 3176 πολλῇ,
1404 3101 1728 3175 προλέγειδ
1756 3099 1849 3156 οὖν

251 3197 414 3268 ὅμως
432 3211 448 3224 ο
485 3194 900 3260 Ἐξελεύσεται
916 3191 1143 3259 ῥάϐδος
1168 3189 1238 3242 ἐκ
1259 3186 1372 3255 τῆς
1391 3185 1571 3255 ’ῥίζης
1609 3185 1846 3251 Ἰεσσαί,

251 3284 360 3340 καί
389 3283 576 3349 ἄνθος
603 3280 674 3336 ἐκ
694 3279 806 3348 τῆς
826 3278 994 3348 ῥίζης
1023 3275 1388 3342 ἀναϐήσεται
1408 3316 1422 3337 ,
1449 3273 1548 3327 καί
1578 3274 1849 3328 ἀναπαύ-

251 3385 438 3424 σεται
486 3365 580 3419 ἐπ’
609 3365 798 3420 αὐτὸν
829 3364 1066 3434 πνεῦμα
1119 3361 1303 3422 Θεοῦ,
1341 3359 1577 3428 πνεῦμα
1629 3358 1852 3427 σοφίας

252 3453 362 3506 καί
383 3449 716 3515 συνέσεως,
733 3447 971 3517 πνεῦμα
985 3443 1228 3511 ,βουλῆς
1246 3443 1344 3497 καί
1368 3443 1600 3512 ἰσχύος,
1617 3441 1851 3507 πνεῦμα

253 3533 549 3604 τ-νὼσεως
576 3532 674 3585 καί
709 3531 1051 3595 εὐσεϐείας,
1099 3527 1336 3596 πνεῦμα
1359 3527 1550 3594 φόϐου
1581 3523 1728 3577 Θεοῦ
1751 3524 1853 3591 ἐμέ

253 3616 497 3685 πλήσει
519 3615 724 3670 αὐτόν.
755 3613 813 3666 Ὀ
835 3614 943 3684 γὰρ
965 3611 1167 3665 Ἰεσσαὶ
1185 3605 1339 3669 οὗτος
1361 3607 1546 3679 πατὴρ
1571 3605 1666 3660 τοῦ
1687 3605 1849 3685 Δαϐὶδ

251 3697 350 3772 ἦν.
367 3684 540 3769 Δῆλον
564 3699 628 3750 ὲκ
651 3695 842 3750 τούτου
864 3696 948 3749 ὅτι
967 3694 1064 3748 καὶ
1085 3692 1200 3747 ἀπὸ
1213 3690 1508 3763 τῆςφυλῆς
1527 3689 1740 3760 ἐκείνης
1756 3684 1844 3759 ἦν.

253 3786 337 3839 Οὐ
371 3783 534 3854 μόνον
558 3781 616 3835 δὲ
643 3781 726 3834 ὅτι
749 3777 857 3833 ἀπὸ
888 3778 988 3849 τῆς
1016 3777 1212 3848 φυλῆς,
1241 3775 1354 3828 ἀλλ’
1379 3777 1463 3828 ὅτι
1490 3775 1585 3828 καὶ
1612 3773 1720 3826 ἀπὸ
1750 3773 1850 3843 τῆς

253 3867 444 3929 οἰκίας
480 3861 674 3918 Ἰεσσαὶ
707 3861 1118 3934 προελεύσεται,
1143 3861 1240 3914 καὶ
1272 3858 1431 3912 τοῦτο
1463 3854 1850 3927 προανεφώνη-

256 3969 384 4015 cev,
415 3948 608 4002 εἰπών’
632 3947 1050 4011 Ὲξελεύσεται
1076 3943 1207 4015 γὰρ,
1231 3940 1625 4014 φησὶ,ῥάόδος
1649 3940 1718 3994 ἐκ
1740 3938 1852 4009 τῆς

249 4035 430 4105 ῥίζης
463 4031 711 4086 Ἰεσσαί⁹
740 4030 801 4084 οὐ
838 4030 967 4102 περὶ
1010 4028 1206 4100 ῥάϐδου
1251 4025 1426 4094 λέγων
1471 4023 1686 4090 ἁπλῶς,
1715 4021 1852 4077 ἀλλά

256 4118 398 4189 περὶ
419 4113 585 4170 αὑτοῦ
614 4113 709 4166 καὶ
737 4110 838 4183 τῆς
869 4105 1147 4182 βασιλείας
1176 4105 1363 4164 αὑτοῦ.
1387 4106 1498 4161 και
1523 4109 1604 4161 ὃτι
1630 4107 1690 4160 οὐ
1723 4105 1852 4189 περὶ

259 4188 470 4275 ῥάϐδου
498 4196 658 4251 τοῦτο
705 4192 888 4262 εἶπεν,
923 4195 1162 4266 ἐδήλωσε
1209 4193 1297 4246 διὰ
1335 4191 1443 4245 τῶν
1475 4189 1632 4275 έξῇςξ
1681 4188 1852 4275 είπῲν

259 4272 407 4356 γὰρ,
427 4281 843 4344 Ἑξελεύσεται
864 4277 1091 4348 ῥάϐδος
1109 4317 1123 4341 ,
1155 4277 1401 4348 ἐπήγαγε
1418 4289 1432 4304 °
1456 4273 1564 4356 Καί
1588 4272 1854 4356 ἀναπαύ-

261 4352 439 4423 σεται
470 4365 564 4418 ἐπ’
579 4363 766 4417 αὑτὸν
790 4361 1026 4430 πνεῦμα
1049 4359 1271 4428 σοφίας
1293 4355 1391 4410 καί
1413 4352 1855 4419 συνέσεως,ού-

263 4450 377 4513 δεὶς
398 4449 480 4513 δὲ,
514 4447 617 4500 κᾶν
647 4445 850 4517 σφόδρα
875 4443 1102 4513 ἀνόητος
1125 4436 1183 4512 ᾖ,
1203 4438 1362 4492 τοῦτο
1382 4439 1516 4509 ὲρεί,
1539 4436 1620 4490 ὅτι
1647 4435 1737 4517 ἐπὶ
1757 4434 1853 4487 τοῦ

273 4535 432 4598 ξύλου
466 4531 668 4602 ἦρχετο
715 4529 750 4598 ή
789 4516 884 4581 τοῦ
919 4525 1230 4595 πνεύματος
1262 4521 1452 4593 χάρις,
1489 4517 1618 4602 ἀλλῖ-
1637 4516 1854 4602 εὔδηλον

273 4617 356 4669 ὅτι
389 4599 602 4668 ἐπὶντδν
625 4610 752 4666 ναὸν
777 4611 986 4663 ἐκεῖνον
1014 4607 1108 4661 τὸν
1130 4607 1381 4677 ἄμωμον.
1403 4602 1502 4657 Διά
1527 4599 1686 4654 τοῦτο
1708 4599 1852 4663 οὐδὲ,

270 4700 409 4772 ἡξει,
438 4693 744 4762 εἶπεν,ἀλλ’
764 4691 1253 4747 ἐπαναπαύσεται
1267 4705 1281 4720 ο
1303 4685 1513 4772 ἐπειδὴ*
1527 4682 1696 4772 ἐλθὼν
1722 4700 1857 4772 παρ-

231 4797 236 4802 ’
269 4766 480 4855 έμεινε,
516 4779 615 4834 καὶ
669 4777 770 4831 οὐκ
814 4776 1051 4846 ἀπέστη.
1085 4775 1151 4826 '0
1182 4772 1238 4826 δὲ
1271 4771 1366 4855 καὶ
1402 4772 1432 4824 6
1464 4766 1855 4855 εύαηελιατὴς

267 4849 536 4936 Ἰωάννης
563 4861 740 4933 δηλῶν
777 4860 960 4930 ἔλεγεν
978 4875 992 4891 ·
1028 4855 1178 4925 Ἐγὼ
1203 4854 1477 4922 τεθέαμαι
1516 4851 1584 4936 τι)
1615 4849 1856 4936 Πνεῦμα

267 4932 638 5005 καταϐαῖνον
651 4944 795 4998 ὡσεί
814 4939 1194 5010 περιστερὰν,
1211 4938 1309 4992 καί
1326 4936 1516 5006 μένον
1536 4934 1628 4988 ἐπ’
1647 4932 1852 4987 αὐτόν.

269 5036 352 5090 οὐ
385 5029 823 5104 παρεσιώπησαν
855 5026 913 5080 δὲ
946 5023 1068 5078 οὐδὲ
1103 5021 1200 5092 τὴν
1244 5019 1467 5104 γνώμην
1491 5017 1598 5104 τὴν
1634 5014 1854 5104 Ἰουδαῖ-

270 5121 402 5191 κὴν,
427 5095 497 5188 ἢν
543 5095 890 5176 ἐπεδείξαντο
909 5107 1028 5178 ἅμα
1048 5104 1330 5191 τεχθέντος
1354 5100 1520 5191 αύτοῦ
1539 5100 1600 5191 ’.ὁ
1625 5099 1726 5191 μὲν
1747 5095 1855 5191 γὰρ

272 5181 562 5262 Ματθαῖός
609 5209 805 5266 φησιν·
831 5191 1120 5254 Ἀκούσας
1156 5185 1224 5240 δὲ
1249 5184 1500 5254 Ἡρώδης
1537 5181 1852 5266 ἐταράχθη,

268 5286 378 5341 καί
419 5281 593 5338 πᾶσα
623 5264 1012 5347 Ἰεροσόλυμα
1030 5272 1157 5343 μετ’
1201 5268 1423 5324 αὑτοῦ·
1461 5268 1490 5320 6
1529 5265 1587 5319 δὲ
1627 5264 1855 5325 Ἡσαΐας

270 5373 513 5426 ἄκουσον
546 5361 663 5426 πῶς
689 5362 782 5414 καὶ⁵
807 5357 965 5412 τοῦτο
990 5354 1193 5412 ἀνωθεν
1233 5349 1602 5425 πρωνεφὼνει
1643 5347 1818 5416 λέγων
1838 5360 1853 5376 ο

275 5449 670 5519 Θελήσουσιν
692 5446 745 5498 εἰ
771 5430 1148 5512 ἐγενήθησαν
1166 5437 1597 5519 πυρικαύστοις
1617 5431 1705 5519 δτι
1723 5445 1856 5519 παιτ

271 5512 434 5590 δίον.
461 5528 755 5602 ἐγεννήθη
793 5525 960 5595 ἡμῖν,
993 5523 1123 5589 υίὸς
1177 5521 1276 5575 καί
1327 5518 1503 5586 ἐδόθη
1543 5515 1721 5602 ἡμῖν,
1756 5512 1856 5566 καί

277 5597 554 5673 καλεῖται
577 5615 644 5668 τὸ
680 5614 868 5680 ὄνομα
905 5607 1092 5662 αὐτοῦ
1114 5605 1384 5676 μεγάλης
1415 5599 1657 5667 βουλῆς
1685 5597 1856 5666 ἀγγε-

277 5706 418 5772 λος,
445 5696 794 5772 θαυμαστὸς
831 5693 1194 5764 σύμϐουλος,
1221 5687 1364 5766 Θεδς
1391 5683 1660 5766 ἰσχυρὸς,
1684 5681 1855 5748 ἐξου-

813 238 1091 296 CONTRA
1136 237 1428 320 JUDIEOS
1466 238 1554 294 ET
1593 237 1958 302 GENTILES,
1994 239 2185 307 QUOD
2224 245 2574 306 CHRISTUS
2614 246 2724 303 SIT
2763 243 2967 302 DEUS.

3431 246 3537 302 8|6

1965 361 2246 430 σιαστὴς,
2281 364 2483 436 ἄρχων
2520 364 2764 434 εἰρήνης
2786 404 2802 429 ,
2837 361 3034 432 πατὴρ
3070 362 3177 416 τοῦ
3209 361 3544 432 μέλλοντος

1961 441 2196 510 αἰῶνος,
2227 447 2348 500 Ὀτι
2370 449 2427 502 δὲ
2451 450 2578 520 περὶ
2599 447 2885 518 ἀνθρώπου
2911 445 3010 499 οὐκ
3025 445 3091 500 ἀν
3109 464 3194 511 τις
3224 448 3368 500 είποι
3384 447 3544 501 τοῦτο

1961 526 2140 605 ψιλοῦ,
2163 529 2386 600 εὔδηλον
2425 533 2522 587 καὶ
2552 534 2664 594 τοῖς
2687 531 2894 601 σφόδρα
2923 529 3246 600 φιλονεικεῖν
3275 529 3538 584 ἐθέλουσι.

1960 609 2093 672 Θεὸς
2114 611 2222 684 γὰρ
2274 614 2491 686 ἰσχυρὸς
2528 613 2703 676 οὐδεὶς
2745 611 3048 684 ἀνθρώπων
3084 613 3277 684 ἐλέχθη
3309 611 3417 666 ἀπὸ
3446 611 3540 666 τοῦ

1958 691 2176 758 αἰῶνος,
2217 695 2338 748 οὐδὲ
2368 699 2550 768 ἄρχων
2587 697 2812 768 εἰρήνης
2838 694 3125 766 τοιαύτης·
3174 691 3295 760 Τῆς
3328 695 3438 763 γὰρ
3463 697 3544 748 εἰ·

1953 773 2150 844 ρήνης
2174 778 2382 844 αὐτοῦ,
2406 781 2588 850 φησὶν,
2607 781 2718 832 οὐκ
2737 778 2911 831 ἔστιν
2927 777 3110 845 ὅριον.
3135 777 3245 831 Καὶ
3263 776 3416 845 δηλοῖ
3434 775 3543 830 τῶν

1963 859 2303 929 πραγμάτων
2328 863 2360 932 ἡ
2393 862 2574 930 φύσις,
2603 863 2686 915 ὅτι
2713 862 2894 914 πᾶσαν
2918 859 3120 931 ἐπῆλθε
3142 859 3240 930 τὴν
3275 860 3399 929 γῆν,
3431 859 3542 911 πᾶ-

1963 955 2060 994 σαν
2093 941 2382 1008 θάλατταν,
2420 947 2601 998 πᾶσαν
2636 942 2981 1014 οἰκουμένην,
3031 945 3212 996 πᾶσαν
3263 943 3539 1014 ἀοίκητον,

1964 1027 2054 1081 καὶ
2076 1025 2176 1098 ὅρη
2202 1029 2296 1081 καὶ
2335 1028 2512 1092 νάπας
2541 1029 2634 1081 καὶ
2665 1027 2886 1098 βουνοὺς
2914 1025 3020 1080 ἀπὸ
3039 1027 3139 1097 τῆς
3165 1026 3374 1098 ἡμέρας
3400 1025 3542 1080 ὲκεί-

1959 1127 2076 1180 νης,
2101 1110 2194 1179 ἀφ’
2225 1105 2291 1184 ἦς
2329 1111 2654 1183 ἀνέρχεσθαι
2689 1111 2918 1181 μέλλων,
2951 1111 3088 1181 πρὸς
3113 1110 3241 1173 τοὺς
3295 1109 3542 1180 μαθητὰς

1959 1189 2144 1246 εἶπεν·
2176 1194 2442 1263 Εἰρήνην
2474 1195 2588 1264 τὴν
2615 1194 2770 1263 ἐμὴν
2800 1194 3006 1264 δίδωμι
3039 1194 3198 1262 ὑμῖν,
3238 1195 3309 1246 οὺ
3346 1192 3540 1258 καθὼς

1958 1277 1992 1327 ό
2018 1276 2247 1344 κόσμος
2273 1276 2504 1342 δίδωσι,
2545 1277 2754 1346 δίδωμι
2779 1277 2943 1346 ὑμῖν.
2969 1275 3035 1328 Τί
3064 1277 3262 1345 δήποτε
3281 1274 3336 1326 δὲ
3367 1275 3540 1333 οὕτως

1957 1355 2114 1412 εἶπεν
2140 1361 2168 1412 6
2197 1361 2459 1430 Χριστός;
2501 1363 2534 1431 ἡ
2565 1362 2662 1432 μὲν
2688 1360 2797 1431 γάρ
2819 1361 2925 1413 τῶν
2957 1359 3262 1429 ἀνθρώπων
3304 1357 3540 1410 εὐκατά-

1949 1441 2113 1518 ,λυτός
2142 1445 2278 1520 ἐστι,
2296 1445 2391 1498 καὶ
2419 1445 2622 1508 πολλάς
2647 1444 2758 1514 ἕχει
2791 1443 2890 1506 τάς
2915 1442 3219 1514 μεταϐολάς
3236 1459 3250 1473 ο
3269 1444 3302 1512 ή
3331 1441 3386 1494 δὲ
3409 1443 3538 1511 παρ’

1955 1525 2119 1579 αὐτοῦ
2149 1526 2360 1595 βεϐαία,
2395 1528 2670 1598 ἀκίνητος,
2711 1526 2912 1595 παγία,
2953 1527 3201 1596 μόνιμος,
3248 1524 3536 1587 ἀθάνατος,

1953 1608 2107 1671 τέλος
2133 1607 2232 1663 οὐκ
2260 1609 2478 1679 ἔχουσα,
2504 1611 2599 1664 καὶ
2626 1609 2799 1664 ταῦτα
2824 1609 3032 1680 μυρίων
3062 1609 3315 1678 πολέμων
3342 1606 3539 1661 παντα-

1954 1690 2113 1760 χόθεν
2167 1693 2692 1765 ἀναῤῥιπισθέντων,
2737 1693 2833 1746 καὶ
2873 1691 2994 1745 καθ’
3047 1691 3286 1761 ἑκάστην
3324 1689 3538 1761 ἡμέραν

1951 1775 2169 1847 ,μυρίων
2198 1775 2498 1830 ἐπιϐουλῶν
2545 1776 2872 1846 γινομένων.
2914 1770 3053 1827 Ἀλλ’
3082 1775 3110 1826 6
3147 1774 3322 1827 πάντα
3360 1773 3536 1826 ἀνύων

1954 1856 2119 1909 αὑτοῦ
2152 1857 2308 1926 λόγος
2335 1858 2609 1912 καὶτοῦτο
2641 1859 2804 1930 ἤνυσε
2848 1859 2988 1929 μετά
3016 1856 3124 1910 τῶν
3164 1855 3360 1910 ἄλλων.

2023 2111 2094 2174 7’.
2127 2106 2200 2159 Ού
2231 2105 2391 2176 μόνον
2422 2106 2478 2159 δὲ
2510 2108 2589 2160 ὅτι
2622 2107 2906 2179 ἄνθρωπος
2932 2107 3102 2172 ἔσται,
3135 2107 3270 2162 ἀλλά
3304 2106 3400 2162 καὶ
3435 2107 3538 2175 τῆς

1944 2188 2255 2258 ,παρουσίας
2318 2188 2484 2242 αὑτοῦ
2534 2189 2626 2242 τὸν
2675 2189 2878 2260 τρόπον
2911 2191 3346 2260 προεφήτευσαν.
3387 2187 3533 2260 [561]

1965 2269 2182 2342 Ἐπειδὴ
2238 2270 2347 2343 γάρ
2395 2270 2588 2338 ἔμελλε
2637 2272 3054 2341 παραγίνεσθαι,
3103 2274 3202 2326 οὐκ
3248 2272 3536 2343 ἀστραπὰς

1951 2353 2156 2422 ἀφιεὶς,
2175 2350 2246 2407 ὀύ
2276 2356 2573 2424 κεραυνοὺς
2601 2355 2808 2410 ἀνωθεν
2833 2397 2846 2420 ,
2877 2355 2937 2406 ού
2987 2355 3147 2408 σείων
3179 2355 3276 2426 τὴν
3306 2355 3410 2425 γῆν
3429 2395 3444 2420 ,
3471 2355 3534 2408 οὐ

1951 2437 2158 2490 κλονῶν
2188 2436 2281 2490 τὸν
2309 2438 2560 2508 οὐρανὸν.
2595 2438 2694 2490 ούκ
2731 2437 3025 2508 ὲκπλήξεις
3051 2437 3204 2501 τινὰς
3234 2437 3535 2508 ἐργαζόμε-

1945 2538 2061 2591 νος,
2095 2519 2212 2573 ἀλλ’
2233 2521 2471 2591 ἀψοφητὶ
2499 2520 2592 2572 καὶ
2612 2519 2840 2591 μηδενὸς
2865 2521 3064 2581 εἰδότος
3093 2521 3152 2573 ἐν
3175 2521 3322 2591 οἰκίᾳ
3345 2521 3534 2572 τέκτο-

1949 2620 2040 2666 νος
2077 2603 2272 2674 ὲτέχθη
2298 2643 2313 2667 ,
2355 2605 2413 2656 ὲν
2459 2602 2608 2673 οἰκίᾳ
2651 2603 2850 2673 ἀσήμῳ
2904 2603 3000 2655 καὶ
3033 2603 3260 2666 εὐτελεῖ,
3304 2603 3538 2657 ἄκουσον

1951 2684 2069 2749 πῶς
2087 2684 2209 2738 οὐδὲ
2240 2685 2398 2738 τοῦτο
2418 2683 2843 2756 παρεσιώπησεν
2867 2685 2895 2736 ὁ
2916 2683 3080 2737 Δαυῖδ
3109 2683 3278 2738 εἰπών
3303 2701 3317 2714 '
3349 2689 3540 2738 Κατα-

1951 2767 2198 2837 ϐήσεται
2230 2768 2312 2833 ὠς
2340 2766 2516 2832 ὑετὸς
2543 2767 2639 2820 ἐπί
2665 2769 2877 2831 πόκον,
2910 2767 2970 2820 τὸ
2999 2767 3293 2838 ἀτάραχον,
3321 2766 3382 2819 τὸ
3401 2767 3536 2837 ἥσυ-

1950 2868 2045 2922 χον
2077 2850 2166 2904 διά
2193 2849 2384 2905 τούτου
2422 2849 2617 2921 δηλῶν.
2649 2850 2724 2904 Ού
2753 2849 2909 2903 τοῦτο
2949 2849 3005 2902 δὲ
3048 2840 3238 2916 μόνον,
3269 2849 3403 2903 ἀλλά
3442 2851 3534 2903 καὶ

1943 2935 2051 3004 ,τῆς
2070 2933 2193 2986 τότε
2224 2932 2362 3004 μετά
2402 2933 2620 2986 πάντων
2646 2933 2810 2986 αὑτοῦ
2839 2933 3116 3003 διαγωγῆς
3153 2932 3213 2984 τὸ
3241 2933 3416 3004 πρᾶον
3446 2932 3538 2985 καὶ

1951 3016 2193 3078 ἐπιεικὲς
2242 3014 2522 3086 ἐμφαίνων
2565 3013 2723 3078 ἄλλος
2778 3015 3063 3086 προφήτης
3113 3015 3215 3085 ὅρα
3253 3016 3307 3067 τί
3347 3031 3534 3084 φησιν.

1948 3097 2168 3168 Ἐπειδὴ
2181 3081 2293 3170 γὰρ
2305 3081 2679 3169 ὑϐριζόμενος,
2697 3081 3069 3167 ἐμπτυόμενος
3080 3137 3092 3157 .
3107 3081 3550 3168 λοιδορούμενος,

1949 3181 2368 3252 ἀτιμαζόμενος,
2395 3181 2813 3252 μαστιζόμενος,
2840 3180 3147 3234 τελευταῖον
3173 3182 3266 3234 καί¹
3292 3198 3537 3251 σταυρωο

1947 3263 2066 3328 ’θεὶς
2091 3265 2281 3318 οὐδένα
2324 3265 2432 3317 τῶν
2461 3263 2636 3318 ταῦτα
2674 3263 3057 3334 πεποιηκότων
3099 3262 3382 3332 ἠμύνατο,
3418 3263 3534 3315 ἀλλ’

1947 3346 2144 3419 ἔφερεν
2195 3347 2410 3400 ἅπαντα
2467 3346 2844 3417 μακροθύμως
2888 3346 2982 3399 καὶ
3029 3347 3241 3416 πράως,
3281 3341 3394 3398 οἷον
3436 3345 3536 3409 τὰς

1951 3431 2195 3502 ἀτιμίας,
2219 3431 2320 3493 τὰς
2360 3429 2672 3494 ἐπιϐουλάς,
2721 3429 2819 3500 τὴν
2869 3428 3090 3500 μανίαν,
3123 3427 3215 3480 τὸν
3245 3426 3416 3498 θυμὸν
3445 3427 3537 3480 τὸν

1951 3516 2176 3586 ἄκαιρον
2208 3513 2413 3568 ἐκείνου
2431 3512 2524 3566 τοῦ
2555 3512 2749 3582 δήμου,
2779 3512 2878 3576 τάς
2905 3511 3148 3582 ἐφόδους,
3171 3509 3342 3564 ταῦτα
3359 3510 3536 3566 πάντα

1908 3621 1918 3627 ·
1949 3597 2126 3669 δηλῶν
2166 3597 2345 3666 ἔλεγεο
2378 3595 2665 3664 Κωαμον
2697 3593 3209 3664 συντετριμμένον
3230 3595 3301 3647 οὐ
3322 3592 3534 3647 κατεά-

1952 3682 2062 3746 ξει,
2086 3680 2184 3735 καί
2221 3683 2399 3735 λίνον
2436 3679 2776 3748 τυφόμενον
2811 3679 2884 3731 οὐ
2917 3675 3123 3730 σϐέσει
3147 3717 3163 3742 ,
3195 3676 3306 3742 ἕως
3339 3675 3415 3730 ἂν
3439 3677 3537 3729 ἐκ·

1952 3763 2105 3831 ϐάλῃ
2134 3765 2220 3828 εἰς
2244 3762 2414 3828 νῖκος
2436 3761 2550 3828 τὴν
2577 3761 2802 3828 κρίσιν,
2826 3759 2923 3813 καί
2949 3760 3041 3812 ἐπ’
3068 3756 3228 3823 αὐτῷ
3247 3759 3392 3824 ἔθνη
3431 3759 3533 3812 ἐλ-

1951 3845 2220 3904 πιοῦσιν,
2243 3845 2366 3898 Ἕτε
2377 3861 2466 3915 ρος
2487 3844 2544 3896 δὲ
2571 3842 2733 3895 πάλιν
2763 3842 2855 3896 καὶ
2881 3841 2973 3894 τὸν
2999 3841 3186 3901 τόπον.
3206 3842 3263 3894 ὲν
3283 3833 3327 3907 ᾧ
3343 3840 3532 3912 ἔμελλε

1951 3928 2251 3996 τίκτεσθαι,
2286 3928 2436 3999 δηλοῖ
2461 3927 2604 3981 οὕτω
2625 3927 2798 3996 λέγων
2816 3942 2830 3956 ·
2864 3923 2974 3980 Καὶ
3001 3923 3103 3991 σὺ,
3140 3923 3431 3993 Βηθλεέμ,
3455 3924 3530 3994 γῆ

1964 4013 2153 4068 Ἰούδα
2176 4053 2190 4077 ,
2239 4011 2515 4082 οὐδαμῶς
2563 4010 2857 4080 ἐλαχίστη
2886 4001 2944 4062 εἷ
2967 4008 3038 4061 ἐν
3087 4005 3214 4073 τοῖς
3243 4007 3534 4076 ἡγεμόσιν

1965 4095 2184 4150 Ἰούδα·
2215 4094 2285 4148 ἐκ
2319 4094 2435 4149 σοῦ
2459 4093 2569 4164 γάρ
2606 4110 2709 4163 μοι
2753 4091 3140 4156 ἐξελεύσεται
3175 4090 3530 4158 ἡγούμενος,

1953 4179 2122 4247 ὅστις
2145 4178 2424 4250 ποιμανεῖ
2445 4177 2556 4231 τὸν
2584 4177 2739 4231 λαόν
2765 4192 2884 4244 μου
2915 4172 3023 4225 τὸν
3055 4171 3317 4239 Ἰσραὴλ,
3348 4173 3446 4250 καί
3472 4175 3532 4227 αι

1952 4262 2151 4328 ἔξοδοι.
2178 4248 2364 4316 αὑτοῦ
2388 4260 2489 4315 ἀπ’
2510 4259 2704 4328 ἀρχῆς
2731 4259 2800 4321 ἐξ
2835 4253 3072 4325 ἡμερῶν
3094 4253 3328 4320 αἰῶνος.
3365 4248 3534 4318 Οὗτος

1953 4347 2048 4400 καὶ
2078 4345 2176 4416 τὴν
2198 4344 2426 4415 θεότητα
2453 4343 2547 4396 καὶ
2574 4342 2673 4411 τὴν
2718 4338 3114 4410 ἀνθρωπότητα
3153 4336 3426 4391 δείκνυσιο
3455 4336 3537 4407 τῷ

1956 4431 2057 4500 μὲν
2075 4429 2182 4498 γὰρ
2203 4429 2399 4493 εἰπεῖν,
2429 4429 2498 4480 Αἰ
2518 4423 2715 4490 ἔξοδοι
2743 4422 2929 4480 αὐτοῦ
2964 4422 3063 4476 ἀπ’
3079 4419 3274 4491 ἀρχῆς
3296 4421 3364 4485 ἐξ
3394 4421 3535 4490 ἡμε-

1946 4512 2074 4581 ρῶν
2107 4509 2322 4577 αἰῶνος
2342 4551 2357 4575 ,
2405 4510 2502 4582 τὴν
2532 4505 2858 4579 προαιὼνιον
2896 4506 3129 4577 ἐδήλωσε
3165 4505 3428 4578 ὓπαρξιν·
3454 4506 3538 4577 τῷ

1955 4596 2014 4649 δὲ
2041 4597 2237 4660 εἰπεῖν,
2279 4593 2691 4658 Ἐξελεύσεται
2720 4592 3072 4660 ἡγούμενος,
3119 4587 3288 4654 ὅστις
3324 4602 3534 4661 ποιμα-

1954 4679 2048 4734 νεῖ
2083 4680 2192 4733 τὸν
2220 4678 2376 4734 λαόν
2405 4695 2526 4748 μου
2556 4676 2664 4730 τὸν
2698 4673 2984 4742 Ἰσραὴλ,
3024 4672 3123 4743 τὴν
3165 4669 3310 4724 κατὰ
3355 4671 3533 4742 σάρκα

1955 4764 2228 4833 γέννησινι
2258 4761 2370 4816 Καὶ
2405 4761 2508 4833 ὅρα
2547 4758 2708 4814 πάλιν
2748 4758 2841 4811 καὶ
2880 4756 3074 4827 ἑτέραν
3125 4754 3358 4808 ἐνταῦθα
3393 4770 3561 4824 προσ,

1958 4846 2184 4918 φητείαν
2211 4845 2648 4914 διαλάμπουσανί
2673 4842 2748 4896 Ού
2771 4841 2886 4912 ’γὰρ
2918 4840 3079 4912 μόνον
3103 4839 3184 4891 ὅτι
3212 4837 3534 4908 τεχθήσεται

1959 4927 2134 4994 εἶπεν,
2153 4929 2366 4983 ἀλλ’ὅτι
2392 4929 2486 4982 καὶ
2522 4926 2792 4997 ἐπίσημον
2826 4925 2979 4978 ἔσται
3015 4923 3077 4976 τὸ
3106 4921 3324 4993 χωρίον,
3355 4921 3532 4975 καίτοι

1959 5016 2174 5079 εὐτελὲς
2196 5014 2256 5069 δν
2282 5015 2377 5068 καὶ
2423 5011 2646 5084 μικρόν·
2674 5007 2958 5078 Οὐδαμῶς
2991 5007 3102 5079 γὰρ
3145 5006 3440 5076 ἐλαχίστη
3477 5000 3535 5058 εἰ

1957 5101 2027 5155 ἐν
2051 5100 2174 5167 τοῖς
2195 5099 2490 5170 ἡγεμόσιν
2513 5093 2720 5160 Ἰούδα,
2743 5092 2898 5162 φησί.

2027 5341 2184 5396 Πᾶσα
2219 5339 2398 5390 τοίνυν
2441 5337 2477 5408 ἡ
2509 5334 2800 5405 οἰκουμένη
2837 5331 3116 5402 συντρέχει
3147 5329 3241 5383 νῦν
3277 5331 3404 5384 ἰδεῖν
3434 5325 3532 5397 τὴν

1957 5423 2238 5494 Βηθλεὲμ,
2287 5419 2416 5473 ἔνθα
2466 5418 2676 5490 τεχθεὶς
2724 5417 2920 5488 ἐτέθη,
2967 5414 3263 5485 οὐδαμόθεν
3313 5411 3534 5467 ἄλλοθεν

1957 5493 2070 5562 ἀλλ’
2116 5507 2151 5578 ἢ
2196 5504 2444 5559 ἐντεῦθεν
2481 5493 2660 5576 μόνον.
2695 5501 2885 5565 ’Δλλος
2932 5500 3092 5553 πάλιν
3129 5499 3224 5552 καὶ
3271 5497 3362 5550 τὸν
3409 5513 3538 5578 και-

1961 5591 2071 5664 ρδν,
2121 5576 2180 5642 έν
2229 5582 2275 5658 ᾧ
2318 5586 2511 5660 εμελλε
2557 5584 2996 5658 παραγίνεσθαι,
3039 5582 3307 5664 ἐδήλωσεν
3362 5576 3536 5664 οὕτως

1961 5658 2162 5728 εἰπών’
2225 5658 2366 5727 οὐκ*
2405 5671 2671 5741 ἐκλείψει
2739 5668 2938 5739 ἄρχων
2991 5665 3058 5733 ἐξ
3123 5663 3346 5733 Ἰούδα,
3394 5658 3536 5715 οὐδὲ
