3980 6184
539 250 644 310 8ἱ7

539 369 874 438 ἡγούμενος
913 367 982 421 ἐκ
1031 368 1150 422 τῶν
1188 368 1388 438 μερῶν
1432 367 1641 432 αὐτοῦ,
1685 367 1800 432 ἕως
1847 367 1923 421 ἂν
1970 368 2117 436 ἔλθῃ

541 447 588 520 ᾧ
623 452 948 508 ἀπόκειται.
994 451 1105 504 Kal
1157 451 1339 517 αὐτὸς
1385 451 1717 519 προσδοκία
1764 448 1975 514 ἐθνῶν,
2029 449 2122 502 δε-

540 537 780 605 σμεύων
820 534 969 604 πρὸς
1015 533 1289 602 ἄμπελον
1336 542 1446 586 τον
1499 531 1709 588 πῶλον
1752 533 1970 599 αὑτοῦ,
2020 531 2121 586 καί

540 618 614 686 τῇ
652 618 807 673 ἕλικι
859 619 967 672 τὸν
1017 618 1224 671 πῶλον
1269 615 1380 685 τῆς
1434 616 1578 671 ὄνου
1623 618 1809 672 αὐτοῦ
1835 634 1850 649 ’
1902 618 2127 673 πλυνεῖ

539 702 608 753 ἐν
639 701 782 766 οἴνῳ
811 700 925 768 τὴν
950 700 1186 767 στολὴν
1215 699 1420 761 αὐτοῦ,
1448 701 1543 754 καί
1567 699 1636 752 ἐν
1658 701 1859 770 αἵματι
1889 714 2118 770 σταφυ-

535 779 656 852 λῆς
693 783 806 850 τὴν
851 782 1178 852 περιϐολὴν
1209 783 1427 838 αὐτοῦ·
1461 785 1769 852 χαροποιοί
1809 788 1863 839 οἱ
1895 786 2120 855 ὀφθαλ-

536 867 633 935 μοί
659 868 843 922 αὐτοῦ
867 867 986 921 ἀπὸ
1008 868 1199 931 οἴνου,
1225 868 1323 921 καί
1344 867 1551 922 λευκοὶ
1579 873 1631 923 οἰ
1663 869 1906 938 ὀδόντες
1932 871 2116 926 αὐτοῦ

535 951 574 1018 ἣ
615 949 788 1019 γάλα.
812 951 954 1021 Ὅρα
993 951 1086 1004 καὶ
1125 949 1329 1022 ταύτην
1371 953 1471 1022 τὴν
1523 952 1856 1022 προφητείαν
1894 954 2119 1025 διαπρέ-

536 1049 760 1087 πουσαν.
816 1033 950 1086 Τότε
1003 1033 1112 1104 γάρ
1157 1032 1537 1104 παραγίνεται,
1581 1035 1668 1086 ὅτε
1711 1034 1895 1091 λοιπὸν
1935 1037 2118 1090 ἐπέλι-

535 1133 637 1168 ¹πον
660 1118 707 1168 οί
736 1116 996 1188 ἄρχοντες
1030 1118 1079 1169 οἰ
1123 1116 1424 1177 Ἰουδαῖκοὶ,
1466 1118 1560 1169 καὶ
1602 1117 1706 1170 ὑπὸ
1751 1119 1818 1172 τά
1859 1119 2116 1192 σκῆπτρα

533 1199 644 1252 τῶν
679 1199 964 1270 Ῥωμαίων
1003 1200 1250 1268 ἐγένοντο
1268 1216 1282 1230 ⁸
1309 1197 1403 1254 καὶ
1432 1200 1602 1264 οὕτως
1630 1202 1931 1273 ἐπληροῦτο
1959 1205 2053 1257 καὶ
2078 1207 2111 1275 ή

533 1284 842 1353 προφητεία
883 1286 915 1354 ή
951 1283 1204 1351 λέγουσα,
1237 1284 1318 1336 ὅτι
1345 1286 1467 1338 οὐκ
1495 1282 1764 1353 ἐκλείψει
1805 1287 2005 1356 ἅρχων
2045 1289 2115 1354 ἐξ

545 1365 761 1429 Ἰούδα,
785 1366 926 1418 οὐδὲ
953 1366 1284 1435 ἡγούμενος
1304 1367 1372 1419 ἐκ
1403 1364 1519 1419 τῶν
1545 1365 1750 1435 μηρῶν
1775 1368 1982 1432 αὐτοῦ,
2005 1369 2115 1434 ἕως

535 1446 612 1502 ἂν
643 1450 790 1516 ἔλθῃ
811 1442 858 1514 ᾧ
881 1449 1210 1511 ἀπόκειται,
1244 1450 1334 1502 τὸν
1361 1451 1596 1521 Χριστὸν
1634 1449 1886 1518 λέγουσα.
1948 1452 2114 1522 Ὁμοῦ

535 1549 595 1584 τε
617 1533 725 1603 γὰρ
757 1532 972 1604 ἐτέχθη.
1003 1533 1099 1585 καὶ
1120 1535 1416 1604 ἀπογραφὴ
1448 1534 1664 1600 ἐγένετο
1694 1535 1875 1606 ἐκείνη
1898 1535 2112 1608 πρώτη,

534 1615 923 1684 κρατησάντων
984 1616 1269 1686 Ῥωμαίων
1309 1615 1402 1668 τοῦ
1466 1618 1733 1673 Ἰουδαίων
1777 1617 1980 1682 ἔθνους,
2018 1619 2114 1672 καὶ

534 1696 640 1748 ὑπὸ
669 1696 830 1764 ζυγὸν
858 1698 957 1766 τῆς
985 1699 1190 1761 οίκεξας
1233 1699 1512 1768 βασιλείας
1543 1700 1858 1768 ἀγαγόντων
1893 1701 2110 1766 αὐτούς.

535 1775 665 1830 Εἶτα
691 1778 788 1830 καὶ
819 1777 947 1831 ἄλλο
978 1781 1458 1851 παρασημαίνεται
1505 1781 1583 1852 τῷ
1621 1782 1828 1850 λέγειν’
1860 1784 1972 1837 Kal
2005 1787 2113 1838 αὑ-

534 1862 635 1928 τὸς
656 1863 987 1930 προσδοκία
1011 1863 1200 1916 ἐθνῶν
1220 1881 1233 1893 ”
1263 1865 1710 1936 παραγενόμενος
1737 1866 1847 1936 γάρ
1879 1867 1948 1920 τὰ
1983 1867 2110 1939 ἔθνη

535 1948 710 2001 πάντα
749 1946 1117 2002 ἐπεσπάσατο.
1159 1949 1424 2018 Ἐμελλεν
1463 1952 1492 2002 6
1534 1948 1801 2020 Ἡρώδης,
1837 1951 2112 2022 ἐπιζητῶν

529 2029 691 2082 αὑτὸν
717 2030 995 2100 τεχθέντα,
1028 2031 1272 2103 ἀναιρεῖν
1297 2032 1367 2085 τά
1398 2033 1584 2086 αὐτόθι
1615 2035 1825 2088 παιδία.
1854 2036 1962 2088 Kal
1990 2036 2112 2089 ούδέ

529 2115 687 2168 τοῦτο
715 2115 975 2184 ἐσίγησαν
995 2117 1044 2168 οί
1077 2115 1376 2186 προφῆται,
1405 2118 1540 2172 ἀλλά
1577 2119 1684 2190 πρὸ
1725 2119 1936 2173 πολλῶν
1980 2137 2112 2191 προ-

529 2197 882 2268 ανεφῶνησαν
929 2196 1078 2270 [562]
1125 2197 1234 2251 τῶν
1275 2200 1484 2270 χρόνων
1518 2201 1784 2272 εἰπόντες,
1837 2202 2008 2270 Φωνὴ
2041 2203 2113 2256 ἐν

541 2277 726 2349 Ῥαμᾷ
752 2280 1048 2347 ἠκούσθη,
1083 2279 1306 2348 θρῆνος
1329 2283 1427 2335 καί
1457 2285 1765 2352 κλαυθμός
1810 2285 1906 2340 καί
1935 2287 2111 2355 όδυρ-

527 2363 640 2432 μὸς
679 2363 907 2428 πολύς’
955 2363 1183 2433 Ῥαχὴλ
1232 2365 1532 2420 κλαίουσα
1568 2366 1642 2420 τὰ
1668 2367 1852 2422 τέκνα
1901 2369 2110 2437 αὐτῆς,

527 2445 627 2498 καί
643 2447 753 2499 οὐκ
775 2444 954 2512 ἤθελε
971 2445 1449 2514 παρακληθῆναι,
1469 2448 1559 2502 ὅτι
1583 2453 1695 2504 οὐκ
1709 2453 1886 2505 εἰσίν.
1908 2451 2112 2522 Ἐμελ-

527 2527 618 2581 λεν
645 2529 703 2594 ἐξ
735 2529 1010 2596 Αἰγύπτου
1041 2531 1250 2583 ἀνιέναι
1268 2546 1283 2561 ·
1310 2533 1404 2585 καὶ
1437 2531 1596 2585 τοῦτο
1627 2534 1904 2604 ἐδήλωσαν
1931 2535 2114 2588 είπόν·

525 2629 618 2675 τες
637 2627 651 2642 ’
679 2612 785 2676 Ἐξ
806 2613 1110 2682 Αἰγύπτου
1143 2612 1410 2668 ἐκάλεσα
1443 2616 1550 2669 τὸν
1595 2618 1731 2670 Υίόν
1757 2636 1898 2686 μου.
1951 2617 2113 2671 Ἀλλά

527 2697 623 2749 καὶ
643 2696 702 2747 ἐν
717 2695 900 2758 τόποις
924 2699 1176 2766 φανεροῖς
1203 2699 1647 2769 παραγενόμενος
1664 2699 1887 2769 ἔμελλεν
1911 2701 2111 2767 εὐθέως

529 2780 730 2849 σημεῖα
766 2781 942 2830 ποιεῖν
962 2778 1055 2831 καὶ
1075 2779 1349 2832 διδάσκειν
1371 2797 1385 2812 ο
1416 2781 1511 2834 καὶ
1533 2781 1692 2834 τοῦτο
1725 2784 2113 2856 προανεφωνή-

528 2861 617 2930 οη.
640 2861 840 2912 Ἄκουε
872 2861 981 2927 γάρ
1023 2861 1245 2914 Ἡσαΐου
1267 2861 1520 2930 λέγοντος
1543 2880 1558 2895 ο
1573 2863 1743 2932 Χώρα
1768 2864 2107 2930 Ζαϐουλὼν,

526 2942 603 3014 γῆ
625 2946 986 3015 Νεφθαλείμ,
1015 2948 1048 2999 ό
1074 2946 1222 3012 λαὸς
1247 2949 1279 2999 ό
1300 2946 1635 3016 καθήμενος
1667 2949 1736 3002 ἐν
1764 2949 1967 3003 σκότει
1989 2946 2111 3004 εἶδε

524 3029 652 3100 φῶς
667 3029 840 3101 μέγα,
863 3031 962 3084 καί
989 3029 1111 3096 τοῖς
1133 3031 1488 3099 καθημένοις
1509 3032 1580 3086 ἐν
1609 3033 1813 3086 σκότει
1838 3033 1935 3087 καί
1966 3032 2110 3101 σκιᾷ

524 3113 787 3170 θανάτου
814 3113 940 3184 φῶς
961 3113 1269 3169 ἀνέτειλεν
1293 3115 1524 3181 αὐτοῖς·
1560 3117 1662 3187 τὴν
1692 3116 1997 3187 παρουσίαν
2019 3117 2111 3171 αὐ-

523 3196 619 3250 τοῦ
657 3196 903 3251 ἐντεῦθεν
954 3196 1128 3268 δηλῶν
1158 3197 1258 3268 τὴν
1287 3197 1467 3251 ἐκεῖσε
1515 3196 1650 3270 [τὴν
1684 3198 2067 3272 διδασκαλίαν
2089 3239 2104 3265 ,

523 3280 621 3352 τήν
653 3282 762 3335 ἀπὸ
788 3281 895 3335 τῶν
923 3279 1216 3351 θαυμάτων
1245 3281 1544 3351 γενομένην
1574 3283 1758 3346 αὐτοῖς
1787 3283 2103 3351 ἐπίγνωσιν.

524 3361 661 3418 Εἶτα
694 3363 853 3417 πάλιν
889 3363 1051 3434 ἕτερα
1091 3363 1344 3433 θαύματα
1374 3363 1750 3433 διηγούμενος,
1788 3366 1880 3418 καὶ
1895 3364 2107 3432 δεικνὺς

527 3447 645 3508 πῶς
664 3445 872 3515 χωλοὺς
921 3443 1278 3514 ἐθεράπευσε,
1313 3446 1430 3508 πῶς
1453 3446 1691 3514 τυφλοὺς
1744 3446 1954 3510 ίάσατο,
1990 3448 2107 3512 πῶς

526 3525 760 3591 ἀλάλους
782 3527 1167 3600 παρεσκεύασε
1200 3527 1402 3583 λαλεῖν.
1438 3532 1576 3583 Τότε
1614 3530 2104 3600 άνοιχθήσονται,

525 3610 709 3682 φησὶν,
746 3611 1040 3680 ὀφθαλμοὶ
1083 3609 1347 3680 τυφλῶν,
1381 3612 1480 3666 καί
1518 3607 1639 3666 ὦτα
1670 3611 1885 3682 κωφῶν
1926 3615 2105 3669 ἀκού-

524 3703 754 3747 σονται.
805 3693 915 3748 Καὶ
963 3693 1079 3764 μεθ’
1109 3694 1301 3766 ἐτερα·
1343 3696 1478 3749 Τότε
1505 3695 1732 3749 άλεῒται
1760 3696 1842 3763 ὡς
1877 3697 2104 3765 ἔλαφος

523 3779 559 3830 ό
587 3777 801 3845 χωλὸς.
856 3777 954 3831 καί
1003 3777 1190 3846 τρανὴ
1238 3779 1410 3833 ἐσται
1440 3778 1695 3848 γλῶσσα
1719 3782 2098 3851 μογιλάλων·

522 3862 658 3932 ὅπερ
683 3861 936 3915 οὐδέποτε
958 3863 1199 3930 γέγονεν,
1231 3862 1264 3933 ἢ
1305 3863 1398 3916 ἐπὶ
1427 3866 1527 3935 τῆς
1567 3866 1872 3936 παρουσίας
1915 3866 2099 3922 αὑτοῦ.

536 3944 725 3999 Ἐνίων
749 3943 806 3996 δέ
830 3942 1072 4013 σημείων
1093 3945 1187 3998 καὶ
1217 3945 1400 4011 ἰδικῷς
1419 3947 1443 3998 ὲ
1452 3963 1558 4018 μνη
1567 3947 1854 4017 μόνευσαν,
1872 3949 2101 4019 Εἰσῆλθε

521 4026 653 4095 γοῦν
681 4043 812 4084 ποτε
835 4027 915 4089 είς
942 4027 1003 4080 τὸ
1032 4027 1196 4096 ἱερὸν,
1233 4028 1326 4080 καὶ
1363 4028 1432 4081 τά
1470 4029 1659 4083 παιδία
1703 4029 1784 4084 ἔτι
1824 4031 2101 4103 ύπομάζια

521 4111 618 4166 val
645 4109 1013 4183 ἀδιάρθρωτον
1044 4111 1142 4183 τήν
1181 4111 1364 4182 φωνήν
1407 4111 1599 4183 ἔχοντα
1643 4111 1769 4189 ᾖδον
1816 4118 1896 4180 εἰς
1939 4117 2101 4172 αὑτὸν

522 4193 723 4267 ὕμνους
748 4195 944 4267 ἰεροὺς,
962 4195 1106 4249 οὕτω
1138 4195 1364 4264 λέγοντα
1379 4212 1393 4226 ·
1434 4196 1700 4252 Ὡσαννὰ
1722 4199 1792 4252 ἐν
1816 4199 1942 4266 τοῖς
1960 4203 2101 4270 ὑψί-

519 4295 686 4346 στοις
710 4295 724 4310 ·
751 4278 1160 4350 εὐλογημένος
1197 4281 1229 4334 ό
1259 4280 1583 4350 ἐρχόμενος
1614 4281 1685 4335 ἐν
1713 4283 1956 4352 ὀνόματι
1985 4289 2099 4340 Κυ-

517 4362 672 4429 ρίου.
686 4362 856 4415 Τοῦτο
879 4363 1084 4416 ἀνωθεν
1106 4365 1368 4434 προεῖπεν
1387 4365 1414 4417 6
1435 4366 1720 4437 προφήτης
1739 4365 1884 4419 οὕτω
1903 4365 2095 4436 λέγων·

533 4444 634 4498 Ἐκ
662 4445 960 4514 στόματος
995 4446 1229 4512 νηπίων
1251 4445 1346 4500 καί
1373 4445 1745 4513 θηλαζόντων
1765 4451 2100 4519 κατηρτίσω

519 4522 715 4589 αἶνον,
732 4527 839 4581 τοῦ
864 4527 1198 4582 καταλῦσαι
1214 4528 1432 4597 ἐχθρὸν
1447 4530 1544 4583 καί
1557 4531 1902 4600 ἐκδικητὴν.
1935 4533 2100 4606 Ὁρᾷς

520 4609 640 4674 πῶς
672 4610 792 4664 καθ’
821 4610 1017 4682 ἑαυτήν
1059 4615 1092 4680 ή
1125 4611 1284 4680 φύσις
1317 4613 1696 4686 ἀγωνιζομένη
1738 4618 1833 4671 καὶ
1871 4618 1962 4671 τὸν
2003 4619 2100 4690 δη·

523 4692 781 4762 μιουργὸν
807 4691 1254 4766 ἀνακηρύττουσα
1298 4696 1332 4764 ή
1374 4695 1742 4766 ἀπειρόκακος
1788 4700 1970 4772 ἡλικία
2003 4703 2098 4756 καὶ

524 4777 691 4848 μήπω
715 4775 1007 4848 διαρθροῦν
1035 4777 1218 4848 φωνὴν
1245 4777 1518 4849 δυναμένη
1542 4781 1897 4838 ἀποστολικὺν
1923 4783 2098 4839 ἀνεδέ-

524 4859 648 4926 ξατο
675 4867 968 4933 κηρυγμα;

587 5143 648 5198 δ’.
667 5143 887 5217 Ἐπειδὴ
915 5145 972 5199 δέ
1002 5146 1383 5218 διαλεγόμενος
1415 5147 1652 5219 ἀλλαχοῦ
1685 5154 1794 5214 τοῖς
1817 5151 2092 5218 Ἰουδαίοις

517 5233 605 5286 διὰ
618 5233 714 5304 τὴν
731 5233 1122 5304 ἀγνωμοσύνην
1139 5236 1316 5288 αὐτῶν
1338 5240 1809 5310 συνεσκιασμένως
1833 5239 1901 5294 τά
1924 5242 2094 5296 πολλά

519 5319 802 5389 διελέγετο,
837 5321 913 5385 ὡς
938 5324 996 5374 ἐν
1013 5323 1295 5394 αἰνίγματι
1326 5325 1421 5378 καὶ
1449 5325 1806 5397 παραϐολαῖς,
1829 5329 2093 5385 καὶτοῦτο

516 5407 720 5461 ἄνωθεν
770 5409 1104 5481 προελὲχθηο
1162 5409 1490 5480 Φθέγξομαι
1536 5416 1925 5486 προϐλήματα
1975 5419 2093 5473 άπὸ

517 5496 855 5564 καταϐολῆς
888 5499 1138 5567 κόσμου,
1200 5499 1511 5569 ἐρεύξομαι
1567 5505 1941 5574 κεκρυμμένα
1991 5508 2092 5561 ἀπ’

515 5581 728 5649 ἀρχῆς.
778 5585 939 5641 Ἀλλά
973 5587 1068 5638 καὶ
1095 5586 1194 5657 τὴν
1224 5583 1415 5656 σοφίαν
1438 5589 1536 5660 τὴν
1561 5590 1618 5643 ἐν
1644 5591 1720 5661 τῷ
1759 5590 2091 5666 δημηγορεῖν

515 5666 722 5723 ἄνωθεν
749 5673 1246 5743 προανακηρύττων
1285 5677 1314 5727 6
1355 5677 1638 5749 προφήτης
1688 5678 1906 5750 ἔλεγεν·
1963 5683 2088 5751 Ἐξ-

1266 253 1325 308 S.
1365 249 1651 308 JOANNIS
1685 251 2036 330 CHBYSOS'I
2052 254 2107 306 υ]

2213 254 2532 313 ABCHIEP.
2573 257 3120 316 CONSTANTINOP.
3642 287 3720 340 διδ

2224 372 2408 469 ἐχύθη
2425 371 2650 469 ηαχάρις
2672 373 2743 428 ἐν
2770 375 3007 444 χείλεσι
3030 390 3148 431 σου
3167 392 3180 407 -
3203 379 3290 432 καὶ
3304 376 3469 454 ἕτερος
3489 393 3715 469 προφήτης

2225 457 2388 510 πάλιν
2409 477 2421 489 ·
2472 459 2618 513 ’ίδοὺ
2649 461 2911 529 συνήσει
2933 465 2966 516 ό
3004 462 3144 528 παῖς
3161 483 3294 532 μου,
3336 470 3422 523 καί

2224 559 2320 598 ται
2343 546 2440 599 καί
2466 546 2916 616 δοξασθήσεται
2946 549 3046 603 καί
3082 557 3582 625 μετεωρισθήσεται
3607 570 3724 636 σφό.
3824 549 3837 566 ³

2223 632 2354 700 δρα.
2386 635 2496 688 Καὶ
2515 635 2616 706 τῆς
2645 635 2949 706 παρουσίας
2977 636 3149 708 αὐτῆς
3180 638 3247 692 τὰ
3291 632 3726 716 κατορθώματαντὰ

2229 720 2367 789 μετά
2401 721 2508 775 τῶν
2545 723 2787 794 σημείων
2821 724 3084 795 γινόμενα
3104 724 3179 789 ὡς
3210 726 3265 778 ἐν
3293 726 3473 800 βραχεῖ
3489 732 3727 810 διηγούμ-

2225 824 2334 873 νος,
2367 809 2528 864 πάλιν
2556 812 2718 877 αὐτὸς
2747 811 2921 875 οὕτως
2948 812 3132 881 ἔλεγε·
3171 813 3402 884 Πνεῦμα
3444 815 3636 888 Κυρίου
3658 825 3731 880 ἐπ’

2223 896 2346 966 ἐμὲ,
2381 894 2453 953 οὗ
2479 898 2687 954 ἕνεκεν
2715 900 2923 969 ἔχρισέ
2957 918 3054 970 με,
3105 902 3574 972 εὐαγγελίσασθαι
3606 929 3732 967 πτω-

2224 983 2355 1053 χοῖς
2381 985 2732 1041 ἀπέσταλκε
2745 1004 2843 1056 με,
2871 987 3128 1056 κηρῦξαι
3155 992 3529 1061 αἰχμαλώτοις
3552 997 3737 1068 ἄφεσιν

2224 1071 2323 1124 καί
2354 1073 2607 1141 τυφλοῖς
2632 1074 2990 1143 ἀνάϐλεψιν.
3044 1076 3263 1147 Ἐπειδὴ
3298 1078 3388 1131 καὶ
3427 1082 3508 1134 τὸν
3539 1087 3738 1142 τοσαῦτα

2223 1158 2613 1230 εὐεργετοῦντα
2658 1162 2855 1224 αὐτοὺς
2914 1161 3139 1232 ἔμελλον
3192 1164 3600 1236 ἀποστρέφεσθαι
3639 1176 3738 1245 εἰκῇ

2224 1245 2319 1299 καὶ
2351 1246 2548 1316 μάτην,
2579 1247 2639 1300 ού
2673 1248 2890 1320 μικρὸν,
2925 1249 2986 1301 ού
3017 1250 3164 1319 μέγα
3185 1249 3392 1320 ἔχοντες
3412 1255 3650 1325 ἐγκαλεῖν,
3665 1263 3740 1315 καὶ

2221 1328 2380 1383 τοῦτο
2405 1332 2882 1405 προανεκηρύχθη.
2942 1335 3144 1388 Ἀκουε
3178 1337 3287 1407 γάρ
3323 1340 3413 1392 τοῦ
3441 1342 3588 1396 Δαυῖδ
3612 1345 3740 1400 τοῦτο

2222 1416 2354 1470 αὐτὸ
2380 1419 2838 1490 προθεσπίζοντος
2859 1420 3122 1475 οῦτωκκαὶ
3149 1423 3398 1491 λέγοντος
3415 1443 3428 1455 ⁸
3471 1427 3616 1483 Μετὰ
3646 1432 3742 1485 τῶν

2215 1504 2562 1572 μισούντων
2616 1507 2731 1575 τὴν
2781 1509 3037 1577 εἰρήνην
3069 1509 3236 1578 ἤμην
3271 1515 3579 1582 εἰρηνικόςο
3626 1517 3743 1573 ὅταν

2221 1592 2490 1648 ἐλάλουν
2511 1595 2738 1662 αὐτοῖς,
2773 1598 3118 1667 ἐπολέμουν
3147 1615 3228 1668 με
3267 1600 3498 1669 δωρεάν.
3553 1605 3744 1675 Ἔμελλε

2221 1683 2316 1736 καὶ
2351 1683 2444 1735 ἐπὶ
2470 1683 2590 1736 δνου
2614 1685 2906 1755 ὀχούμενος
2927 1685 3100 1750 οὕτως
3120 1689 3202 1751 εἰς
3229 1688 3325 1758 τὴν
3358 1690 3502 1742 πόλιν
3516 1693 3742 1746 ἐἰσιέναγ

2221 1769 2493 1823 καὶτοῦτο
2523 1771 2728 1825 ἀνωθεν
2754 1773 3217 1844 προανεκηρύχθη
3260 1775 3364 1828 ὑπὸ
3403 1778 3643 1849 Ζαχαρίου
3677 1779 3748 1833 λέ-

2220 1873 2408 1926 γοντος
2427 1856 2588 1910 οὕτω·
2615 1859 2790 1927 Χαῷε
2814 1859 3069 1928 σφόδρα,
3089 1861 3344 1930 θύγατερ
3371 1861 3532 1928 Σιὼν,
3556 1865 3745 1934 κήρυσ-

2219 1959 2314 2006 σε,
2337 1944 2588 2014 θύγατερ
2627 1946 3056 2016 Ἰερουσαλήμ⁶
3094 1947 3230 2001 ἰδοὺ
3259 1951 3292 2003 ό
3336 1949 3614 2018 ,βασιλεύς
3651 1969 3747 2008 σου

2219 2029 2454 2101 ἔρχεταί
2482 2046 2582 2086 σοι
2614 2033 2806 2101 πραῢς
2832 2034 2932 2088 καί
2961 2034 3337 2104 ἐπιϐεϐηκὼς
3359 2037 3453 2091 ἐπί
3478 2039 3751 2110 ὑποζύγιον

2218 2118 2317 2170 καί
2341 2116 2546 2172 πῶλον
2572 2122 2733 2174 νέον.
2776 2119 3030 2186 Ἐξέϐαλε
3057 2122 3190 2186 τοὺς
3233 2123 3534 2189 πωλοῦντας
3556 2125 3642 2188 τὰς
3673 2143 3752 2179 πε-

2222 2207 2478 2277 ριστερὰς
2507 2207 2746 2270 καὶτοὺς
2769 2193 3148 2273 κολλυϐιστάς.
3183 2209 3388 2264 Ἐποίει
3412 2211 3466 2264 δέ
3488 2211 3628 2265 τοῦτο
3646 2214 3752 2266 αὐτὸ

2220 2290 2369 2362 ζήλῳ
2396 2291 2476 2363 τῷ
2508 2293 2649 2366 ὑπὲρ
2682 2292 2776 2348 τοῦ
2817 2295 3003 2361 οίκου,
3044 2296 3140 2350 καὶ
3177 2296 3303 2367 ἅμα
3342 2297 3544 2362 δεικνὺς
3579 2299 3649 2353 δτι
3672 2300 3751 2352 οὐκ

2218 2379 2462 2445 ἀντίθὲός
2483 2381 2567 2445 τίς
2588 2383 2756 2447 ἐστιν,
2785 2383 2922 2438 ἀλλά
2955 2385 3050 2438 καὶ
3084 2383 3244 2457 [565]
3272 2385 3545 2456 σύμφωνος
3566 2387 3634 2456 τῷ
3659 2389 3752 2441 lla-

2217 2467 2342 2538 τρί’
2368 2467 2450 2522 διδ
2477 2470 2571 2524 καὶ
2601 2469 2831 2534 ἐξεδίκει
2854 2471 2945 2525 τὸν
2967 2468 3116 2526 οἷκον
3135 2473 3219 2537 ὼς
3241 2475 3299 2527 ἐν
3324 2473 3466 2545 αύτῷ
3497 2473 3754 2544 καπηλείας

2218 2554 2486 2627 τοσαύτης
2517 2557 2834 2628 γινομένης.
2872 2558 3008 2612 Ούδέ
3045 2559 3212 2613 τοῦτο
3245 2560 3556 2632 κατελείφθη
3596 2561 3756 2614 ἀνεπιο

2220 2632 2482 2713 σήματον,
2513 2643 2650 2698 ἀλλὰ
2681 2646 2776 2698 καὶ
2806 2645 2938 2699 αὐτὸ
2959 2647 2986 2699 6
3021 2649 3318 2720 προφήτης
3360 2647 3515 2701 Δαυῖδ
3558 2663 3758 2718 προαγο-

2223 2727 2415 2798 ρεύων,
2468 2729 2562 2783 καὶ
2606 2731 2705 2802 τὴν
2736 2729 2984 2803 γνώμην,
3032 2733 3150 2804 μεθ’
3168 2721 3261 2805 ’ἧς
3305 2733 3401 2805 τήν
3442 2733 3688 2804 ἐκδίκησιν
3713 2730 3758 2784 έ-

2218 2835 2445 2889 πραττε,
2503 2821 2913 2891 προαναφωνῶν
2969 2821 3119 2890 λέγει
3139 2837 3155 2852 ο
3207 2824 3260 2876 '0
3292 2821 3464 2890 ζῆλος
3487 2823 3584 2876 τοῦ
3614 2822 3758 2875 olm

2217 2923 2334 2961 σου
2360 2907 2657 2978 κατέφαγέ
2676 2925 2773 2978 με.
2807 2910 2872 2962 Τί
2913 2908 3107 2963 τούτου
3145 2910 3356 2979 γένοιτ’
3393 2910 3456 2965 ἂν
3485 2909 3760 2982 ἐναργέστε-

2219 3011 2340 3065 ρον;
2373 2995 2605 3066 Ἔμελλε
2635 2996 3047 3068 παραδίδοσθαι,
3071 2999 3168 3050 καὶ
3197 3000 3226 3051 6
3244 2997 3508 3052 κοινωνῶν
3525 2995 3656 3066 αύτῷ
3677 2995 3760 3065 τῆς

2215 3081 2494 3153 τραπέζης
2515 3083 2618 3153 τὴν
2646 3082 2936 3153 προδοσίαν
2972 3083 3333 3154 ἐργάζεσθαι.
3375 3084 3511 3155 Ὅρα
3555 3083 3660 3146 πῶς
3681 3083 3759 3136 καὶ

2218 3167 2378 3220 τοῦτο
2416 3169 2828 3240 προηγόρευσεν
2854 3172 2882 3223 6
2909 3171 3075 3236 αὐτὸς
3101 3165 3271 3236 οὗτος
3289 3174 3561 3245 προφήτης
3585 3171 3758 3241 λέγων·

2229 3255 2290 3310 '0
2319 3257 2540 3310 ἐσθίων
2565 3259 2784 3327 ἄρτους
2805 3277 2920 3327 μου
2953 3259 3336 3330 ἐμεγάλυνεν
3372 3260 3460 3314 ἐπ’
3486 3259 3584 3330 ἐμὲ
3623 3273 3761 3326 πτερ-

2213 3345 2455 3411 νισμόν.
2494 3344 2696 3398 Σκόπει
2725 3345 2784 3398 δέ
2825 3346 2920 3400 καὶ
2955 3346 3051 3400 τοῦ
3095 3345 3486 3418 εὐαγγελιστοῦ
3513 3347 3602 3418 τὴν
3649 3361 3763 3414 συμ-

2215 3431 2441 3500 φωνίαν·
2493 3432 2555 3485 '0
2579 3433 2878 3503 ἐμϐάψας,
2919 3436 3074 3507 φησὶ,
3125 3437 3260 3506 μετ’
3311 3436 3454 3506 ἐμοῦ
3479 3434 3585 3502 τὴν
3622 3433 3761 3503 χεῖρα

2212 3518 2400 3572 αὐτοῦ
2415 3518 2486 3572 ἐν
2509 3519 2590 3585 τῷ
2618 3523 2899 3589 τρυϐλίῳ,
2929 3519 3114 3591 οὗτός
3127 3541 3212 3593 με
3232 3522 3579 3593 παραδώσει.
3594 3520 3764 3592 Ἔμελ·

2211 3605 2302 3659 λεν
2335 3607 2365 3659 6
2396 3608 2726 3680 παραδιδοὺς
2747 3611 2911 3666 αὐτὸν
2931 3613 3031 3683 ούχ
3046 3613 3250 3679 ἁπλῶς
3283 3608 3761 3686 παραδιδόναι,ἀλλά

2212 3693 2409 3746 πωλῶν
2439 3695 2502 3748 τὸ
2529 3689 2672 3767 αἷμα
2698 3696 2759 3750 τὸ
2780 3697 2982 3769 τίμιον,
3007 3700 3102 3752 καὶ
3131 3702 3400 3773 χρήματα
3435 3700 3566 3771 ὑπὲρ
3601 3695 3762 3750 τούτου

2210 3782 2522 3854 λαμϐάνων.
2546 3785 2681 3838 Οὑδέ
2695 3784 2852 3840 τοῦτο
2873 3787 3130 3859 ἐσίγησεν
3160 3793 3192 3842 ὁ
3215 3790 3522 3860 προφήτης,
3546 3785 3666 3840 ἀλλά
3681 3784 3763 3837 καὶ

2209 3869 2278 3924 τὰ
2311 3870 2640 3941 ἀναίσχυντα
2671 3872 3000 3943 συμϐόλαια,
3032 3876 3128 3928 καὶ
3152 3878 3287 3940 τοὺς
3315 3875 3525 3946 λόγους,
3544 3873 3629 3937 οὓς
3647 3869 3763 3942 πρὸς

2207 3957 2470 4028 ἀλλήλους
2488 3959 2788 4029 ἐποιοῦντο,
2821 3963 3124 4034 ἐμφαίνων,
3161 3963 3227 4019 '0
3247 3964 3411 4033 Θεὸς,
3429 3963 3539 4032 τὴν
3557 3959 3765 4016 αἰνεσίν

2204 4063 2323 4116 μου
2345 4045 2432 4116 μὴ
2461 4049 2969 4119 παρασιωπήσῃς,
3004 4051 3228 4121 ἔλεγεν,
3267 4051 3359 4106 ὅτι
3386 4051 3572 4122 στόμα
3609 4049 3763 4119 ἀμαρ-

2208 4135 2402 4191 τωλοῦ
2423 4136 2524 4194 καί
2549 4137 2745 4207 στόμα
2776 4137 2989 4194 δολίου
3017 4141 3113 4194 ἐπ’
3151 4142 3264 4209 ἐμὲ
3300 4143 3575 4212 ἠνοίχθη.
3613 4139 3665 4191 '0
3688 4135 3763 4190 αύ-

2206 4222 2296 4286 τὺς
2326 4222 2593 4296 προδότης
2620 4228 2923 4296 μεταγνοὺς
2957 4224 3186 4300 ὕστερον
3210 4231 3354 4301 ὑπὲρ
3395 4223 3468 4284 ὧν
3503 4226 3758 4297 ἐτόλμησε.

2205 4311 2276 4365 τά
2290 4327 2350 4363 τε
2375 4310 2617 4383 ἀργύρια
2644 4312 2860 4384 ἔρριψε,
2888 4315 2984 4369 καὶ¹
3011 4316 3241 4388 δραμὼν
3286 4317 3384 4372 ἐπὶ
3435 4316 3618 4388 βρόχον
3644 4310 3764 4365 οὕτω

2205 4397 2296 4452 τδν
2330 4397 2444 4468 βίον
2474 4400 2757 4468 κατέλυσε,
2794 4403 2995 4476 χηρείᾳ
3027 4405 3124 4476 τὴν
3157 4405 3400 4475 γυναῖκα
3437 4404 3529 4459 καὶ
3558 4394 3763 4472 ὀρφανίᾳ

2203 4484 2270 4540 τὰ
2295 4486 2462 4541 τέκνα
2477 4487 2775 4560 παραδοὺς,
2792 4490 2887 4544 καὶ
2913 4491 3121 4564 ἐρημία
3145 4493 3250 4566 τὴν
3279 4493 3482 4547 οἰκίαν.
3515 4491 3643 4561 Ὅρα
3662 4485 3762 4547 πῶς

2205 4573 2302 4627 καὶ
2340 4573 2544 4646 ταύτην
2595 4577 2934 4648 ἐκτραγῳδεῖ
2962 4578 3060 4650 τὴν
3103 4596 3168 4632 συ
3176 4580 3397 4652 μφοράν
3443 4581 3472 4633 6
3509 4573 3762 4648 προφήτης

2203 4659 2347 4714 οὕτω
2368 4661 2543 4732 λέγων
2559 4678 2573 4694 ·
2597 4664 3041 4732 Γενηθήτωσαν
3069 4668 3125 4720 οἰ
3145 4667 3269 4721 υἱοί
3309 4664 3496 4721 αὑτοῦ
3522 4657 3759 4732 ὀρφανοὶ,

2203 4749 2300 4803 καί
2323 4749 2363 4817 ἦ
2393 4750 2549 4820 γυνὴ
2570 4751 2759 4805 αὑτοῦ
2787 4751 2966 4822 χήρα,
2988 4755 3394 4824 σαλευόμενοι
3425 4742 3759 4822 μεταναστή⁸

2201 4853 2404 4891 τωσαν
2429 4841 2484 4892 οἰ
2506 4839 2625 4893 υἰοί
2653 4839 2862 4904 αὐτοῦ,
2894 4841 2993 4895 καί
3043 4841 3518 4911 ἐκϐληθήτωσαν
3554 4838 3619 4892 ἐκ
3659 4831 3758 4888 τῶν

2203 4926 2534 4980 οἰκοπέδων
2559 4926 2779 4982 αὐτῶν.
2825 4929 2985 4984 Ἀλλά
3012 4930 3109 4984 καὶ
3131 4931 3250 4984 ἀντ’
3271 4930 3486 4983 ἐκείνου
3510 4923 3754 4998 μετ’ἐκεῖ·

2201 5032 2292 5069 νον
2322 5015 2509 5084 γέγονέ
2539 5033 2623 5079 τις
2647 5017 2942 5083 ἀπόστολος
2963 5022 2991 5073 ό
3012 5019 3285 5090 Ματθίας.
3310 5019 3424 5072 Καὶ
3442 5016 3593 5072 τοῦτο
3618 5010 3752 5066 πάλιν

2199 5104 2228 5157 6
2265 5103 2428 5168 αὐτὸς
2451 5110 2832 5176 προαναφωνεῖ
2849 5107 3022 5177 λέγων
3041 5123 3054 5136 ·
3085 5107 3204 5176 Τὴν
3226 5105 3577 5172 ἐπισκοπὴν
3595 5095 3752 5154 αὑτοῦ

2200 5194 2373 5250 λάϐοι
2405 5196 2625 5266 ἔτερος.
2659 5199 3020 5270 ΠρΟδΟΘέντος
3049 5201 3215 5256 αὐτοῦ
3253 5202 3351 5255 καὶ
3396 5193 3748 5270 συλληφθέντας

2201 5293 2438 5363 ἑκόντος,
2473 5297 2790 5352 συνίσταται
2810 5293 3161 5371 δικαστήριον
3189 5299 3399 5369 πολλῆς
3415 5298 3577 5367 γέμον
3605 5304 3752 5361 παρα-

2199 5392 2412 5464 νομίας,
2474 5394 2745 5448 Ἰουδαίων
2782 5412 2843 5448 τε
2887 5397 2982 5449 καὶ
3021 5396 3131 5450 τῶν
3162 5395 3223 5462 ἐξ
3266 5396 3459 5454 ἐθνῶν.
3500 5383 3749 5464 Ὀραπῶς

2199 5479 2302 5542 καὶ.
2341 5491 2474 5545 αὐτὸ
2517 5491 2870 5561 προθεσπίζει
2909 5495 2938 5547 6
2967 5495 3290 5566 Προφήτης
3346 5494 3546 5564 λέγων·
3595 5482 3751 5543 Ἰνατί

2197 5587 2505 5655 ἐφρύαξαν
2529 5588 2701 5659 ἔθνη,
2749 5589 2850 5644 καί
2881 5592 3018 5645 λαοὶ
3055 5591 3435 5661 ἐμελέτησαν
3486 5583 3649 5648 κενάς
3683 5576 3748 5636 οὐ

2197 5683 2369 5740 ταῦτα
2401 5683 2458 5737 δὲ
2481 5683 2641 5762 μόνον
2673 5687 3128 5758 προανεφώνησαν
3145 5705 3159 5721 ⁸
3188 5685 3330 5741 ἀλλά
3357 5686 3449 5742 καὶ
3474 5685 3568 5756 τὴν
3593 5674 3745 5750 σιγὴν»
