3980 6184
210 196 315 250 817

779 211 1050 270 CONTRA
1088 214 1372 275 JUDA'IOS
1408 218 1496 275 ΕΤ
1533 218 1890 293 GENTILES,
1932 225 2117 295 QUOD
2153 229 2481 294 CHRISTUS
2516 239 2624 297 SIT
2662 240 2861 302 DEUS.

3357 257 3458 316 8l8

208 333 277 383 ά(
309 325 582 398 fautoribus
615 326 763 440 ,
804 327 961 440 denec
999 327 1163 440 ueniat
1191 329 1572 440 cuiJreppsitum
1599 341 1704 440 est”,
1733 342 1784 387 et
1883 338 2278 440 ‘glqriﬁcabilur,
2319 358 2367 399 et
2409 348 2556 404 valde
2593 353 2818 410 sublimis
2844 359 2938 431 erit
2985 360 3184 429 (Hesai.
3215 365 3304 421 52.
3348 371 3459 440 15).

205 423 316 488 ipse
354 417 658 485 exspectatio
709 414 943 470 Gentium
975 432 994 473 .'
1021 418 1186 488 ligans
1231 420 1300 472 ad
1347 418 1540 474 vineam
1586 421 1782 492 pullum

201 527 374 574 suum,
399 517 444 561 et
470 508 536 559 ad
565 507 774 560 helicem
799 509 996 577 pullum
1022 508 1179 562 asina:
1201 525 1327 564 suae.
1358 508 1568 565 Lavabit
1593 514 1646 565 in
1667 513 1781 567 uino

201 601 388 654 stolam
410 615 574 664 suam,
604 608 650 652 et
673 599 726 652 in
751 599 997 669 sanguine
1020 614 1129 652 uoce
1152 600 1364 668 pallium
1387 617 1554 654 suum.
1579 599 1780 655 lucun-

191 692 368 744 diores
407 688 542 743 oculi
579 689 689 760 ejus
719 688 862 752 vino,
901 697 948 741 et
984 688 1301 743 candidiores
1324 690 1494 744 dentes
1517 690 1624 761 ejus
1652 691 1780 744 lacte

197 781 355 852 (Gen.
383 780 472 835 49.
502 779 570 834 10
597 781 743 849 42).
770 779 901 834 Vide
938 779 1075 834 hanc
1101 781 1258 835 etiam
1291 780 1616 850 prophetiam
1645 793 1777 837 con-

195 885 410 940 gruere.
441 869 574 923 Nam
616 879 742 923 tunc
772 869 1003 932 advenit,
1033 884 1153 923 cum
1177 869 1286 939 jam
1315 869 1606 927 deﬁcerent
1629 872 1776 942 prin-

193 963 347 1030 cipes
371 960 576 1016 Judaici
602 1003 616 1025 ,
662 969 714 1015 et
758 970 969 1031 sceptro
998 961 1354 1019 Romanorum
1384 962 1736 1018 subderentur
1761 981 1777 1020 :

195 1063 256 1109 et
296 1054 372 1108 sic
410 1054 728 1123 implebatur
756 1053 1031 1124 prophetia
1053 1096 1068 1120 ,
1095 1069 1213 1124 qua:
1238 1054 1362 1109 dicit
1387 1094 1402 1119 ,
1434 1053 1558 1108 Non
1583 1054 1778 1123 deﬁciet

198 1145 432 1212 princeps
459 1144 520 1196 de
546 1143 709 1209 Iuda,
741 1154 787 1196 et
816 1129 924 1197 dua:
949 1146 1012 1197 de
1039 1144 1310 1215 femoribus
1339 1147 1469 1216 ejus,
1497 1147 1653 1200 donec
1689 1162 1774 1200 ve-

196 1236 344 1302 niat,
375 1237 457 1288 cui
489 1235 764 1306 repositum
805 1245 897 1301 est,
940 1235 1009 1291 de
1056 1235 1268 1291 Christo
1292 1239 1493 1292 scilicet
1529 1238 1772 1308 loquens.

193 1326 330 1380 Nam
371 1328 547 1381 statim
576 1336 734 1396 atque
764 1337 917 1382 natus
941 1337 1052 1392 est,
1082 1337 1136 1382 et
1162 1329 1447 1399 descriptio
1473 1330 1561 1383 illa
1606 1329 1773 1399 prima

194 1418 339 1473 facta
384 1426 499 1484 est,
548 1418 928 1486 imperantibus
956 1418 1210 1472 Romanis
1250 1418 1551 1480 lIudaeorum
1597 1421 1770 1490 genti,

195 1523 326 1562 cum
354 1523 444 1562 cos
466 1508 558 1562 sub
579 1508 781 1576 imperii
810 1511 890 1562 sui
907 1509 1088 1578 jugum
1111 1511 1360 1578 egissent.
1381 1511 1612 1581 Itemque
1631 1511 1772 1566 aliud

191 1601 523 1670 signiﬁcatur
541 1599 620 1654 his
638 1601 832 1664 verbis,
856 1610 900 1653 et
921 1601 1028 1669 ipse
1049 1602 1351 1671 exspectatio
1365 1599 1614 1655 Gentium.
1639 1600 1771 1657 Cum

189 1692 493 1746 advenisset
532 1691 704 1757 enim,
751 1706 938 1746 omnes
983 1691 1179 1746 Gentes
1220 1693 1460 1750 attraxit.
1501 1693 1768 1760 Herodes,

189 1782 376 1836 Jcsum
412 1790 590 1835 natum
619 1783 928 1851 perquirens
947 1822 962 1848 ,
996 1798 1186 1851 pueros
1207 1798 1272 1837 eo
1299 1784 1350 1837 in
1377 1783 1494 1838 loco
1522 1783 1772 1838 interem-

191 1883 383 1942 pt-urus
416 1883 528 1928 erat
552 1891 566 1927 :
590 1883 641 1928 et
687 1888 860 1943 neque
905 1873 1007 1928 hoc
1049 1874 1310 1929 siluerunt
1338 1876 1644 1945 prophetae,
1677 1875 1771 1930 sed

191 1965 375 2018 multis
402 1973 555 2018 antea
581 1965 909 2034 temporibus
936 1966 1295 2034 praedixerunt
1321 1966 1404 2021 his
1433 1968 1636 2022 verbis:
1661 1966 1772 2023 Vox

188 2057 240 2108 in
281 2054 446 2110 Roma
484 2056 660 2109 audita
683 2067 756 2111 est
778 2096 792 2121 ,
835 2058 1000 2111 luctus
1023 2099 1038 2123 ,
1082 2059 1232 2127 ﬂetus
1260 2067 1306 2113 et
1333 2060 1524 2114 clamor
1548 2061 1732 2114 multus
1751 2077 1770 2115 :

189 2146 390 2201 Rachel
405 2149 614 2217 plorans
638 2148 770 2215 ﬁlios
789 2165 925 2213 suos,
957 2158 1005 2202 et
1034 2150 1196 2202 noluit
1226 2151 1497 2217 consolari,
1523 2153 1640 2220 quia
1666 2169 1769 2206 non

184 2249 305 2293 sunt
341 2238 475 2308 (Jer.
503 2240 590 2295 31.
624 2239 734 2310 15).
767 2239 845 2294 Ex
878 2240 1106 2311 {Egypto
1133 2241 1398 2297 rediturus
1426 2252 1561 2309 erat,
1593 2243 1768 2299 ethoc

183 2331 614 2400 pramuntiarunt
663 2329 901 2385 dicentes
934 2349 948 2384 :
979 2330 1066 2385 Ea:
1112 2331 1341 2402 Egypto
1385 2334 1555 2386 uocaui
1602 2334 1768 2402 ﬁlium

183 2440 357 2477 meum
379 2422 530 2492 (Osee
580 2424 666 2476 11.
697 2423 775 2494 1).
803 2422 1103 2493 Conspicua
1130 2424 1181 2478 in
1208 2425 1320 2479 loca
1347 2435 1602 2480 venturus
1628 2435 1764 2492 erat,

183 2523 240 2568 ut
278 2514 459 2567 statim
488 2513 556 2568 ibi
587 2513 734 2583 signa
773 2513 974 2569 faceret
1000 2523 1055 2569 et
1078 2514 1325 2570 doceret:
1347 2524 1402 2571 et
1426 2515 1530 2570 hoc
1557 2531 1768 2587 quoque

180 2603 600 2673 praenuntiatum
649 2611 762 2668 est;
812 2603 935 2657 audi
979 2604 1120 2658 enim
1175 2603 1418 2659 llesaiam
1463 2604 1763 2660 dicentem:

179 2688 347 2762 Regio
371 2691 624 2758 Zubulon,
653 2701 784 2746 terra
813 2690 1165 2762 Nephthalim,
1195 2694 1432 2764 populus,
1458 2693 1545 2766 qui
1566 2694 1774 2750 sedebat

175 2786 228 2838 in
263 2784 500 2850 tenebris,
529 2785 652 2838 uidit
679 2785 843 2839 lucem
870 2801 1106 2855 magnam
1128 2802 1148 2839 :
1167 2786 1450 2841 sedentibus
1468 2788 1522 2840 in
1551 2787 1766 2842 tenebris

179 2888 227 2930 et
257 2878 313 2931 in
351 2879 534 2930 umbra
570 2878 743 2930 mortis
786 2877 878 2931 lua:
902 2886 1013 2931 orta
1040 2888 1113 2932 est
1140 2876 1346 2946 (Hesai.
1375 2877 1527 2949 9.1).
1563 2879 1767 2947 Quibus

173 2968 513 3040 significatur
527 2967 784 3023 adventus
801 2968 917 3037 ejus
933 2969 986 3022 in
1005 2968 1095 3022 illa
1115 2968 1251 3032 loca,
1273 2968 1510 3024 doctrina
1531 2986 1760 3042 quoque,

173 3061 453 3128 cognitio,
499 3074 657 3128 quam
683 3074 714 3112 a
744 3058 1012 3113 miraculis
1039 3069 1379 3128 acceperunt.
1421 3060 1626 3116 Deinde
1663 3062 1765 3117 alia

170 3165 442 3206 enarrans
481 3149 772 3218 miracula,
799 3149 1191 3219 ostendensque
1235 3150 1502 3220 quomodo
1546 3150 1764 3206 claudos

169 3240 448 3296 curaverit
469 3281 486 3305 ,
529 3253 700 3294 cmcos
727 3239 1013 3304 sanaverit,
1045 3247 1220 3293 mutos
1250 3238 1391 3309 loqui
1417 3238 1619 3306 iecerit,
1649 3241 1762 3295 ait:

168 3329 322 3386 Tunc
352 3331 643 3399 aperientur
665 3327 800 3382 oculi
820 3344 1088 3394 caecorum,
1127 3337 1176 3382 et
1200 3345 1351 3384 aures
1369 3328 1640 3384 surdorum
1665 3345 1763 3383 au-

167 3421 314 3475 dient
364 3418 520 3490 (Hes.
547 3419 636 3474 55.
659 3419 752 3488 5);
783 3419 1006 3489 aliisque
1042 3417 1398 3489 interpositis,
1428 3418 1568 3474 Tunc
1595 3420 1760 3489 saliet,

165 3512 375 3582 inquit,
402 3511 530 3564 sicut
554 3526 724 3565 cerrus
751 3511 981 3576 claudus,
1012 3519 1058 3564 et
1081 3509 1224 3565 clara
1245 3511 1338 3565 erit
1361 3526 1457 3566 νοω
1479 3511 1762 3567 balbutien-

166 3603 301 3655 tium
337 3599 457 3671 (Ib.
489 3615 536 3652 υ.
567 3599 622 3668 6)
647 3617 662 3652 :
685 3599 828 3668 quod
859 3599 1062 3654 scilicet
1091 3615 1376 3669 numquam
1416 3601 1613 3656 factum
1639 3611 1722 3657 est
1741 3643 1757 3668 ,

165 3693 274 3748 nisi
306 3692 369 3747 in
395 3690 623 3746 adventu
645 3690 811 3746 illius.
853 3689 1138 3762 Signorum
1164 3691 1290 3746 item
1316 3691 1611 3762 aliquorum
1635 3707 1762 3763 spe-

159 3784 362 3839 ciatim
396 3781 794 3837 meminerunt:
819 3780 1088 3851 ingressus
1114 3789 1199 3836 est
1224 3781 1366 3837 enim
1393 3781 1677 3852 aliquando
1707 3782 1762 3838 in

162 3875 437 3946 templum
460 3915 476 3940 ,
510 3883 567 3929 et
591 3874 740 3945 pueri
763 3873 940 3928 adhuc
965 3874 1218 3929 lactentes
1239 3914 1256 3939 ,
1300 3873 1762 3946 inexpeditamque

158 3968 353 4022 adhuc
384 3965 646 4021 habentes
669 3966 900 4036 linguam
919 3966 1232 4021 cecinerunt
1254 3966 1307 4021 in
1335 3966 1482 4021 illum
1505 3967 1755 4039 hymnos,

159 4062 244 4116 sic
274 4060 548 4126 dicentes,
583 4056 830 4115 Hasanna
859 4059 914 4112 in
938 4058 1152 4114 excelsis
1171 4074 1192 4113 :
1213 4058 1495 4114 benedictus
1518 4060 1604 4131 qui
1627 4061 1761 4115 venit

156 4155 214 4206 in
236 4151 456 4206 nomine
470 4147 673 4203 Domini
693 4148 902 4219 (Matth.
920 4149 982 4204 2i
996 4187 1010 4201 .
1030 4149 1087 4219 9)
1106 4148 1236 4204 :hoc
1256 4150 1423 4204 multo
1447 4159 1603 4204 antea
1625 4165 1761 4221 pra:-

157 4242 386 4297 dixerat
410 4237 668 4310 pmpheta
688 4280 704 4304 ,
737 4237 821 4294 Ea:
847 4255 934 4293 ore
953 4277 971 4306 ,
1003 4239 1281 4307 inquiens,
1311 4239 1583 4308 infantium
1605 4250 1650 4294 et
1677 4240 1765 4294 la-

154 4333 412 4388 ctentium
456 4330 707 4402 perfecisti
755 4330 986 4395 laudem,
1032 4339 1091 4384 ut
1123 4329 1358 4384 destruas
1405 4330 1666 4386 inimicum
1710 4340 1759 4386 et

155 4426 390 4478 ultorem
415 4421 638 4495 (Psalm.
662 4423 718 4478 8.
735 4422 817 4486 3).
837 4421 1025 4478 Viden’
1039 4421 1306 4494 quomodo
1324 4430 1510 4478 contra
1526 4423 1756 4492 seipsam

153 4513 463 4570 decertans
505 4521 692 4568 natura
734 4513 978 4582 Opificem
1020 4513 1367 4584 praedicaret,
1409 4521 1464 4568 et
1500 4512 1756 4570 innocens

151 4615 323 4674 tetas,
367 4602 599 4658 necdum
646 4591 976 4658 articdlatam
1019 4618 1204 4658 vocem
1245 4604 1490 4661 emittere
1533 4603 1753 4674 valens,

145 4699 519 4772 apostolicam
542 4695 970 4774 praedicationem
998 4697 1331 4767 susciperet?

224 4793 292 4846 4.
333 4788 549 4843 Iudaeos
574 4789 796 4859 ingratos
825 4792 933 4860 fore
953 4787 1249 4858 praedictum
1266 4799 1358 4844 est.
1379 4819 1450 4830 —
1468 4788 1603 4857 Quia
1623 4803 1752 4844 vero

138 4899 288 4940 cum
323 4880 528 4936 Judmis
553 4880 837 4950 aliquando
863 4879 1136 4935 disserens
1175 4881 1246 4936 oh
1270 4881 1535 4952 ingratum
1564 4896 1750 4936 eorum

133 4976 409 5029 animum
449 4972 614 5026 multa
642 4971 970 5026 subobscure
999 4971 1149 5041 quasi
1178 4972 1232 5026 in
1256 4973 1536 5042 aenigmate
1562 4982 1617 5029 et
1654 4988 1749 5041 pa-

131 5067 354 5124 rabola
404 5064 720 5136 loquuturus
745 5074 879 5131 erat,
927 5064 1154 5135 idipsum
1203 5079 1412 5135 quoque
1458 5065 1550 5120 diu
1594 5075 1750 5122 antea

133 5157 484 5231 prmdictum
533 5165 616 5211 est
655 5171 670 5208 :
723 5153 927 5225 Loquar
977 5154 1340 5225 prapositiones
1383 5171 1414 5208 a
1457 5156 1752 5227 fundatione

1895 426 2170 530 Adventus
2217 443 2394 490 autem
2439 439 2606 508 ipsius
2651 426 3096 521 praeclaragesta
3134 469 3254 512 cum
3297 426 3463 530 signis

1885 521 2052 588 edita,
2068 529 2220 594 quasi
2239 534 2564 600 compendio
2584 550 2862 602 enarratis,
2886 543 3074 595 iterum
3097 546 3140 599 is
3159 547 3276 617 ipse
3294 521 3449 607 diuit:

1883 611 2112 681 Spiritus
2127 615 2338 673 Domini
2359 639 2513 691 super
2534 642 2634 687 me,
2651 639 2927 697 propterea
2947 636 3096 688 unxit
3117 611 3218 703 me,
3239 657 3458 715 euange-

1881 705 2047 762 lizare
2057 710 2375 779 pauperibus
2393 717 2531 769 misit
2544 735 2625 771 me
2640 735 2656 772 :
2670 723 2959 789 praedicare
2970 729 3186 796 captivis
3198 705 3452 790 remissio-

1877 815 2015 865 nem,
2042 811 2092 853 et
2110 804 2261 855 etscis
2279 805 2420 858 visus
2449 811 2833 866 restitutionem
2855 815 3057 877 (Hesai.
3077 820 3166 872 61.
3195 827 3270 890 ι).
3298 822 3450 886 Quo-

1874 890 2019 945 niam
2039 891 2210 947 .ludaii
2233 903 2310 948 tot
2327 895 2394 949 ab
2424 911 2489 950 eo
2507 897 2782 955 beneﬂciis
2802 902 2979 959 allecti
2999 903 3197 962 frustra
3216 919 3451 968 temere-

1872 993 1979 1047 que
2006 981 2180 1070 ipsum
2217 985 2514 1038 aversaturi
2544 997 2723 1046 erant.
2745 991 2869 1045 licet
2889 1007 3013 1046 eum
3033 997 3202 1051 necin
3228 1014 3447 1070 magno,

1881 1072 1980 1112 nec
2008 1060 2076 1156 inn
2093 1075 2256 1156 parvo
2300 1077 2520 1134 possent
2544 1083 2789 1141 arguere,
2818 1076 2945 1132 illud
2999 1095 3208 1153 quoque
3253 1060 3449 1156 priedi;

1881 1157 2024 1203 ctum
2052 1150 2184 1206 fuit:
2215 1156 2337 1210 audi
2361 1158 2614 1216 Davidem
2644 1163 2744 1219 hoc
2774 1167 2945 1236 ipsum
2973 1150 3348 1234 vaticinantem
3373 1184 3456 1237 his

1824 1274 1829 1278 -
1879 1241 2058 1297 verbis
2098 1260 2112 1298 :
2145 1243 2272 1299 Cum
2311 1247 2392 1313 iis,
2437 1252 2524 1320 qui
2550 1255 2760 1311 oderant
2805 1277 2998 1330 pacein,
3026 1283 3161 1321 erant
3191 1274 3452 1341 paciﬁcus,

1864 1333 2254 1429 cum-loquebar
2280 1338 2402 1404 illis,
2441 1342 2808 1415 impugnabant
2831 1369 2908 1408 me
2934 1357 3095 1425 gratis
3127 1333 3352 1429 (P-saL'l
3370 1367 3432 1420 l9

1881 1421 1955 1493 7).
1984 1425 2155 1480 Asino
2199 1439 2384 1498 vectus
2423 1433 2761 1505 ingressurus
2786 1455 2898 1496 erat
2923 1421 3213 1517 civitatem,
3246 1462 3297 1507 et
3327 1455 3454 1510 illua

1877 1528 2089 1581 quoque
2128 1516 2331 1586 jamdiu
2369 1527 2778 1590 prmnuntiatum
2808 1531 2979 1588 fuerat
3023 1552 3052 1589 a
3092 1539 3341 1598 Zacharia
3379 1547 3457 1600 sic

1878 1603 2133 1702 loquente
2171 1625 2186 1662 :
2239 1609 2418 1667 Gaude
2455 1617 2688 1685 multum,
2738 1622 2848 1688 ﬁlia
2878 1624 3047 1693 Sion;
3077 1631 3317 1698 praedico,
3347 1636 3456 1702 ﬁlia

1877 1692 2162 1752 Jerusalem
2204 1715 2224 1753 :
2250 1717 2362 1756 ecce
2385 1721 2477 1759 rea:
2501 1716 2616 1761 tuus
2640 1711 2768 1763 venit
2821 1713 2909 1766 tibi
2936 1730 3241 1787 mansuetus,
3292 1692 3456 1780 vectus

1875 1801 2031 1885 supra
2069 1792 2385 1862 subjugalem
2431 1807 2478 1850 et
2523 1800 2717 1869 pullum
2750 1803 2988 1873 juvenem
3045 1809 3228 1878 (Zach.
3277 1814 3330 1868 9.
3374 1815 3454 1885 9).

1879 1875 2045 1950 Ejecit
2069 1882 2361 1938 vendentes
2385 1887 2662 1945 columbas
2693 1902 2747 1947 et
2771 1875 3177 1968 nummularios,
3205 1907 3344 1974 quod
3367 1875 3457 1963 ille

1873 1967 2103 2025 iaciebat
2141 1975 2258 2028 zelo
2305 1976 2496 2034 domus
2539 1982 2749 2040 Domini
2777 1987 2985 2055 ductus,
3018 2002 3071 2047 ct
3097 1967 3334 2054 utsi-mut
3362 2016 3455 2054 os-

1874 2059 2119 2116 tenderet
2153 2079 2211 2119 se
2238 2081 2343 2122 non
2369 2085 2488 2125 esse
2517 2078 2844 2132 contrarium
2873 2080 3002 2146 Deo,
3030 2085 3123 2138 sed
3151 2101 3271 2142 cum
3299 2088 3456 2146 Patre

1874 2155 2292 2212 consentientem
2320 2175 2521 2230 :quare
2544 2163 2759 2220 domum
2788 2169 3107 2235 vindicabat,
3139 2179 3280 2245 quod
3311 2179 3363 2233 in
3387 2196 3449 2236 ea

1874 2239 2176 2337 huiusmodi
2206 2251 2492 2317 negotiatio
2515 2252 2666 2309 ﬁeret
2691 2271 2707 2310 :
2751 2274 2922 2328 neque
2949 2261 3051 2317 hoc
3074 2239 3288 2322 si’lentio
3311 2285 3449 2337 pra:-

1875 2335 2174 2391 termissum
2205 2348 2305 2405 est,
2338 2341 2434 2397 sed
2461 2343 2687 2413 idipsum
2719 2349 2972 2419 propheta
3003 2353 3166 2410 David
3195 2335 3448 2415 vaticina-

1876 2431 1960 2478 tus
1988 2435 2090 2492 est,
2112 2439 2165 2482 et
2189 2445 2292 2498 qua
2320 2441 2498 2488 mente
2517 2434 2656 2491 hanc
2675 2449 2985 2508 sumpturus
2999 2444 3281 2502 vindictam
3297 2459 3442 2506 esset

1874 2519 2248 2584 praenuntiavit
2285 2519 2467 2578 dicens
2510 2540 2525 2578 :
2571 2524 2726 2580 Zelus
2767 2528 2945 2584 domus
2989 2541 3090 2587 tute
3123 2538 3336 2591 comedit
3375 2556 3452 2596 me

1876 2607 2092 2679 (Psabn.
2121 2611 2208 2666 68.
2242 2612 2351 2682 10).
2376 2614 2512 2682 Quid
2553 2615 2657 2672 hoc
2688 2621 3020 2678 manifestius
3045 2623 3247 2682 fuerit?
3283 2627 3451 2685 Futuo

1870 2715 1987 2754 rum
2009 2712 2122 2757 erat
2145 2712 2202 2756 ut
2232 2704 2564 2772 proderetur,
2595 2717 2650 2764 et
2674 2725 2875 2767 mensa:
2899 2713 3040 2770 illius
3069 2731 3292 2774 consors
3319 2736 3446 2790 pro-

1871 2790 2126 2855 ditionem
2151 2794 2367 2850 faceret.
2395 2796 2526 2853 Vide
2546 2801 2813 2869 quomodo
2836 2802 2938 2860 hoc
2965 2807 3124 2861 etiam
3147 2810 3452 2878 pra-dixerit

1872 2881 1958 2937 hic
1983 2883 2098 2952 ipse
2121 2886 2375 2954 propheta
2401 2887 2587 2943 dicens
2610 2907 2624 2943 :
2657 2891 2758 2958 Qui
2780 2893 2957 2948 edebat
2977 2913 3134 2967 panes
3155 2915 3310 2967 meos,
3342 2919 3451 2956 ma-

1869 2973 2125 3043 gniﬁcavit
2158 2991 2312 3043 super
2335 2992 2414 3030 me
2452 2978 2916 3048 supplantationem
2953 2985 3172 3058 (Psalm.
3201 2991 3290 3044 40.
3319 2991 3407 3062 11))
3431 3010 3448 3058 ;

1867 3062 2230 3118 animadverte
2273 3065 2400 3120 item
2453 3071 2794 3138 evangelista:
2845 3079 3294 3135 consonantiam:
3348 3081 3449 3149 Qui

1869 3151 2093 3216 intinait,
2122 3153 2311 3222 inquit,
2339 3171 2535 3211 mecum
2565 3175 2769 3213 manum
2802 3178 2947 3217 suam
2967 3165 3020 3218 in
3045 3168 3234 3234 catino,
3268 3170 3349 3224 hic
3371 3188 3448 3226 me

1870 3241 2031 3294 tradet
2059 3240 2270 3315 (Matth.
2297 3243 2390 3300 26.
2415 3245 2530 3314 25).
2555 3245 2672 3303 Non
2705 3250 2866 3305 modo
2894 3253 3116 3310 traditor
3145 3256 3236 3312 ille
3273 3259 3445 3329 ipsum

1868 3332 2172 3402 proditurus
2195 3343 2330 3403 erat,
2363 3337 2456 3392 sed
2477 3338 2637 3394 etiam
2660 3342 2974 3412 sanguinem
2999 3347 3288 3415 pretiosum
3316 3367 3446 3407 ven-

1829 3444 1832 3446 ν
1867 3422 2096 3488 diturus,
2128 3435 2349 3496 accepta
2380 3443 2474 3496 pro
2495 3427 2594 3485 hac
2619 3445 2678 3485 re
2703 3434 2928 3502 pecunia
2953 3451 2968 3489 :
3007 3452 3181 3508 neque
3209 3441 3339 3497 illud
3362 3452 3447 3498 ts-

1867 3511 1976 3567 cuit
2016 3514 2294 3584 propheta,
2331 3517 2427 3572 sed
2472 3518 2797 3590 impudentia
2831 3524 3039 3581 illorum
3067 3539 3218 3598 pacta
3245 3541 3300 3587 et
3327 3548 3445 3590 ser-

1867 3619 2054 3696 mones
2079 3645 2096 3672 ,
2145 3622 2280 3677 quos
2309 3607 2448 3664 inter
2498 3624 2559 3665 se
2600 3611 2994 3684 conferebant,
3037 3622 3239 3678 retulit.
3293 3622 3445 3696 [Nam

1866 3695 1958 3751 ille
1979 3696 2209 3765 dicebat,
2246 3699 2382 3766 Quid
2405 3701 2555 3755 vultis
2592 3702 2716 3757 mihi
2754 3706 2896 3772 dare,
2939 3717 2988 3762 et
3011 3724 3103 3780 ego
3126 3713 3263 3767 vobis
3296 3695 3445 3771 illum

1865 3786 2108 3851 tradam;
2146 3789 2233 3844 isti
2280 3805 2409 3845 vero
2438 3793 2850 3862 responderunt,
2893 3795 3126 3869 Triginta
3162 3814 3441 3875 argenteos.

1864 3878 1926 3934 In
1949 3880 2229 3949 aenigmate
2253 3881 2384 3938 dicit
2410 3882 2475 3958 ³,]
2501 3883 2643 3940 Deus
2679 3887 2883 3942 laudem
2929 3907 3091 3945 meam
3113 3909 3176 3948 ne
3203 3899 3436 3966 tacueris,

1862 3971 1982 4041 quia
2019 3987 2075 4026 os
2103 3975 2379 4040 peccatoris
2420 3984 2469 4029 et
2511 3991 2568 4031 os
2596 3976 2762 4032 dolosi
2799 3996 2952 4052 super
2976 3999 3056 4037 me
3095 3996 3325 4056 apertum
3368 4000 3443 4045 est

1863 4061 2088 4122 (Psalm.
2121 4065 2246 4121 108.
2275 4067 2350 4136 1).
2381 4066 2432 4122 ls
2457 4067 2573 4138 ipse
2598 4072 2838 4140 proditor
2859 4074 3072 4130 demum
3100 4078 3169 4133 ob
3198 4087 3341 4135 tanta
3363 4080 3440 4135 fa-

1865 4153 2048 4209 cinora
2093 4156 2326 4226 seipsam
2373 4157 2666 4228 damnans,
2697 4177 2818 4218 cum
2862 4163 3144 4236 argenteos
3193 4169 3436 4239 projecit,

1863 4250 1975 4298 tum
2005 4244 2071 4300 ad
2101 4245 2345 4316 laqueum
2375 4263 2617 4316 currens,
2649 4253 2721 4307 ita
2749 4253 2914 4308 vitam
2940 4254 3168 4316 clausit:
3195 4258 3438 4316 viduam.

1861 4348 1966 4403 que
2011 4350 2254 4402 uxorem,
2301 4347 2356 4394 et
2399 4339 2536 4394 ﬁlios
2573 4343 2802 4412 pupillos
2832 4345 3079 4416 reliquit,
3110 4347 3436 4422 domumque

1861 4423 2149 4480 desertam.
2181 4427 2312 4484 Vide
2347 4431 2615 4498 quomodo
2658 4441 2714 4491 et
2743 4422 2880 4491 hanc
2919 4436 3277 4496 calamitatem
3327 4451 3411 4499 tra

1829 4514 1975 4607 .sgice
2019 4517 2275 4586 propheta
2303 4521 2619 4589 praanuntiet
2647 4521 2732 4580 his
2769 4527 2946 4582 verbis
2975 4545 2991 4582 :
3019 4527 3179 4585 Fiant
3201 4533 3298 4602 ﬁlii
3323 4536 3436 4607 ejus

1859 4606 2098 4676 orphani,
2123 4616 2170 4661 et
2189 4624 2320 4663 uxor
2342 4611 2450 4677 eius
2475 4612 2627 4666 vidua
2651 4629 2670 4669 :
2691 4625 2923 4672 nutantes
2949 4624 3322 4694 transferantur
3340 4606 3437 4693 ﬁli:

1859 4698 1986 4789 ejus,
2003 4708 2052 4789 et
2062 4699 2332 4789 ejiciuntur
2349 4700 2414 4757 de
2426 4702 2812 4763 habitationibus
2827 4711 2931 4765 suis
2942 4710 3115 4780 (Psal.
3137 4714 3436 4789 108.9.10).

1858 4787 1984 4842 Post
2006 4788 2153 4844 illum
2179 4788 2424 4847 Matthias
2444 4791 2613 4850 factus
2639 4806 2722 4852 est
2739 4799 3030 4868 apostolus,
3052 4811 3109 4858 et
3132 4802 3234 4859 hoc
3254 4787 3430 4874 ipsum

1857 4880 1947 4935 ille
1973 4881 2222 4950 prmlatus
2241 4893 2322 4939 est
2349 4884 2432 4940 his
2459 4886 2637 4942 verbis
2662 4907 2676 4944 :
2699 4888 3061 4959 Episcopatum
3085 4894 3195 4960 eius
3219 4897 3436 4966 accipiat

1855 4974 1984 5028 alter
2008 4972 2112 5046 (Ib.
2145 4991 2194 5032 υ.
2230 4977 2310 5049 8).
2343 4977 2562 5034 Tradito
2587 4988 2644 5035 et
2668 4984 3060 5053 comprehenso
3082 4987 3210 5042 Jesu
3237 4989 3436 5046 libente

1855 5080 1919 5120 ac
1941 5069 2177 5133 volente,
2203 5079 2445 5125 coactum
2476 5082 2560 5126 est
2583 5073 2869 5142 concilium
2896 5075 3172 5146 iniquitate
3193 5079 3432 5148 plenum,

1853 5156 2159 5214 inda-orum
2199 5161 2357 5215 simul
2395 5175 2460 5216 ac
2499 5161 2787 5218 Gentilium
2835 5183 2849 5218 :
2905 5167 3028 5222 vide
3065 5170 3334 5237 quomodo
3382 5172 3434 5228 id

126 5248 369 5312 mundi,
400 5246 634 5300 eructabo
679 5245 971 5299 abscondita
996 5244 1058 5298 ab
1099 5245 1242 5298 initio
1279 5243 1501 5314 (Psalm.
1536 5245 1623 5298 77.
1667 5245 1748 5316 2).
1853 5250 2014 5304 etiam
2045 5250 2350 5319 prmdixerit
2377 5251 2636 5320 propheta
2667 5251 2852 5307 dicens
2881 5271 2894 5308 :
2931 5255 3102 5320 Quare
3127 5258 3435 5324 fremuerunt

126 5340 305 5406 Quin
335 5345 388 5392 et
414 5337 729 5407 sapientiam
757 5336 876 5404 ejus
903 5337 958 5390 in
1000 5334 1365 5390 concionando
1391 5335 1564 5406 longis
1593 5347 1748 5392 antea
1855 5337 2058 5404 Gentes,
2103 5351 2148 5394 et
2186 5341 2366 5410 populi
2409 5342 2636 5395 meditati
2672 5353 2792 5397 sunt
2832 5345 3005 5400 inania
3043 5346 3214 5417 (Psal.
3253 5349 3308 5403 2.
3342 5350 3437 5423 l)?

128 5426 502 5497 temporibus
550 5427 910 5494 praenuntians
951 5424 1206 5495 propheta
1246 5423 1499 5480 dicebat:
1544 5423 1748 5492 Di/fusa
1916 5497 1931 5510 ‘
1973 5504 1997 5510 Α
2046 5509 2069 5510 η
2306 5504 2316 5510 Δ
2404 5497 2450 5510 Η
2545 5453 2552 5457 “

1916 5497 1933 5529 ί
1969 5504 2079 5555 Qua:
2100 5495 2387 5565 clauduntur
2404 5497 2480 5550 hic
2495 5500 2683 5565 uncinis
2704 5513 2936 5565 nusquam
2966 5503 3205 5556 habentur
3224 5510 3271 5557 in
3297 5517 3434 5559 textu

120 5529 210 5574 (sl
241 5519 428 5590 gratia
447 5517 500 5570 in
523 5515 669 5570 labiis
694 5517 792 5571 tuis
818 5517 1043 5590 (Psalm.
1068 5517 1158 5572 44.
1182 5518 1240 5587 5)
1265 5534 1278 5571 :
1309 5525 1366 5573 et
1389 5517 1525 5571 alius
1552 5516 1746 5572 iterum

125 5607 428 5634 -,-n-‘L...n
452 5627 465 5634 -
507 5609 632 5634 ι’---
656 5609 897 5634 2-..-112--.
937 5627 1058 5634 ..μμ-
1084 5625 1218 5634 ...μη
1277 5620 1315 5634 ,ι
1349 5609 1647 5634 ---ὴ-ω.-.-
1701 5621 1740 5634 ,ι

1917 5515 1933 5529 ι
1969 5515 2079 5555 qua:
2100 5515 2381 5547 uuuuuutur
2404 5515 2480 5550 ntc
2495 5515 2682 5550 unetnts
2704 5515 2936 5565 nusquam
2968 5515 3205 5556 habentur
3224 5515 3271 5557 in
3297 5517 3434 5559 textu

1868 5565 2042 5634 :raaco,
2090 5571 2182 5609 nec
2222 5563 2271 5608 tu
2314 5562 2527 5612 Edittoue
2567 5562 2706 5614 savii.
2749 5564 2840 5613 Sed
2883 5565 2960 5614 illa
3010 5577 3151 5620 vetus
3193 5576 3437 5634 Interpres

124 5607 465 5681 propheta:
498 5609 633 5666 Ecce
655 5609 897 5683 intelliget
933 5627 1058 5682 puer
1083 5625 1240 5678 meus,
1268 5620 1315 5666 et
1342 5609 1666 5678 exaltabitur,
1694 5621 1741 5667 et
1856 5607 2061 5683 legerat.
