3980 6184
573 220 680 274 819

576 333 759 402 Neque
787 340 987 386 tantum
1019 331 1118 384 ista
1164 327 1605 398 praenuntiarunt,
1644 327 1748 382 sed
1790 324 1949 380 etiam
1991 325 2149 386 silcno

579 426 729 492 tium,
753 423 893 496 quod
914 423 1094 488 multis
1113 421 1308 476 habitis
1335 419 1707 485 sermonibus,
1723 418 2022 487 oblatisque
2048 418 2156 472 cri-

1315 216 1374 271 S.
1403 211 1678 270 JOANNIS
1712 209 2187 267 CIIRYSOSTOMI
2226 211 2545 268 ARClllEP.
2572 210 3110 269 CONSTANTINOP.
3675 235 3754 292 εει)

2260 332 2488 390 tereunt,
2533 324 2628 379 sed
2674 325 2834 379 modo
2855 325 3018 379 David
3039 323 3206 380 dicit:
3233 327 3440 387 Attollite
3459 347 3603 402 portas
3627 349 3733 411 prin.

2261 415 2396 485 cipes
2438 424 2648 479 vestras,
2677 424 2727 469 ct
2748 416 3011 470 elevamini
3040 425 3197 486 portte
3222 428 3478 488 teternates,
3505 437 3547 480 et
3576 430 3739 491 introibit

578 517 954 572 minationibus
979 514 1069 569 ille
1093 513 1359 578 servabat,
1407 511 1654 582 praadixit
1679 510 1899 566 liesaias
1924 510 2009 564 bis
2033 524 2156 564 ver-
2257 522 2350 560 res;
2369 506 2546 577 gloria:
2571 505 2740 575 (Psal.
2764 505 2853 561 23.
2882 505 2989 577 7);
3017 507 3173 562 modo
3200 507 3406 566 liesaias
3427 515 3558 571 aliter
3573 559 3586 584 ,
3605 519 3739 580 Portus

549 609 701 672 bis:
732 607 881 664 Sicut
907 607 1013 660 ovis
1039 606 1110 660 ad
1134 605 1436 670 occisionem
1460 603 1641 658 ductus
1666 610 1760 668 est,
1782 611 1832 655 et
1850 601 1979 656 sicut
1996 616 2157 668 agnus

574 715 747 754 coram
763 697 1008 771 (tondente
1032 706 1220 762 mutus,
1251 696 1326 749 sic
1351 710 1451 748 non
1473 693 1673 763 aperuit
1694 708 1750 746 es
1777 707 1928 745 suum
1947 689 2153 762 (Hesai.

579 792 666 846 53.
698 789 778 863 7).
806 790 995 843 Postea
1026 796 1337 856 corruptum
1355 785 1616 855 judicium
1643 782 1945 849 declarans,
1971 778 2037 834 In
2063 779 2160 845 ltu-

576 881 807 946 snilitate,
855 877 1045 949 inquit,
1089 877 1345 948 judicium
1383 877 1494 947 ejus
1533 872 1796 929 sublatum
1816 881 1887 926 est
1909 888 1942 938 ;.
1971 871 2025 925 id
2051 879 2156 935 est,

555 970 753 1042 .nullus
781 969 848 1024 de
879 968 994 1037 ipso
1018 967 1163 1036 juste
1203 966 1480 1036 judicavit.
1512 962 1713 1018 Deinde
1754 976 1968 1016 causam
1999 960 2160 1037 caedis

579 1061 851 1132 patefacit.
880 1059 1014 1114 Nam
1041 1059 1164 1127 quia
1205 1073 1313 1112 non
1357 1063 1694 1125 peccatorum
1737 1067 1954 1118 suorum
2001 1064 2159 1105 causa

577 1168 769 1224 passus
788 1161 890 1218 est,
922 1151 1221 1218 inculpatus
1247 1149 1393 1204 enim
1423 1156 1479 1202 ct
1507 1145 1760 1200 innoxius
1777 1153 1915 1207 erat,
1947 1141 2042 1196 sed
2066 1155 2161 1210 pro

575 1244 762 1300 mundi
792 1243 948 1298 malis
979 1241 1204 1319 traditus
1230 1248 1351 1304 est;
1399 1237 1818 1310 videoquomodo
1859 1235 1974 1288 haec
2001 1233 2162 1288 ambo

576 1335 1015 1403 subindioaverit,
1059 1348 1178 1387 cum
1209 1331 1342 1386 dixit
1379 1348 1392 1382 :
1446 1329 1547 1396 Qui
1587 1337 1849 1398 peccatum
1869 1342 1979 1380 non
2023 1325 2158 1396 fecit,

579 1448 670 1486 nec
694 1431 921 1484 inventus
949 1434 1021 1481 est
1053 1425 1204 1479 dolus
1226 1425 1386 1477 inore
1410 1423 1520 1491 ejus
1563 1420 1767 1490 (Hesai.
1802 1420 1893 1474 5‘5.
1925 1419 1984 1488 9)
2025 1434 2037 1470 :
2068 1425 2163 1486 per

580 1525 684 1577 hoc
729 1522 870 1577 enim
911 1519 1064 1589 cujus
1090 1518 1166 1572 rei
1197 1531 1354 1572 causa
1382 1516 1593 1570 occisus
1635 1514 1707 1567 sit
1729 1511 2038 1566 declaravit.
2069 1509 2164 1564 Se-

583 1613 762 1683 quitur
784 1618 839 1665 et
866 1609 968 1662 alia
997 1623 1159 1662 causa
1184 1623 1198 1660 :
1240 1604 1735 1673 Proiniquitatibus,
1768 1602 1956 1671 inquit,
1988 1599 2164 1670 populi

583 1705 680 1756 mei
708 1702 775 1756 ad
800 1709 1012 1755 mortem
1040 1699 1174 1752 venit
1211 1696 1415 1766 (Hesai.
1441 1696 1532 1750 53.
1570 1694 1652 1766 5).
1683 1693 1868 1763 Neque
1892 1707 2022 1746 vero
2049 1700 2166 1744 tan-

585 1804 710 1848 tum.
727 1805 939 1854 causam
966 1787 1150 1853 cadis,
1173 1786 1267 1860 sed
1284 1787 1444 1842 etiam
1465 1785 1589 1860 quid
1614 1784 1750 1840 lucri
1771 1799 1835 1838 ex
1849 1797 2007 1837 cruce
2026 1790 2078 1836 et
2097 1797 2163 1836 ex

589 1883 738 1938 caede
763 1881 853 1936 illa
869 1878 1156 1935 accesserit
1169 1859 1453 1932 ostendere
1466 1859 1672 1940 volens,
1688 1873 1808 1928 vide
1826 1871 2164 1942 quom‘odo'id

581 1975 903 2046 praenuntiet
943 1971 1026 2025 bis
1054 1969 1270 2026 verbis:
1307 1967 1493 2022 Omnes
1525 1967 1651 2021 sicut
1687 1981 1799 2020 oves
1840 1964 2118 2019 erravimus
2141 1977 2160 2016 :

585 2068 734 2118 hoino
762 2065 820 2118 in
843 2065 924 2116 via
947 2079 1041 2135 sua
1080 2060 1327 2121 aberravit
1351 2075 1369 2113 :
1391 2057 1832 2128 disciplinapacis
1859 2065 2043 2111 nostra:
2082 2072 2168 2108 su-

583 2173 674 2228 per
708 2171 821 2211 eum
844 2169 863 2208 :
889 2155 1044 2208 livore
1083 2155 1200 2222 ejus
1217 2168 1308 2208 nos
1333 2165 1508 2230 omnes
1533 2149 1698 2204 sanati
1725 2161 1918 2202 sumus.
1943 2145 2157 2201 Deinde

582 2249 704 2318 quia
726 2262 912 2318 poenas
933 2245 1109 2300 daturi
1134 2243 1472 2302 erantJudtei
1493 2242 1808 2312 flagitiorum
1836 2239 2158 2310 hujusmodi,

582 2339 708 2395 illud
731 2354 943 2410 quoque
967 2338 1201 2394 declarat
1229 2336 1368 2390 idem
1396 2333 1651 2405 propheta
1681 2347 1801 2387 cum
1823 2331 1988 2386 dicit:
2019 2327 2163 2382 Dabo

579 2431 836 2501 improbos
879 2445 971 2499 pro
1013 2429 1272 2498 sepultura
1300 2428 1432 2496 ejus,
1472 2435 1518 2479 et
1543 2425 1718 2479 divites
1759 2440 1858 2493 pro
1872 2433 2032 2478 morte
2057 2424 2166 2492 ejus

581 2523 704 2591 (Id.
750 2539 800 2576 ιι.
845 2521 933 2589 9).
963 2519 1168 2574 Rursus
1197 2517 1359 2573 David
1385 2532 1505 2572 cum
1531 2516 1772 2577 dixisset,
1801 2515 2112 2583 Abjiciantus
2132 2529 2164 2566 a

583 2612 727 2665 nobis
737 2613 923 2681 jugum
951 2613 1176 2688 ipsorum
1204 2609 1376 2679 (Psal.
1412 2608 1578 2680 2.5),
1604 2609 1821 2677 adjecit,
1851 2609 1952 2673 Qui
1978 2608 2167 2661 habitat

590 2706 645 2757 in
659 2703 795 2756 caelis
815 2701 1041 2756 irridebit
1071 2718 1153 2755 eos
1176 2717 1194 2755 :
1217 2711 1333 2754 tunc
1357 2701 1584 2771 loquetur
1609 2701 1676 2753 ad
1697 2717 1780 2754 eos
1800 2701 1853 2753 in
1874 2701 1952 2752 ira
1976 2716 2089 2765 sua,
2120 2709 2167 2754 et

588 2795 645 2848 in
660 2795 835 2862 furore
860 2808 951 2846 suo
969 2791 1286 2846 conturbabit
1311 2807 1395 2845 eos
1418 2806 1437 2844 :
1459 2790 1650 2860 quibus
1670 2790 1930 2860 signiﬁcat
1959 2790 2168 2859 disper-

588 2884 790 2939 sionem
807 2896 998 2936 eorum
1024 2897 1120 2951 per
1144 2890 1309 2936 totum
1323 2889 1589 2947 terrarum
1607 2880 1826 2945 orbem;
1850 2881 1990 2950 quod
2007 2883 2166 2936 etiam

588 2977 702 3046 ipse
739 2971 983 3030 Christus
1026 2974 1078 3028 in
1115 2974 1414 3042 Evangeliis
1441 2973 1718 3028 declarans
1760 2972 2012 3028 dicebat:
2061 2973 2166 3029 Eos

579 3081 752 3125 autem
771 3066 858 3136 qui
887 3082 966 3120 me
989 3066 1256 3120 noluerunt
1279 3081 1491 3138 regnare
1516 3082 1667 3136 super
1687 3081 1760 3132 se,
1791 3066 2020 3119 abducite
2043 3065 2162 3133 huc,

581 3166 634 3212 et
672 3159 882 3213 occidite
924 3173 1010 3212 eos
1058 3156 1208 3227 (Luc.
1240 3156 1328 3212 l9.
1371 3157 1486 3226 ‘27).
1529 3156 1794 3211 Praeterea
1816 3155 1884 3210 de
1910 3155 2059 3211 ccede
2082 3156 2165 3210 lo-

583 3249 757 3316 qunti,
787 3248 1003 3303 modum
1030 3251 1148 3315 ejus
1176 3263 1280 3302 non
1311 3249 1595 3313 silu’erunt,
1623 3247 1715 3302 sed
1740 3248 1892 3301 illum
1918 3247 2168 3302 indicavit

588 3341 749 3395 David
790 3342 862 3394 ita
915 3341 1138 3409 loquens
1178 3357 1193 3394 :
1242 3338 1292 3391 F
1294 3339 1506 3392 oderunt
1544 3355 1723 3393 manus
1761 3355 1900 3392 meas
1928 3349 1973 3393 et
2017 3340 2166 3410 pedes

585 3445 742 3494 meos,
785 3429 1222 3482 dinumeraverunt
1243 3428 1413 3482 omnia
1435 3444 1549 3482 ossa
1571 3444 1682 3481 mea
1718 3424 2166 3497 (Ps.21.l7,18);

586 3534 686 3574 nec
715 3517 1046 3587 iniquitatem
1073 3525 1193 3586 post
1229 3525 1455 3572 mortem
1488 3526 1866 3586 consequutam
1907 3517 2117 3574 reticuit
2147 3534 2162 3572 :

586 3623 708 3664 nam
751 3607 924 3665 dicit:
971 3606 1259 3661 Diviserunt
1305 3606 1399 3660 sibi
1427 3608 1715 3659 vestimenta
1759 3623 1889 3673 mea,
1929 3617 1974 3661 et
2015 3624 2166 3678 super

584 3707 764 3754 vestem
791 3715 956 3752 meam
982 3700 1224 3752 miserunt
1249 3707 1432 3752 sortem
1461 3697 1636 3768 (Psal.
1659 3699 1749 3754 21‘.
1778 3699 1888 3770 l9).

658 3787 936 3859 Sepultura
983 3788 1168 3842 Christi
1190 3788 1758 3858 mediam—Deinde
1799 3791 1938 3860 quod
1983 3792 2163 3860 sepul-

587 3892 723 3939 turae
746 3883 1033 3939 tradendus
1059 3891 1202 3937 esset
1229 3882 1514 3937 declaravit
1539 3884 1621 3937 his
1641 3884 1816 3938 verbis
1840 3902 1854 3938 :
1879 3883 2165 3938 Posuerunt

586 3993 666 4030 me
706 3981 760 4030 in
803 3977 919 4030 lacu
963 3976 1191 4045 inferiori
1212 4017 1227 4041 ,
1257 3976 1310 4028 in
1332 3975 1597 4029 tenebrosis
1625 3976 1748 4029 etin
1785 3976 1964 4029 umbra
1991 3977 2165 4030 mortis

586 4067 760 4138 (Psal.
788 4068 878 4122 87.
912 4068 1000 4137 7).
1048 4067 1181 4121 Cum
1219 4075 1396 4120 autem
1423 4075 1813 4121 resurrecturus
1839 4075 2014 4134 esset,
2043 4067 2165 4122 vide

585 4159 858 4229 quomodo
909 4159 1012 4213 hoc
1052 4157 1421 4227 prtenuntiarit
1449 4174 1464 4210 :
1497 4155 1619 4210 Non
1670 4157 2016 4228 derelinques,
2054 4160 2161 4224 ait,

589 4254 812 4307 animam
831 4268 991 4306 meam
1010 4251 1060 4304 in
1078 4251 1310 4321 inferno,
1325 4265 1412 4303 nec
1427 4249 1568 4302 dabis
1591 4259 1821 4304 sanctum
1840 4261 1979 4302 tuum
1998 4250 2165 4304 videre

585 4345 959 4413 corruptionem
1007 4340 1176 4415 (Psal.
1202 4343 1290 4397 15.
1322 4341 1428 4412 10)
1462 4359 1476 4394 :
1507 4339 1611 4395 alio
1639 4341 1763 4395 item
1793 4339 1952 4395 modo
1979 4340 2030 4394 id
2061 4341 2166 4396 He-

587 4435 728 4488 saias
754 4434 992 4488 declarat
1023 4450 1036 4486 :
1068 4432 1135 4487 Et
1176 4431 1460 4496 Dominus,
1493 4433 1694 4502 inquit,
1743 4433 1909 4501 ipsum
1935 4432 2037 4485 vult
2065 4448 2163 4503 pu-

587 4525 790 4594 riﬁcare
812 4541 844 4576 a
862 4524 1040 4593 plaga,
1061 4525 1319 4578 ostendere
1339 4525 1382 4577 ei
1411 4526 1579 4578 lumen
1602 4565 1617 4590 ,
1639 4524 1923 4592 justi/icore
1947 4524 2161 4593 justum,

587 4616 699 4682 quis
724 4614 898 4670 multis
937 4615 1072 4669 bene.
1093 4616 1277 4669 serviat
1323 4613 1528 4684 (Hesai.
1571 4616 1660 4670 55.
1708 4615 1795 4670 l0.
1833 4617 1889 4670 li
1913 4612 1954 4686 ).
2011 4614 2162 4680 Quod

589 4705 706 4775 ejus
743 4706 922 4760 cades
961 4715 1298 4774 peccatorum
1341 4706 1612 4760 hominum
1646 4706 1838 4761 solutio
1861 4705 2050 4773 fuerit,
2081 4706 2162 4760 id-

587 4799 760 4868 ipsum
785 4799 944 4853 etiam
967 4797 1217 4852 indicavit
1243 4798 1324 4852 his
1349 4798 1525 4852 verbis
1557 4816 1570 4852 :
1595 4797 1660 4851 Et
1685 4799 1792 4868 ipse
1811 4810 2012 4869 peccata
2035 4798 2166 4852 mul-

587 4899 754 4944 torum
803 4891 915 4944 tulit
943 4887 1122 4961 (Ibid.
1177 4905 1225 4942 v.
1273 4887 1384 4958 12).
1437 4888 1588 4956 Quod
1633 4889 1928 4944 hominesa
1958 4890 2162 4945 daemo-

585 4980 742 5036 nibus
779 4980 1019 5034 liberarit
1061 4997 1076 5035 :
1106 4979 1174 5033 Et
1204 4980 1448 5050 fortium,
1496 4979 1705 5049 inquit,
1741 4979 1937 5033 dividet
1974 4981 2158 5050 spolia.

584 5069 738 5136 Quod
782 5069 910 5125 illud
953 5070 1125 5141 ipsum
1153 5085 1246 5139 per
1289 5079 1516 5124 mortem
1546 5069 1820 5134 olfecerit,
1847 5069 1900 5127 id
1929 5085 2034 5124 non
2080 5080 2160 5124 ta-

585 5162 729 5226 cuit,
759 5161 852 5216 sed
876 5161 950 5215 ait
982 5179 996 5215 :
1029 5160 1136 5215 Pro
1165 5177 1222 5215 eo
1247 5161 1380 5232 quod
1407 5163 1460 5214 in
1495 5170 1706 5215 mortem
1731 5162 1916 5216 tradita
1944 5173 2018 5216 est
2043 5163 2158 5215 ani-

583 5269 668 5306 ma
694 5254 802 5324 ejus
827 5254 846 5324 (
867 5253 1030 5324 Ibid.)
1059 5253 1210 5320 Quod
1239 5254 1330 5308 toti
1360 5254 1474 5309 orbi
1513 5254 1879 5324 praeficiendus
1903 5264 2044 5310 esset
2083 5257 2161 5312 sic

585 5342 910 5398 declaravit:
944 5345 1008 5398 Et
1036 5349 1144 5415 ipse
1173 5345 1446 5398 hereditate
1475 5345 1742 5414 possidebit
1767 5347 1948 5401 multos
1970 5345 2155 5416 (Ibid.)

585 5433 787 5490 Deinde
811 5436 1057 5505 quoniam
1101 5451 1220 5489 cum
1252 5435 1303 5490 iu
1331 5436 1593 5490 infernum
1620 5436 2013 5502 descendisset,
2041 5453 2158 5490 om-

587 5527 669 5579 nia
695 5527 956 5592 turbavit,
1000 5530 1220 5597 strepitu
1259 5538 1416 5600 atque
1445 5529 1667 5583 tumultu
1713 5530 1954 5584 universa
1983 5531 2156 5600 reple-

591 5615 695 5681 vit,
721 5631 1005 5687 arcemque
1030 5617 1322 5686 destruxit;
1357 5621 1492 5674 hanc
1517 5634 1628 5675 rem
1652 5633 1755 5676 non
1787 5620 1997 5678 silentio
2021 5635 2158 5691 prae—

2262 612 2422 650 tereas
2447 597 2763 668 confringant
2792 637 2808 662 ,
2836 606 2884 652 et
2919 608 3077 652 vectes
3115 601 3296 670 ferreos
3321 612 3572 672 conteram,
3592 622 3630 664 et
3657 631 3749 685 ape.

2261 688 2392 741 riam
2413 687 2502 740 tibi
2526 689 2786 742 thesauros
2808 688 3110 752 tenebrosus,
3132 691 3362 756 occultos,
3379 693 3612 754 invisibiles
3627 714 3752 760 osten-

2262 777 2383 832 dam
2408 779 2496 832 tibi
2523 778 2727 849 (Hesai.
2756 779 2849 834 45.
2878 777 2935 850 2)
2964 797 2979 833 :
3003 780 3083 834 sic
3108 781 3373 850 appellans
3395 785 3755 851 infernumiiam

2263 870 2470 925 etiamsi
2500 869 2739 925 infernus
2756 879 2930 935 esset,
2969 881 3024 924 at
3049 882 3257 926 sanctas
3276 875 3468 932 animas
3483 888 3530 934 et
3545 897 3646 937 vasa
3665 901 3756 956 pre.

2226 964 2401 1018 -tiosa
2454 963 2729 1030 servabat,
2780 979 2973 1034 nempe
3023 965 3324 1034 Abraham,
3350 968 3483 1026 Isaac
3523 985 3569 1028 et
3602 976 3759 1036 iacob.

2226 1071 2229 1074 ·
2264 1061 2550 1127 propterea
2585 1055 3224 1127 thesaurosappellabat,
3267 1062 3554 1118 tenebrOsos
3589 1077 3758 1132 autem,

2253 1148 2387 1216 quia
2413 1147 2648 1204 nondum
2669 1148 2746 1202 sol
2760 1148 2990 1216 'justitiae
3017 1150 3086 1203 ibi
3109 1149 3348 1215 fulserat,
3378 1168 3534 1223 neque
3551 1155 3609 1210 de
3624 1173 3764 1212 resur-

2266 1238 2501 1300 rectione
2525 1239 2924 1309 praidicaverat.
2947 1239 3106 1306 Quod.
3125 1248 3257 1308 post
3273 1245 3670 1304 resurrectionem
3686 1266 3766 1305 non

2265 1345 2387 1385 cum
2415 1331 2617 1401 angelis
2647 1323 2988 1386 constiturus
3001 1340 3144 1387 esset
3162 1373 3178 1399 ,
3211 1348 3315 1387 non
3339 1349 3453 1389 cum
3479 1336 3767 1408 archangelis,

2267 1438 2373 1476 non
2401 1437 2522 1476 cum
2548 1422 2651 1475 alia
2680 1421 3130 1478 administratoria
3157 1423 3352 1478 virtute
3377 1465 3392 1491 ,
3415 1425 3504 1480 sed
3545 1427 3591 1481 in
3626 1428 3770 1483 throno

2232 1518 2236 1534 ¹
2268 1512 2414 1581 regio
2438 1515 2685 1574 sessurus
2710 1552 2726 1578 ,
2773 1511 2895 1568 audi
2923 1513 3191 1582 quomodo
3218 1513 3381 1569 David
3403 1514 3614 1571 declaret
3634 1535 3646 1570 :
3665 1517 3768 1572 Dixit

2269 1601 2515 1656 Dominus
2568 1601 2790 1656 Domino
2836 1617 2945 1657 mea
2962 1643 2978 1665 ,
3022 1599 3156 1657 Sede
3195 1619 3232 1656 a
3272 1603 3454 1658 dextris
3497 1607 3632 1673 meis,
3657 1608 3771 1662 donec

2268 1710 2458 1764 ponam
2479 1693 2710 1747 inimicos
2749 1703 2860 1749 tuos
2895 1695 3171 1749 scabellunt
3204 1696 3397 1766 pedum
3422 1705 3603 1751 tuorum
3627 1701 3643 1768 (
3664 1698 3771 1753 Psal.

2269 1784 2392 1840 109.
2421 1787 2497 1855 ι).

2231 1881 2235 1892 ’
2265 1899 2268 1901 λ
2348 1881 2400 1936 5.
2424 1877 2600 1933 Missio
2618 1881 2742 1934 item
2764 1876 3477 1964 apostolorum—Missurus
3505 1889 3660 1948 postea
3694 1894 3778 1938 erat

2272 1969 2544 2038 apostolos
2565 2011 2578 2033 ,
2617 1971 2672 2022 et
2717 1968 2820 2023 hoc
2853 1969 3098 2038 prmdixit
3145 1970 3372 2026 Hesaias
3404 1971 3572 2026 dicens
3605 1989 3618 2026 :
3652 1971 3778 2038 Quam

2271 2060 2483 2130 speciosi
2509 2059 2659 2129 pedes
2684 2060 3130 2129 euangelizandum
3156 2075 3336 2129 pacem
3359 2100 3373 2124 ,
3399 2062 3777 2130 euangelizandum

2203 2165 2210 2177 ’
2232 2183 2237 2192 ι
2271 2151 2402 2205 bona
2428 2151 2444 2219 (
2467 2149 2646 2204 Hesai.
2669 2150 2757 2205 52.
2787 2151 2866 2220 7).
2912 2151 2992 2205 En
3015 2151 3237 2220 qualem
3267 2150 3442 2210 laudat
3462 2152 3672 2220 corporis
3690 2165 3779 2218 par-

2272 2253 2413 2306 tem,
2463 2241 2659 2311 pedes,
2705 2241 2794 2311 qui
2849 2241 2968 2296 illos
3012 2241 3224 2311 ubique'
3260 2244 3548 2310 portabant.
3589 2243 3658 2296 Ad
3701 2243 3783 2295 lucc

2270 2343 2653 2387 commemorat
2683 2331 2846 2386 David
2875 2331 3139 2402 quomodo
3170 2332 3538 2401 praevaluerint
3572 2331 3782 2400 apostoli.

2272 2423 2457 2479 dicens
2481 2442 2496 2479 :
2524 2423 2775 2478 Dominus
2799 2423 2935 2476 dabit
2961 2423 3162 2477 verbum
3193 2422 3630 2493 euangelizantibus
3650 2422 3788 2475 virtute

2272 2516 2430 2568 multa
2461 2513 2644 2585 (Psal.
2677 2514 2766 2569 67.
2795 2513 2908 2584 l2).
2933 2513 3047 2568 Non
3062 2513 3216 2568 enim
3249 2515 3406 2567 armis
3424 2555 3438 2580 ,
3461 2528 3556 2566 non
3583 2512 3788 2581 pecuniis,

2271 2621 2378 2659 non
2407 2605 2599 2659 robore
2629 2605 2869 2672 corporis
2893 2643 2907 2669 ,
2944 2619 3049 2658 non
3080 2603 3427 2666 exercituum
3453 2603 3634 2672 copiis,
3660 2616 3792 2668 neque

2259 2696 2374 2750 alio
2397 2695 2555 2748 simili
2585 2695 2746 2758 modo
2784 2703 3137 2778 superarunt,
3184 2693 3290 2749 sed
3318 2694 3478 2748 verbo
3502 2691 3786 2760 siniplici,'el

2271 2788 2493 2842 multam
2524 2787 2756 2842 habente
2792 2788 3048 2841 virtutem
3070 2827 3086 2853 ,
3123 2786 3501 2841 miraculorum
3529 2799 3692 2852 nempe
3723 2799 3792 2834 os-

2260 2887 2497 2934 tentum.
2523 2878 2875 2933 Crucilixum
2907 2879 3054 2933 enim
3085 2879 3474 2948 pradicantes,
3504 2886 3554 2932 et
3593 2875 3792 2930 miracula

2237 3017 2239 3021 .
2272 2978 2546 3039 patrantes
2567 3009 2583 3034 ,
2614 2969 2692 3024 sic
2711 2970 2898 3024 orbem
2930 2970 3286 3040 subegerunt.
3318 2969 3440 3025 [deo
3462 2970 3570 3023 ait:
3598 2967 3795 3020 Dominus

2233 3085 2236 3106 :
2271 3059 2410 3114 dabit
2435 3060 2635 3114 verbum
2661 3060 3130 3130 .evangelisantibus
3159 3061 3351 3115 virtute
3373 3061 3552 3125 multa,
3579 3059 3648 3114 sic
3670 3057 3794 3110 mira—

2271 3154 2388 3208 cula
2415 3153 2781 3208 vocans.'Nam
2811 3152 3092 3208 inelfabilis
3116 3154 3296 3208 virtus
3335 3163 3467 3219 erat,
3499 3153 3790 3222 piscatorem,

2231 3286 2237 3291 -
2274 3247 2652 3315 publicanum,
2694 3236 3042 3300 tentoriorum
3087 3246 3374 3316 opiﬁcem,
3418 3247 3528 3300 solo
3583 3249 3798 3312 praecepto

2271 3347 2512 3392 mortuos
2550 3338 2805 3393 suscitare
2820 3380 2834 3403 ,
2865 3338 3136 3394 dasmoncs
3159 3340 3433 3410 expellere
3457 3381 3472 3404 ,
3497 3345 3696 3393 mortem
3713 3329 3800 3387 abi-

2232 3467 2238 3472 .
2269 3441 2397 3497 gere
2418 3469 2432 3494 ,
2463 3427 2901 3498 philosophorum
2946 3429 3174 3498 linguam
3234 3429 3536 3492 refrenare,
3575 3427 3797 3480 rhetorum

2270 3535 2364 3574 ora
2390 3535 2653 3574 censuere
2673 3562 2687 3584 ,
2709 3535 2864 3590 reges
2891 3533 2954 3575 ac
2988 3521 3263 3590 principes
3291 3522 3503 3575 vincere
3526 3561 3539 3582 ,
3568 3515 3771 3571 barbaris
3789 3554 3801 3574 .

2271 3609 2506 3677 Graecis,
2552 3611 2802 3680 omnique
2845 3610 3043 3665 nationi
3084 3611 3376 3681 imperare.
3401 3613 3483 3665 Et
3517 3607 3728 3677 apposite
3746 3606 3803 3655 sic

2270 3699 2520 3770 loquutus
2543 3710 2626 3756 est
2647 3717 2662 3754 :
2686 3716 2809 3755 nam
2836 3701 2950 3755 hzec
2975 3700 3152 3756 omnia
3184 3703 3356 3758 verbo
3384 3702 3476 3757 illo
3503 3698 3802 3770 perfecerunt.

2269 3802 2324 3846 et
2348 3793 2546 3847 virtute
2576 3793 2737 3847 multa
2773 3802 3011 3847 mortuos
3037 3795 3089 3848 in
3133 3794 3290 3848 vivos
3335 3799 3628 3856 mutarunt,
3658 3799 3804 3858 ρεῦσι·

2275 3894 2418 3940 tores
2445 3886 2495 3939 in
2517 3885 2690 3954 justos
2711 3925 2726 3949 ,
2752 3890 2925 3940 cureos
2944 3886 3000 3939 in
3031 3885 3278 3941 videntes
3298 3925 3314 3949 ,
3343 3883 3561 3939 morbos
3581 3889 3753 3936 natum
3763 3883 3804 3928 et

2237 4017 2240 4020 .
2271 3979 2463 4032 animae
2506 3977 2794 4046 nequitiam
2825 3977 3170 4046 expellentes.
3205 3976 3413 4032 Deinde
3439 3973 3573 4044 quod
3599 3974 3698 4024 lucc
3725 3967 3806 4017 viro

2272 4080 2357 4125 tus
2383 4069 2489 4124 illis
2513 4082 2541 4123 a
2567 4069 2768 4138 Spiritu
2798 4079 2982 4124 sancto
2997 4068 3290 4123 accederet
3308 4109 3323 4131 ,
3360 4066 3484 4121 hinc
3505 4061 3802 4118 declaratur:

2231 4184 2239 4188 -
2270 4163 2468 4233 Spiritu
2487 4201 2503 4228 ,
2533 4161 2742 4232 inquit,
2787 4171 2958 4215 sancto
3005 4159 3180 4231 repleti
3209 4169 3364 4214 erant
3390 4162 3409 4226 (
3426 4158 3536 4211 Act.
3561 4157 3612 4210 2.
3639 4151 3702 4221 4)
3726 4165 3738 4212 ;
3768 4156 3807 4200 ει

2271 4257 2370 4310 viri
2401 4255 2558 4310 simul
2583 4263 2740 4324 atque
2771 4254 3022 4308 mulieres
3043 4247 3461 4322 proplietabant.
3483 4250 3684 4318 Lingua:
3704 4241 3807 4312 ignis

2268 4345 2436 4400 forma
2483 4345 2612 4399 visa:
2653 4343 2905 4400 sederunt
2941 4349 3113 4413 supra
3143 4355 3580 4413 unumquemque
3621 4347 3808 4390 eorum:

2267 4445 2322 4491 et
2349 4436 2449 4490 hoc
2472 4435 2589 4490 Joel
2618 4435 2707 4490 diu
2751 4443 2873 4489 ante
2910 4433 3287 4504 prtenuntiavit
3314 4433 3502 4488 dicens
3531 4447 3544 4484 :
3580 4423 3806 4492 Elimiam

2269 4529 2330 4580 de
2351 4527 2548 4598 Spiritu
2574 4542 2682 4579 meo
2719 4543 2870 4594 super
2897 4542 3094 4579 omnem
3117 4541 3326 4580 carnem
3347 4566 3362 4588 ,
3393 4534 3443 4577 et
3487 4517 3805 4594 prophetabsnt

2269 4622 2365 4690 lilii
2385 4621 2566 4684 vestri,
2611 4630 2659 4674 et
2695 4621 2817 4689 ﬁlia!
2853 4629 3028 4674 vesti-te
3063 4620 3283 4674 visiones
3312 4619 3584 4681 videbunt,
3609 4622 3653 4668 et
3675 4609 3808 4664 adole-

2267 4721 2456 4764 scentes
2480 4711 2630 4764 vestri
2653 4711 2845 4764 somnia
2872 4711 3190 4764 somniabuut
3220 4727 3242 4764 :
3265 4711 3548 4780 etquidem
3573 4719 3714 4774 super
3731 4713 3808 4752 ser-

2268 4817 2353 4855 vos
2382 4817 2547 4868 meos,
2574 4810 2619 4856 et
2659 4817 2812 4871 super
2855 4801 3068 4855 ancillas
3107 4801 3380 4871 effundam
3399 4840 3415 4867 ,
3440 4799 3717 4868 priusquam
3751 4803 3807 4841 ve-

2267 4895 2374 4947 niat
2415 4893 2521 4946 dies
2551 4891 2754 4946 Domini
2799 4878 3011 4963 magnus
3059 4901 3105 4945 et
3145 4891 3413 4960 illustris(
3435 4887 3644 4943 Joel.2.
3683 4877 3806 4946 23)?

2267 4998 2515 5054 magnum
2546 4993 2602 5037 et
2629 4983 2889 5037 illustrem
2930 4997 3129 5036 vocans
3151 4981 3302 5036 diem
3329 4969 3805 5043 adventusvSpiritnS

2267 5076 2472 5142 sancti,
2503 5090 2602 5130 nec
2630 5089 2735 5129 non
2769 5091 2897 5130 eum
2918 5116 2933 5141 ,
2984 5075 3072 5145 qui
3113 5075 3169 5128 in
3191 5073 3662 5129 consummatione
3681 5074 3807 5120 θεοῦ·

2269 5166 2441 5220 lorum
2463 5166 2672 5219 futurus
2699 5175 2800 5220 eet.
2847 5163 2990 5220 Idem
3019 5180 3146 5220 vero
3172 5161 3292 5233 ipse
3327 5163 3586 5233 propheta
3628 5156 3809 5211 salutem

2265 5271 2361 5326 per
2391 5256 2548 5311 fidem
2599 5257 2995 5326 praenuntians,
3043 5269 3214 5326 neque
3255 5256 3408 5309 enim
3461 5254 3604 5308 illam
3649 5243 3810 5303 tacuit,

2265 5348 2339 5401 ait
2370 5363 2384 5399 :
2413 5347 2480 5400 Et
2509 5347 2634 5412 erit,
2661 5349 2822 5401 omnis
2849 5349 2936 5417 qui
2958 5348 3259 5403 invocaverit
3283 5363 3473 5401 nomen
3500 5339 3711 5400 Domini.
3729 5330 3811 5386 αιῖσ

2263 5453 2353 5491 vus
2374 5439 2464 5491 erit
2490 5437 2510 5508 (
2534 5436 2670 5491 Ibid.
2695 5454 2741 5491 v.
2773 5438 2885 5508 52).

2335 5529 2387 5584 6.
2424 5528 2606 5584 Petrus
2630 5540 2678 5586 et
2706 5528 2904 5582 Paulus
2921 5529 3118 5600 regibus
3143 5529 3391 5598 majores.
3413 5558 3488 5568 —
3516 5525 3705 5590 Ubique
3731 5525 3810 5569 te!"

2266 5637 2446 5680 rarum
2473 5637 2748 5693 praecones
2769 5607 2956 5691 mittit,
2986 5636 3048 5679 ac
3071 5636 3227 5678 nemo
3254 5629 3343 5676 est
3369 5620 3499 5692 quin
3521 5616 3683 5673 audiat
3699 5620 3810 5677 ιπω·
