  <div class='ocr_page' id='page_1' title='image "/cluster/home/n/w/nwhite01/storage/ocr_20150623/48/hvd.32044073501892/300.png"; bbox 0 0 3990 6198; ppageno 0'>
   <div class='ocr_carea' id='block_1_1' title="bbox 239 325 336 380">
    <p class='ocr_par' dir='ltr' id='par_1_1' title="bbox 239 325 336 380">
     <span class='ocr_line' id='line_1_1' title="bbox 239 325 336 380; baseline 0 -1"><span class='ocrx_word' id='word_1_1' title='bbox 239 325 336 380; x_wconf 73' lang='grc'><strong>821</strong></span> 
     </span>
    </p>
   </div>
   <div class='ocr_carea' id='block_1_2' title="bbox 240 395 1812 515">
    <p class='ocr_par' dir='ltr' id='par_1_2' title="bbox 240 395 1812 515">
     <span class='ocr_line' id='line_1_2' title="bbox 240 395 1812 515; baseline -0.013 -10"><span class='ocrx_word' id='word_1_2' title='bbox 240 448 598 512; x_wconf 85' lang='lat' dir='ltr'><strong>dieationem;</strong></span> <span class='ocrx_word' id='word_1_3' title='bbox 631 455 686 503; x_wconf 89' lang='lat' dir='ltr'><strong>et</strong></span> <span class='ocrx_word' id='word_1_4' title='bbox 728 446 829 502; x_wconf 90' lang='lat' dir='ltr'><strong>hoc</strong></span> <span class='ocrx_word' id='word_1_5' title='bbox 876 446 1046 515; x_wconf 90' lang='lat' dir='ltr'><strong>ipsum</strong></span> <span class='ocrx_word' id='word_1_6' title='bbox 1087 442 1494 514; x_wconf 64' lang='lat' dir='ltr'><strong>praenuntiatum</strong></span> <span class='ocrx_word' id='word_1_7' title='bbox 1531 447 1614 494; x_wconf 88' lang='lat' dir='ltr'><strong>est</strong></span> <span class='ocrx_word' id='word_1_8' title='bbox 1641 395 1765 491; x_wconf 69' lang='lat' dir='ltr'><strong>audi</strong></span> <span class='ocrx_word' id='word_1_9' title='bbox 1798 447 1812 484; x_wconf 89' lang='lat'><strong>:</strong></span> 
     </span>
    </p>
   </div>
   <div class='ocr_carea' id='block_1_3' title="bbox 243 532 1813 614">
    <p class='ocr_par' dir='ltr' id='par_1_3' title="bbox 243 532 1813 614">
     <span class='ocr_line' id='line_1_3' title="bbox 243 532 1813 614; baseline -0.01 -15"><span class='ocrx_word' id='word_1_10' title='bbox 243 545 345 600; x_wconf 87' lang='lat' dir='ltr'><strong>hoc</strong></span> <span class='ocrx_word' id='word_1_11' title='bbox 374 541 686 614; x_wconf 89' lang='lat' dir='ltr'><strong>prophetice</strong></span> <span class='ocrx_word' id='word_1_12' title='bbox 727 537 993 594; x_wconf 91' lang='lat' dir='ltr'><strong>dicentem</strong></span> <span class='ocrx_word' id='word_1_13' title='bbox 1041 534 1293 590; x_wconf 87' lang='lat' dir='ltr'><strong>Davidcm</strong></span> <span class='ocrx_word' id='word_1_14' title='bbox 1323 550 1338 588; x_wconf 88' lang='lat'><strong>:</strong></span> <span class='ocrx_word' id='word_1_15' title='bbox 1371 532 1437 587; x_wconf 89' lang='lat' dir='ltr'><strong>In</strong></span> <span class='ocrx_word' id='word_1_16' title='bbox 1465 547 1662 586; x_wconf 87' lang='lat' dir='ltr'><strong>omnem</strong></span> <span class='ocrx_word' id='word_1_17' title='bbox 1712 539 1813 584; x_wconf 87' lang='lat' dir='ltr'><strong>ter-</strong></span> 
     </span>
    </p>
   </div>
   <div class='ocr_carea' id='block_1_4' title="bbox 248 619 1819 693">
    <p class='ocr_par' dir='ltr' id='par_1_4' title="bbox 248 619 1819 693">
     <span class='ocr_line' id='line_1_4' title="bbox 248 619 1819 693; baseline -0.011 -3"><span class='ocrx_word' id='word_1_18' title='bbox 248 652 360 690; x_wconf 84' lang='lat' dir='ltr'><strong>ram</strong></span> <span class='ocrx_word' id='word_1_19' title='bbox 389 633 538 688; x_wconf 68' lang='lat' dir='ltr'><strong>exivit</strong></span> <span class='ocrx_word' id='word_1_20' title='bbox 577 645 734 686; x_wconf 86' lang='lat' dir='ltr'><strong>sonus</strong></span> <span class='ocrx_word' id='word_1_21' title='bbox 761 643 931 682; x_wconf 86' lang='lat' dir='ltr'><strong>eorum</strong></span> <span class='ocrx_word' id='word_1_22' title='bbox 954 668 969 692; x_wconf 87' lang='lat'><strong>,</strong></span> <span class='ocrx_word' id='word_1_23' title='bbox 998 634 1044 679; x_wconf 82' lang='lat' dir='ltr'><strong>et</strong></span> <span class='ocrx_word' id='word_1_24' title='bbox 1085 626 1138 678; x_wconf 86' lang='lat' dir='ltr'><strong>in</strong></span> <span class='ocrx_word' id='word_1_25' title='bbox 1161 625 1286 693; x_wconf 77' lang='lat' dir='ltr'><strong>ﬁnes</strong></span> <span class='ocrx_word' id='word_1_26' title='bbox 1327 623 1460 677; x_wconf 84' lang='lat' dir='ltr'><strong>orbis</strong></span> <span class='ocrx_word' id='word_1_27' title='bbox 1487 631 1638 676; x_wconf 63' lang='lat' dir='ltr'><strong>terra</strong></span> <span class='ocrx_word' id='word_1_28' title='bbox 1671 619 1819 674; x_wconf 86' lang='lat' dir='ltr'><strong>verba</strong></span> 
     </span>
    </p>
   </div>
   <div class='ocr_carea' id='block_1_5' title="bbox 241 711 1821 796">
    <p class='ocr_par' dir='ltr' id='par_1_5' title="bbox 241 711 1821 796">
     <span class='ocr_line' id='line_1_5' title="bbox 241 711 1821 796; baseline -0.008 -17"><span class='ocrx_word' id='word_1_29' title='bbox 241 720 614 796; x_wconf 72' lang='lat' dir='ltr'><strong>eorum&#39;(Psal.</strong></span> <span class='ocrx_word' id='word_1_30' title='bbox 647 719 731 776; x_wconf 86' lang='lat' dir='ltr'><strong>l8.</strong></span> <span class='ocrx_word' id='word_1_31' title='bbox 759 719 792 774; x_wconf 89' lang='lat'><strong>5</strong></span> <span class='ocrx_word' id='word_1_32' title='bbox 819 719 860 788; x_wconf 85' lang='lat'><strong>).</strong></span> <span class='ocrx_word' id='word_1_33' title='bbox 905 716 985 772; x_wconf 85' lang='lat' dir='ltr'><strong>Ad</strong></span> <span class='ocrx_word' id='word_1_34' title='bbox 1015 715 1129 772; x_wconf 74' lang='lat' dir='ltr'><strong>btec</strong></span> <span class='ocrx_word' id='word_1_35' title='bbox 1148 755 1164 784; x_wconf 91' lang='lat'><strong>,</strong></span> <span class='ocrx_word' id='word_1_36' title='bbox 1191 713 1331 784; x_wconf 86' lang='lat' dir='ltr'><strong>quod</strong></span> <span class='ocrx_word' id='word_1_37' title='bbox 1359 729 1478 768; x_wconf 92' lang='lat' dir='ltr'><strong>cum</strong></span> <span class='ocrx_word' id='word_1_38' title='bbox 1507 711 1821 767; x_wconf 87' lang='lat' dir='ltr'><strong>auctoritate</strong></span> 
     </span>
    </p>
   </div>
   <div class='ocr_carea' id='block_1_6' title="bbox 243 802 1820 888">
    <p class='ocr_par' dir='ltr' id='par_1_6' title="bbox 243 802 1820 888">
     <span class='ocr_line' id='line_1_6' title="bbox 243 802 1820 888; baseline -0.01 -16"><span class='ocrx_word' id='word_1_39' title='bbox 243 814 586 888; x_wconf 69' lang='lat' dir='ltr'><strong>praedicarim</strong></span> <span class='ocrx_word' id='word_1_40' title='bbox 605 854 620 880; x_wconf 91' lang='lat'><strong>,</strong></span> <span class='ocrx_word' id='word_1_41' title='bbox 641 823 695 868; x_wconf 89' lang='lat' dir='ltr'><strong>et</strong></span> <span class='ocrx_word' id='word_1_42' title='bbox 718 811 845 881; x_wconf 81' lang='lat' dir='ltr'><strong>ipsis</strong></span> <span class='ocrx_word' id='word_1_43' title='bbox 865 810 1079 880; x_wconf 75' lang='lat' dir='ltr'><strong>regibus</strong></span> <span class='ocrx_word' id='word_1_44' title='bbox 1105 807 1430 878; x_wconf 84' lang='lat' dir='ltr'><strong>potentiores</strong></span> <span class='ocrx_word' id='word_1_45' title='bbox 1459 805 1679 870; x_wconf 88' lang='lat' dir='ltr'><strong>fuerint,</strong></span> <span class='ocrx_word' id='word_1_46' title='bbox 1707 802 1820 872; x_wconf 83' lang='lat' dir='ltr'><strong>ipse</strong></span> 
     </span>
    </p>
   </div>
   <div class='ocr_carea' id='block_1_7' title="bbox 243 892 1822 969">
    <p class='ocr_par' dir='ltr' id='par_1_7' title="bbox 243 892 1822 969">
     <span class='ocr_line' id='line_1_7' title="bbox 243 892 1822 969; baseline -0.011 -11"><span class='ocrx_word' id='word_1_47' title='bbox 243 905 369 958; x_wconf 72' lang='lat' dir='ltr'><strong>alibi</strong></span> <span class='ocrx_word' id='word_1_48' title='bbox 420 902 578 957; x_wconf 81' lang='lat' dir='ltr'><strong>docet</strong></span> <span class='ocrx_word' id='word_1_49' title='bbox 617 899 858 969; x_wconf 86' lang='lat' dir='ltr'><strong>inquiens</strong></span> <span class='ocrx_word' id='word_1_50' title='bbox 888 913 904 951; x_wconf 89' lang='lat'><strong>:</strong></span> <span class='ocrx_word' id='word_1_51' title='bbox 939 896 1219 950; x_wconf 83' lang='lat' dir='ltr'><strong>Constitues</strong></span> <span class='ocrx_word' id='word_1_52' title='bbox 1257 910 1340 948; x_wconf 91' lang='lat' dir='ltr'><strong>eos</strong></span> <span class='ocrx_word' id='word_1_53' title='bbox 1392 892 1642 963; x_wconf 80' lang='lat' dir='ltr'><strong>principes</strong></span> <span class='ocrx_word' id='word_1_54' title='bbox 1670 906 1822 961; x_wconf 80' lang='lat' dir='ltr'><strong>super</strong></span> 
     </span>
    </p>
   </div>
   <div class='ocr_carea' id='block_1_8' title="bbox 243 981 1821 1059">
    <p class='ocr_par' dir='ltr' id='par_1_8' title="bbox 243 981 1821 1059">
     <span class='ocr_line' id='line_1_8' title="bbox 243 981 1821 1059; baseline -0.008 -12"><span class='ocrx_word' id='word_1_55' title='bbox 243 1009 442 1047; x_wconf 85' lang='lat' dir='ltr'><strong>omnem</strong></span> <span class='ocrx_word' id='word_1_56' title='bbox 468 1001 654 1045; x_wconf 87' lang='lat' dir='ltr'><strong>terram</strong></span> <span class='ocrx_word' id='word_1_57' title='bbox 689 988 860 1059; x_wconf 88' lang='lat' dir='ltr'><strong>(Psal.</strong></span> <span class='ocrx_word' id='word_1_58' title='bbox 891 987 980 1042; x_wconf 70' lang='grc'><strong>44.</strong></span> <span class='ocrx_word' id='word_1_59' title='bbox 1015 985 1125 1056; x_wconf 84' lang='lat' dir='ltr'><strong>l7).</strong></span> <span class='ocrx_word' id='word_1_60' title='bbox 1155 983 1304 1052; x_wconf 86' lang='lat' dir='ltr'><strong>Quod</strong></span> <span class='ocrx_word' id='word_1_61' title='bbox 1335 983 1546 1054; x_wconf 78' lang='lat' dir='ltr'><strong>regibus</strong></span> <span class='ocrx_word' id='word_1_62' title='bbox 1588 996 1651 1036; x_wconf 90' lang='lat' dir='ltr'><strong>ac</strong></span> <span class='ocrx_word' id='word_1_63' title='bbox 1678 981 1821 1052; x_wconf 86' lang='lat' dir='ltr'><strong>prin-</strong></span> 
     </span>
    </p>
   </div>
   <div class='ocr_carea' id='block_1_9' title="bbox 247 1074 1822 1156">
    <p class='ocr_par' dir='ltr' id='par_1_9' title="bbox 247 1074 1822 1156">
     <span class='ocr_line' id='line_1_9' title="bbox 247 1074 1822 1156; baseline -0.008 -14"><span class='ocrx_word' id='word_1_64' title='bbox 247 1085 458 1156; x_wconf 90' lang='lat' dir='ltr'><strong>cipibus</strong></span> <span class='ocrx_word' id='word_1_65' title='bbox 485 1083 714 1153; x_wconf 81' lang='lat' dir='ltr'><strong>majores</strong></span> <span class='ocrx_word' id='word_1_66' title='bbox 743 1081 938 1135; x_wconf 77' lang='lat' dir='ltr'><strong>fuerint</strong></span> <span class='ocrx_word' id='word_1_67' title='bbox 963 1079 1152 1135; x_wconf 81' lang='lat' dir='ltr'><strong>Petrus</strong></span> <span class='ocrx_word' id='word_1_68' title='bbox 1181 1086 1238 1134; x_wconf 92' lang='lat' dir='ltr'><strong>et</strong></span> <span class='ocrx_word' id='word_1_69' title='bbox 1259 1076 1485 1143; x_wconf 82' lang='lat' dir='ltr'><strong>Paulus,</strong></span> <span class='ocrx_word' id='word_1_70' title='bbox 1533 1074 1822 1130; x_wconf 88' lang='lat' dir='ltr'><strong>declaravit</strong></span> 
     </span>
    </p>
   </div>
   <div class='ocr_carea' id='block_1_10' title="bbox 245 1162 1822 1242">
    <p class='ocr_par' dir='ltr' id='par_1_10' title="bbox 245 1162 1822 1242">
     <span class='ocr_line' id='line_1_10' title="bbox 245 1162 1822 1242; baseline -0.008 -11"><span class='ocrx_word' id='word_1_71' title='bbox 245 1185 493 1232; x_wconf 89' lang='lat' dir='ltr'><strong>eventus.</strong></span> <span class='ocrx_word' id='word_1_72' title='bbox 538 1174 668 1229; x_wconf 83' lang='lat' dir='ltr'><strong>Nam</strong></span> <span class='ocrx_word' id='word_1_73' title='bbox 716 1187 904 1242; x_wconf 78' lang='lat' dir='ltr'><strong>regum</strong></span> <span class='ocrx_word' id='word_1_74' title='bbox 955 1171 1100 1240; x_wconf 81' lang='lat' dir='ltr'><strong>leges</strong></span> <span class='ocrx_word' id='word_1_75' title='bbox 1146 1168 1306 1223; x_wconf 86' lang='lat' dir='ltr'><strong>etiam</strong></span> <span class='ocrx_word' id='word_1_76' title='bbox 1353 1165 1484 1237; x_wconf 86' lang='lat' dir='ltr'><strong>ipsis</strong></span> <span class='ocrx_word' id='word_1_77' title='bbox 1522 1162 1822 1221; x_wconf 78' lang='lat' dir='ltr'><strong>viventibus</strong></span> 
     </span>
    </p>
   </div>
   <div class='ocr_carea' id='block_1_11' title="bbox 245 1257 1822 1336">
    <p class='ocr_par' dir='ltr' id='par_1_11' title="bbox 245 1257 1822 1336">
     <span class='ocr_line' id='line_1_11' title="bbox 245 1257 1822 1336; baseline -0.006 -16"><span class='ocrx_word' id='word_1_78' title='bbox 245 1267 576 1336; x_wconf 83' lang='lat' dir='ltr'><strong>abrogantur</strong></span> <span class='ocrx_word' id='word_1_79' title='bbox 606 1281 620 1318; x_wconf 88' lang='lat'><strong>:</strong></span> <span class='ocrx_word' id='word_1_80' title='bbox 647 1265 788 1331; x_wconf 80' lang='lat' dir='ltr'><strong>leges</strong></span> <span class='ocrx_word' id='word_1_81' title='bbox 832 1276 960 1316; x_wconf 88' lang='lat' dir='ltr'><strong>vero</strong></span> <span class='ocrx_word' id='word_1_82' title='bbox 1005 1262 1328 1331; x_wconf 87' lang='lat' dir='ltr'><strong>piscatorum</strong></span> <span class='ocrx_word' id='word_1_83' title='bbox 1377 1258 1620 1322; x_wconf 92' lang='lat' dir='ltr'><strong>illorum,</strong></span> <span class='ocrx_word' id='word_1_84' title='bbox 1663 1257 1822 1312; x_wconf 85' lang='lat' dir='ltr'><strong>etiam</strong></span> 
     </span>
    </p>
   </div>
   <div class='ocr_carea' id='block_1_12' title="bbox 247 1347 1822 1418">
    <p class='ocr_par' dir='ltr' id='par_1_12' title="bbox 247 1347 1822 1418">
     <span class='ocr_line' id='line_1_12' title="bbox 247 1347 1822 1418; baseline -0.006 -6"><span class='ocrx_word' id='word_1_85' title='bbox 247 1368 584 1412; x_wconf 87' lang='lat' dir='ltr'><strong>mortuorum</strong></span> <span class='ocrx_word' id='word_1_86' title='bbox 616 1354 783 1408; x_wconf 72' lang='lat' dir='ltr'><strong>ﬁrma:</strong></span> <span class='ocrx_word' id='word_1_87' title='bbox 822 1361 974 1418; x_wconf 90' lang='lat' dir='ltr'><strong>sunt,</strong></span> <span class='ocrx_word' id='word_1_88' title='bbox 1003 1363 1055 1406; x_wconf 91' lang='lat' dir='ltr'><strong>et</strong></span> <span class='ocrx_word' id='word_1_89' title='bbox 1098 1351 1330 1404; x_wconf 73' lang='lat' dir='ltr'><strong>immota:</strong></span> <span class='ocrx_word' id='word_1_90' title='bbox 1371 1356 1616 1414; x_wconf 88' lang='lat' dir='ltr'><strong>manent;</strong></span> <span class='ocrx_word' id='word_1_91' title='bbox 1663 1347 1822 1417; x_wconf 84' lang='lat' dir='ltr'><strong>idque</strong></span> 
     </span>
    </p>
   </div>
   <div class='ocr_carea' id='block_1_13' title="bbox 247 1440 1823 1509">
    <p class='ocr_par' dir='ltr' id='par_1_13' title="bbox 247 1440 1823 1509">
     <span class='ocr_line' id='line_1_13' title="bbox 247 1440 1823 1509; baseline -0.006 -6"><span class='ocrx_word' id='word_1_92' title='bbox 247 1449 376 1503; x_wconf 86' lang='lat' dir='ltr'><strong>licet</strong></span> <span class='ocrx_word' id='word_1_93' title='bbox 404 1446 733 1501; x_wconf 66' lang='lat' dir='ltr'><strong>daemonibus</strong></span> <span class='ocrx_word' id='word_1_94' title='bbox 753 1484 768 1509; x_wconf 95' lang='lat'><strong>,</strong></span> <span class='ocrx_word' id='word_1_95' title='bbox 801 1444 1046 1499; x_wconf 87' lang='lat' dir='ltr'><strong>diuturna</strong></span> <span class='ocrx_word' id='word_1_96' title='bbox 1078 1441 1494 1503; x_wconf 84' lang='lat' dir='ltr'><strong>consuetudine.</strong></span> <span class='ocrx_word' id='word_1_97' title='bbox 1526 1440 1654 1496; x_wconf 90' lang='lat' dir='ltr'><strong>vitio</strong></span> <span class='ocrx_word' id='word_1_98' title='bbox 1679 1481 1692 1506; x_wconf 92' lang='lat'><strong>,</strong></span> <span class='ocrx_word' id='word_1_99' title='bbox 1731 1455 1823 1494; x_wconf 86' lang='lat' dir='ltr'><strong>vo-</strong></span> 
     </span>
    </p>
   </div>
   <div class='ocr_carea' id='block_1_14' title="bbox 253 1531 1824 1608">
    <p class='ocr_par' dir='ltr' id='par_1_14' title="bbox 253 1531 1824 1608">
     <span class='ocr_line' id='line_1_14' title="bbox 253 1531 1824 1608; baseline -0.004 -16"><span class='ocrx_word' id='word_1_100' title='bbox 253 1539 458 1608; x_wconf 83' lang='lat' dir='ltr'><strong>luptate</strong></span> <span class='ocrx_word' id='word_1_101' title='bbox 501 1536 896 1604; x_wconf 82' lang='lat' dir='ltr'><strong>innumerisque</strong></span> <span class='ocrx_word' id='word_1_102' title='bbox 939 1533 1057 1589; x_wconf 88' lang='lat' dir='ltr'><strong>aliis</strong></span> <span class='ocrx_word' id='word_1_103' title='bbox 1104 1533 1218 1588; x_wconf 90' lang='lat' dir='ltr'><strong>illas</strong></span> <span class='ocrx_word' id='word_1_104' title='bbox 1255 1533 1547 1603; x_wconf 80' lang='lat' dir='ltr'><strong>refringere</strong></span> <span class='ocrx_word' id='word_1_105' title='bbox 1585 1531 1824 1587; x_wconf 87' lang='lat' dir='ltr'><strong>conanti-</strong></span> 
     </span>
    </p>
   </div>
   <div class='ocr_carea' id='block_1_15' title="bbox 255 1622 1822 1695">
    <p class='ocr_par' dir='ltr' id='par_1_15' title="bbox 255 1622 1822 1695">
     <span class='ocr_line' id='line_1_15' title="bbox 255 1622 1822 1695; baseline -0.003 -13"><span class='ocrx_word' id='word_1_106' title='bbox 255 1629 376 1683; x_wconf 86' lang='lat' dir='ltr'><strong>bus.</strong></span> <span class='ocrx_word' id='word_1_107' title='bbox 420 1627 483 1683; x_wconf 89' lang='lat' dir='ltr'><strong>Ut</strong></span> <span class='ocrx_word' id='word_1_108' title='bbox 508 1626 751 1682; x_wconf 86' lang='lat' dir='ltr'><strong>ostendat</strong></span> <span class='ocrx_word' id='word_1_109' title='bbox 772 1636 949 1680; x_wconf 87' lang='lat' dir='ltr'><strong>autem</strong></span> <span class='ocrx_word' id='word_1_110' title='bbox 978 1640 1071 1680; x_wconf 91' lang='lat' dir='ltr'><strong>eos</strong></span> <span class='ocrx_word' id='word_1_111' title='bbox 1096 1625 1239 1695; x_wconf 91' lang='lat' dir='ltr'><strong>ipsos</strong></span> <span class='ocrx_word' id='word_1_112' title='bbox 1263 1624 1528 1695; x_wconf 87' lang='lat' dir='ltr'><strong>principes</strong></span> <span class='ocrx_word' id='word_1_113' title='bbox 1563 1622 1822 1680; x_wconf 83' lang='lat' dir='ltr'><strong>constitu-</strong></span> 
     </span>
    </p>
   </div>
   <div class='ocr_carea' id='block_1_16' title="bbox 251 1714 1821 1786">
    <p class='ocr_par' dir='ltr' id='par_1_16' title="bbox 251 1714 1821 1786">
     <span class='ocr_line' id='line_1_16' title="bbox 251 1714 1821 1786; baseline -0.003 -13"><span class='ocrx_word' id='word_1_114' title='bbox 251 1729 360 1785; x_wconf 86' lang='lat' dir='ltr'><strong>tos,</strong></span> <span class='ocrx_word' id='word_1_115' title='bbox 378 1718 634 1774; x_wconf 82' lang='lat' dir='ltr'><strong>amabiles</strong></span> <span class='ocrx_word' id='word_1_116' title='bbox 667 1718 912 1772; x_wconf 88' lang='lat' dir='ltr'><strong>omnibus</strong></span> <span class='ocrx_word' id='word_1_117' title='bbox 941 1715 1421 1786; x_wconf 82' lang='lat' dir='ltr'><strong>desiderabilcsque</strong></span> <span class='ocrx_word' id='word_1_118' title='bbox 1439 1717 1583 1782; x_wconf 87' lang='lat' dir='ltr'><strong>fore,</strong></span> <span class='ocrx_word' id='word_1_119' title='bbox 1608 1714 1821 1770; x_wconf 88' lang='lat' dir='ltr'><strong>subdit:</strong></span> 
     </span>
    </p>
   </div>
   <div class='ocr_carea' id='block_1_17' title="bbox 255 1805 1822 1880">
    <p class='ocr_par' dir='ltr' id='par_1_17' title="bbox 255 1805 1822 1880">
     <span class='ocr_line' id='line_1_17' title="bbox 255 1805 1822 1880; baseline -0.003 -16"><span class='ocrx_word' id='word_1_120' title='bbox 255 1809 535 1879; x_wconf 77' lang='lat' dir='ltr'><strong>Propterea</strong></span> <span class='ocrx_word' id='word_1_121' title='bbox 561 1809 734 1880; x_wconf 82' lang='lat' dir='ltr'><strong>populi</strong></span> <span class='ocrx_word' id='word_1_122' title='bbox 762 1809 1128 1878; x_wconf 82' lang='lat' dir='ltr'><strong>conﬁtebuntur</strong></span> <span class='ocrx_word' id='word_1_123' title='bbox 1157 1807 1247 1861; x_wconf 81' lang='lat' dir='ltr'><strong>tibi</strong></span> <span class='ocrx_word' id='word_1_124' title='bbox 1275 1808 1328 1861; x_wconf 91' lang='lat' dir='ltr'><strong>in</strong></span> <span class='ocrx_word' id='word_1_125' title='bbox 1365 1805 1606 1861; x_wconf 66' lang='lat' dir='ltr'><strong>saeculum</strong></span> <span class='ocrx_word' id='word_1_126' title='bbox 1647 1805 1822 1877; x_wconf 90' lang='lat' dir='ltr'><strong>(Ibid.</strong></span> 
     </span>
    </p>
   </div>
   <div class='ocr_carea' id='block_1_18' title="bbox 251 1898 1827 1972">
    <p class='ocr_par' dir='ltr' id='par_1_18' title="bbox 251 1898 1827 1972">
     <span class='ocr_line' id='line_1_18' title="bbox 251 1898 1827 1972; baseline 0 -18"><span class='ocrx_word' id='word_1_127' title='bbox 251 1917 301 1954; x_wconf 79' lang='grc' dir='ltr'><strong>υ.</strong></span> <span class='ocrx_word' id='word_1_128' title='bbox 345 1900 471 1972; x_wconf 82' lang='lat' dir='ltr'><strong>l8);</strong></span> <span class='ocrx_word' id='word_1_129' title='bbox 520 1899 572 1954; x_wconf 92' lang='lat' dir='ltr'><strong>id</strong></span> <span class='ocrx_word' id='word_1_130' title='bbox 609 1909 721 1968; x_wconf 89' lang='lat' dir='ltr'><strong>est,</strong></span> <span class='ocrx_word' id='word_1_131' title='bbox 778 1899 973 1970; x_wconf 86' lang='lat' dir='ltr'><strong>gratias</strong></span> <span class='ocrx_word' id='word_1_132' title='bbox 1016 1898 1110 1953; x_wconf 90' lang='lat' dir='ltr'><strong>tibi</strong></span> <span class='ocrx_word' id='word_1_133' title='bbox 1153 1907 1309 1969; x_wconf 88' lang='lat' dir='ltr'><strong>agent</strong></span> <span class='ocrx_word' id='word_1_134' title='bbox 1349 1899 1638 1968; x_wconf 83' lang='lat' dir='ltr'><strong>plurimas,</strong></span> <span class='ocrx_word' id='word_1_135' title='bbox 1685 1900 1827 1970; x_wconf 89' lang='lat' dir='ltr'><strong>quod</strong></span> 
     </span>
    </p>
   </div>
   <div class='ocr_carea' id='block_1_19' title="bbox 257 1989 1828 2062">
    <p class='ocr_par' dir='ltr' id='par_1_19' title="bbox 257 1989 1828 2062">
     <span class='ocr_line' id='line_1_19' title="bbox 257 1989 1828 2062; baseline -0.001 -16"><span class='ocrx_word' id='word_1_136' title='bbox 257 1993 394 2046; x_wconf 82' lang='lat' dir='ltr'><strong>tales</strong></span> <span class='ocrx_word' id='word_1_137' title='bbox 415 1991 682 2062; x_wconf 85' lang='lat' dir='ltr'><strong>principes</strong></span> <span class='ocrx_word' id='word_1_138' title='bbox 717 1989 946 2046; x_wconf 90' lang='lat' dir='ltr'><strong>dederis.</strong></span> <span class='ocrx_word' id='word_1_139' title='bbox 975 1989 1126 2057; x_wconf 84' lang='lat' dir='ltr'><strong>Quod</strong></span> <span class='ocrx_word' id='word_1_140' title='bbox 1157 1989 1459 2060; x_wconf 68' lang='lat' dir='ltr'><strong>prrcdicatio</strong></span> <span class='ocrx_word' id='word_1_141' title='bbox 1489 1991 1680 2061; x_wconf 90' lang='lat' dir='ltr'><strong>ubique</strong></span> <span class='ocrx_word' id='word_1_142' title='bbox 1705 2006 1828 2062; x_wconf 89' lang='lat' dir='ltr'><strong>pro-</strong></span> 
     </span>
    </p>
   </div>
   <div class='ocr_carea' id='block_1_20' title="bbox 256 2081 1826 2153">
    <p class='ocr_par' dir='ltr' id='par_1_20' title="bbox 256 2081 1826 2153">
     <span class='ocr_line' id='line_1_20' title="bbox 256 2081 1826 2153; baseline 0.001 -18"><span class='ocrx_word' id='word_1_143' title='bbox 256 2082 496 2153; x_wconf 79' lang='lat' dir='ltr'><strong>paganda</strong></span> <span class='ocrx_word' id='word_1_144' title='bbox 531 2082 639 2147; x_wconf 81' lang='lat' dir='ltr'><strong>sit,</strong></span> <span class='ocrx_word' id='word_1_145' title='bbox 686 2081 740 2136; x_wconf 87' lang='lat' dir='ltr'><strong>id</strong></span> <span class='ocrx_word' id='word_1_146' title='bbox 784 2095 998 2152; x_wconf 84' lang='lat' dir='ltr'><strong>quoque</strong></span> <span class='ocrx_word' id='word_1_147' title='bbox 1040 2081 1506 2151; x_wconf 69' lang='lat' dir='ltr'><strong>praesignificatum</strong></span> <span class='ocrx_word' id='word_1_148' title='bbox 1546 2091 1629 2136; x_wconf 90' lang='lat' dir='ltr'><strong>est</strong></span> <span class='ocrx_word' id='word_1_149' title='bbox 1663 2081 1826 2138; x_wconf 88' lang='lat' dir='ltr'><strong>:audi</strong></span> 
     </span>
    </p>
   </div>
   <div class='ocr_carea' id='block_1_21' title="bbox 259 2172 1824 2242">
    <p class='ocr_par' dir='ltr' id='par_1_21' title="bbox 259 2172 1824 2242">
     <span class='ocr_line' id='line_1_21' title="bbox 259 2172 1824 2242; baseline 0 -13"><span class='ocrx_word' id='word_1_150' title='bbox 259 2172 511 2230; x_wconf 79' lang='lat' dir='ltr'><strong>Davidem</strong></span> <span class='ocrx_word' id='word_1_151' title='bbox 541 2172 593 2226; x_wconf 91' lang='lat' dir='ltr'><strong>id</strong></span> <span class='ocrx_word' id='word_1_152' title='bbox 621 2172 711 2227; x_wconf 90' lang='lat' dir='ltr'><strong>tibi</strong></span> <span class='ocrx_word' id='word_1_153' title='bbox 729 2172 1082 2228; x_wconf 83' lang='lat' dir='ltr'><strong>declarantem</strong></span> <span class='ocrx_word' id='word_1_154' title='bbox 1099 2173 1180 2227; x_wconf 90' lang='lat' dir='ltr'><strong>bis</strong></span> <span class='ocrx_word' id='word_1_155' title='bbox 1200 2173 1412 2229; x_wconf 89' lang='lat' dir='ltr'><strong>verbis:</strong></span> <span class='ocrx_word' id='word_1_156' title='bbox 1437 2172 1650 2228; x_wconf 82' lang='lat' dir='ltr'><strong>Poslula</strong></span> <span class='ocrx_word' id='word_1_157' title='bbox 1673 2189 1703 2227; x_wconf 91' lang='lat' dir='ltr'><strong>a</strong></span> <span class='ocrx_word' id='word_1_158' title='bbox 1728 2191 1824 2242; x_wconf 86' lang='lat' dir='ltr'><strong>me,</strong></span> 
     </span>
    </p>
   </div>
   <div class='ocr_carea' id='block_1_22' title="bbox 251 2263 1828 2334">
    <p class='ocr_par' dir='ltr' id='par_1_22' title="bbox 251 2263 1828 2334">
     <span class='ocr_line' id='line_1_22' title="bbox 251 2263 1828 2334; baseline 0.001 -18"><span class='ocrx_word' id='word_1_159' title='bbox 251 2272 300 2316; x_wconf 87' lang='lat' dir='ltr'><strong>et</strong></span> <span class='ocrx_word' id='word_1_160' title='bbox 328 2263 460 2317; x_wconf 89' lang='lat' dir='ltr'><strong>dabo</strong></span> <span class='ocrx_word' id='word_1_161' title='bbox 507 2264 595 2317; x_wconf 82' lang='lat' dir='ltr'><strong>tibi</strong></span> <span class='ocrx_word' id='word_1_162' title='bbox 623 2274 793 2334; x_wconf 88' lang='lat' dir='ltr'><strong>gentes</strong></span> <span class='ocrx_word' id='word_1_163' title='bbox 821 2263 1150 2317; x_wconf 76' lang='lat' dir='ltr'><strong>hereditatem</strong></span> <span class='ocrx_word' id='word_1_164' title='bbox 1178 2273 1352 2330; x_wconf 86' lang='lat' dir='ltr'><strong>tuam,</strong></span> <span class='ocrx_word' id='word_1_165' title='bbox 1379 2273 1426 2318; x_wconf 87' lang='lat' dir='ltr'><strong>et</strong></span> <span class='ocrx_word' id='word_1_166' title='bbox 1467 2265 1828 2334; x_wconf 78' lang='lat' dir='ltr'><strong>possessionem</strong></span> 
     </span>
    </p>
   </div>
   <div class='ocr_carea' id='block_1_23' title="bbox 252 2352 1829 2424">
    <p class='ocr_par' dir='ltr' id='par_1_23' title="bbox 252 2352 1829 2424">
     <span class='ocr_line' id='line_1_23' title="bbox 252 2352 1829 2424; baseline 0.004 -20"><span class='ocrx_word' id='word_1_167' title='bbox 252 2363 399 2406; x_wconf 86' lang='lat' dir='ltr'><strong>tuam</strong></span> <span class='ocrx_word' id='word_1_168' title='bbox 422 2354 658 2408; x_wconf 81' lang='lat' dir='ltr'><strong>terminos</strong></span> <span class='ocrx_word' id='word_1_169' title='bbox 682 2362 826 2407; x_wconf 69' lang='lat' dir='ltr'><strong>terra</strong></span> <span class='ocrx_word' id='word_1_170' title='bbox 855 2353 875 2424; x_wconf 98' lang='lat'><strong>(</strong></span> <span class='ocrx_word' id='word_1_171' title='bbox 902 2352 1045 2408; x_wconf 84' lang='lat' dir='ltr'><strong>Psal.</strong></span> <span class='ocrx_word' id='word_1_172' title='bbox 1073 2354 1127 2408; x_wconf 88' lang='lat'><strong>2.</strong></span> <span class='ocrx_word' id='word_1_173' title='bbox 1159 2353 1192 2409; x_wconf 93' lang='grc'>8</span> <span class='ocrx_word' id='word_1_174' title='bbox 1216 2356 1255 2424; x_wconf 92' lang='grc'><strong>).</strong></span> <span class='ocrx_word' id='word_1_175' title='bbox 1286 2354 1512 2424; x_wconf 88' lang='lat' dir='ltr'><strong>ldipsum</strong></span> <span class='ocrx_word' id='word_1_176' title='bbox 1543 2355 1670 2410; x_wconf 84' lang='lat' dir='ltr'><strong>item</strong></span> <span class='ocrx_word' id='word_1_177' title='bbox 1690 2355 1829 2411; x_wconf 86' lang='lat' dir='ltr'><strong>alius</strong></span> 
     </span>
    </p>
   </div>
   <div class='ocr_carea' id='block_1_24' title="bbox 251 2444 1827 2516">
    <p class='ocr_par' dir='ltr' id='par_1_24' title="bbox 251 2444 1827 2516">
     <span class='ocr_line' id='line_1_24' title="bbox 251 2444 1827 2516; baseline 0.002 -17"><span class='ocrx_word' id='word_1_178' title='bbox 251 2445 514 2516; x_wconf 81' lang='lat' dir='ltr'><strong>prephcta</strong></span> <span class='ocrx_word' id='word_1_179' title='bbox 544 2444 735 2501; x_wconf 87' lang='lat' dir='ltr'><strong>alicubi</strong></span> <span class='ocrx_word' id='word_1_180' title='bbox 780 2446 858 2501; x_wconf 90' lang='lat' dir='ltr'><strong>sic</strong></span> <span class='ocrx_word' id='word_1_181' title='bbox 886 2446 1122 2501; x_wconf 89' lang='lat' dir='ltr'><strong>enuntiat</strong></span> <span class='ocrx_word' id='word_1_182' title='bbox 1151 2463 1165 2500; x_wconf 91' lang='lat'><strong>:</strong></span> <span class='ocrx_word' id='word_1_183' title='bbox 1197 2445 1498 2516; x_wconf 82' lang='lat' dir='ltr'><strong>Implebitur</strong></span> <span class='ocrx_word' id='word_1_184' title='bbox 1520 2449 1681 2502; x_wconf 88' lang='lat' dir='ltr'><strong>omnis</strong></span> <span class='ocrx_word' id='word_1_185' title='bbox 1725 2457 1827 2502; x_wconf 87' lang='lat' dir='ltr'><strong>ter-</strong></span> 
     </span>
    </p>
   </div>
   <div class='ocr_carea' id='block_1_25' title="bbox 250 2534 1831 2609">
    <p class='ocr_par' dir='ltr' id='par_1_25' title="bbox 250 2534 1831 2609">
     <span class='ocr_line' id='line_1_25' title="bbox 250 2534 1831 2609; baseline 0.003 -21"><span class='ocrx_word' id='word_1_186' title='bbox 250 2551 316 2588; x_wconf 88' lang='lat' dir='ltr'><strong>ra</strong></span> <span class='ocrx_word' id='word_1_187' title='bbox 342 2536 548 2589; x_wconf 86' lang='lat' dir='ltr'><strong>scientia</strong></span> <span class='ocrx_word' id='word_1_188' title='bbox 576 2534 803 2603; x_wconf 82' lang='lat' dir='ltr'><strong>Domini,</strong></span> <span class='ocrx_word' id='word_1_189' title='bbox 821 2545 868 2590; x_wconf 85' lang='lat' dir='ltr'><strong>et</strong></span> <span class='ocrx_word' id='word_1_190' title='bbox 891 2537 1020 2591; x_wconf 83' lang='lat' dir='ltr'><strong>sicut</strong></span> <span class='ocrx_word' id='word_1_191' title='bbox 1049 2554 1181 2606; x_wconf 86' lang='lat' dir='ltr'><strong>aqua</strong></span> <span class='ocrx_word' id='word_1_192' title='bbox 1205 2539 1510 2608; x_wconf 81' lang='lat' dir='ltr'><strong>multa,qute</strong></span> <span class='ocrx_word' id='word_1_193' title='bbox 1536 2539 1695 2609; x_wconf 86' lang='lat' dir='ltr'><strong>operit</strong></span> <span class='ocrx_word' id='word_1_194' title='bbox 1722 2555 1831 2593; x_wconf 87' lang='lat' dir='ltr'><strong>ma-</strong></span> 
     </span>
    </p>
   </div>
   <div class='ocr_carea' id='block_1_26' title="bbox 252 2623 1826 2698">
    <p class='ocr_par' dir='ltr' id='par_1_26' title="bbox 252 2623 1826 2698">
     <span class='ocr_line' id='line_1_26' title="bbox 252 2623 1826 2698; baseline 0.003 -18"><span class='ocrx_word' id='word_1_195' title='bbox 252 2626 339 2680; x_wconf 86' lang='lat' dir='ltr'><strong>ria</strong></span> <span class='ocrx_word' id='word_1_196' title='bbox 369 2623 568 2695; x_wconf 83' lang='lat' dir='ltr'><strong>(Hesai.</strong></span> <span class='ocrx_word' id='word_1_197' title='bbox 593 2625 684 2680; x_wconf 79' lang='grc' dir='ltr'><strong>Η.</strong></span> <span class='ocrx_word' id='word_1_198' title='bbox 714 2625 792 2698; x_wconf 89' lang='grc'><strong>9).</strong></span> <span class='ocrx_word' id='word_1_199' title='bbox 842 2625 908 2681; x_wconf 83' lang='grc' dir='ltr'><strong>Ει</strong></span> <span class='ocrx_word' id='word_1_200' title='bbox 943 2627 1064 2682; x_wconf 82' lang='lat' dir='ltr'><strong>vide</strong></span> <span class='ocrx_word' id='word_1_201' title='bbox 1115 2627 1420 2683; x_wconf 82' lang='lat' dir='ltr'><strong>facilitatem</strong></span> <span class='ocrx_word' id='word_1_202' title='bbox 1467 2628 1826 2684; x_wconf 80' lang='lat' dir='ltr'><strong>obedientitc;</strong></span> 
     </span>
    </p>
   </div>
   <div class='ocr_carea' id='block_1_27' title="bbox 254 2714 1830 2791">
    <p class='ocr_par' dir='ltr' id='par_1_27' title="bbox 254 2714 1830 2791">
     <span class='ocr_line' id='line_1_27' title="bbox 254 2714 1830 2791; baseline 0.004 -21"><span class='ocrx_word' id='word_1_203' title='bbox 254 2715 389 2770; x_wconf 78' lang='lat' dir='ltr'><strong>Non</strong></span> <span class='ocrx_word' id='word_1_204' title='bbox 432 2715 656 2784; x_wconf 83' lang='lat' dir='ltr'><strong>docebit,</strong></span> <span class='ocrx_word' id='word_1_205' title='bbox 705 2718 810 2785; x_wconf 91' lang='lat' dir='ltr'><strong>ait,</strong></span> <span class='ocrx_word' id='word_1_206' title='bbox 858 2719 1202 2790; x_wconf 87' lang='lat' dir='ltr'><strong>unusquisque</strong></span> <span class='ocrx_word' id='word_1_207' title='bbox 1251 2720 1537 2791; x_wconf 70' lang='lat' dir='ltr'><strong>proximum</strong></span> <span class='ocrx_word' id='word_1_208' title='bbox 1566 2714 1830 2787; x_wconf 41' lang='lat' dir='ltr'><strong>suum,&#39;et</strong></span> 
     </span>
    </p>
   </div>
   <div class='ocr_carea' id='block_1_28' title="bbox 251 2807 1830 2885">
    <p class='ocr_par' dir='ltr' id='par_1_28' title="bbox 251 2807 1830 2885">
     <span class='ocr_line' id='line_1_28' title="bbox 251 2807 1830 2885; baseline 0.004 -23"><span class='ocrx_word' id='word_1_209' title='bbox 251 2810 602 2879; x_wconf 71' lang='lat' dir='ltr'><strong>unusquisque</strong></span> <span class='ocrx_word' id='word_1_210' title='bbox 649 2813 858 2879; x_wconf 80' lang='lat' dir='ltr'><strong>fratrem</strong></span> <span class='ocrx_word' id='word_1_211' title='bbox 899 2825 1049 2866; x_wconf 88' lang='lat' dir='ltr'><strong>suum</strong></span> <span class='ocrx_word' id='word_1_212' title='bbox 1067 2852 1083 2878; x_wconf 92' lang='lat'><strong>,</strong></span> <span class='ocrx_word' id='word_1_213' title='bbox 1133 2807 1304 2867; x_wconf 86' lang='lat' dir='ltr'><strong>dicens</strong></span> <span class='ocrx_word' id='word_1_214' title='bbox 1331 2828 1350 2867; x_wconf 91' lang='lat'><strong><em>:</em></strong></span> <span class='ocrx_word' id='word_1_215' title='bbox 1372 2812 1628 2885; x_wconf 85' lang='lat' dir='ltr'><strong>Cognosce</strong></span> <span class='ocrx_word' id='word_1_216' title='bbox 1652 2813 1830 2868; x_wconf 87' lang='lat' dir='ltr'><strong>Domi-</strong></span> 
     </span>
    </p>
   </div>
   <div class='ocr_carea' id='block_1_29' title="bbox 250 2901 1834 2973">
    <p class='ocr_par' dir='ltr' id='par_1_29' title="bbox 250 2901 1834 2973">
     <span class='ocr_line' id='line_1_29' title="bbox 250 2901 1834 2973; baseline 0.003 -19"><span class='ocrx_word' id='word_1_217' title='bbox 250 2916 387 2954; x_wconf 68' lang='lat' dir='ltr'><strong>num</strong></span> <span class='ocrx_word' id='word_1_218' title='bbox 414 2915 434 2954; x_wconf 89' lang='lat'><strong><em>:</em></strong></span> <span class='ocrx_word' id='word_1_219' title='bbox 455 2901 570 2970; x_wconf 80' lang='lat' dir='ltr'><strong>quia</strong></span> <span class='ocrx_word' id='word_1_220' title='bbox 589 2917 760 2955; x_wconf 83' lang='lat' dir='ltr'><strong>omnes</strong></span> <span class='ocrx_word' id='word_1_221' title='bbox 783 2912 1078 2973; x_wconf 82' lang='lat' dir='ltr'><strong>cognoscent</strong></span> <span class='ocrx_word' id='word_1_222' title='bbox 1102 2920 1180 2958; x_wconf 86' lang='lat' dir='ltr'><strong>me</strong></span> <span class='ocrx_word' id='word_1_223' title='bbox 1203 2920 1234 2956; x_wconf 89' lang='lat' dir='ltr'><strong>a</strong></span> <span class='ocrx_word' id='word_1_224' title='bbox 1258 2904 1464 2957; x_wconf 84' lang='lat' dir='ltr'><strong>minimo</strong></span> <span class='ocrx_word' id='word_1_225' title='bbox 1486 2905 1688 2958; x_wconf 87' lang='lat' dir='ltr'><strong>illorum</strong></span> <span class='ocrx_word' id='word_1_226' title='bbox 1709 2945 1723 2970; x_wconf 95' lang='lat'><strong>,</strong></span> <span class='ocrx_word' id='word_1_227' title='bbox 1746 2919 1834 2960; x_wconf 79' lang='lat' dir='ltr'><strong>us-</strong></span> 
     </span>
    </p>
   </div>
   <div class='ocr_carea' id='block_1_30' title="bbox 248 2993 1833 3066">
    <p class='ocr_par' dir='ltr' id='par_1_30' title="bbox 248 2993 1833 3066">
     <span class='ocr_line' id='line_1_30' title="bbox 248 2993 1833 3066; baseline 0.006 -23"><span class='ocrx_word' id='word_1_228' title='bbox 248 3008 359 3063; x_wconf 63' lang='lat' dir='ltr'><strong>qu</strong></span> <span class='ocrx_word' id='word_1_229' title='bbox 375 2993 444 3044; x_wconf 85' lang='lat' dir='ltr'><strong>ad</strong></span> <span class='ocrx_word' id='word_1_230' title='bbox 462 2993 737 3046; x_wconf 70' lang='lat' dir='ltr'><strong>maximum</strong></span> <span class='ocrx_word' id='word_1_231' title='bbox 764 2993 964 3048; x_wconf 81' lang='lat' dir='ltr'><strong>illorum</strong></span> <span class='ocrx_word' id='word_1_232' title='bbox 987 2993 1116 3065; x_wconf 81' lang='lat' dir='ltr'><strong>(Jer.</strong></span> <span class='ocrx_word' id='word_1_233' title='bbox 1147 2995 1234 3051; x_wconf 87' lang='lat'><strong>5|.</strong></span> <span class='ocrx_word' id='word_1_234' title='bbox 1255 2994 1367 3066; x_wconf 65' lang='lat' dir='ltr'><strong>5t).</strong></span> <span class='ocrx_word' id='word_1_235' title='bbox 1386 2995 1632 3050; x_wconf 86' lang='lat' dir='ltr'><strong>Firmitas</strong></span> <span class='ocrx_word' id='word_1_236' title='bbox 1649 2995 1833 3052; x_wconf 74' lang='lat' dir='ltr'><strong>Eccle-</strong></span> 
     </span>
    </p>
   </div>
   <div class='ocr_carea' id='block_1_31' title="bbox 248 3082 1834 3157">
    <p class='ocr_par' dir='ltr' id='par_1_31' title="bbox 248 3082 1834 3157">
     <span class='ocr_line' id='line_1_31' title="bbox 248 3082 1834 3157; baseline 0.002 -20"><span class='ocrx_word' id='word_1_237' title='bbox 248 3083 360 3137; x_wconf 67' lang='lat' dir='ltr'><strong>sia:</strong></span> <span class='ocrx_word' id='word_1_238' title='bbox 395 3082 477 3136; x_wconf 80' lang='lat' dir='ltr'><strong>his</strong></span> <span class='ocrx_word' id='word_1_239' title='bbox 511 3082 848 3138; x_wconf 83' lang='lat' dir='ltr'><strong>declaratur:</strong></span> <span class='ocrx_word' id='word_1_240' title='bbox 876 3083 990 3138; x_wconf 88' lang='lat' dir='ltr'><strong>Erit</strong></span> <span class='ocrx_word' id='word_1_241' title='bbox 1013 3085 1064 3138; x_wconf 91' lang='lat' dir='ltr'><strong>in</strong></span> <span class='ocrx_word' id='word_1_242' title='bbox 1097 3085 1378 3140; x_wconf 81' lang='lat' dir='ltr'><strong>novissimis</strong></span> <span class='ocrx_word' id='word_1_243' title='bbox 1422 3085 1595 3140; x_wconf 85' lang='lat' dir='ltr'><strong>diebus</strong></span> <span class='ocrx_word' id='word_1_244' title='bbox 1633 3087 1834 3157; x_wconf 84' lang='lat' dir='ltr'><strong>conspi-</strong></span> 
     </span>
    </p>
   </div>
   <div class='ocr_carea' id='block_1_32' title="bbox 246 3171 1834 3244">
    <p class='ocr_par' dir='ltr' id='par_1_32' title="bbox 246 3171 1834 3244">
     <span class='ocr_line' id='line_1_32' title="bbox 246 3171 1834 3244; baseline 0.004 -18"><span class='ocrx_word' id='word_1_245' title='bbox 246 3187 390 3226; x_wconf 74' lang='lat' dir='ltr'><strong>cuus</strong></span> <span class='ocrx_word' id='word_1_246' title='bbox 418 3187 560 3227; x_wconf 83' lang='lat' dir='ltr'><strong>mons</strong></span> <span class='ocrx_word' id='word_1_247' title='bbox 587 3171 793 3228; x_wconf 80' lang='lat' dir='ltr'><strong>Domini</strong></span> <span class='ocrx_word' id='word_1_248' title='bbox 816 3191 972 3244; x_wconf 86' lang='lat' dir='ltr'><strong>supra</strong></span> <span class='ocrx_word' id='word_1_249' title='bbox 996 3175 1225 3230; x_wconf 86' lang='lat' dir='ltr'><strong>verticem</strong></span> <span class='ocrx_word' id='word_1_250' title='bbox 1264 3176 1506 3229; x_wconf 89' lang='lat' dir='ltr'><strong>ntontium</strong></span> <span class='ocrx_word' id='word_1_251' title='bbox 1529 3176 1706 3231; x_wconf 87' lang='lat' dir='ltr'><strong>domus</strong></span> <span class='ocrx_word' id='word_1_252' title='bbox 1728 3175 1834 3232; x_wconf 83' lang='lat' dir='ltr'><strong>Do-</strong></span> 
     </span>
    </p>
   </div>
   <div class='ocr_carea' id='block_1_33' title="bbox 248 3263 1836 3340">
    <p class='ocr_par' dir='ltr' id='par_1_33' title="bbox 248 3263 1836 3340">
     <span class='ocr_line' id='line_1_33' title="bbox 248 3263 1836 3340; baseline 0.004 -23"><span class='ocrx_word' id='word_1_253' title='bbox 248 3263 390 3317; x_wconf 76' lang='lat' dir='ltr'><strong>mini</strong></span> <span class='ocrx_word' id='word_1_254' title='bbox 407 3303 423 3328; x_wconf 97' lang='lat'><strong>,</strong></span> <span class='ocrx_word' id='word_1_255' title='bbox 456 3273 503 3317; x_wconf 90' lang='lat' dir='ltr'><strong>et</strong></span> <span class='ocrx_word' id='word_1_256' title='bbox 526 3263 796 3318; x_wconf 79' lang='lat' dir='ltr'><strong>eleoabitur</strong></span> <span class='ocrx_word' id='word_1_257' title='bbox 826 3281 979 3336; x_wconf 87' lang='lat' dir='ltr'><strong>super</strong></span> <span class='ocrx_word' id='word_1_258' title='bbox 1002 3266 1156 3320; x_wconf 83' lang='lat' dir='ltr'><strong>colles</strong></span> <span class='ocrx_word' id='word_1_259' title='bbox 1177 3307 1191 3332; x_wconf 95' lang='lat'><strong>,</strong></span> <span class='ocrx_word' id='word_1_260' title='bbox 1224 3275 1272 3320; x_wconf 93' lang='lat' dir='ltr'><strong>et</strong></span> <span class='ocrx_word' id='word_1_261' title='bbox 1294 3267 1488 3321; x_wconf 81' lang='lat' dir='ltr'><strong>venient</strong></span> <span class='ocrx_word' id='word_1_262' title='bbox 1516 3268 1584 3320; x_wconf 86' lang='lat' dir='ltr'><strong>ad</strong></span> <span class='ocrx_word' id='word_1_263' title='bbox 1607 3285 1715 3322; x_wconf 89' lang='lat' dir='ltr'><strong>eam</strong></span> <span class='ocrx_word' id='word_1_264' title='bbox 1743 3285 1836 3340; x_wconf 82' lang='lat' dir='ltr'><strong>po-</strong></span> 
     </span>
    </p>
   </div>
   <div class='ocr_carea' id='block_1_34' title="bbox 248 3354 1836 3429">
    <p class='ocr_par' dir='ltr' id='par_1_34' title="bbox 248 3354 1836 3429">
     <span class='ocr_line' id='line_1_34' title="bbox 248 3354 1836 3429; baseline 0.006 -23"><span class='ocrx_word' id='word_1_265' title='bbox 248 3356 373 3426; x_wconf 68' lang='lat' dir='ltr'><strong>puli</strong></span> <span class='ocrx_word' id='word_1_266' title='bbox 395 3354 542 3408; x_wconf 85' lang='lat' dir='ltr'><strong>multi</strong></span> <span class='ocrx_word' id='word_1_267' title='bbox 587 3365 634 3410; x_wconf 90' lang='lat' dir='ltr'><strong>et</strong></span> <span class='ocrx_word' id='word_1_268' title='bbox 674 3364 844 3426; x_wconf 86' lang='lat' dir='ltr'><strong>gentes</strong></span> <span class='ocrx_word' id='word_1_269' title='bbox 885 3357 1056 3411; x_wconf 70' lang='lat' dir='ltr'><strong>multa:</strong></span> <span class='ocrx_word' id='word_1_270' title='bbox 1087 3357 1287 3428; x_wconf 82' lang='lat' dir='ltr'><strong>(Hesai.</strong></span> <span class='ocrx_word' id='word_1_271' title='bbox 1327 3358 1382 3412; x_wconf 95' lang='lat'><strong>2.</strong></span> <span class='ocrx_word' id='word_1_272' title='bbox 1427 3357 1507 3429; x_wconf 89' lang='lat'><strong>2).</strong></span> <span class='ocrx_word' id='word_1_273' title='bbox 1531 3359 1682 3426; x_wconf 89' lang='lat' dir='ltr'><strong>Quod</strong></span> <span class='ocrx_word' id='word_1_274' title='bbox 1710 3375 1836 3416; x_wconf 86' lang='lat' dir='ltr'><strong>vero</strong></span> 
     </span>
    </p>
   </div>
   <div class='ocr_carea' id='block_1_35' title="bbox 246 3446 1835 3514">
    <p class='ocr_par' dir='ltr' id='par_1_35' title="bbox 246 3446 1835 3514">
     <span class='ocr_line' id='line_1_35' title="bbox 246 3446 1835 3514; baseline 0.003 -12"><span class='ocrx_word' id='word_1_275' title='bbox 246 3462 372 3502; x_wconf 88' lang='lat' dir='ltr'><strong>non</strong></span> <span class='ocrx_word' id='word_1_276' title='bbox 400 3446 550 3501; x_wconf 81' lang='lat' dir='ltr'><strong>ﬁrma</strong></span> <span class='ocrx_word' id='word_1_277' title='bbox 581 3455 782 3501; x_wconf 89' lang='lat' dir='ltr'><strong>tantum</strong></span> <span class='ocrx_word' id='word_1_278' title='bbox 799 3487 814 3514; x_wconf 92' lang='lat'><strong>,</strong></span> <span class='ocrx_word' id='word_1_279' title='bbox 837 3447 1004 3502; x_wconf 87' lang='lat' dir='ltr'><strong>solida</strong></span> <span class='ocrx_word' id='word_1_280' title='bbox 1029 3456 1083 3504; x_wconf 91' lang='lat' dir='ltr'><strong>et</strong></span> <span class='ocrx_word' id='word_1_281' title='bbox 1110 3447 1395 3504; x_wconf 87' lang='lat' dir='ltr'><strong>immobilis</strong></span> <span class='ocrx_word' id='word_1_282' title='bbox 1415 3449 1586 3506; x_wconf 89' lang='lat' dir='ltr'><strong>futura</strong></span> <span class='ocrx_word' id='word_1_283' title='bbox 1616 3450 1717 3513; x_wconf 87' lang='lat' dir='ltr'><strong>sit,</strong></span> <span class='ocrx_word' id='word_1_284' title='bbox 1740 3450 1835 3506; x_wconf 86' lang='lat' dir='ltr'><strong>sed</strong></span> 
     </span>
    </p>
   </div>
   <div class='ocr_carea' id='block_1_36' title="bbox 245 3537 1836 3611">
    <p class='ocr_par' dir='ltr' id='par_1_36' title="bbox 245 3537 1836 3611">
     <span class='ocr_line' id='line_1_36' title="bbox 245 3537 1836 3611; baseline 0.002 -18"><span class='ocrx_word' id='word_1_285' title='bbox 245 3539 426 3593; x_wconf 81' lang='lat' dir='ltr'><strong>etiam</strong></span> <span class='ocrx_word' id='word_1_286' title='bbox 452 3537 670 3591; x_wconf 88' lang='lat' dir='ltr'><strong>multam</strong></span> <span class='ocrx_word' id='word_1_287' title='bbox 693 3537 808 3592; x_wconf 87' lang='lat' dir='ltr'><strong>orbi</strong></span> <span class='ocrx_word' id='word_1_288' title='bbox 849 3553 1032 3608; x_wconf 87' lang='lat' dir='ltr'><strong>pacem</strong></span> <span class='ocrx_word' id='word_1_289' title='bbox 1073 3539 1145 3594; x_wconf 90' lang='lat' dir='ltr'><strong>sit</strong></span> <span class='ocrx_word' id='word_1_290' title='bbox 1169 3540 1547 3607; x_wconf 89' lang='lat' dir='ltr'><strong>conciliatura,</strong></span> <span class='ocrx_word' id='word_1_291' title='bbox 1590 3541 1836 3611; x_wconf 86' lang='lat' dir='ltr'><strong>quodque</strong></span> 
     </span>
    </p>
   </div>
   <div class='ocr_carea' id='block_1_37' title="bbox 247 3630 1838 3702">
    <p class='ocr_par' dir='ltr' id='par_1_37' title="bbox 247 3630 1838 3702">
     <span class='ocr_line' id='line_1_37' title="bbox 247 3630 1838 3702; baseline 0.003 -17"><span class='ocrx_word' id='word_1_292' title='bbox 247 3640 392 3685; x_wconf 84' lang='lat' dir='ltr'><strong>tunc</strong></span> <span class='ocrx_word' id='word_1_293' title='bbox 433 3630 720 3685; x_wconf 89' lang='lat' dir='ltr'><strong>multorum</strong></span> <span class='ocrx_word' id='word_1_294' title='bbox 763 3631 1086 3702; x_wconf 83' lang='lat' dir='ltr'><strong>principatus</strong></span> <span class='ocrx_word' id='word_1_295' title='bbox 1111 3672 1126 3698; x_wconf 90' lang='lat'><strong>,</strong></span> <span class='ocrx_word' id='word_1_296' title='bbox 1176 3640 1286 3687; x_wconf 89' lang='lat' dir='ltr'><strong>tum</strong></span> <span class='ocrx_word' id='word_1_297' title='bbox 1331 3632 1653 3688; x_wconf 84' lang='lat' dir='ltr'><strong>monarchiae</strong></span> <span class='ocrx_word' id='word_1_298' title='bbox 1690 3633 1838 3689; x_wconf 87' lang='lat' dir='ltr'><strong>aufe-</strong></span> 
     </span>
    </p>
   </div>
   <div class='ocr_carea' id='block_1_38' title="bbox 247 3719 1834 3794">
    <p class='ocr_par' dir='ltr' id='par_1_38' title="bbox 247 3719 1834 3794">
     <span class='ocr_line' id='line_1_38' title="bbox 247 3719 1834 3794; baseline 0.001 -18"><span class='ocrx_word' id='word_1_299' title='bbox 247 3719 447 3776; x_wconf 67' lang='lat' dir='ltr'><strong>renda:</strong></span> <span class='ocrx_word' id='word_1_300' title='bbox 471 3721 580 3775; x_wconf 84' lang='lat' dir='ltr'><strong>sint</strong></span> <span class='ocrx_word' id='word_1_301' title='bbox 602 3738 618 3774; x_wconf 90' lang='lat'><strong>:</strong></span> <span class='ocrx_word' id='word_1_302' title='bbox 643 3737 804 3776; x_wconf 80' lang='lat' dir='ltr'><strong>unum</strong></span> <span class='ocrx_word' id='word_1_303' title='bbox 834 3732 1014 3778; x_wconf 88' lang='lat' dir='ltr'><strong>autem</strong></span> <span class='ocrx_word' id='word_1_304' title='bbox 1039 3722 1094 3778; x_wconf 88' lang='lat' dir='ltr'><strong>in</strong></span> <span class='ocrx_word' id='word_1_305' title='bbox 1119 3737 1305 3778; x_wconf 87' lang='lat' dir='ltr'><strong>omnes</strong></span> <span class='ocrx_word' id='word_1_306' title='bbox 1329 3739 1550 3794; x_wconf 83' lang='lat' dir='ltr'><strong>regnum</strong></span> <span class='ocrx_word' id='word_1_307' title='bbox 1578 3723 1834 3790; x_wconf 88' lang='lat' dir='ltr'><strong>futurum,</strong></span> 
     </span>
    </p>
   </div>
   <div class='ocr_carea' id='block_1_39' title="bbox 242 3815 1832 3888">
    <p class='ocr_par' dir='ltr' id='par_1_39' title="bbox 242 3815 1832 3888">
     <span class='ocr_line' id='line_1_39' title="bbox 242 3815 1832 3888; baseline 0.001 -17"><span class='ocrx_word' id='word_1_308' title='bbox 242 3828 311 3871; x_wconf 82' lang='lat' dir='ltr'><strong>et</strong></span> <span class='ocrx_word' id='word_1_309' title='bbox 356 3815 732 3870; x_wconf 87' lang='lat' dir='ltr'><strong>abundantiori</strong></span> <span class='ocrx_word' id='word_1_310' title='bbox 770 3830 900 3885; x_wconf 92' lang='lat' dir='ltr'><strong>pace</strong></span> <span class='ocrx_word' id='word_1_311' title='bbox 937 3815 1216 3871; x_wconf 83' lang='lat' dir='ltr'><strong>fruiturum</strong></span> <span class='ocrx_word' id='word_1_312' title='bbox 1243 3856 1258 3882; x_wconf 92' lang='lat'><strong>,</strong></span> <span class='ocrx_word' id='word_1_313' title='bbox 1295 3831 1401 3872; x_wconf 90' lang='lat' dir='ltr'><strong>non</strong></span> <span class='ocrx_word' id='word_1_314' title='bbox 1449 3816 1584 3872; x_wconf 90' lang='lat' dir='ltr'><strong>sicut</strong></span> <span class='ocrx_word' id='word_1_315' title='bbox 1640 3819 1787 3888; x_wconf 91' lang='lat' dir='ltr'><strong>prius</strong></span> <span class='ocrx_word' id='word_1_316' title='bbox 1819 3836 1832 3872; x_wconf 87' lang='lat'><strong>:</strong></span> 
     </span>
    </p>
   </div>
   <div class='ocr_carea' id='block_1_40' title="bbox 245 3907 1838 3978">
    <p class='ocr_par' dir='ltr' id='par_1_40' title="bbox 245 3907 1838 3978">
     <span class='ocr_line' id='line_1_40' title="bbox 245 3907 1838 3978; baseline 0.002 -16"><span class='ocrx_word' id='word_1_317' title='bbox 245 3924 386 3962; x_wconf 85' lang='lat' dir='ltr'><strong>nam</strong></span> <span class='ocrx_word' id='word_1_318' title='bbox 435 3908 624 3977; x_wconf 85' lang='lat' dir='ltr'><strong>priscis</strong></span> <span class='ocrx_word' id='word_1_319' title='bbox 649 3907 976 3978; x_wconf 85' lang='lat' dir='ltr'><strong>temporibus</strong></span> <span class='ocrx_word' id='word_1_320' title='bbox 1001 3908 1230 3963; x_wconf 85' lang='lat' dir='ltr'><strong>artifices</strong></span> <span class='ocrx_word' id='word_1_321' title='bbox 1268 3922 1456 3964; x_wconf 88' lang='lat' dir='ltr'><strong>omnes</strong></span> <span class='ocrx_word' id='word_1_322' title='bbox 1503 3917 1557 3965; x_wconf 87' lang='lat' dir='ltr'><strong>et</strong></span> <span class='ocrx_word' id='word_1_323' title='bbox 1596 3909 1838 3965; x_wconf 88' lang='lat' dir='ltr'><strong>rhetores</strong></span> 
     </span>
    </p>
   </div>
   <div class='ocr_carea' id='block_1_41' title="bbox 242 3999 1838 4072">
    <p class='ocr_par' dir='ltr' id='par_1_41' title="bbox 242 3999 1838 4072">
     <span class='ocr_line' id='line_1_41' title="bbox 242 3999 1838 4072; baseline 0.003 -20"><span class='ocrx_word' id='word_1_324' title='bbox 242 4001 426 4054; x_wconf 82' lang='lat' dir='ltr'><strong>armis</strong></span> <span class='ocrx_word' id='word_1_325' title='bbox 450 3999 690 4053; x_wconf 85' lang='lat' dir='ltr'><strong>instructi</strong></span> <span class='ocrx_word' id='word_1_326' title='bbox 716 4007 900 4064; x_wconf 87' lang='lat' dir='ltr'><strong>crant,</strong></span> <span class='ocrx_word' id='word_1_327' title='bbox 926 4007 982 4054; x_wconf 91' lang='lat' dir='ltr'><strong>et</strong></span> <span class='ocrx_word' id='word_1_328' title='bbox 1006 3999 1057 4054; x_wconf 90' lang='lat' dir='ltr'><strong>in</strong></span> <span class='ocrx_word' id='word_1_329' title='bbox 1087 3999 1199 4055; x_wconf 88' lang='lat' dir='ltr'><strong>acie</strong></span> <span class='ocrx_word' id='word_1_330' title='bbox 1221 3999 1430 4055; x_wconf 87' lang='lat' dir='ltr'><strong>stabant</strong></span> <span class='ocrx_word' id='word_1_331' title='bbox 1461 4018 1474 4055; x_wconf 92' lang='lat'><strong>:</strong></span> <span class='ocrx_word' id='word_1_332' title='bbox 1505 4010 1624 4072; x_wconf 90' lang='lat' dir='ltr'><strong>post</strong></span> <span class='ocrx_word' id='word_1_333' title='bbox 1641 4001 1838 4057; x_wconf 85' lang='lat' dir='ltr'><strong>adven-</strong></span> 
     </span>
    </p>
   </div>
   <div class='ocr_carea' id='block_1_42' title="bbox 247 4087 1836 4159">
    <p class='ocr_par' dir='ltr' id='par_1_42' title="bbox 247 4087 1836 4159">
     <span class='ocr_line' id='line_1_42' title="bbox 247 4087 1836 4159; baseline 0.004 -17"><span class='ocrx_word' id='word_1_334' title='bbox 247 4099 376 4144; x_wconf 79' lang='lat' dir='ltr'><strong>tum</strong></span> <span class='ocrx_word' id='word_1_335' title='bbox 401 4105 532 4144; x_wconf 85' lang='lat' dir='ltr'><strong>vero</strong></span> <span class='ocrx_word' id='word_1_336' title='bbox 559 4087 753 4143; x_wconf 82' lang='lat' dir='ltr'><strong>Christi</strong></span> <span class='ocrx_word' id='word_1_337' title='bbox 795 4089 910 4145; x_wconf 73' lang='lat' dir='ltr'><strong>htec</strong></span> <span class='ocrx_word' id='word_1_338' title='bbox 937 4091 1112 4145; x_wconf 91' lang='lat' dir='ltr'><strong>omnia</strong></span> <span class='ocrx_word' id='word_1_339' title='bbox 1137 4091 1306 4145; x_wconf 90' lang='lat' dir='ltr'><strong>soluta</strong></span> <span class='ocrx_word' id='word_1_340' title='bbox 1343 4100 1465 4146; x_wconf 87' lang='lat' dir='ltr'><strong>sunt</strong></span> <span class='ocrx_word' id='word_1_341' title='bbox 1487 4134 1502 4159; x_wconf 93' lang='lat'><strong>,</strong></span> <span class='ocrx_word' id='word_1_342' title='bbox 1528 4102 1582 4148; x_wconf 91' lang='lat' dir='ltr'><strong>et</strong></span> <span class='ocrx_word' id='word_1_343' title='bbox 1621 4093 1755 4148; x_wconf 89' lang='lat' dir='ltr'><strong>bella</strong></span> <span class='ocrx_word' id='word_1_344' title='bbox 1784 4095 1836 4148; x_wconf 86' lang='lat' dir='ltr'><strong>in</strong></span> 
     </span>
    </p>
   </div>
   <div class='ocr_carea' id='block_1_43' title="bbox 243 4176 1836 4250">
    <p class='ocr_par' dir='ltr' id='par_1_43' title="bbox 243 4176 1836 4250">
     <span class='ocr_line' id='line_1_43' title="bbox 243 4176 1836 4250; baseline 0.003 -16"><span class='ocrx_word' id='word_1_345' title='bbox 243 4180 608 4234; x_wconf 81' lang='lat' dir='ltr'><strong>constitutam</strong></span> <span class='ocrx_word' id='word_1_346' title='bbox 651 4189 855 4250; x_wconf 88' lang='lat' dir='ltr'><strong>partem</strong></span> <span class='ocrx_word' id='word_1_347' title='bbox 896 4180 1117 4235; x_wconf 86' lang='lat' dir='ltr'><strong>seorsim</strong></span> <span class='ocrx_word' id='word_1_348' title='bbox 1147 4191 1560 4248; x_wconf 88' lang='lat' dir='ltr'><strong>concesserunt;</strong></span> <span class='ocrx_word' id='word_1_349' title='bbox 1600 4176 1836 4238; x_wconf 73' lang='lat' dir='ltr'><strong>hoc&#39;do-</strong></span> 
     </span>
    </p>
   </div>
   <div class='ocr_carea' id='block_1_44' title="bbox 241 4269 1838 4343">
    <p class='ocr_par' dir='ltr' id='par_1_44' title="bbox 241 4269 1838 4343">
     <span class='ocr_line' id='line_1_44' title="bbox 241 4269 1838 4343; baseline 0.001 -18"><span class='ocrx_word' id='word_1_350' title='bbox 241 4284 394 4325; x_wconf 82' lang='lat' dir='ltr'><strong>cens</strong></span> <span class='ocrx_word' id='word_1_351' title='bbox 419 4271 680 4339; x_wconf 81' lang='lat' dir='ltr'><strong>propheta</strong></span> <span class='ocrx_word' id='word_1_352' title='bbox 705 4270 917 4340; x_wconf 90' lang='lat' dir='ltr'><strong>quidam</strong></span> <span class='ocrx_word' id='word_1_353' title='bbox 943 4270 1186 4325; x_wconf 87' lang='lat' dir='ltr'><strong>dicebat:</strong></span> <span class='ocrx_word' id='word_1_354' title='bbox 1211 4269 1279 4323; x_wconf 86' lang='lat' dir='ltr'><strong>Et</strong></span> <span class='ocrx_word' id='word_1_355' title='bbox 1305 4273 1619 4343; x_wconf 80' lang='lat' dir='ltr'><strong>confringent</strong></span> <span class='ocrx_word' id='word_1_356' title='bbox 1639 4271 1838 4343; x_wconf 83' lang='lat' dir='ltr'><strong>gladios</strong></span> 
     </span>
    </p>
   </div>
   <div class='ocr_carea' id='block_1_45' title="bbox 243 4361 1838 4431">
    <p class='ocr_par' dir='ltr' id='par_1_45' title="bbox 243 4361 1838 4431">
     <span class='ocr_line' id='line_1_45' title="bbox 243 4361 1838 4431; baseline 0.001 -16"><span class='ocrx_word' id='word_1_357' title='bbox 243 4377 383 4415; x_wconf 67' lang='lat' dir='ltr'><strong>suos</strong></span> <span class='ocrx_word' id='word_1_358' title='bbox 407 4361 461 4415; x_wconf 87' lang='lat' dir='ltr'><strong>in</strong></span> <span class='ocrx_word' id='word_1_359' title='bbox 490 4376 707 4415; x_wconf 76' lang='lat' dir='ltr'><strong>uomeres</strong></span> <span class='ocrx_word' id='word_1_360' title='bbox 729 4403 743 4428; x_wconf 96' lang='lat'><strong>,</strong></span> <span class='ocrx_word' id='word_1_361' title='bbox 775 4371 821 4414; x_wconf 91' lang='lat' dir='ltr'><strong>et</strong></span> <span class='ocrx_word' id='word_1_362' title='bbox 841 4362 1039 4415; x_wconf 77' lang='lat' dir='ltr'><strong>lanceas</strong></span> <span class='ocrx_word' id='word_1_363' title='bbox 1064 4378 1184 4417; x_wconf 89' lang='lat' dir='ltr'><strong>suas</strong></span> <span class='ocrx_word' id='word_1_364' title='bbox 1211 4363 1262 4415; x_wconf 91' lang='lat' dir='ltr'><strong>in</strong></span> <span class='ocrx_word' id='word_1_365' title='bbox 1292 4363 1445 4431; x_wconf 81' lang='lat' dir='ltr'><strong>falces</strong></span> <span class='ocrx_word' id='word_1_366' title='bbox 1474 4377 1493 4415; x_wconf 91' lang='lat'><strong><em>:</em></strong></span> <span class='ocrx_word' id='word_1_367' title='bbox 1522 4372 1569 4418; x_wconf 89' lang='lat' dir='ltr'><strong>et</strong></span> <span class='ocrx_word' id='word_1_368' title='bbox 1606 4379 1706 4416; x_wconf 88' lang='lat' dir='ltr'><strong>non</strong></span> <span class='ocrx_word' id='word_1_369' title='bbox 1747 4380 1838 4416; x_wconf 85' lang='lat' dir='ltr'><strong>su-</strong></span> 
     </span>
    </p>
   </div>
   <div class='ocr_carea' id='block_1_46' title="bbox 243 4455 1840 4525">
    <p class='ocr_par' dir='ltr' id='par_1_46' title="bbox 243 4455 1840 4525">
     <span class='ocr_line' id='line_1_46' title="bbox 243 4455 1840 4525; baseline 0.002 -18"><span class='ocrx_word' id='word_1_370' title='bbox 243 4464 362 4508; x_wconf 77' lang='lat' dir='ltr'><strong>nset</strong></span> <span class='ocrx_word' id='word_1_371' title='bbox 387 4470 512 4524; x_wconf 87' lang='lat' dir='ltr'><strong>gens</strong></span> <span class='ocrx_word' id='word_1_372' title='bbox 539 4464 713 4508; x_wconf 83' lang='lat' dir='ltr'><strong>contra</strong></span> <span class='ocrx_word' id='word_1_373' title='bbox 732 4463 927 4524; x_wconf 87' lang='lat' dir='ltr'><strong>gentem</strong></span> <span class='ocrx_word' id='word_1_374' title='bbox 945 4455 1171 4525; x_wconf 78' lang='lat' dir='ltr'><strong>gladium</strong></span> <span class='ocrx_word' id='word_1_375' title='bbox 1190 4495 1205 4522; x_wconf 87' lang='lat'><strong>,</strong></span> <span class='ocrx_word' id='word_1_376' title='bbox 1226 4465 1274 4509; x_wconf 89' lang='lat' dir='ltr'><strong>et</strong></span> <span class='ocrx_word' id='word_1_377' title='bbox 1298 4471 1399 4509; x_wconf 87' lang='lat' dir='ltr'><strong>non</strong></span> <span class='ocrx_word' id='word_1_378' title='bbox 1418 4455 1604 4510; x_wconf 83' lang='lat' dir='ltr'><strong>discent</strong></span> <span class='ocrx_word' id='word_1_379' title='bbox 1622 4457 1840 4525; x_wconf 87' lang='lat' dir='ltr'><strong>amplius</strong></span> 
     </span>
    </p>
   </div>
   <div class='ocr_carea' id='block_1_47' title="bbox 246 4529 1837 4616">
    <p class='ocr_par' dir='ltr' id='par_1_47' title="bbox 246 4529 1837 4616">
     <span class='ocr_line' id='line_1_47' title="bbox 246 4529 1837 4616; baseline 0.002 -18"><span class='ocrx_word' id='word_1_380' title='bbox 246 4545 455 4599; x_wconf 76' lang='lat' dir='ltr'><strong>bettum</strong></span> <span class='ocrx_word' id='word_1_381' title='bbox 485 4543 648 4614; x_wconf 79' lang='lat' dir='ltr'><strong>(Ibid.</strong></span> <span class='ocrx_word' id='word_1_382' title='bbox 673 4562 721 4602; x_wconf 88' lang='lat' dir='ltr'><strong>v.</strong></span> <span class='ocrx_word' id='word_1_383' title='bbox 745 4545 822 4616; x_wconf 71' lang='lat'><strong>4).</strong></span> <span class='ocrx_word' id='word_1_384' title='bbox 853 4546 983 4600; x_wconf 81' lang='lat' dir='ltr'><strong>Nam</strong></span> <span class='ocrx_word' id='word_1_385' title='bbox 1010 4546 1156 4614; x_wconf 87' lang='lat' dir='ltr'><strong>prius</strong></span> <span class='ocrx_word' id='word_1_386' title='bbox 1194 4546 1246 4600; x_wconf 90' lang='lat' dir='ltr'><strong>in</strong></span> <span class='ocrx_word' id='word_1_387' title='bbox 1281 4545 1386 4601; x_wconf 88' lang='lat' dir='ltr'><strong>illis</strong></span> <span class='ocrx_word' id='word_1_388' title='bbox 1405 4560 1589 4600; x_wconf 88' lang='lat' dir='ltr'><strong>omnes</strong></span> <span class='ocrx_word' id='word_1_389' title='bbox 1617 4529 1837 4602; x_wconf 70' lang='lat' dir='ltr'><strong>exerce-</strong></span> 
     </span>
    </p>
   </div>
   <div class='ocr_carea' id='block_1_48' title="bbox 245 4635 1839 4707">
    <p class='ocr_par' dir='ltr' id='par_1_48' title="bbox 245 4635 1839 4707">
     <span class='ocr_line' id='line_1_48' title="bbox 245 4635 1839 4707; baseline 0.002 -19"><span class='ocrx_word' id='word_1_390' title='bbox 245 4636 458 4688; x_wconf 60' lang='lat' dir='ltr'><strong>lantur</strong></span> <span class='ocrx_word' id='word_1_391' title='bbox 493 4649 672 4689; x_wconf 89' lang='lat' dir='ltr'><strong>:nunc</strong></span> <span class='ocrx_word' id='word_1_392' title='bbox 697 4644 874 4690; x_wconf 83' lang='lat' dir='ltr'><strong>autem</strong></span> <span class='ocrx_word' id='word_1_393' title='bbox 904 4636 1032 4690; x_wconf 84' lang='lat' dir='ltr'><strong>artis</strong></span> <span class='ocrx_word' id='word_1_394' title='bbox 1069 4635 1184 4705; x_wconf 83' lang='lat' dir='ltr'><strong>ejus</strong></span> <span class='ocrx_word' id='word_1_395' title='bbox 1205 4636 1352 4691; x_wconf 88' lang='lat' dir='ltr'><strong>obliti</strong></span> <span class='ocrx_word' id='word_1_396' title='bbox 1389 4645 1543 4702; x_wconf 91' lang='lat' dir='ltr'><strong>sunt;</strong></span> <span class='ocrx_word' id='word_1_397' title='bbox 1590 4637 1698 4691; x_wconf 89' lang='lat' dir='ltr'><strong>imo</strong></span> <span class='ocrx_word' id='word_1_398' title='bbox 1726 4637 1839 4707; x_wconf 88' lang='lat' dir='ltr'><strong>plu-</strong></span> 
     </span>
    </p>
   </div>
   <div class='ocr_carea' id='block_1_49' title="bbox 236 4729 1838 4801">
    <p class='ocr_par' dir='ltr' id='par_1_49' title="bbox 236 4729 1838 4801">
     <span class='ocr_line' id='line_1_49' title="bbox 236 4729 1838 4801; baseline 0.001 -17"><span class='ocrx_word' id='word_1_399' title='bbox 236 4745 349 4784; x_wconf 82' lang='lat' dir='ltr'><strong>res</strong></span> <span class='ocrx_word' id='word_1_400' title='bbox 378 4744 502 4784; x_wconf 80' lang='lat' dir='ltr'><strong>eam</strong></span> <span class='ocrx_word' id='word_1_401' title='bbox 530 4744 600 4784; x_wconf 90' lang='lat' dir='ltr'><strong>ne</strong></span> <span class='ocrx_word' id='word_1_402' title='bbox 622 4729 706 4783; x_wconf 88' lang='lat' dir='ltr'><strong>vel</strong></span> <span class='ocrx_word' id='word_1_403' title='bbox 741 4729 1014 4784; x_wconf 87' lang='lat' dir='ltr'><strong>minimum</strong></span> <span class='ocrx_word' id='word_1_404' title='bbox 1040 4737 1164 4784; x_wconf 87' lang='lat' dir='ltr'><strong>sunt</strong></span> <span class='ocrx_word' id='word_1_405' title='bbox 1191 4729 1394 4800; x_wconf 80' lang='lat' dir='ltr'><strong>experti</strong></span> <span class='ocrx_word' id='word_1_406' title='bbox 1426 4748 1440 4784; x_wconf 93' lang='lat'><strong>:</strong></span> <span class='ocrx_word' id='word_1_407' title='bbox 1467 4730 1606 4801; x_wconf 88' lang='lat' dir='ltr'><strong>quod</strong></span> <span class='ocrx_word' id='word_1_408' title='bbox 1632 4730 1678 4785; x_wconf 89' lang='lat' dir='ltr'><strong>si</strong></span> <span class='ocrx_word' id='word_1_409' title='bbox 1718 4730 1838 4800; x_wconf 87' lang='lat' dir='ltr'><strong>qui-</strong></span> 
     </span>
    </p>
   </div>
   <div class='ocr_carea' id='block_1_50' title="bbox 235 4818 1841 4889">
    <p class='ocr_par' dir='ltr' id='par_1_50' title="bbox 235 4818 1841 4889">
     <span class='ocr_line' id='line_1_50' title="bbox 235 4818 1841 4889; baseline 0 -15"><span class='ocrx_word' id='word_1_410' title='bbox 235 4821 388 4875; x_wconf 80' lang='lat' dir='ltr'><strong>dam</strong></span> <span class='ocrx_word' id='word_1_411' title='bbox 417 4819 557 4882; x_wconf 86' lang='lat' dir='ltr'><strong>sint,</strong></span> <span class='ocrx_word' id='word_1_412' title='bbox 587 4818 662 4873; x_wconf 93' lang='lat' dir='ltr'><strong>illi</strong></span> <span class='ocrx_word' id='word_1_413' title='bbox 683 4819 965 4874; x_wconf 88' lang='lat' dir='ltr'><strong>admodum</strong></span> <span class='ocrx_word' id='word_1_414' title='bbox 994 4821 1145 4889; x_wconf 84' lang='lat' dir='ltr'><strong>pauci</strong></span> <span class='ocrx_word' id='word_1_415' title='bbox 1171 4829 1327 4886; x_wconf 86' lang='lat' dir='ltr'><strong>sunt;</strong></span> <span class='ocrx_word' id='word_1_416' title='bbox 1359 4829 1414 4875; x_wconf 87' lang='lat' dir='ltr'><strong>at</strong></span> <span class='ocrx_word' id='word_1_417' title='bbox 1431 4821 1556 4877; x_wconf 91' lang='lat' dir='ltr'><strong>olim</strong></span> <span class='ocrx_word' id='word_1_418' title='bbox 1589 4824 1640 4875; x_wconf 93' lang='lat' dir='ltr'><strong>in</strong></span> <span class='ocrx_word' id='word_1_419' title='bbox 1667 4821 1841 4875; x_wconf 88' lang='lat' dir='ltr'><strong>omni-</strong></span> 
     </span>
    </p>
   </div>
   <div class='ocr_carea' id='block_1_51' title="bbox 232 4910 1842 4980">
    <p class='ocr_par' dir='ltr' id='par_1_51' title="bbox 232 4910 1842 4980">
     <span class='ocr_line' id='line_1_51' title="bbox 232 4910 1842 4980; baseline 0.001 -13"><span class='ocrx_word' id='word_1_420' title='bbox 232 4912 366 4967; x_wconf 81' lang='lat' dir='ltr'><strong>bus</strong></span> <span class='ocrx_word' id='word_1_421' title='bbox 385 4910 638 4980; x_wconf 76' lang='lat' dir='ltr'><strong>gentibus</strong></span> <span class='ocrx_word' id='word_1_422' title='bbox 652 4920 917 4964; x_wconf 73' lang='lat' dir='ltr'><strong>sexcenta:</strong></span> <span class='ocrx_word' id='word_1_423' title='bbox 931 4910 1220 4966; x_wconf 87' lang='lat' dir='ltr'><strong>seditiones</strong></span> <span class='ocrx_word' id='word_1_424' title='bbox 1237 4912 1621 4967; x_wconf 82' lang='lat' dir='ltr'><strong>excitabantur.</strong></span> <span class='ocrx_word' id='word_1_425' title='bbox 1642 4912 1842 4968; x_wconf 88' lang='lat' dir='ltr'><strong>Deinde</strong></span> 
     </span>
    </p>
   </div>
   <div class='ocr_carea' id='block_1_52' title="bbox 227 5000 1840 5072">
    <p class='ocr_par' dir='ltr' id='par_1_52' title="bbox 227 5000 1840 5072">
     <span class='ocr_line' id='line_1_52' title="bbox 227 5000 1840 5072; baseline 0.001 -15"><span class='ocrx_word' id='word_1_426' title='bbox 227 5013 304 5057; x_wconf 81' lang='lat' dir='ltr'><strong>et</strong></span> <span class='ocrx_word' id='word_1_427' title='bbox 343 5000 497 5056; x_wconf 87' lang='lat' dir='ltr'><strong>unde</strong></span> <span class='ocrx_word' id='word_1_428' title='bbox 523 5001 892 5056; x_wconf 89' lang='lat' dir='ltr'><strong>constituenda</strong></span> <span class='ocrx_word' id='word_1_429' title='bbox 911 5002 979 5056; x_wconf 88' lang='lat' dir='ltr'><strong>sit</strong></span> <span class='ocrx_word' id='word_1_430' title='bbox 1003 5002 1235 5058; x_wconf 81' lang='lat' dir='ltr'><strong>Ecclesia</strong></span> <span class='ocrx_word' id='word_1_431' title='bbox 1260 5003 1516 5072; x_wconf 73' lang='lat' dir='ltr'><strong>prtedicit.</strong></span> <span class='ocrx_word' id='word_1_432' title='bbox 1538 5004 1668 5070; x_wconf 88' lang='lat' dir='ltr'><strong>Quia</strong></span> <span class='ocrx_word' id='word_1_433' title='bbox 1697 5005 1840 5059; x_wconf 91' lang='lat' dir='ltr'><strong>enim</strong></span> 
     </span>
    </p>
   </div>
   <div class='ocr_carea' id='block_1_53' title="bbox 229 5091 1842 5158">
    <p class='ocr_par' dir='ltr' id='par_1_53' title="bbox 229 5091 1842 5158">
     <span class='ocr_line' id='line_1_53' title="bbox 229 5091 1842 5158; baseline -0.001 -9"><span class='ocrx_word' id='word_1_434' title='bbox 229 5109 374 5149; x_wconf 77' lang='lat' dir='ltr'><strong>non</strong></span> <span class='ocrx_word' id='word_1_435' title='bbox 411 5092 678 5146; x_wconf 87' lang='lat' dir='ltr'><strong>mansueti</strong></span> <span class='ocrx_word' id='word_1_436' title='bbox 709 5101 908 5146; x_wconf 87' lang='lat' dir='ltr'><strong>tantum</strong></span> <span class='ocrx_word' id='word_1_437' title='bbox 931 5132 945 5155; x_wconf 91' lang='lat'><strong>,</strong></span> <span class='ocrx_word' id='word_1_438' title='bbox 977 5092 1133 5147; x_wconf 83' lang='lat' dir='ltr'><strong>mites</strong></span> <span class='ocrx_word' id='word_1_439' title='bbox 1155 5102 1210 5147; x_wconf 89' lang='lat' dir='ltr'><strong>et</strong></span> <span class='ocrx_word' id='word_1_440' title='bbox 1234 5091 1416 5147; x_wconf 81' lang='lat' dir='ltr'><strong>urbani</strong></span> <span class='ocrx_word' id='word_1_441' title='bbox 1445 5091 1720 5158; x_wconf 83' lang='lat' dir='ltr'><strong>homines;</strong></span> <span class='ocrx_word' id='word_1_442' title='bbox 1751 5092 1842 5147; x_wconf 88' lang='lat' dir='ltr'><strong>sed</strong></span> 
     </span>
    </p>
   </div>
   <div class='ocr_carea' id='block_1_54' title="bbox 222 5182 1842 5255">
    <p class='ocr_par' dir='ltr' id='par_1_54' title="bbox 222 5182 1842 5255">
     <span class='ocr_line' id='line_1_54' title="bbox 222 5182 1842 5255; baseline -0.002 -14"><span class='ocrx_word' id='word_1_443' title='bbox 222 5187 433 5241; x_wconf 69' lang='lat' dir='ltr'><strong>ctiam</strong></span> <span class='ocrx_word' id='word_1_444' title='bbox 476 5182 574 5238; x_wconf 74' lang='lat' dir='ltr'><strong>feri</strong></span> <span class='ocrx_word' id='word_1_445' title='bbox 615 5193 671 5239; x_wconf 89' lang='lat' dir='ltr'><strong>et</strong></span> <span class='ocrx_word' id='word_1_446' title='bbox 695 5184 969 5239; x_wconf 89' lang='lat' dir='ltr'><strong>inhumani</strong></span> <span class='ocrx_word' id='word_1_447' title='bbox 993 5223 1008 5250; x_wconf 94' lang='lat'><strong>,</strong></span> <span class='ocrx_word' id='word_1_448' title='bbox 1049 5185 1391 5254; x_wconf 86' lang='lat' dir='ltr'><strong>moribusque</strong></span> <span class='ocrx_word' id='word_1_449' title='bbox 1430 5186 1630 5240; x_wconf 85' lang='lat' dir='ltr'><strong>similes</strong></span> <span class='ocrx_word' id='word_1_450' title='bbox 1668 5186 1842 5255; x_wconf 87' lang='lat' dir='ltr'><strong>lupis,</strong></span> 
     </span>
    </p>
   </div>
   <div class='ocr_carea' id='block_1_55' title="bbox 223 5275 1849 5345">
    <p class='ocr_par' dir='ltr' id='par_1_55' title="bbox 223 5275 1849 5345">
     <span class='ocr_line' id='line_1_55' title="bbox 223 5275 1849 5345; baseline -0.001 -14"><span class='ocrx_word' id='word_1_451' title='bbox 223 5275 516 5332; x_wconf 80' lang='lat' dir='ltr'><strong>leonibus</strong></span> <span class='ocrx_word' id='word_1_452' title='bbox 539 5282 598 5328; x_wconf 89' lang='lat' dir='ltr'><strong>et</strong></span> <span class='ocrx_word' id='word_1_453' title='bbox 639 5275 838 5340; x_wconf 83' lang='lat' dir='ltr'><strong>tauris,</strong></span> <span class='ocrx_word' id='word_1_454' title='bbox 881 5289 1000 5330; x_wconf 90' lang='lat' dir='ltr'><strong>cum</strong></span> <span class='ocrx_word' id='word_1_455' title='bbox 1047 5276 1176 5345; x_wconf 87' lang='lat' dir='ltr'><strong>ipsis</strong></span> <span class='ocrx_word' id='word_1_456' title='bbox 1223 5275 1530 5330; x_wconf 89' lang='lat' dir='ltr'><strong>conventuri</strong></span> <span class='ocrx_word' id='word_1_457' title='bbox 1573 5285 1761 5340; x_wconf 88' lang='lat' dir='ltr'><strong>erant,</strong></span> <span class='ocrx_word' id='word_1_458' title='bbox 1792 5285 1849 5330; x_wconf 89' lang='lat' dir='ltr'><strong>et</strong></span> 
     </span>
    </p>
   </div>
   <div class='ocr_carea' id='block_1_56' title="bbox 225 5367 1848 5438">
    <p class='ocr_par' dir='ltr' id='par_1_56' title="bbox 225 5367 1848 5438">
     <span class='ocr_line' id='line_1_56' title="bbox 225 5367 1848 5438; baseline -0.001 -13"><span class='ocrx_word' id='word_1_459' title='bbox 225 5381 469 5425; x_wconf 61' lang='lat' dir='ltr'><strong>«nales</strong></span> <span class='ocrx_word' id='word_1_460' title='bbox 505 5382 660 5420; x_wconf 88' lang='lat' dir='ltr'><strong>unam</strong></span> <span class='ocrx_word' id='word_1_461' title='bbox 691 5367 984 5422; x_wconf 83' lang='lat' dir='ltr'><strong>Ecclesiatn</strong></span> <span class='ocrx_word' id='word_1_462' title='bbox 1014 5368 1346 5422; x_wconf 87' lang='lat' dir='ltr'><strong>constituturi</strong></span> <span class='ocrx_word' id='word_1_463' title='bbox 1367 5409 1382 5434; x_wconf 88' lang='lat'><strong>,</strong></span> <span class='ocrx_word' id='word_1_464' title='bbox 1425 5367 1548 5423; x_wconf 87' lang='lat' dir='ltr'><strong>audi</strong></span> <span class='ocrx_word' id='word_1_465' title='bbox 1583 5369 1848 5438; x_wconf 89' lang='lat' dir='ltr'><strong>quomodo</strong></span> 
     </span>
    </p>
   </div>
   <div class='ocr_carea' id='block_1_57' title="bbox 225 5455 1843 5532">
    <p class='ocr_par' dir='ltr' id='par_1_57' title="bbox 225 5455 1843 5532">
     <span class='ocr_line' id='line_1_57' title="bbox 225 5455 1843 5532; baseline -0.001 -19"><span class='ocrx_word' id='word_1_466' title='bbox 225 5457 454 5532; x_wconf 69' lang='lat' dir='ltr'><strong>gregis</strong></span> <span class='ocrx_word' id='word_1_467' title='bbox 486 5455 630 5511; x_wconf 86' lang='lat' dir='ltr'><strong>illius</strong></span> <span class='ocrx_word' id='word_1_468' title='bbox 656 5457 962 5514; x_wconf 83' lang='lat' dir='ltr'><strong>varietatem</strong></span> <span class='ocrx_word' id='word_1_469' title='bbox 988 5458 1242 5528; x_wconf 84' lang='lat' dir='ltr'><strong>propheta</strong></span> <span class='ocrx_word' id='word_1_470' title='bbox 1269 5458 1618 5513; x_wconf 83' lang='lat' dir='ltr'><strong>deelaraverit</strong></span> <span class='ocrx_word' id='word_1_471' title='bbox 1645 5475 1658 5512; x_wconf 91' lang='lat'><strong>:</strong></span> <span class='ocrx_word' id='word_1_472' title='bbox 1686 5459 1843 5525; x_wconf 81' lang='lat' dir='ltr'><strong>Tunc,</strong></span> 
     </span>
    </p>
   </div>
   <div class='ocr_carea' id='block_1_58' title="bbox 231 5548 1845 5621">
    <p class='ocr_par' dir='ltr' id='par_1_58' title="bbox 231 5548 1845 5621">
     <span class='ocr_line' id='line_1_58' title="bbox 231 5548 1845 5621; baseline -0.001 -15"><span class='ocrx_word' id='word_1_473' title='bbox 231 5548 449 5621; x_wconf 83' lang='lat' dir='ltr'><strong>inquit</strong></span> <span class='ocrx_word' id='word_1_474' title='bbox 469 5588 485 5612; x_wconf 87' lang='lat'><strong>,</strong></span> <span class='ocrx_word' id='word_1_475' title='bbox 519 5556 785 5617; x_wconf 86' lang='lat' dir='ltr'><strong>pascentur</strong></span> <span class='ocrx_word' id='word_1_476' title='bbox 807 5549 959 5603; x_wconf 83' lang='lat' dir='ltr'><strong>simul</strong></span> <span class='ocrx_word' id='word_1_477' title='bbox 986 5551 1134 5620; x_wconf 81' lang='lat' dir='ltr'><strong>lupus</strong></span> <span class='ocrx_word' id='word_1_478' title='bbox 1152 5565 1265 5604; x_wconf 84' lang='lat' dir='ltr'><strong>eum</strong></span> <span class='ocrx_word' id='word_1_479' title='bbox 1284 5565 1415 5620; x_wconf 83' lang='lat' dir='ltr'><strong>agno</strong></span> <span class='ocrx_word' id='word_1_480' title='bbox 1431 5548 1630 5620; x_wconf 67' lang='grc' dir='ltr'><strong>(Πρωὶ.</strong></span> <span class='ocrx_word' id='word_1_481' title='bbox 1654 5551 1740 5605; x_wconf 81' lang='grc' dir='ltr'><strong>Η.</strong></span> <span class='ocrx_word' id='word_1_482' title='bbox 1763 5548 1845 5621; x_wconf 88' lang='lat'><strong>6),</strong></span> 
     </span>
    </p>
   </div>
   <div class='ocr_carea' id='block_1_59' title="bbox 233 5637 1849 5712">
    <p class='ocr_par' dir='ltr' id='par_1_59' title="bbox 233 5637 1849 5712">
     <span class='ocr_line' id='line_1_59' title="bbox 233 5637 1849 5712; baseline 0.001 -16"><span class='ocrx_word' id='word_1_483' title='bbox 233 5655 380 5712; x_wconf 81' lang='lat' dir='ltr'><strong>quo</strong></span> <span class='ocrx_word' id='word_1_484' title='bbox 422 5637 680 5709; x_wconf 76' lang='lat' dir='ltr'><strong>frugalem</strong></span> <span class='ocrx_word' id='word_1_485' title='bbox 706 5653 886 5710; x_wconf 84' lang='lat' dir='ltr'><strong>regum</strong></span> <span class='ocrx_word' id='word_1_486' title='bbox 912 5641 1072 5695; x_wconf 88' lang='lat' dir='ltr'><strong>vitam</strong></span> <span class='ocrx_word' id='word_1_487' title='bbox 1109 5640 1324 5696; x_wconf 82' lang='lat' dir='ltr'><strong>indicat.</strong></span> <span class='ocrx_word' id='word_1_488' title='bbox 1354 5640 1503 5709; x_wconf 85' lang='lat' dir='ltr'><strong>Quod</strong></span> <span class='ocrx_word' id='word_1_489' title='bbox 1533 5652 1706 5697; x_wconf 90' lang='lat' dir='ltr'><strong>autem</strong></span> <span class='ocrx_word' id='word_1_490' title='bbox 1735 5641 1849 5698; x_wconf 61' lang='lat' dir='ltr'><strong>habe</strong></span> 
     </span>
    </p>
   </div>
   <div class='ocr_carea' id='block_1_60' title="bbox 235 5727 1848 5803">
    <p class='ocr_par' dir='ltr' id='par_1_60' title="bbox 235 5727 1848 5803">
     <span class='ocr_line' id='line_1_60' title="bbox 235 5727 1848 5803; baseline 0.002 -17"><span class='ocrx_word' id='word_1_491' title='bbox 235 5743 387 5786; x_wconf 83' lang='lat' dir='ltr'><strong>non</strong></span> <span class='ocrx_word' id='word_1_492' title='bbox 409 5727 484 5784; x_wconf 89' lang='lat' dir='ltr'><strong>de</strong></span> <span class='ocrx_word' id='word_1_493' title='bbox 508 5729 637 5787; x_wconf 75' lang='lat' dir='ltr'><strong>teris</strong></span> <span class='ocrx_word' id='word_1_494' title='bbox 660 5730 802 5788; x_wconf 85' lang='lat' dir='ltr'><strong>dicta</strong></span> <span class='ocrx_word' id='word_1_495' title='bbox 821 5732 926 5788; x_wconf 88' lang='lat' dir='ltr'><strong>sint</strong></span> <span class='ocrx_word' id='word_1_496' title='bbox 945 5773 963 5802; x_wconf 92' lang='lat'><strong>,</strong></span> <span class='ocrx_word' id='word_1_497' title='bbox 986 5732 1126 5788; x_wconf 84' lang='lat' dir='ltr'><strong>dicat</strong></span> <span class='ocrx_word' id='word_1_498' title='bbox 1152 5732 1368 5790; x_wconf 80' lang='lat' dir='ltr'><strong>Judmus</strong></span> <span class='ocrx_word' id='word_1_499' title='bbox 1395 5733 1728 5803; x_wconf 77' lang='lat' dir='ltr'><strong>quantlonam</strong></span> <span class='ocrx_word' id='word_1_500' title='bbox 1748 5734 1848 5790; x_wconf 89' lang='lat' dir='ltr'><strong>hoc</strong></span> 
     </span>
    </p>
   </div>
   <div class='ocr_carea' id='block_1_61' title="bbox 843 314 2910 385">
    <p class='ocr_par' dir='ltr' id='par_1_61' title="bbox 843 314 2910 385">
     <span class='ocr_line' id='line_1_61' title="bbox 843 314 2910 385; baseline -0.004 -1"><span class='ocrx_word' id='word_1_501' title='bbox 843 325 1110 384; x_wconf 77' lang='lat' dir='ltr'><strong>CONTRA</strong></span> <span class='ocrx_word' id='word_1_502' title='bbox 1148 323 1427 382; x_wconf 64' lang='lat' dir='ltr'><strong>JUD£OS</strong></span> <span class='ocrx_word' id='word_1_503' title='bbox 1465 319 1550 377; x_wconf 80' lang='grc' dir='ltr'><strong>ΕΤ</strong></span> <span class='ocrx_word' id='word_1_504' title='bbox 1589 314 1942 383; x_wconf 81' lang='lat' dir='ltr'><strong>GENTlLES,</strong></span> <span class='ocrx_word' id='word_1_505' title='bbox 1983 314 2163 385; x_wconf 84' lang='lat' dir='ltr'><strong>QUOD</strong></span> <span class='ocrx_word' id='word_1_506' title='bbox 2201 320 2531 378; x_wconf 79' lang='lat' dir='ltr'><strong>CHRISTUS</strong></span> <span class='ocrx_word' id='word_1_507' title='bbox 2567 319 2674 378; x_wconf 75' lang='lat' dir='ltr'><strong>SIT</strong></span> <span class='ocrx_word' id='word_1_508' title='bbox 2712 319 2910 378; x_wconf 83' lang='lat' dir='ltr'><strong>DEUS.</strong></span> 
     </span>
    </p>
   </div>
   <div class='ocr_carea' id='block_1_62' title="bbox 3395 324 3499 381">
    <p class='ocr_par' dir='ltr' id='par_1_62' title="bbox 3395 324 3499 381">
     <span class='ocr_line' id='line_1_62' title="bbox 3395 324 3499 381; baseline -0.01 -1"><span class='ocrx_word' id='word_1_509' title='bbox 3395 324 3499 381; x_wconf 70' lang='lat'><strong>8&#39;22</strong></span> 
     </span>
    </p>
   </div>
   <div class='ocr_carea' id='block_1_63' title="bbox 1926 432 3500 513">
    <p class='ocr_par' dir='ltr' id='par_1_63' title="bbox 1926 432 3500 513">
     <span class='ocr_line' id='line_1_63' title="bbox 1926 432 3500 513; baseline 0.007 -25"><span class='ocrx_word' id='word_1_510' title='bbox 1926 432 2120 491; x_wconf 87' lang='lat' dir='ltr'><strong>factum</strong></span> <span class='ocrx_word' id='word_1_511' title='bbox 2163 437 2231 492; x_wconf 90' lang='lat' dir='ltr'><strong>sit</strong></span> <span class='ocrx_word' id='word_1_512' title='bbox 2263 454 2278 494; x_wconf 87' lang='lat'>:</span> <span class='ocrx_word' id='word_1_513' title='bbox 2306 452 2593 508; x_wconf 79' lang='lat' dir='ltr'><strong>numquam</strong></span> <span class='ocrx_word' id='word_1_514' title='bbox 2622 438 2761 493; x_wconf 85' lang='lat' dir='ltr'><strong>enim</strong></span> <span class='ocrx_word' id='word_1_515' title='bbox 2801 439 2957 510; x_wconf 87' lang='lat' dir='ltr'><strong>lupus</strong></span> <span class='ocrx_word' id='word_1_516' title='bbox 3006 453 3126 496; x_wconf 90' lang='lat' dir='ltr'><strong>cum</strong></span> <span class='ocrx_word' id='word_1_517' title='bbox 3174 457 3311 513; x_wconf 87' lang='lat' dir='ltr'><strong>agno</strong></span> <span class='ocrx_word' id='word_1_518' title='bbox 3353 457 3500 498; x_wconf 87' lang='lat' dir='ltr'><strong>eom-</strong></span> 
     </span>
    </p>
   </div>
   <div class='ocr_carea' id='block_1_64' title="bbox 1926 527 3500 599">
    <p class='ocr_par' dir='ltr' id='par_1_64' title="bbox 1926 527 3500 599">
     <span class='ocr_line' id='line_1_64' title="bbox 1926 527 3500 599; baseline 0.005 -18"><span class='ocrx_word' id='word_1_519' title='bbox 1926 543 2151 596; x_wconf 85' lang='lat' dir='ltr'><strong>paseuus</strong></span> <span class='ocrx_word' id='word_1_520' title='bbox 2176 527 2274 583; x_wconf 92' lang='lat' dir='ltr'><strong>fuit</strong></span> <span class='ocrx_word' id='word_1_521' title='bbox 2307 546 2320 582; x_wconf 93' lang='lat'><strong>:</strong></span> <span class='ocrx_word' id='word_1_522' title='bbox 2348 529 2488 599; x_wconf 87' lang='lat' dir='ltr'><strong>quod</strong></span> <span class='ocrx_word' id='word_1_523' title='bbox 2538 530 2582 584; x_wconf 91' lang='lat' dir='ltr'><strong>si</strong></span> <span class='ocrx_word' id='word_1_524' title='bbox 2615 531 2773 585; x_wconf 86' lang='lat' dir='ltr'><strong>etiam</strong></span> <span class='ocrx_word' id='word_1_525' title='bbox 2820 531 3054 586; x_wconf 85' lang='lat' dir='ltr'><strong>futurum</strong></span> <span class='ocrx_word' id='word_1_526' title='bbox 3084 541 3226 588; x_wconf 87' lang='lat' dir='ltr'><strong>esset</strong></span> <span class='ocrx_word' id='word_1_527' title='bbox 3251 574 3266 597; x_wconf 85' lang='lat'><strong>.</strong></span> <span class='ocrx_word' id='word_1_528' title='bbox 3297 543 3355 588; x_wconf 91' lang='lat' dir='ltr'><strong>ut</strong></span> <span class='ocrx_word' id='word_1_529' title='bbox 3380 549 3500 589; x_wconf 92' lang='lat' dir='ltr'><strong>cum</strong></span> 
     </span>
    </p>
   </div>
   <div class='ocr_carea' id='block_1_65' title="bbox 1924 618 3500 693">
    <p class='ocr_par' dir='ltr' id='par_1_65' title="bbox 1924 618 3500 693">
     <span class='ocr_line' id='line_1_65' title="bbox 1924 618 3500 693; baseline 0.006 -21"><span class='ocrx_word' id='word_1_530' title='bbox 1924 618 2016 673; x_wconf 91' lang='lat' dir='ltr'><strong>illo</strong></span> <span class='ocrx_word' id='word_1_531' title='bbox 2043 629 2347 689; x_wconf 89' lang='lat' dir='ltr'><strong>pasceretur</strong></span> <span class='ocrx_word' id='word_1_532' title='bbox 2368 662 2382 685; x_wconf 92' lang='lat'><strong>,</strong></span> <span class='ocrx_word' id='word_1_533' title='bbox 2413 620 2535 690; x_wconf 88' lang='lat' dir='ltr'><strong>quid</strong></span> <span class='ocrx_word' id='word_1_534' title='bbox 2565 620 2667 676; x_wconf 78' lang='lat' dir='ltr'><strong>hoc</strong></span> <span class='ocrx_word' id='word_1_535' title='bbox 2690 622 2919 676; x_wconf 81' lang='lat' dir='ltr'><strong>humano</strong></span> <span class='ocrx_word' id='word_1_536' title='bbox 2960 624 3138 693; x_wconf 79' lang='lat' dir='ltr'><strong>generi</strong></span> <span class='ocrx_word' id='word_1_537' title='bbox 3169 625 3500 693; x_wconf 86' lang='lat' dir='ltr'><strong>profuturum</strong></span> 
     </span>
    </p>
   </div>
   <div class='ocr_carea' id='block_1_66' title="bbox 1923 710 3502 788">
    <p class='ocr_par' dir='ltr' id='par_1_66' title="bbox 1923 710 3502 788">
     <span class='ocr_line' id='line_1_66' title="bbox 1923 710 3502 788; baseline 0.003 -24"><span class='ocrx_word' id='word_1_538' title='bbox 1923 711 2105 764; x_wconf 71' lang='lat' dir='ltr'><strong>esset?</strong></span> <span class='ocrx_word' id='word_1_539' title='bbox 2129 710 2233 766; x_wconf 87' lang='lat' dir='ltr'><strong>Sed</strong></span> <span class='ocrx_word' id='word_1_540' title='bbox 2262 710 2328 765; x_wconf 89' lang='lat' dir='ltr'><strong>de</strong></span> <span class='ocrx_word' id='word_1_541' title='bbox 2357 711 2481 766; x_wconf 84' lang='lat' dir='ltr'><strong>feris</strong></span> <span class='ocrx_word' id='word_1_542' title='bbox 2512 712 2812 768; x_wconf 87' lang='lat' dir='ltr'><strong>hominibus</strong></span> <span class='ocrx_word' id='word_1_543' title='bbox 2843 713 2894 767; x_wconf 91' lang='lat' dir='ltr'><strong>id</strong></span> <span class='ocrx_word' id='word_1_544' title='bbox 2921 714 3116 768; x_wconf 85' lang='lat' dir='ltr'><strong>dictum</strong></span> <span class='ocrx_word' id='word_1_545' title='bbox 3147 725 3248 780; x_wconf 91' lang='lat' dir='ltr'><strong>est,</strong></span> <span class='ocrx_word' id='word_1_546' title='bbox 3281 715 3347 770; x_wconf 90' lang='lat' dir='ltr'><strong>de</strong></span> <span class='ocrx_word' id='word_1_547' title='bbox 3367 716 3502 788; x_wconf 77' lang='lat' dir='ltr'><strong>Scy-</strong></span> 
     </span>
    </p>
   </div>
   <div class='ocr_carea' id='block_1_67' title="bbox 1926 799 3504 872">
    <p class='ocr_par' dir='ltr' id='par_1_67' title="bbox 1926 799 3504 872">
     <span class='ocr_line' id='line_1_67' title="bbox 1926 799 3504 872; baseline 0.008 -21"><span class='ocrx_word' id='word_1_548' title='bbox 1926 799 2030 854; x_wconf 88' lang='lat' dir='ltr'><strong>this</strong></span> <span class='ocrx_word' id='word_1_549' title='bbox 2055 842 2068 865; x_wconf 90' lang='lat'><strong>,</strong></span> <span class='ocrx_word' id='word_1_550' title='bbox 2113 799 2402 857; x_wconf 76' lang='lat' dir='ltr'><strong>Thracibus</strong></span> <span class='ocrx_word' id='word_1_551' title='bbox 2422 845 2437 868; x_wconf 95' lang='lat'><strong>,</strong></span> <span class='ocrx_word' id='word_1_552' title='bbox 2483 802 2676 859; x_wconf 88' lang='lat' dir='ltr'><strong>Mauris</strong></span> <span class='ocrx_word' id='word_1_553' title='bbox 2697 846 2712 870; x_wconf 94' lang='lat'><strong>,</strong></span> <span class='ocrx_word' id='word_1_554' title='bbox 2762 803 2901 858; x_wconf 89' lang='lat' dir='ltr'><strong>Indis</strong></span> <span class='ocrx_word' id='word_1_555' title='bbox 2921 845 2935 869; x_wconf 95' lang='lat'><strong>,</strong></span> <span class='ocrx_word' id='word_1_556' title='bbox 2967 804 3325 872; x_wconf 85' lang='lat' dir='ltr'><strong>Sauromatis,</strong></span> <span class='ocrx_word' id='word_1_557' title='bbox 3375 808 3504 863; x_wconf 82' lang='lat' dir='ltr'><strong>Per-</strong></span> 
     </span>
    </p>
   </div>
   <div class='ocr_carea' id='block_1_68' title="bbox 1924 893 3503 970">
    <p class='ocr_par' dir='ltr' id='par_1_68' title="bbox 1924 893 3503 970">
     <span class='ocr_line' id='line_1_68' title="bbox 1924 893 3503 970; baseline 0.004 -22"><span class='ocrx_word' id='word_1_558' title='bbox 1924 893 2018 948; x_wconf 84' lang='lat' dir='ltr'><strong>sis.</strong></span> <span class='ocrx_word' id='word_1_559' title='bbox 2052 893 2200 961; x_wconf 87' lang='lat' dir='ltr'><strong>Quod</strong></span> <span class='ocrx_word' id='word_1_560' title='bbox 2231 905 2405 950; x_wconf 84' lang='lat' dir='ltr'><strong>autem</strong></span> <span class='ocrx_word' id='word_1_561' title='bbox 2449 911 2633 950; x_wconf 90' lang='lat' dir='ltr'><strong>omnes</strong></span> <span class='ocrx_word' id='word_1_562' title='bbox 2664 896 2764 950; x_wconf 74' lang='lat' dir='ltr'><strong>illa:</strong></span> <span class='ocrx_word' id='word_1_563' title='bbox 2789 906 2975 966; x_wconf 84' lang='lat' dir='ltr'><strong>gentes</strong></span> <span class='ocrx_word' id='word_1_564' title='bbox 3013 898 3110 953; x_wconf 91' lang='lat' dir='ltr'><strong>sub</strong></span> <span class='ocrx_word' id='word_1_565' title='bbox 3138 913 3244 953; x_wconf 91' lang='lat' dir='ltr'><strong>uno</strong></span> <span class='ocrx_word' id='word_1_566' title='bbox 3269 899 3396 970; x_wconf 81' lang='lat' dir='ltr'><strong>jugo</strong></span> <span class='ocrx_word' id='word_1_567' title='bbox 3424 899 3503 956; x_wconf 86' lang='lat' dir='ltr'><strong>fu-</strong></span> 
     </span>
    </p>
   </div>
   <div class='ocr_carea' id='block_1_69' title="bbox 1929 987 3499 1057">
    <p class='ocr_par' dir='ltr' id='par_1_69' title="bbox 1929 987 3499 1057">
     <span class='ocr_line' id='line_1_69' title="bbox 1929 987 3499 1057; baseline 0.006 -19"><span class='ocrx_word' id='word_1_568' title='bbox 1929 993 2059 1039; x_wconf 83' lang='lat' dir='ltr'><strong>turae</strong></span> <span class='ocrx_word' id='word_1_569' title='bbox 2098 995 2280 1041; x_wconf 90' lang='lat' dir='ltr'><strong>essent</strong></span> <span class='ocrx_word' id='word_1_570' title='bbox 2305 1028 2318 1050; x_wconf 87' lang='lat'><strong>,</strong></span> <span class='ocrx_word' id='word_1_571' title='bbox 2369 987 2504 1042; x_wconf 88' lang='lat' dir='ltr'><strong>alius</strong></span> <span class='ocrx_word' id='word_1_572' title='bbox 2534 987 2791 1057; x_wconf 71' lang='lat' dir='ltr'><strong>pTOIIhCla</strong></span> <span class='ocrx_word' id='word_1_573' title='bbox 2838 987 3125 1044; x_wconf 86' lang='lat' dir='ltr'><strong>declaravit</strong></span> <span class='ocrx_word' id='word_1_574' title='bbox 3168 989 3250 1045; x_wconf 89' lang='lat' dir='ltr'><strong>bis</strong></span> <span class='ocrx_word' id='word_1_575' title='bbox 3278 992 3499 1047; x_wconf 84' lang='lat' dir='ltr'><strong>verbis:</strong></span> 
     </span>
    </p>
   </div>
   <div class='ocr_carea' id='block_1_70' title="bbox 1927 1075 3504 1150">
    <p class='ocr_par' dir='ltr' id='par_1_70' title="bbox 1927 1075 3504 1150">
     <span class='ocr_line' id='line_1_70' title="bbox 1927 1075 3504 1150; baseline 0.006 -20"><span class='ocrx_word' id='word_1_576' title='bbox 1927 1075 1993 1130; x_wconf 86' lang='lat' dir='ltr'><strong>Et</strong></span> <span class='ocrx_word' id='word_1_577' title='bbox 2021 1077 2232 1132; x_wconf 86' lang='lat' dir='ltr'><strong>servient</strong></span> <span class='ocrx_word' id='word_1_578' title='bbox 2257 1079 2302 1133; x_wconf 86' lang='lat' dir='ltr'><strong>ei</strong></span> <span class='ocrx_word' id='word_1_579' title='bbox 2327 1079 2414 1133; x_wconf 82' lang='lat' dir='ltr'><strong>sub</strong></span> <span class='ocrx_word' id='word_1_580' title='bbox 2431 1079 2560 1150; x_wconf 87' lang='lat' dir='ltr'><strong>jugo</strong></span> <span class='ocrx_word' id='word_1_581' title='bbox 2589 1096 2689 1134; x_wconf 89' lang='lat' dir='ltr'><strong>uno</strong></span> <span class='ocrx_word' id='word_1_582' title='bbox 2708 1121 2722 1146; x_wconf 94' lang='lat'><strong>,</strong></span> <span class='ocrx_word' id='word_1_583' title='bbox 2750 1089 2798 1135; x_wconf 90' lang='lat' dir='ltr'><strong>et</strong></span> <span class='ocrx_word' id='word_1_584' title='bbox 2839 1081 3121 1136; x_wconf 88' lang='lat' dir='ltr'><strong>adorabunt</strong></span> <span class='ocrx_word' id='word_1_585' title='bbox 3157 1083 3301 1137; x_wconf 83' lang='lat' dir='ltr'><strong>illum</strong></span> <span class='ocrx_word' id='word_1_586' title='bbox 3341 1081 3504 1140; x_wconf 85' lang='lat' dir='ltr'><strong>unus-</strong></span> 
     </span>
    </p>
   </div>
   <div class='ocr_carea' id='block_1_71' title="bbox 1925 1168 3499 1246">
    <p class='ocr_par' dir='ltr' id='par_1_71' title="bbox 1925 1168 3499 1246">
     <span class='ocr_line' id='line_1_71' title="bbox 1925 1168 3499 1246; baseline 0.007 -26"><span class='ocrx_word' id='word_1_587' title='bbox 1925 1169 2130 1236; x_wconf 84' lang='lat' dir='ltr'><strong>quisque</strong></span> <span class='ocrx_word' id='word_1_588' title='bbox 2156 1184 2182 1222; x_wconf 90' lang='lat' dir='ltr'><strong>e</strong></span> <span class='ocrx_word' id='word_1_589' title='bbox 2210 1168 2318 1223; x_wconf 79' lang='lat' dir='ltr'><strong>loco</strong></span> <span class='ocrx_word' id='word_1_590' title='bbox 2344 1187 2433 1224; x_wconf 89' lang='lat' dir='ltr'><strong>suo</strong></span> <span class='ocrx_word' id='word_1_591' title='bbox 2467 1169 2720 1242; x_wconf 78' lang='lat' dir='ltr'><strong>(Sep/ton.</strong></span> <span class='ocrx_word' id='word_1_592' title='bbox 2750 1173 2802 1227; x_wconf 96' lang='lat'><strong>5.</strong></span> <span class='ocrx_word' id='word_1_593' title='bbox 2835 1170 2912 1244; x_wconf 86' lang='lat'><strong>9).</strong></span> <span class='ocrx_word' id='word_1_594' title='bbox 2940 1172 3056 1228; x_wconf 87' lang='lat' dir='ltr'><strong>Non</strong></span> <span class='ocrx_word' id='word_1_595' title='bbox 3083 1175 3219 1230; x_wconf 85' lang='lat' dir='ltr'><strong>ultra</strong></span> <span class='ocrx_word' id='word_1_596' title='bbox 3238 1217 3253 1242; x_wconf 91' lang='lat'><strong>,</strong></span> <span class='ocrx_word' id='word_1_597' title='bbox 3295 1176 3499 1246; x_wconf 83' lang='lat' dir='ltr'><strong>inquit,</strong></span> 
     </span>
    </p>
   </div>
   <div class='ocr_carea' id='block_1_72' title="bbox 1925 1257 3505 1339">
    <p class='ocr_par' dir='ltr' id='par_1_72' title="bbox 1925 1257 3505 1339">
     <span class='ocr_line' id='line_1_72' title="bbox 1925 1257 3505 1339; baseline 0.008 -26"><span class='ocrx_word' id='word_1_598' title='bbox 1925 1257 2270 1331; x_wconf 85' lang='lat' dir='ltr'><strong>Jerosolymis</strong></span> <span class='ocrx_word' id='word_1_599' title='bbox 2324 1261 2537 1329; x_wconf 88' lang='lat' dir='ltr'><strong>solum,</strong></span> <span class='ocrx_word' id='word_1_600' title='bbox 2583 1262 2675 1317; x_wconf 90' lang='lat' dir='ltr'><strong>sed</strong></span> <span class='ocrx_word' id='word_1_601' title='bbox 2745 1261 2936 1335; x_wconf 91' lang='lat' dir='ltr'><strong>ubique</strong></span> <span class='ocrx_word' id='word_1_602' title='bbox 2984 1275 3262 1322; x_wconf 89' lang='lat' dir='ltr'><strong>terrarum.</strong></span> <span class='ocrx_word' id='word_1_603' title='bbox 3321 1268 3505 1339; x_wconf 86' lang='lat' dir='ltr'><strong>Neque</strong></span> 
     </span>
    </p>
   </div>
   <div class='ocr_carea' id='block_1_73' title="bbox 1925 1347 3501 1424">
    <p class='ocr_par' dir='ltr' id='par_1_73' title="bbox 1925 1347 3501 1424">
     <span class='ocr_line' id='line_1_73' title="bbox 1925 1347 3501 1424; baseline 0.008 -22"><span class='ocrx_word' id='word_1_604' title='bbox 1925 1347 2067 1402; x_wconf 90' lang='lat' dir='ltr'><strong>enim</strong></span> <span class='ocrx_word' id='word_1_605' title='bbox 2096 1359 2278 1418; x_wconf 86' lang='lat' dir='ltr'><strong>postea</strong></span> <span class='ocrx_word' id='word_1_606' title='bbox 2319 1349 2702 1422; x_wconf 85' lang='lat' dir='ltr'><strong>Jerosolymam</strong></span> <span class='ocrx_word' id='word_1_607' title='bbox 2725 1353 3050 1423; x_wconf 89' lang='lat' dir='ltr'><strong>jubebuntur</strong></span> <span class='ocrx_word' id='word_1_608' title='bbox 3076 1355 3318 1412; x_wconf 89' lang='lat' dir='ltr'><strong>homines</strong></span> <span class='ocrx_word' id='word_1_609' title='bbox 3333 1357 3501 1424; x_wconf 88' lang='lat' dir='ltr'><strong>adire,</strong></span> 
     </span>
    </p>
   </div>
   <div class='ocr_carea' id='block_1_74' title="bbox 1925 1440 3403 1520">
    <p class='ocr_par' dir='ltr' id='par_1_74' title="bbox 1925 1440 3403 1520">
     <span class='ocr_line' id='line_1_74' title="bbox 1925 1440 3403 1520; baseline 0.008 -26"><span class='ocrx_word' id='word_1_610' title='bbox 1925 1440 2020 1495; x_wconf 82' lang='lat' dir='ltr'><strong>sed</strong></span> <span class='ocrx_word' id='word_1_611' title='bbox 2050 1442 2272 1512; x_wconf 88' lang='lat' dir='ltr'><strong>quisque</strong></span> <span class='ocrx_word' id='word_1_612' title='bbox 2300 1443 2442 1499; x_wconf 91' lang='lat' dir='ltr'><strong>domi</strong></span> <span class='ocrx_word' id='word_1_613' title='bbox 2475 1461 2697 1502; x_wconf 86' lang='lat' dir='ltr'><strong>manens</strong></span> <span class='ocrx_word' id='word_1_614' title='bbox 2723 1448 2864 1504; x_wconf 89' lang='lat' dir='ltr'><strong>hunc</strong></span> <span class='ocrx_word' id='word_1_615' title='bbox 2883 1451 3080 1505; x_wconf 88' lang='lat' dir='ltr'><strong>cultum</strong></span> <span class='ocrx_word' id='word_1_616' title='bbox 3111 1453 3403 1520; x_wconf 66' lang='lat' dir='ltr'><strong>prccstabit.</strong></span> 
     </span>
    </p>
   </div>
   <div class='ocr_carea' id='block_1_75' title="bbox 1999 1531 3503 1614">
    <p class='ocr_par' dir='ltr' id='par_1_75' title="bbox 1999 1531 3503 1614">
     <span class='ocr_line' id='line_1_75' title="bbox 1999 1531 3503 1614; baseline 0.009 -27"><span class='ocrx_word' id='word_1_617' title='bbox 1999 1533 2050 1587; x_wconf 90' lang='lat'><strong>7.</strong></span> <span class='ocrx_word' id='word_1_618' title='bbox 2079 1531 2380 1590; x_wconf 76' lang='lat' dir='ltr'><strong>Judteorum</strong></span> <span class='ocrx_word' id='word_1_619' title='bbox 2429 1537 2604 1607; x_wconf 85' lang='lat' dir='ltr'><strong>ejectio</strong></span> <span class='ocrx_word' id='word_1_620' title='bbox 2630 1540 2892 1610; x_wconf 72' lang='lat' dir='ltr'><strong>prazdicta.</strong></span> <span class='ocrx_word' id='word_1_621' title='bbox 2923 1571 2995 1582; x_wconf 89' lang='lat'><strong>-—</strong></span> <span class='ocrx_word' id='word_1_622' title='bbox 3018 1543 3170 1609; x_wconf 84' lang='lat' dir='ltr'><strong>Quod</strong></span> <span class='ocrx_word' id='word_1_623' title='bbox 3204 1543 3372 1599; x_wconf 59' lang='lat' dir='ltr'><strong>Judaei</strong></span> <span class='ocrx_word' id='word_1_624' title='bbox 3401 1545 3503 1614; x_wconf 88' lang='lat' dir='ltr'><strong>eji-</strong></span> 
     </span>
    </p>
   </div>
   <div class='ocr_carea' id='block_1_76' title="bbox 1927 1624 3501 1700">
    <p class='ocr_par' dir='ltr' id='par_1_76' title="bbox 1927 1624 3501 1700">
     <span class='ocr_line' id='line_1_76' title="bbox 1927 1624 3501 1700; baseline 0.008 -21"><span class='ocrx_word' id='word_1_625' title='bbox 1927 1624 2098 1680; x_wconf 90' lang='lat' dir='ltr'><strong>ciendi</strong></span> <span class='ocrx_word' id='word_1_626' title='bbox 2129 1635 2328 1695; x_wconf 87' lang='lat' dir='ltr'><strong>essent,</strong></span> <span class='ocrx_word' id='word_1_627' title='bbox 2353 1643 2524 1698; x_wconf 84' lang='lat' dir='ltr'><strong>neque</strong></span> <span class='ocrx_word' id='word_1_628' title='bbox 2550 1630 2650 1685; x_wconf 91' lang='lat' dir='ltr'><strong>hoc</strong></span> <span class='ocrx_word' id='word_1_629' title='bbox 2675 1634 3092 1700; x_wconf 58' lang='lat' dir='ltr'><strong>pratermissum</strong></span> <span class='ocrx_word' id='word_1_630' title='bbox 3121 1635 3337 1690; x_wconf 89' lang='lat' dir='ltr'><strong>silentio</strong></span> <span class='ocrx_word' id='word_1_631' title='bbox 3367 1635 3463 1691; x_wconf 80' lang='lat' dir='ltr'><strong>fuit</strong></span> <span class='ocrx_word' id='word_1_632' title='bbox 3487 1653 3501 1690; x_wconf 87' lang='lat'><strong>:</strong></span> 
     </span>
    </p>
   </div>
   <div class='ocr_carea' id='block_1_77' title="bbox 1927 1717 3507 1795">
    <p class='ocr_par' dir='ltr' id='par_1_77' title="bbox 1927 1717 3507 1795">
     <span class='ocr_line' id='line_1_77' title="bbox 1927 1717 3507 1795; baseline 0.006 -23"><span class='ocrx_word' id='word_1_633' title='bbox 1927 1717 2046 1774; x_wconf 87' lang='lat' dir='ltr'><strong>vide</strong></span> <span class='ocrx_word' id='word_1_634' title='bbox 2089 1720 2356 1790; x_wconf 85' lang='lat' dir='ltr'><strong>quomodo</strong></span> <span class='ocrx_word' id='word_1_635' title='bbox 2406 1730 2461 1776; x_wconf 91' lang='lat' dir='ltr'><strong>et</strong></span> <span class='ocrx_word' id='word_1_636' title='bbox 2506 1722 2605 1777; x_wconf 87' lang='lat' dir='ltr'><strong>hoc</strong></span> <span class='ocrx_word' id='word_1_637' title='bbox 2630 1723 2934 1792; x_wconf 72' lang='lat' dir='ltr'><strong>prazdixerit</strong></span> <span class='ocrx_word' id='word_1_638' title='bbox 2960 1725 3212 1795; x_wconf 85' lang='lat' dir='ltr'><strong>propheta</strong></span> <span class='ocrx_word' id='word_1_639' title='bbox 3247 1744 3260 1781; x_wconf 91' lang='lat'><strong>:</strong></span> <span class='ocrx_word' id='word_1_640' title='bbox 3295 1727 3425 1782; x_wconf 85' lang='lat' dir='ltr'><strong>Ecce</strong></span> <span class='ocrx_word' id='word_1_641' title='bbox 3452 1729 3507 1782; x_wconf 88' lang='lat' dir='ltr'><strong>in</strong></span> 
     </span>
    </p>
   </div>
   <div class='ocr_carea' id='block_1_78' title="bbox 1928 1811 3506 1884">
    <p class='ocr_par' dir='ltr' id='par_1_78' title="bbox 1928 1811 3506 1884">
     <span class='ocr_line' id='line_1_78' title="bbox 1928 1811 3506 1884; baseline 0.008 -22"><span class='ocrx_word' id='word_1_642' title='bbox 1928 1811 2066 1866; x_wconf 81' lang='lat' dir='ltr'><strong>vobis</strong></span> <span class='ocrx_word' id='word_1_643' title='bbox 2093 1811 2455 1867; x_wconf 86' lang='lat' dir='ltr'><strong>concludentur</strong></span> <span class='ocrx_word' id='word_1_644' title='bbox 2467 1814 2678 1884; x_wconf 63' lang='lat' dir='ltr'><strong>januae,</strong></span> <span class='ocrx_word' id='word_1_645' title='bbox 2712 1823 2758 1869; x_wconf 89' lang='lat' dir='ltr'><strong>et</strong></span> <span class='ocrx_word' id='word_1_646' title='bbox 2778 1832 2877 1870; x_wconf 89' lang='lat' dir='ltr'><strong>non</strong></span> <span class='ocrx_word' id='word_1_647' title='bbox 2906 1817 3184 1872; x_wconf 86' lang='lat' dir='ltr'><strong>accendelis</strong></span> <span class='ocrx_word' id='word_1_648' title='bbox 3209 1819 3371 1874; x_wconf 84' lang='lat' dir='ltr'><strong>altare</strong></span> <span class='ocrx_word' id='word_1_649' title='bbox 3398 1837 3476 1874; x_wconf 88' lang='lat' dir='ltr'><strong>me</strong></span> <span class='ocrx_word' id='word_1_650' title='bbox 3494 1851 3506 1860; x_wconf 90' lang='lat'><strong>-</strong></span> 
     </span>
    </p>
   </div>
   <div class='ocr_carea' id='block_1_79' title="bbox 1930 1905 3509 1980">
    <p class='ocr_par' dir='ltr' id='par_1_79' title="bbox 1930 1905 3509 1980">
     <span class='ocr_line' id='line_1_79' title="bbox 1930 1905 3509 1980; baseline 0.009 -24"><span class='ocrx_word' id='word_1_651' title='bbox 1930 1920 2015 1957; x_wconf 92' lang='lat' dir='ltr'><strong>um</strong></span> <span class='ocrx_word' id='word_1_652' title='bbox 2043 1905 2200 1975; x_wconf 86' lang='lat' dir='ltr'><strong>gratis</strong></span> <span class='ocrx_word' id='word_1_653' title='bbox 2229 1905 2482 1974; x_wconf 75' lang='lat' dir='ltr'><strong>(Malae/1.</strong></span> <span class='ocrx_word' id='word_1_654' title='bbox 2515 1907 2566 1962; x_wconf 82' lang='grc'><strong>1.</strong></span> <span class='ocrx_word' id='word_1_655' title='bbox 2595 1907 2702 1978; x_wconf 80' lang='grc'><strong>10).</strong></span> <span class='ocrx_word' id='word_1_656' title='bbox 2751 1907 2976 1976; x_wconf 87' lang='lat' dir='ltr'><strong>Quinam</strong></span> <span class='ocrx_word' id='word_1_657' title='bbox 3020 1925 3180 1980; x_wconf 85' lang='lat' dir='ltr'><strong>porro</strong></span> <span class='ocrx_word' id='word_1_658' title='bbox 3219 1913 3360 1967; x_wconf 86' lang='lat' dir='ltr'><strong>hunc</strong></span> <span class='ocrx_word' id='word_1_659' title='bbox 3394 1913 3509 1972; x_wconf 84' lang='lat' dir='ltr'><strong>cul-</strong></span> 
     </span>
    </p>
   </div>
   <div class='ocr_carea' id='block_1_80' title="bbox 1933 1995 3508 2068">
    <p class='ocr_par' dir='ltr' id='par_1_80' title="bbox 1933 1995 3508 2068">
     <span class='ocr_line' id='line_1_80' title="bbox 1933 1995 3508 2068; baseline 0.005 -18"><span class='ocrx_word' id='word_1_660' title='bbox 1933 2005 2040 2050; x_wconf 92' lang='lat' dir='ltr'><strong>tum</strong></span> <span class='ocrx_word' id='word_1_661' title='bbox 2067 1995 2348 2051; x_wconf 85' lang='lat' dir='ltr'><strong>exhibituri</strong></span> <span class='ocrx_word' id='word_1_662' title='bbox 2374 2007 2553 2052; x_wconf 85' lang='lat' dir='ltr'><strong>essent</strong></span> <span class='ocrx_word' id='word_1_663' title='bbox 2591 1999 2668 2054; x_wconf 92' lang='lat' dir='ltr'><strong>sic</strong></span> <span class='ocrx_word' id='word_1_664' title='bbox 2694 2001 3100 2068; x_wconf 65' lang='lat' dir='ltr'><strong>praenuntiatum</strong></span> <span class='ocrx_word' id='word_1_665' title='bbox 3126 2013 3247 2057; x_wconf 89' lang='lat' dir='ltr'><strong>est:</strong></span> <span class='ocrx_word' id='word_1_666' title='bbox 3280 2002 3354 2057; x_wconf 82' lang='lat' dir='ltr'><strong>Ab</strong></span> <span class='ocrx_word' id='word_1_667' title='bbox 3406 2005 3508 2058; x_wconf 89' lang='lat' dir='ltr'><strong>ori-</strong></span> 
     </span>
    </p>
   </div>
   <div class='ocr_carea' id='block_1_81' title="bbox 1929 2085 3498 2162">
    <p class='ocr_par' dir='ltr' id='par_1_81' title="bbox 1929 2085 3498 2162">
     <span class='ocr_line' id='line_1_81' title="bbox 1929 2085 3498 2162; baseline 0.006 -25"><span class='ocrx_word' id='word_1_668' title='bbox 1929 2092 2041 2138; x_wconf 84' lang='lat' dir='ltr'><strong>ente</strong></span> <span class='ocrx_word' id='word_1_669' title='bbox 2068 2085 2189 2138; x_wconf 90' lang='lat' dir='ltr'><strong>solis</strong></span> <span class='ocrx_word' id='word_1_670' title='bbox 2216 2100 2374 2154; x_wconf 84' lang='lat' dir='ltr'><strong>usque</strong></span> <span class='ocrx_word' id='word_1_671' title='bbox 2396 2085 2465 2139; x_wconf 86' lang='lat' dir='ltr'><strong>ad</strong></span> <span class='ocrx_word' id='word_1_672' title='bbox 2487 2087 2812 2156; x_wconf 86' lang='lat' dir='ltr'><strong>occidentem,</strong></span> <span class='ocrx_word' id='word_1_673' title='bbox 2843 2105 3023 2145; x_wconf 86' lang='lat' dir='ltr'><strong>nomen</strong></span> <span class='ocrx_word' id='word_1_674' title='bbox 3052 2107 3214 2145; x_wconf 87' lang='lat' dir='ltr'><strong>meum</strong></span> <span class='ocrx_word' id='word_1_675' title='bbox 3235 2091 3498 2162; x_wconf 79' lang='lat' dir='ltr'><strong>gloriﬁca-</strong></span> 
     </span>
    </p>
   </div>
   <div class='ocr_carea' id='block_1_82' title="bbox 1932 2175 3506 2256">
    <p class='ocr_par' dir='ltr' id='par_1_82' title="bbox 1932 2175 3506 2256">
     <span class='ocr_line' id='line_1_82' title="bbox 1932 2175 3506 2256; baseline 0.006 -28"><span class='ocrx_word' id='word_1_676' title='bbox 1932 2184 2037 2228; x_wconf 86' lang='lat' dir='ltr'><strong>tum</strong></span> <span class='ocrx_word' id='word_1_677' title='bbox 2063 2183 2135 2229; x_wconf 89' lang='lat' dir='ltr'><strong>est</strong></span> <span class='ocrx_word' id='word_1_678' title='bbox 2154 2175 2205 2228; x_wconf 91' lang='lat' dir='ltr'><strong>in</strong></span> <span class='ocrx_word' id='word_1_679' title='bbox 2233 2175 2459 2246; x_wconf 85' lang='lat' dir='ltr'><strong>gentibus</strong></span> <span class='ocrx_word' id='word_1_680' title='bbox 2481 2192 2500 2231; x_wconf 89' lang='lat'><strong><em>:</em></strong></span> <span class='ocrx_word' id='word_1_681' title='bbox 2525 2186 2573 2232; x_wconf 87' lang='lat' dir='ltr'><strong>et</strong></span> <span class='ocrx_word' id='word_1_682' title='bbox 2600 2177 2652 2232; x_wconf 88' lang='lat' dir='ltr'><strong>in</strong></span> <span class='ocrx_word' id='word_1_683' title='bbox 2680 2179 2818 2233; x_wconf 89' lang='lat' dir='ltr'><strong>omni</strong></span> <span class='ocrx_word' id='word_1_684' title='bbox 2840 2178 2950 2236; x_wconf 89' lang='lat' dir='ltr'><strong>loco</strong></span> <span class='ocrx_word' id='word_1_685' title='bbox 2977 2181 3239 2236; x_wconf 89' lang='lat' dir='ltr'><strong>incensum</strong></span> <span class='ocrx_word' id='word_1_686' title='bbox 3277 2183 3402 2236; x_wconf 80' lang='lat' dir='ltr'><strong>mihi</strong></span> <span class='ocrx_word' id='word_1_687' title='bbox 3424 2187 3506 2256; x_wconf 80' lang='lat' dir='ltr'><strong>of-</strong></span> 
     </span>
    </p>
   </div>
   <div class='ocr_carea' id='block_1_83' title="bbox 1931 2265 3506 2342">
    <p class='ocr_par' dir='ltr' id='par_1_83' title="bbox 1931 2265 3506 2342">
     <span class='ocr_line' id='line_1_83' title="bbox 1931 2265 3506 2342; baseline 0.004 -22"><span class='ocrx_word' id='word_1_688' title='bbox 1931 2265 2113 2335; x_wconf 76' lang='lat' dir='ltr'><strong>fertur,</strong></span> <span class='ocrx_word' id='word_1_689' title='bbox 2141 2275 2190 2323; x_wconf 90' lang='lat' dir='ltr'><strong>et</strong></span> <span class='ocrx_word' id='word_1_690' title='bbox 2220 2268 2390 2322; x_wconf 81' lang='lat' dir='ltr'><strong>hostia</strong></span> <span class='ocrx_word' id='word_1_691' title='bbox 2414 2283 2546 2338; x_wconf 84' lang='lat' dir='ltr'><strong>pura</strong></span> <span class='ocrx_word' id='word_1_692' title='bbox 2562 2267 3317 2342; x_wconf 83' lang='lat' dir='ltr'><strong>(lbid.ll).Videsquomodo</strong></span> <span class='ocrx_word' id='word_1_693' title='bbox 3331 2272 3506 2327; x_wconf 89' lang='lat' dir='ltr'><strong>cultus</strong></span> 
     </span>
    </p>
   </div>
   <div class='ocr_carea' id='block_1_84' title="bbox 1931 2355 3506 2429">
    <p class='ocr_par' dir='ltr' id='par_1_84' title="bbox 1931 2355 3506 2429">
     <span class='ocr_line' id='line_1_84' title="bbox 1931 2355 3506 2429; baseline 0.004 -19"><span class='ocrx_word' id='word_1_694' title='bbox 1931 2355 2257 2413; x_wconf 88' lang='lat' dir='ltr'><strong>nobilitatem</strong></span> <span class='ocrx_word' id='word_1_695' title='bbox 2286 2356 2610 2413; x_wconf 79' lang='lat' dir='ltr'><strong>declaravit?</strong></span> <span class='ocrx_word' id='word_1_696' title='bbox 2639 2359 2906 2429; x_wconf 92' lang='lat' dir='ltr'><strong>quomodo</strong></span> <span class='ocrx_word' id='word_1_697' title='bbox 2918 2362 3288 2417; x_wconf 77' lang='lat' dir='ltr'><strong>excellentiam</strong></span> <span class='ocrx_word' id='word_1_698' title='bbox 3309 2371 3362 2416; x_wconf 89' lang='lat' dir='ltr'><strong>et</strong></span> <span class='ocrx_word' id='word_1_699' title='bbox 3383 2378 3506 2416; x_wconf 78' lang='lat' dir='ltr'><strong>mu-</strong></span> 
     </span>
    </p>
   </div>
   <div class='ocr_carea' id='block_1_85' title="bbox 1933 2448 3502 2518">
    <p class='ocr_par' dir='ltr' id='par_1_85' title="bbox 1933 2448 3502 2518">
     <span class='ocr_line' id='line_1_85' title="bbox 1933 2448 3502 2518; baseline 0.003 -15"><span class='ocrx_word' id='word_1_700' title='bbox 1933 2448 2182 2504; x_wconf 87' lang='lat' dir='ltr'><strong>tationem</strong></span> <span class='ocrx_word' id='word_1_701' title='bbox 2207 2449 2360 2518; x_wconf 80' lang='lat' dir='ltr'><strong>ejus?</strong></span> <span class='ocrx_word' id='word_1_702' title='bbox 2389 2449 2539 2516; x_wconf 91' lang='lat' dir='ltr'><strong>Quod</strong></span> <span class='ocrx_word' id='word_1_703' title='bbox 2589 2465 2694 2505; x_wconf 92' lang='lat' dir='ltr'><strong>non</strong></span> <span class='ocrx_word' id='word_1_704' title='bbox 2721 2451 2772 2505; x_wconf 92' lang='lat' dir='ltr'><strong>in</strong></span> <span class='ocrx_word' id='word_1_705' title='bbox 2802 2451 2951 2517; x_wconf 85' lang='lat' dir='ltr'><strong>loco,</strong></span> <span class='ocrx_word' id='word_1_706' title='bbox 2990 2450 3084 2507; x_wconf 88' lang='lat' dir='ltr'><strong>sed</strong></span> <span class='ocrx_word' id='word_1_707' title='bbox 3130 2451 3184 2506; x_wconf 92' lang='lat' dir='ltr'><strong>in</strong></span> <span class='ocrx_word' id='word_1_708' title='bbox 3229 2453 3502 2518; x_wconf 91' lang='lat' dir='ltr'><strong>moribus,</strong></span> 
     </span>
    </p>
   </div>
   <div class='ocr_carea' id='block_1_86' title="bbox 1932 2540 3503 2611">
    <p class='ocr_par' dir='ltr' id='par_1_86' title="bbox 1932 2540 3503 2611">
     <span class='ocr_line' id='line_1_86' title="bbox 1932 2540 3503 2611; baseline 0.003 -16"><span class='ocrx_word' id='word_1_709' title='bbox 1932 2555 2108 2611; x_wconf 88' lang='lat' dir='ltr'><strong>neque</strong></span> <span class='ocrx_word' id='word_1_710' title='bbox 2136 2540 2188 2595; x_wconf 94' lang='lat' dir='ltr'><strong>in</strong></span> <span class='ocrx_word' id='word_1_711' title='bbox 2213 2541 2402 2597; x_wconf 90' lang='lat' dir='ltr'><strong>nidore</strong></span> <span class='ocrx_word' id='word_1_712' title='bbox 2426 2550 2480 2597; x_wconf 88' lang='lat' dir='ltr'><strong>et</strong></span> <span class='ocrx_word' id='word_1_713' title='bbox 2509 2541 2675 2608; x_wconf 88' lang='lat' dir='ltr'><strong>fumo,</strong></span> <span class='ocrx_word' id='word_1_714' title='bbox 2703 2541 2797 2598; x_wconf 89' lang='lat' dir='ltr'><strong>sed</strong></span> <span class='ocrx_word' id='word_1_715' title='bbox 2827 2543 2878 2598; x_wconf 91' lang='lat' dir='ltr'><strong>in</strong></span> <span class='ocrx_word' id='word_1_716' title='bbox 2900 2543 3004 2599; x_wconf 90' lang='lat' dir='ltr'><strong>alio</strong></span> <span class='ocrx_word' id='word_1_717' title='bbox 3029 2545 3171 2599; x_wconf 93' lang='lat' dir='ltr'><strong>cultu</strong></span> <span class='ocrx_word' id='word_1_718' title='bbox 3197 2553 3379 2600; x_wconf 87' lang='lat' dir='ltr'><strong>nostra</strong></span> <span class='ocrx_word' id='word_1_719' title='bbox 3418 2546 3503 2600; x_wconf 80' lang='lat' dir='ltr'><strong>fu-</strong></span> 
     </span>
    </p>
   </div>
   <div class='ocr_carea' id='block_1_87' title="bbox 1934 2632 3508 2705">
    <p class='ocr_par' dir='ltr' id='par_1_87' title="bbox 1934 2632 3508 2705">
     <span class='ocr_line' id='line_1_87' title="bbox 1934 2632 3508 2705; baseline 0.001 -17"><span class='ocrx_word' id='word_1_720' title='bbox 1934 2641 2049 2688; x_wconf 91' lang='lat' dir='ltr'><strong>tura</strong></span> <span class='ocrx_word' id='word_1_721' title='bbox 2075 2632 2182 2688; x_wconf 89' lang='lat' dir='ltr'><strong>sint</strong></span> <span class='ocrx_word' id='word_1_722' title='bbox 2209 2632 2520 2688; x_wconf 88' lang='lat' dir='ltr'><strong>ministeria.</strong></span> <span class='ocrx_word' id='word_1_723' title='bbox 2562 2633 2629 2688; x_wconf 83' lang='lat' dir='ltr'><strong>Et</strong></span> <span class='ocrx_word' id='word_1_724' title='bbox 2653 2635 2920 2705; x_wconf 89' lang='lat' dir='ltr'><strong>quomodo</strong></span> <span class='ocrx_word' id='word_1_725' title='bbox 2953 2633 3073 2689; x_wconf 89' lang='lat' dir='ltr'><strong>illos</strong></span> <span class='ocrx_word' id='word_1_726' title='bbox 3113 2649 3332 2700; x_wconf 88' lang='lat' dir='ltr'><strong>omnes,</strong></span> <span class='ocrx_word' id='word_1_727' title='bbox 3364 2634 3508 2691; x_wconf 88' lang='lat' dir='ltr'><strong>dicet</strong></span> 
     </span>
    </p>
   </div>
   <div class='ocr_carea' id='block_1_88' title="bbox 1933 2724 3505 2795">
    <p class='ocr_par' dir='ltr' id='par_1_88' title="bbox 1933 2724 3505 2795">
     <span class='ocr_line' id='line_1_88' title="bbox 1933 2724 3505 2795; baseline 0.002 -17"><span class='ocrx_word' id='word_1_728' title='bbox 1933 2724 2192 2795; x_wconf 89' lang='lat' dir='ltr'><strong>quispiam</strong></span> <span class='ocrx_word' id='word_1_729' title='bbox 2214 2765 2229 2790; x_wconf 90' lang='lat'><strong>,</strong></span> <span class='ocrx_word' id='word_1_730' title='bbox 2274 2731 2604 2779; x_wconf 78' lang='lat' dir='ltr'><strong>attraxerant</strong></span> <span class='ocrx_word' id='word_1_731' title='bbox 2646 2724 2912 2795; x_wconf 86' lang='lat' dir='ltr'><strong>apostoli?</strong></span> <span class='ocrx_word' id='word_1_732' title='bbox 2936 2724 3038 2794; x_wconf 90' lang='lat' dir='ltr'><strong>Qui</strong></span> <span class='ocrx_word' id='word_1_733' title='bbox 3063 2741 3168 2781; x_wconf 91' lang='lat' dir='ltr'><strong>non</strong></span> <span class='ocrx_word' id='word_1_734' title='bbox 3200 2725 3299 2779; x_wconf 91' lang='lat' dir='ltr'><strong>nisi</strong></span> <span class='ocrx_word' id='word_1_735' title='bbox 3346 2741 3505 2781; x_wconf 88' lang='lat' dir='ltr'><strong>unam</strong></span> 
     </span>
    </p>
   </div>
   <div class='ocr_carea' id='block_1_89' title="bbox 1933 2813 3507 2887">
    <p class='ocr_par' dir='ltr' id='par_1_89' title="bbox 1933 2813 3507 2887">
     <span class='ocr_line' id='line_1_89' title="bbox 1933 2813 3507 2887; baseline 0 -17"><span class='ocrx_word' id='word_1_736' title='bbox 1933 2816 2164 2887; x_wconf 83' lang='lat' dir='ltr'><strong>linguam</strong></span> <span class='ocrx_word' id='word_1_737' title='bbox 2193 2814 2457 2882; x_wconf 88' lang='lat' dir='ltr'><strong>habebat,</strong></span> <span class='ocrx_word' id='word_1_738' title='bbox 2499 2829 2694 2885; x_wconf 89' lang='lat' dir='ltr'><strong>nempe</strong></span> <span class='ocrx_word' id='word_1_739' title='bbox 2726 2813 2991 2885; x_wconf 86' lang='lat' dir='ltr'><strong>judaicam</strong></span> <span class='ocrx_word' id='word_1_740' title='bbox 3016 2855 3033 2882; x_wconf 96' lang='lat'><strong>,</strong></span> <span class='ocrx_word' id='word_1_741' title='bbox 3077 2814 3345 2885; x_wconf 88' lang='lat' dir='ltr'><strong>quomodo</strong></span> <span class='ocrx_word' id='word_1_742' title='bbox 3370 2813 3507 2887; x_wconf 86' lang='lat' dir='ltr'><strong>Scy-</strong></span> 
     </span>
    </p>
   </div>
   <div class='ocr_carea' id='block_1_90' title="bbox 1935 2901 3510 2976">
    <p class='ocr_par' dir='ltr' id='par_1_90' title="bbox 1935 2901 3510 2976">
     <span class='ocr_line' id='line_1_90' title="bbox 1935 2901 3510 2976; baseline 0.001 -16"><span class='ocrx_word' id='word_1_743' title='bbox 1935 2903 2102 2971; x_wconf 84' lang='lat' dir='ltr'><strong>tbam,</strong></span> <span class='ocrx_word' id='word_1_744' title='bbox 2127 2902 2311 2959; x_wconf 86' lang='lat' dir='ltr'><strong>Indum</strong></span> <span class='ocrx_word' id='word_1_745' title='bbox 2339 2913 2388 2959; x_wconf 89' lang='lat' dir='ltr'><strong>et</strong></span> <span class='ocrx_word' id='word_1_746' title='bbox 2415 2901 2786 2960; x_wconf 86' lang='lat' dir='ltr'><strong>Sauromatam</strong></span> <span class='ocrx_word' id='word_1_747' title='bbox 2812 2903 3007 2960; x_wconf 84' lang='lat' dir='ltr'><strong>docere</strong></span> <span class='ocrx_word' id='word_1_748' title='bbox 3033 2905 3248 2974; x_wconf 77' lang='lat' dir='ltr'><strong>potuit?</strong></span> <span class='ocrx_word' id='word_1_749' title='bbox 3275 2905 3510 2976; x_wconf 82' lang='lat' dir='ltr'><strong>Accepto</strong></span> 
     </span>
    </p>
   </div>
   <div class='ocr_carea' id='block_1_91' title="bbox 1935 2992 3509 3065">
    <p class='ocr_par' dir='ltr' id='par_1_91' title="bbox 1935 2992 3509 3065">
     <span class='ocr_line' id='line_1_91' title="bbox 1935 2992 3509 3065; baseline 0.001 -16"><span class='ocrx_word' id='word_1_750' title='bbox 1935 3009 2127 3065; x_wconf 88' lang='lat' dir='ltr'><strong>nempe</strong></span> <span class='ocrx_word' id='word_1_751' title='bbox 2166 3009 2262 3065; x_wconf 87' lang='lat' dir='ltr'><strong>per</strong></span> <span class='ocrx_word' id='word_1_752' title='bbox 2297 2992 2550 3065; x_wconf 89' lang='lat' dir='ltr'><strong>Spiritum</strong></span> <span class='ocrx_word' id='word_1_753' title='bbox 2597 3004 2838 3049; x_wconf 89' lang='lat' dir='ltr'><strong>sanetum</strong></span> <span class='ocrx_word' id='word_1_754' title='bbox 2877 2994 3174 3065; x_wconf 81' lang='lat' dir='ltr'><strong>linguarum</strong></span> <span class='ocrx_word' id='word_1_755' title='bbox 3222 2997 3509 3052; x_wconf 90' lang='lat' dir='ltr'><strong>multarum</strong></span> 
     </span>
    </p>
   </div>
   <div class='ocr_carea' id='block_1_92' title="bbox 1934 3081 3510 3153">
    <p class='ocr_par' dir='ltr' id='par_1_92' title="bbox 1934 3081 3510 3153">
     <span class='ocr_line' id='line_1_92' title="bbox 1934 3081 3510 3153; baseline 0.001 -14"><span class='ocrx_word' id='word_1_756' title='bbox 1934 3082 2097 3140; x_wconf 87' lang='lat' dir='ltr'><strong>dono.</strong></span> <span class='ocrx_word' id='word_1_757' title='bbox 2123 3082 2191 3138; x_wconf 86' lang='lat' dir='ltr'><strong>Et</strong></span> <span class='ocrx_word' id='word_1_758' title='bbox 2216 3081 2320 3138; x_wconf 88' lang='lat' dir='ltr'><strong>hoc</strong></span> <span class='ocrx_word' id='word_1_759' title='bbox 2359 3081 2572 3153; x_wconf 91' lang='lat' dir='ltr'><strong>quidem</strong></span> <span class='ocrx_word' id='word_1_760' title='bbox 2614 3082 2681 3138; x_wconf 91' lang='lat' dir='ltr'><strong>de</strong></span> <span class='ocrx_word' id='word_1_761' title='bbox 2719 3082 2976 3140; x_wconf 86' lang='lat' dir='ltr'><strong>Gentibus</strong></span> <span class='ocrx_word' id='word_1_762' title='bbox 3005 3101 3020 3138; x_wconf 88' lang='lat'><strong>:</strong></span> <span class='ocrx_word' id='word_1_763' title='bbox 3046 3083 3114 3140; x_wconf 90' lang='lat' dir='ltr'><strong>de</strong></span> <span class='ocrx_word' id='word_1_764' title='bbox 3153 3083 3346 3140; x_wconf 87' lang='lat' dir='ltr'><strong>Israele</strong></span> <span class='ocrx_word' id='word_1_765' title='bbox 3383 3085 3510 3141; x_wconf 90' lang='lat' dir='ltr'><strong>item</strong></span> 
     </span>
    </p>
   </div>
   <div class='ocr_carea' id='block_1_93' title="bbox 1934 3171 3513 3246">
    <p class='ocr_par' dir='ltr' id='par_1_93' title="bbox 1934 3171 3513 3246">
     <span class='ocr_line' id='line_1_93' title="bbox 1934 3171 3513 3246; baseline 0.003 -18"><span class='ocrx_word' id='word_1_766' title='bbox 1934 3173 2136 3229; x_wconf 89' lang='lat' dir='ltr'><strong>donum</strong></span> <span class='ocrx_word' id='word_1_767' title='bbox 2160 3173 2456 3246; x_wconf 79' lang='lat' dir='ltr'><strong>linguarum</strong></span> <span class='ocrx_word' id='word_1_768' title='bbox 2487 3191 2501 3230; x_wconf 89' lang='lat'><strong>:</strong></span> <span class='ocrx_word' id='word_1_769' title='bbox 2531 3171 2672 3245; x_wconf 88' lang='lat' dir='ltr'><strong>quod</strong></span> <span class='ocrx_word' id='word_1_770' title='bbox 2693 3184 2869 3231; x_wconf 89' lang='lat' dir='ltr'><strong>autem</strong></span> <span class='ocrx_word' id='word_1_771' title='bbox 2899 3190 3074 3246; x_wconf 89' lang='lat' dir='ltr'><strong>neque</strong></span> <span class='ocrx_word' id='word_1_772' title='bbox 3101 3175 3202 3232; x_wconf 88' lang='lat' dir='ltr'><strong>hoc</strong></span> <span class='ocrx_word' id='word_1_773' title='bbox 3236 3177 3513 3233; x_wconf 86' lang='lat' dir='ltr'><strong>attraxerit</strong></span> 
     </span>
    </p>
   </div>
   <div class='ocr_carea' id='block_1_94' title="bbox 1935 3264 3513 3337">
    <p class='ocr_par' dir='ltr' id='par_1_94' title="bbox 1935 3264 3513 3337">
     <span class='ocr_line' id='line_1_94' title="bbox 1935 3264 3513 3337; baseline 0 -13"><span class='ocrx_word' id='word_1_774' title='bbox 1935 3265 2148 3324; x_wconf 65' lang='lat' dir='ltr'><strong>Iudaeos</strong></span> <span class='ocrx_word' id='word_1_775' title='bbox 2168 3306 2184 3334; x_wconf 87' lang='lat'><strong>,</strong></span> <span class='ocrx_word' id='word_1_776' title='bbox 2211 3264 2336 3321; x_wconf 87' lang='lat' dir='ltr'><strong>audi</strong></span> <span class='ocrx_word' id='word_1_777' title='bbox 2356 3279 2464 3336; x_wconf 89' lang='lat' dir='ltr'><strong>quo</strong></span> <span class='ocrx_word' id='word_1_778' title='bbox 2491 3274 2642 3336; x_wconf 88' lang='lat' dir='ltr'><strong>pacto</strong></span> <span class='ocrx_word' id='word_1_779' title='bbox 2667 3265 2902 3322; x_wconf 86' lang='lat' dir='ltr'><strong>declaret</strong></span> <span class='ocrx_word' id='word_1_780' title='bbox 2932 3266 3187 3337; x_wconf 83' lang='lat' dir='ltr'><strong>propheta</strong></span> <span class='ocrx_word' id='word_1_781' title='bbox 3207 3267 3393 3324; x_wconf 87' lang='lat' dir='ltr'><strong>dicens</strong></span> <span class='ocrx_word' id='word_1_782' title='bbox 3413 3266 3513 3324; x_wconf 86' lang='lat' dir='ltr'><strong>:In</strong></span> 
     </span>
    </p>
   </div>
   <div class='ocr_carea' id='block_1_95' title="bbox 1937 3355 3507 3428">
    <p class='ocr_par' dir='ltr' id='par_1_95' title="bbox 1937 3355 3507 3428">
     <span class='ocr_line' id='line_1_95' title="bbox 1937 3355 3507 3428; baseline 0.001 -17"><span class='ocrx_word' id='word_1_783' title='bbox 1937 3357 2088 3411; x_wconf 82' lang='lat' dir='ltr'><strong>variis</strong></span> <span class='ocrx_word' id='word_1_784' title='bbox 2113 3355 2300 3428; x_wconf 84' lang='lat' dir='ltr'><strong>linguis</strong></span> <span class='ocrx_word' id='word_1_785' title='bbox 2327 3364 2374 3410; x_wconf 86' lang='lat' dir='ltr'><strong>et</strong></span> <span class='ocrx_word' id='word_1_786' title='bbox 2402 3355 2517 3410; x_wconf 88' lang='lat' dir='ltr'><strong>aliis</strong></span> <span class='ocrx_word' id='word_1_787' title='bbox 2545 3355 2688 3410; x_wconf 84' lang='lat' dir='ltr'><strong>labiis</strong></span> <span class='ocrx_word' id='word_1_788' title='bbox 2715 3357 2894 3427; x_wconf 89' lang='lat' dir='ltr'><strong>loquar</strong></span> <span class='ocrx_word' id='word_1_789' title='bbox 2915 3357 3103 3427; x_wconf 87' lang='lat' dir='ltr'><strong>popqu</strong></span> <span class='ocrx_word' id='word_1_790' title='bbox 3141 3357 3256 3412; x_wconf 72' lang='lat' dir='ltr'><strong>huic</strong></span> <span class='ocrx_word' id='word_1_791' title='bbox 3281 3399 3296 3423; x_wconf 96' lang='lat'><strong>,</strong></span> <span class='ocrx_word' id='word_1_792' title='bbox 3326 3367 3375 3412; x_wconf 88' lang='lat' dir='ltr'><strong>et</strong></span> <span class='ocrx_word' id='word_1_793' title='bbox 3414 3375 3507 3413; x_wconf 84' lang='lat' dir='ltr'><strong>ne-</strong></span> 
     </span>
    </p>
   </div>
   <div class='ocr_carea' id='block_1_96' title="bbox 1935 3445 3512 3518">
    <p class='ocr_par' dir='ltr' id='par_1_96' title="bbox 1935 3445 3512 3518">
     <span class='ocr_line' id='line_1_96' title="bbox 1935 3445 3512 3518; baseline 0.001 -17"><span class='ocrx_word' id='word_1_794' title='bbox 1935 3463 2030 3517; x_wconf 80' lang='lat' dir='ltr'><strong>que</strong></span> <span class='ocrx_word' id='word_1_795' title='bbox 2056 3447 2130 3502; x_wconf 85' lang='lat' dir='ltr'><strong>sic</strong></span> <span class='ocrx_word' id='word_1_796' title='bbox 2151 3446 2356 3501; x_wconf 84' lang='lat' dir='ltr'><strong>audient</strong></span> <span class='ocrx_word' id='word_1_797' title='bbox 2383 3461 2461 3500; x_wconf 83' lang='lat' dir='ltr'><strong>me</strong></span> <span class='ocrx_word' id='word_1_798' title='bbox 2478 3484 2494 3511; x_wconf 90' lang='lat'><strong>,</strong></span> <span class='ocrx_word' id='word_1_799' title='bbox 2517 3446 2637 3500; x_wconf 88' lang='lat' dir='ltr'><strong>dicit</strong></span> <span class='ocrx_word' id='word_1_800' title='bbox 2676 3445 2920 3500; x_wconf 88' lang='lat' dir='ltr'><strong>Dominus</strong></span> <span class='ocrx_word' id='word_1_801' title='bbox 2944 3445 3096 3517; x_wconf 84' lang='lat' dir='ltr'><strong>(Hes.</strong></span> <span class='ocrx_word' id='word_1_802' title='bbox 3122 3446 3213 3503; x_wconf 90' lang='lat'><strong>28.</strong></span> <span class='ocrx_word' id='word_1_803' title='bbox 3238 3447 3356 3518; x_wconf 75' lang='lat' dir='ltr'><strong>ll).</strong></span> <span class='ocrx_word' id='word_1_804' title='bbox 3376 3447 3512 3516; x_wconf 89' lang='lat' dir='ltr'><strong>Quid</strong></span> 
     </span>
    </p>
   </div>
   <div class='ocr_carea' id='block_1_97' title="bbox 1939 3535 3512 3606">
    <p class='ocr_par' dir='ltr' id='par_1_97' title="bbox 1939 3535 3512 3606">
     <span class='ocr_line' id='line_1_97' title="bbox 1939 3535 3512 3606; baseline 0.002 -15"><span class='ocrx_word' id='word_1_805' title='bbox 1939 3535 2042 3592; x_wconf 88' lang='lat' dir='ltr'><strong>hoc</strong></span> <span class='ocrx_word' id='word_1_806' title='bbox 2069 3535 2401 3592; x_wconf 86' lang='lat' dir='ltr'><strong>manifestius</strong></span> <span class='ocrx_word' id='word_1_807' title='bbox 2429 3535 2598 3591; x_wconf 81' lang='lat' dir='ltr'><strong>videri</strong></span> <span class='ocrx_word' id='word_1_808' title='bbox 2625 3537 2832 3606; x_wconf 80' lang='lat' dir='ltr'><strong>possit?</strong></span> <span class='ocrx_word' id='word_1_809' title='bbox 2861 3536 3028 3591; x_wconf 87' lang='lat' dir='ltr'><strong>Erant</strong></span> <span class='ocrx_word' id='word_1_810' title='bbox 3051 3537 3218 3592; x_wconf 58' lang='lat' dir='ltr'><strong>Judaei</strong></span> <span class='ocrx_word' id='word_1_811' title='bbox 3252 3539 3512 3594; x_wconf 91' lang='lat' dir='ltr'><strong>increduli</strong></span> 
     </span>
    </p>
   </div>
   <div class='ocr_carea' id='block_1_98' title="bbox 1939 3627 3516 3702">
    <p class='ocr_par' dir='ltr' id='par_1_98' title="bbox 1939 3627 3516 3702">
     <span class='ocr_line' id='line_1_98' title="bbox 1939 3627 3516 3702; baseline 0.004 -20"><span class='ocrx_word' id='word_1_812' title='bbox 1939 3627 2100 3684; x_wconf 88' lang='lat' dir='ltr'><strong>futuri</strong></span> <span class='ocrx_word' id='word_1_813' title='bbox 2119 3669 2134 3693; x_wconf 93' lang='lat'><strong>,</strong></span> <span class='ocrx_word' id='word_1_814' title='bbox 2160 3637 2215 3684; x_wconf 88' lang='lat' dir='ltr'><strong>et</strong></span> <span class='ocrx_word' id='word_1_815' title='bbox 2230 3629 2428 3684; x_wconf 85' lang='lat' dir='ltr'><strong>Gentes</strong></span> <span class='ocrx_word' id='word_1_816' title='bbox 2447 3628 2511 3682; x_wconf 89' lang='lat' dir='ltr'><strong>ad</strong></span> <span class='ocrx_word' id='word_1_817' title='bbox 2535 3628 2693 3683; x_wconf 80' lang='lat' dir='ltr'><strong>tidem</strong></span> <span class='ocrx_word' id='word_1_818' title='bbox 2713 3628 3035 3684; x_wconf 67' lang='lat' dir='ltr'><strong>advolaturac</strong></span> <span class='ocrx_word' id='word_1_819' title='bbox 3056 3645 3070 3682; x_wconf 88' lang='lat'><strong>:</strong></span> <span class='ocrx_word' id='word_1_820' title='bbox 3095 3640 3150 3686; x_wconf 90' lang='lat' dir='ltr'><strong>et</strong></span> <span class='ocrx_word' id='word_1_821' title='bbox 3175 3630 3277 3685; x_wconf 88' lang='lat' dir='ltr'><strong>hoc</strong></span> <span class='ocrx_word' id='word_1_822' title='bbox 3302 3647 3516 3702; x_wconf 87' lang='lat' dir='ltr'><strong>quoque</strong></span> 
     </span>
    </p>
   </div>
   <div class='ocr_carea' id='block_1_99' title="bbox 1937 3719 3511 3792">
    <p class='ocr_par' dir='ltr' id='par_1_99' title="bbox 1937 3719 3511 3792">
     <span class='ocr_line' id='line_1_99' title="bbox 1937 3719 3511 3792; baseline 0.001 -16"><span class='ocrx_word' id='word_1_823' title='bbox 1937 3720 2401 3792; x_wconf 67' lang='lat' dir='ltr'><strong>prxesignilieatum</strong></span> <span class='ocrx_word' id='word_1_824' title='bbox 2441 3729 2524 3776; x_wconf 89' lang='lat' dir='ltr'><strong>est</strong></span> <span class='ocrx_word' id='word_1_825' title='bbox 2556 3737 2569 3774; x_wconf 87' lang='lat'><strong>:</strong></span> <span class='ocrx_word' id='word_1_826' title='bbox 2601 3721 2724 3775; x_wconf 89' lang='lat' dir='ltr'><strong>audi</strong></span> <span class='ocrx_word' id='word_1_827' title='bbox 2772 3719 3015 3776; x_wconf 86' lang='lat' dir='ltr'><strong>Hesaiam</strong></span> <span class='ocrx_word' id='word_1_828' title='bbox 3064 3723 3164 3776; x_wconf 90' lang='lat' dir='ltr'><strong>hoc</strong></span> <span class='ocrx_word' id='word_1_829' title='bbox 3210 3723 3281 3777; x_wconf 88' lang='lat' dir='ltr'><strong>ita</strong></span> <span class='ocrx_word' id='word_1_830' title='bbox 3329 3723 3511 3777; x_wconf 79' lang='lat' dir='ltr'><strong>decla—</strong></span> 
     </span>
    </p>
   </div>
   <div class='ocr_carea' id='block_1_100' title="bbox 1939 3810 3515 3882">
    <p class='ocr_par' dir='ltr' id='par_1_100' title="bbox 1939 3810 3515 3882">
     <span class='ocr_line' id='line_1_100' title="bbox 1939 3810 3515 3882; baseline 0 -14"><span class='ocrx_word' id='word_1_831' title='bbox 1939 3821 2144 3868; x_wconf 87' lang='lat' dir='ltr'><strong>rantem</strong></span> <span class='ocrx_word' id='word_1_832' title='bbox 2177 3829 2191 3865; x_wconf 89' lang='lat'><strong>:</strong></span> <span class='ocrx_word' id='word_1_833' title='bbox 2223 3810 2465 3866; x_wconf 82' lang='lat' dir='ltr'><strong>Inventus</strong></span> <span class='ocrx_word' id='word_1_834' title='bbox 2483 3827 2596 3866; x_wconf 87' lang='lat' dir='ltr'><strong>sum</strong></span> <span class='ocrx_word' id='word_1_835' title='bbox 2623 3810 2687 3864; x_wconf 80' lang='lat' dir='ltr'><strong>ab</strong></span> <span class='ocrx_word' id='word_1_836' title='bbox 2728 3811 2790 3864; x_wconf 88' lang='lat' dir='ltr'><strong>iis</strong></span> <span class='ocrx_word' id='word_1_837' title='bbox 2812 3851 2828 3877; x_wconf 93' lang='lat'><strong>,</strong></span> <span class='ocrx_word' id='word_1_838' title='bbox 2855 3811 2943 3882; x_wconf 87' lang='lat' dir='ltr'><strong>qui</strong></span> <span class='ocrx_word' id='word_1_839' title='bbox 2983 3827 3063 3865; x_wconf 86' lang='lat' dir='ltr'><strong>me</strong></span> <span class='ocrx_word' id='word_1_840' title='bbox 3104 3827 3204 3866; x_wconf 85' lang='lat' dir='ltr'><strong>non</strong></span> <span class='ocrx_word' id='word_1_841' title='bbox 3245 3823 3515 3881; x_wconf 68' lang='lat' dir='ltr'><strong>quierunt:</strong></span> 
     </span>
    </p>
   </div>
   <div class='ocr_carea' id='block_1_101' title="bbox 1939 3901 3516 3976">
    <p class='ocr_par' dir='ltr' id='par_1_101' title="bbox 1939 3901 3516 3976">
     <span class='ocr_line' id='line_1_101' title="bbox 1939 3901 3516 3976; baseline 0.001 -18"><span class='ocrx_word' id='word_1_842' title='bbox 1939 3905 2289 3976; x_wconf 80' lang='lat' dir='ltr'><strong>manifestatus</strong></span> <span class='ocrx_word' id='word_1_843' title='bbox 2314 3919 2426 3957; x_wconf 88' lang='lat' dir='ltr'><strong>sum</strong></span> <span class='ocrx_word' id='word_1_844' title='bbox 2450 3903 2512 3956; x_wconf 89' lang='lat' dir='ltr'><strong>iis</strong></span> <span class='ocrx_word' id='word_1_845' title='bbox 2532 3943 2546 3967; x_wconf 92' lang='lat'><strong>,</strong></span> <span class='ocrx_word' id='word_1_846' title='bbox 2575 3901 2663 3973; x_wconf 86' lang='lat' dir='ltr'><strong>qui</strong></span> <span class='ocrx_word' id='word_1_847' title='bbox 2683 3917 2762 3955; x_wconf 87' lang='lat' dir='ltr'><strong>me</strong></span> <span class='ocrx_word' id='word_1_848' title='bbox 2789 3919 2888 3956; x_wconf 88' lang='lat' dir='ltr'><strong>non</strong></span> <span class='ocrx_word' id='word_1_849' title='bbox 2912 3903 3187 3973; x_wconf 87' lang='lat' dir='ltr'><strong>inquirunt.</strong></span> <span class='ocrx_word' id='word_1_850' title='bbox 3222 3902 3346 3957; x_wconf 75' lang='lat' dir='ltr'><strong>Dixi</strong></span> <span class='ocrx_word' id='word_1_851' title='bbox 3364 3945 3379 3971; x_wconf 93' lang='lat'><strong>,</strong></span> <span class='ocrx_word' id='word_1_852' title='bbox 3403 3920 3516 3959; x_wconf 84' lang='lat' dir='ltr'><strong>ecce</strong></span> 
     </span>
    </p>
   </div>
   <div class='ocr_carea' id='block_1_102' title="bbox 1938 3993 3514 4066">
    <p class='ocr_par' dir='ltr' id='par_1_102' title="bbox 1938 3993 3514 4066">
     <span class='ocr_line' id='line_1_102' title="bbox 1938 3993 3514 4066; baseline -0.001 -16"><span class='ocrx_word' id='word_1_853' title='bbox 1938 4011 2029 4066; x_wconf 87' lang='lat' dir='ltr'><strong>ego</strong></span> <span class='ocrx_word' id='word_1_854' title='bbox 2055 4010 2168 4049; x_wconf 91' lang='lat' dir='ltr'><strong>sum</strong></span> <span class='ocrx_word' id='word_1_855' title='bbox 2186 4035 2201 4060; x_wconf 93' lang='lat'><strong>,</strong></span> <span class='ocrx_word' id='word_1_856' title='bbox 2227 3994 2295 4046; x_wconf 84' lang='lat' dir='ltr'><strong>ad</strong></span> <span class='ocrx_word' id='word_1_857' title='bbox 2319 4003 2514 4065; x_wconf 87' lang='lat' dir='ltr'><strong>gentem</strong></span> <span class='ocrx_word' id='word_1_858' title='bbox 2538 4031 2554 4059; x_wconf 92' lang='lat'><strong>,</strong></span> <span class='ocrx_word' id='word_1_859' title='bbox 2589 4007 2700 4062; x_wconf 70' lang='lat' dir='ltr'><strong>quas</strong></span> <span class='ocrx_word' id='word_1_860' title='bbox 2727 4009 2828 4046; x_wconf 88' lang='lat' dir='ltr'><strong>non</strong></span> <span class='ocrx_word' id='word_1_861' title='bbox 2872 3993 3112 4047; x_wconf 79' lang='lat' dir='ltr'><strong>invocavit</strong></span> <span class='ocrx_word' id='word_1_862' title='bbox 3141 4010 3320 4047; x_wconf 87' lang='lat' dir='ltr'><strong>nomen</strong></span> <span class='ocrx_word' id='word_1_863' title='bbox 3350 4011 3514 4049; x_wconf 80' lang='lat' dir='ltr'><strong>meum</strong></span> 
     </span>
    </p>
   </div>
   <div class='ocr_carea' id='block_1_103' title="bbox 1937 4087 3516 4159">
    <p class='ocr_par' dir='ltr' id='par_1_103' title="bbox 1937 4087 3516 4159">
     <span class='ocr_line' id='line_1_103' title="bbox 1937 4087 3516 4159; baseline -0.001 -16"><span class='ocrx_word' id='word_1_864' title='bbox 1937 4089 2142 4159; x_wconf 87' lang='lat' dir='ltr'><strong>(Hesai.</strong></span> <span class='ocrx_word' id='word_1_865' title='bbox 2172 4089 2260 4144; x_wconf 79' lang='lat'><strong>65.</strong></span> <span class='ocrx_word' id='word_1_866' title='bbox 2287 4088 2358 4156; x_wconf 80' lang='lat' dir='ltr'><strong>l).</strong></span> <span class='ocrx_word' id='word_1_867' title='bbox 2389 4088 2467 4144; x_wconf 89' lang='lat' dir='ltr'><strong>De</strong></span> <span class='ocrx_word' id='word_1_868' title='bbox 2493 4087 2682 4143; x_wconf 86' lang='lat' dir='ltr'><strong>lsraele</strong></span> <span class='ocrx_word' id='word_1_869' title='bbox 2697 4097 2870 4142; x_wconf 85' lang='lat' dir='ltr'><strong>autem</strong></span> <span class='ocrx_word' id='word_1_870' title='bbox 2893 4103 2906 4139; x_wconf 90' lang='lat'><strong>:</strong></span> <span class='ocrx_word' id='word_1_871' title='bbox 2928 4087 3054 4141; x_wconf 84' lang='lat' dir='ltr'><strong>Tota</strong></span> <span class='ocrx_word' id='word_1_872' title='bbox 3065 4088 3146 4141; x_wconf 87' lang='lat' dir='ltr'><strong>die</strong></span> <span class='ocrx_word' id='word_1_873' title='bbox 3171 4087 3390 4155; x_wconf 67' lang='lat' dir='ltr'><strong>apaudi</strong></span> <span class='ocrx_word' id='word_1_874' title='bbox 3407 4105 3516 4142; x_wconf 84' lang='lat' dir='ltr'><strong>ma-</strong></span> 
     </span>
    </p>
   </div>
   <div class='ocr_carea' id='block_1_104' title="bbox 1941 4177 3509 4248">
    <p class='ocr_par' dir='ltr' id='par_1_104' title="bbox 1941 4177 3509 4248">
     <span class='ocr_line' id='line_1_104' title="bbox 1941 4177 3509 4248; baseline -0.001 -15"><span class='ocrx_word' id='word_1_875' title='bbox 1941 4196 2037 4234; x_wconf 85' lang='lat' dir='ltr'><strong>nus</strong></span> <span class='ocrx_word' id='word_1_876' title='bbox 2061 4195 2198 4233; x_wconf 86' lang='lat' dir='ltr'><strong>meas</strong></span> <span class='ocrx_word' id='word_1_877' title='bbox 2233 4177 2301 4232; x_wconf 87' lang='lat' dir='ltr'><strong>ad</strong></span> <span class='ocrx_word' id='word_1_878' title='bbox 2337 4187 2531 4248; x_wconf 84' lang='lat' dir='ltr'><strong>gentem</strong></span> <span class='ocrx_word' id='word_1_879' title='bbox 2575 4193 2675 4232; x_wconf 89' lang='lat' dir='ltr'><strong>non</strong></span> <span class='ocrx_word' id='word_1_880' title='bbox 2699 4177 2978 4231; x_wconf 85' lang='lat' dir='ltr'><strong>credentem</strong></span> <span class='ocrx_word' id='word_1_881' title='bbox 3004 4184 3054 4230; x_wconf 90' lang='lat' dir='ltr'><strong>et</strong></span> <span class='ocrx_word' id='word_1_882' title='bbox 3091 4177 3509 4231; x_wconf 83' lang='lat' dir='ltr'><strong>contradicentem</strong></span> 
     </span>
    </p>
   </div>
   <div class='ocr_carea' id='block_1_105' title="bbox 1943 4266 3511 4341">
    <p class='ocr_par' dir='ltr' id='par_1_105' title="bbox 1943 4266 3511 4341">
     <span class='ocr_line' id='line_1_105' title="bbox 1943 4266 3511 4341; baseline 0 -19"><span class='ocrx_word' id='word_1_883' title='bbox 1943 4267 2199 4341; x_wconf 80' lang='lat' dir='ltr'><strong>(Ibid.2);</strong></span> <span class='ocrx_word' id='word_1_884' title='bbox 2217 4283 2280 4323; x_wconf 88' lang='lat' dir='ltr'><strong>ac</strong></span> <span class='ocrx_word' id='word_1_885' title='bbox 2299 4283 2513 4322; x_wconf 87' lang='lat' dir='ltr'><strong>rursum</strong></span> <span class='ocrx_word' id='word_1_886' title='bbox 2535 4266 3011 4322; x_wconf 81' lang='lat' dir='ltr'><strong>:Annuntiavimus</strong></span> <span class='ocrx_word' id='word_1_887' title='bbox 3024 4266 3072 4320; x_wconf 88' lang='lat' dir='ltr'><strong>ei</strong></span> <span class='ocrx_word' id='word_1_888' title='bbox 3087 4274 3144 4318; x_wconf 90' lang='lat' dir='ltr'><strong>ut</strong></span> <span class='ocrx_word' id='word_1_889' title='bbox 3157 4282 3312 4336; x_wconf 86' lang='lat' dir='ltr'><strong>puero</strong></span> <span class='ocrx_word' id='word_1_890' title='bbox 3341 4283 3360 4320; x_wconf 90' lang='lat'><strong><em>:</em></strong></span> <span class='ocrx_word' id='word_1_891' title='bbox 3382 4269 3511 4322; x_wconf 85' lang='lat' dir='ltr'><strong>sicut</strong></span> 
     </span>
    </p>
   </div>
   <div class='ocr_carea' id='block_1_106' title="bbox 1939 4354 3514 4427">
    <p class='ocr_par' dir='ltr' id='par_1_106' title="bbox 1939 4354 3514 4427">
     <span class='ocr_line' id='line_1_106' title="bbox 1939 4354 3514 4427; baseline -0.001 -15"><span class='ocrx_word' id='word_1_892' title='bbox 1939 4358 2093 4414; x_wconf 75' lang='lat' dir='ltr'><strong>radix</strong></span> <span class='ocrx_word' id='word_1_893' title='bbox 2121 4358 2176 4411; x_wconf 87' lang='lat' dir='ltr'><strong>in</strong></span> <span class='ocrx_word' id='word_1_894' title='bbox 2214 4366 2346 4411; x_wconf 83' lang='lat' dir='ltr'><strong>terra</strong></span> <span class='ocrx_word' id='word_1_895' title='bbox 2387 4357 2574 4412; x_wconf 86' lang='lat' dir='ltr'><strong>sitienti</strong></span> <span class='ocrx_word' id='word_1_896' title='bbox 2611 4355 2720 4426; x_wconf 91' lang='lat' dir='ltr'><strong>(Id.</strong></span> <span class='ocrx_word' id='word_1_897' title='bbox 2748 4357 2836 4412; x_wconf 83' lang='lat'><strong>55.</strong></span> <span class='ocrx_word' id='word_1_898' title='bbox 2873 4356 2971 4427; x_wconf 87' lang='lat'><strong>2);</strong></span> <span class='ocrx_word' id='word_1_899' title='bbox 3008 4370 3072 4410; x_wconf 89' lang='lat' dir='ltr'><strong>ac</strong></span> <span class='ocrx_word' id='word_1_900' title='bbox 3112 4371 3321 4412; x_wconf 88' lang='lat' dir='ltr'><strong>rursum</strong></span> <span class='ocrx_word' id='word_1_901' title='bbox 3347 4398 3360 4421; x_wconf 88' lang='lat'><strong>,</strong></span> <span class='ocrx_word' id='word_1_902' title='bbox 3402 4354 3514 4410; x_wconf 60' lang='lat' dir='ltr'><strong>Do-</strong></span> 
     </span>
    </p>
   </div>
   <div class='ocr_carea' id='block_1_107' title="bbox 1940 4444 3514 4517">
    <p class='ocr_par' dir='ltr' id='par_1_107' title="bbox 1940 4444 3514 4517">
     <span class='ocr_line' id='line_1_107' title="bbox 1940 4444 3514 4517; baseline -0.001 -14"><span class='ocrx_word' id='word_1_903' title='bbox 1940 4449 2075 4503; x_wconf 88' lang='lat' dir='ltr'><strong>mine</strong></span> <span class='ocrx_word' id='word_1_904' title='bbox 2090 4487 2108 4512; x_wconf 88' lang='lat'><strong>,</strong></span> <span class='ocrx_word' id='word_1_905' title='bbox 2135 4449 2252 4517; x_wconf 85' lang='lat' dir='ltr'><strong>quis</strong></span> <span class='ocrx_word' id='word_1_906' title='bbox 2274 4447 2485 4502; x_wconf 83' lang='lat' dir='ltr'><strong>credidit</strong></span> <span class='ocrx_word' id='word_1_907' title='bbox 2512 4447 2711 4500; x_wconf 88' lang='lat' dir='ltr'><strong>auditui</strong></span> <span class='ocrx_word' id='word_1_908' title='bbox 2727 4455 2899 4501; x_wconf 89' lang='lat' dir='ltr'><strong>nostro</strong></span> <span class='ocrx_word' id='word_1_909' title='bbox 2919 4447 2944 4500; x_wconf 80' lang='lat'><strong><em>?</em></strong></span> <span class='ocrx_word' id='word_1_910' title='bbox 2968 4444 3034 4500; x_wconf 86' lang='lat' dir='ltr'><strong>Et</strong></span> <span class='ocrx_word' id='word_1_911' title='bbox 3052 4447 3314 4501; x_wconf 86' lang='lat' dir='ltr'><strong>brachium</strong></span> <span class='ocrx_word' id='word_1_912' title='bbox 3335 4445 3514 4501; x_wconf 85' lang='lat' dir='ltr'><strong>Domi-</strong></span> 
     </span>
    </p>
   </div>
   <div class='ocr_carea' id='block_1_108' title="bbox 1943 4536 3515 4610">
    <p class='ocr_par' dir='ltr' id='par_1_108' title="bbox 1943 4536 3515 4610">
     <span class='ocr_line' id='line_1_108' title="bbox 1943 4536 3515 4610; baseline -0.001 -14"><span class='ocrx_word' id='word_1_913' title='bbox 1943 4543 1996 4596; x_wconf 87' lang='lat' dir='ltr'><strong>ni</strong></span> <span class='ocrx_word' id='word_1_914' title='bbox 2045 4542 2123 4595; x_wconf 88' lang='lat' dir='ltr'><strong>cui</strong></span> <span class='ocrx_word' id='word_1_915' title='bbox 2171 4540 2443 4594; x_wconf 73' lang='lat' dir='ltr'><strong>revelatum</strong></span> <span class='ocrx_word' id='word_1_916' title='bbox 2482 4548 2553 4594; x_wconf 88' lang='lat' dir='ltr'><strong>est</strong></span> <span class='ocrx_word' id='word_1_917' title='bbox 2603 4537 2768 4608; x_wconf 83' lang='lat' dir='ltr'><strong>(Ibid.</strong></span> <span class='ocrx_word' id='word_1_918' title='bbox 2801 4556 2852 4593; x_wconf 93' lang='lat' dir='ltr'><strong>v.</strong></span> <span class='ocrx_word' id='word_1_919' title='bbox 2884 4536 2980 4610; x_wconf 81' lang='lat' dir='ltr'><strong>l)?</strong></span> <span class='ocrx_word' id='word_1_920' title='bbox 3010 4538 3124 4593; x_wconf 81' lang='lat' dir='ltr'><strong>Non</strong></span> <span class='ocrx_word' id='word_1_921' title='bbox 3161 4538 3294 4594; x_wconf 89' lang='lat' dir='ltr'><strong>dixit</strong></span> <span class='ocrx_word' id='word_1_922' title='bbox 3317 4539 3515 4595; x_wconf 70' lang='lat' dir='ltr'><strong>doctrio</strong></span> 
     </span>
    </p>
   </div>
   <div class='ocr_carea' id='block_1_109' title="bbox 1943 4631 3511 4700">
    <p class='ocr_par' dir='ltr' id='par_1_109' title="bbox 1943 4631 3511 4700">
     <span class='ocr_line' id='line_1_109' title="bbox 1943 4631 3511 4700; baseline -0.001 -12"><span class='ocrx_word' id='word_1_923' title='bbox 1943 4647 2026 4688; x_wconf 78' lang='lat' dir='ltr'><strong>nte</strong></span> <span class='ocrx_word' id='word_1_924' title='bbox 2055 4640 2249 4687; x_wconf 74' lang='lat' dir='ltr'><strong>nostra:</strong></span> <span class='ocrx_word' id='word_1_925' title='bbox 2270 4671 2286 4696; x_wconf 87' lang='lat'><strong>,</strong></span> <span class='ocrx_word' id='word_1_926' title='bbox 2313 4631 2402 4686; x_wconf 91' lang='lat' dir='ltr'><strong>ubi</strong></span> <span class='ocrx_word' id='word_1_927' title='bbox 2431 4631 2663 4686; x_wconf 86' lang='lat' dir='ltr'><strong>ostendit</strong></span> <span class='ocrx_word' id='word_1_928' title='bbox 2682 4644 2776 4685; x_wconf 81' lang='lat' dir='ltr'><strong>eos</strong></span> <span class='ocrx_word' id='word_1_929' title='bbox 2797 4644 2901 4685; x_wconf 90' lang='lat' dir='ltr'><strong>non</strong></span> <span class='ocrx_word' id='word_1_930' title='bbox 2928 4645 2994 4684; x_wconf 83' lang='lat' dir='ltr'><strong>ex</strong></span> <span class='ocrx_word' id='word_1_931' title='bbox 3015 4646 3075 4685; x_wconf 92' lang='lat' dir='ltr'><strong>se</strong></span> <span class='ocrx_word' id='word_1_932' title='bbox 3102 4631 3346 4700; x_wconf 88' lang='lat' dir='ltr'><strong>loquutos</strong></span> <span class='ocrx_word' id='word_1_933' title='bbox 3370 4645 3511 4697; x_wconf 86' lang='lat' dir='ltr'><strong>esse,</strong></span> 
     </span>
    </p>
   </div>
   <div class='ocr_carea' id='block_1_110' title="bbox 1941 4721 3514 4793">
    <p class='ocr_par' dir='ltr' id='par_1_110' title="bbox 1941 4721 3514 4793">
     <span class='ocr_line' id='line_1_110' title="bbox 1941 4721 3514 4793; baseline -0.004 -14"><span class='ocrx_word' id='word_1_934' title='bbox 1941 4724 2035 4779; x_wconf 88' lang='lat' dir='ltr'><strong>sed</strong></span> <span class='ocrx_word' id='word_1_935' title='bbox 2061 4739 2121 4779; x_wconf 87' lang='lat' dir='ltr'><strong>ea</strong></span> <span class='ocrx_word' id='word_1_936' title='bbox 2142 4763 2158 4788; x_wconf 86' lang='lat'><strong>,</strong></span> <span class='ocrx_word' id='word_1_937' title='bbox 2186 4737 2358 4793; x_wconf 69' lang='lat' dir='ltr'><strong>quaen</strong></span> <span class='ocrx_word' id='word_1_938' title='bbox 2385 4723 2494 4776; x_wconf 89' lang='lat' dir='ltr'><strong>Deo</strong></span> <span class='ocrx_word' id='word_1_939' title='bbox 2518 4721 2794 4776; x_wconf 87' lang='lat' dir='ltr'><strong>audierant</strong></span> <span class='ocrx_word' id='word_1_940' title='bbox 2837 4723 3197 4778; x_wconf 86' lang='lat' dir='ltr'><strong>annuntiasse.</strong></span> <span class='ocrx_word' id='word_1_941' title='bbox 3228 4721 3378 4789; x_wconf 89' lang='lat' dir='ltr'><strong>Quod</strong></span> <span class='ocrx_word' id='word_1_942' title='bbox 3419 4736 3514 4776; x_wconf 83' lang='lat' dir='ltr'><strong>no.</strong></span> 
     </span>
    </p>
   </div>
   <div class='ocr_carea' id='block_1_111' title="bbox 1942 4811 3516 4884">
    <p class='ocr_par' dir='ltr' id='par_1_111' title="bbox 1942 4811 3516 4884">
     <span class='ocr_line' id='line_1_111' title="bbox 1942 4811 3516 4884; baseline -0.003 -14"><span class='ocrx_word' id='word_1_943' title='bbox 1942 4823 2052 4870; x_wconf 87' lang='lat' dir='ltr'><strong>stra</strong></span> <span class='ocrx_word' id='word_1_944' title='bbox 2081 4813 2314 4870; x_wconf 82' lang='lat' dir='ltr'><strong>Judaicis</strong></span> <span class='ocrx_word' id='word_1_945' title='bbox 2341 4811 2667 4884; x_wconf 69' lang='lat' dir='ltr'><strong>pra2ferenda</strong></span> <span class='ocrx_word' id='word_1_946' title='bbox 2695 4827 2760 4866; x_wconf 87' lang='lat' dir='ltr'><strong>ac</strong></span> <span class='ocrx_word' id='word_1_947' title='bbox 2789 4812 2954 4867; x_wconf 91' lang='lat' dir='ltr'><strong>multo</strong></span> <span class='ocrx_word' id='word_1_948' title='bbox 2974 4813 3338 4881; x_wconf 73' lang='lat' dir='ltr'><strong>przestantiora</strong></span> <span class='ocrx_word' id='word_1_949' title='bbox 3367 4811 3516 4878; x_wconf 87' lang='lat' dir='ltr'><strong>sint,</strong></span> 
     </span>
    </p>
   </div>
   <div class='ocr_carea' id='block_1_112' title="bbox 1947 4901 3518 4976">
    <p class='ocr_par' dir='ltr' id='par_1_112' title="bbox 1947 4901 3518 4976">
     <span class='ocr_line' id='line_1_112' title="bbox 1947 4901 3518 4976; baseline -0.005 -14"><span class='ocrx_word' id='word_1_950' title='bbox 1947 4906 2235 4964; x_wconf 77' lang='lat' dir='ltr'><strong>declaravit</strong></span> <span class='ocrx_word' id='word_1_951' title='bbox 2254 4905 2462 4976; x_wconf 75' lang='lat' dir='ltr'><strong>Moyses</strong></span> <span class='ocrx_word' id='word_1_952' title='bbox 2491 4905 2573 4958; x_wconf 89' lang='lat' dir='ltr'><strong>his</strong></span> <span class='ocrx_word' id='word_1_953' title='bbox 2598 4905 2775 4960; x_wconf 90' lang='lat' dir='ltr'><strong>verbis</strong></span> <span class='ocrx_word' id='word_1_954' title='bbox 2804 4921 2818 4956; x_wconf 84' lang='lat'><strong>:</strong></span> <span class='ocrx_word' id='word_1_955' title='bbox 2851 4902 2917 4957; x_wconf 86' lang='lat' dir='ltr'><strong>In</strong></span> <span class='ocrx_word' id='word_1_956' title='bbox 2956 4903 3326 4956; x_wconf 72' lang='lat' dir='ltr'><strong>cenaulationem</strong></span> <span class='ocrx_word' id='word_1_957' title='bbox 3359 4901 3518 4954; x_wconf 85' lang='lat' dir='ltr'><strong>dedu-</strong></span> 
     </span>
    </p>
   </div>
   <div class='ocr_carea' id='block_1_113' title="bbox 1945 4992 3520 5068">
    <p class='ocr_par' dir='ltr' id='par_1_113' title="bbox 1945 4992 3520 5068">
     <span class='ocr_line' id='line_1_113' title="bbox 1945 4992 3520 5068; baseline -0.004 -15"><span class='ocrx_word' id='word_1_958' title='bbox 1945 5015 2058 5054; x_wconf 85' lang='lat' dir='ltr'><strong>cam</strong></span> <span class='ocrx_word' id='word_1_959' title='bbox 2081 5015 2167 5052; x_wconf 88' lang='lat' dir='ltr'><strong>vos</strong></span> <span class='ocrx_word' id='word_1_960' title='bbox 2184 5001 2237 5052; x_wconf 90' lang='lat' dir='ltr'><strong>in</strong></span> <span class='ocrx_word' id='word_1_961' title='bbox 2269 5014 2376 5051; x_wconf 68' lang='grc' dir='ltr'><strong>Δνιωι</strong></span> <span class='ocrx_word' id='word_1_962' title='bbox 2398 5007 2579 5068; x_wconf 85' lang='lat' dir='ltr'><strong>gente:</strong></span> <span class='ocrx_word' id='word_1_963' title='bbox 2603 4997 2657 5049; x_wconf 89' lang='lat' dir='ltr'><strong>in</strong></span> <span class='ocrx_word' id='word_1_964' title='bbox 2700 5004 2844 5066; x_wconf 86' lang='lat' dir='ltr'><strong>gente</strong></span> <span class='ocrx_word' id='word_1_965' title='bbox 2887 4995 3154 5064; x_wconf 87' lang='lat' dir='ltr'><strong>insipiente</strong></span> <span class='ocrx_word' id='word_1_966' title='bbox 3195 4992 3404 5046; x_wconf 86' lang='lat' dir='ltr'><strong>irritabo</strong></span> <span class='ocrx_word' id='word_1_967' title='bbox 3433 5007 3520 5047; x_wconf 87' lang='lat' dir='ltr'><strong>vos</strong></span> 
     </span>
    </p>
   </div>
   <div class='ocr_carea' id='block_1_114' title="bbox 1949 5083 3519 5163">
    <p class='ocr_par' dir='ltr' id='par_1_114' title="bbox 1949 5083 3519 5163">
     <span class='ocr_line' id='line_1_114' title="bbox 1949 5083 3519 5163; baseline -0.003 -20"><span class='ocrx_word' id='word_1_968' title='bbox 1949 5090 2124 5163; x_wconf 88' lang='lat' dir='ltr'><strong>(Deut.</strong></span> <span class='ocrx_word' id='word_1_969' title='bbox 2171 5089 2262 5145; x_wconf 90' lang='lat'><strong>52.</strong></span> <span class='ocrx_word' id='word_1_970' title='bbox 2313 5089 2405 5159; x_wconf 89' lang='lat' dir='ltr'><strong>2l)</strong></span> <span class='ocrx_word' id='word_1_971' title='bbox 2432 5105 2446 5142; x_wconf 88' lang='lat'><strong>:</strong></span> <span class='ocrx_word' id='word_1_972' title='bbox 2476 5087 2708 5158; x_wconf 86' lang='lat' dir='ltr'><strong>priorem</strong></span> <span class='ocrx_word' id='word_1_973' title='bbox 2754 5086 2932 5156; x_wconf 86' lang='lat' dir='ltr'><strong>populi</strong></span> <span class='ocrx_word' id='word_1_974' title='bbox 2968 5085 3225 5139; x_wconf 86' lang='lat' dir='ltr'><strong>vilitatem</strong></span> <span class='ocrx_word' id='word_1_975' title='bbox 3275 5083 3519 5139; x_wconf 86' lang='lat' dir='ltr'><strong>indicans</strong></span> 
     </span>
    </p>
   </div>
   <div class='ocr_carea' id='block_1_115' title="bbox 1948 5175 3522 5250">
    <p class='ocr_par' dir='ltr' id='par_1_115' title="bbox 1948 5175 3522 5250">
     <span class='ocr_line' id='line_1_115' title="bbox 1948 5175 3522 5250; baseline -0.005 -12"><span class='ocrx_word' id='word_1_976' title='bbox 1948 5198 2069 5238; x_wconf 90' lang='lat' dir='ltr'><strong>cum</strong></span> <span class='ocrx_word' id='word_1_977' title='bbox 2098 5182 2266 5248; x_wconf 92' lang='lat' dir='ltr'><strong>dicit,</strong></span> <span class='ocrx_word' id='word_1_978' title='bbox 2298 5180 2366 5234; x_wconf 90' lang='lat' dir='ltr'><strong>In</strong></span> <span class='ocrx_word' id='word_1_979' title='bbox 2408 5196 2508 5234; x_wconf 90' lang='lat' dir='ltr'><strong>non</strong></span> <span class='ocrx_word' id='word_1_980' title='bbox 2532 5188 2676 5250; x_wconf 84' lang='lat' dir='ltr'><strong>gente</strong></span> <span class='ocrx_word' id='word_1_981' title='bbox 2703 5193 2724 5232; x_wconf 91' lang='lat'><strong><em>:</em></strong></span> <span class='ocrx_word' id='word_1_982' title='bbox 2751 5193 2854 5232; x_wconf 90' lang='lat' dir='ltr'><strong>non</strong></span> <span class='ocrx_word' id='word_1_983' title='bbox 2891 5176 3032 5231; x_wconf 89' lang='lat' dir='ltr'><strong>enim</strong></span> <span class='ocrx_word' id='word_1_984' title='bbox 3079 5190 3209 5245; x_wconf 77' lang='lat' dir='ltr'><strong>gens</strong></span> <span class='ocrx_word' id='word_1_985' title='bbox 3240 5175 3522 5245; x_wconf 86' lang='lat' dir='ltr'><strong>putabatur</strong></span> 
     </span>
    </p>
   </div>
   <div class='ocr_carea' id='block_1_116' title="bbox 1949 5267 3522 5337">
    <p class='ocr_par' dir='ltr' id='par_1_116' title="bbox 1949 5267 3522 5337">
     <span class='ocr_line' id='line_1_116' title="bbox 1949 5267 3522 5337; baseline -0.007 -7"><span class='ocrx_word' id='word_1_986' title='bbox 1949 5288 2070 5330; x_wconf 85' lang='lat' dir='ltr'><strong>esse</strong></span> <span class='ocrx_word' id='word_1_987' title='bbox 2088 5274 2158 5328; x_wconf 91' lang='lat' dir='ltr'><strong>ob</strong></span> <span class='ocrx_word' id='word_1_988' title='bbox 2181 5273 2436 5327; x_wconf 85' lang='lat' dir='ltr'><strong>vilitatem</strong></span> <span class='ocrx_word' id='word_1_989' title='bbox 2464 5271 2679 5326; x_wconf 83' lang='lat' dir='ltr'><strong>nimiam</strong></span> <span class='ocrx_word' id='word_1_990' title='bbox 2700 5310 2716 5337; x_wconf 88' lang='lat'><strong>,</strong></span> <span class='ocrx_word' id='word_1_991' title='bbox 2743 5269 2814 5324; x_wconf 90' lang='lat' dir='ltr'><strong>ob</strong></span> <span class='ocrx_word' id='word_1_992' title='bbox 2839 5268 3190 5337; x_wconf 84' lang='lat' dir='ltr'><strong>insipientiam</strong></span> <span class='ocrx_word' id='word_1_993' title='bbox 3211 5306 3226 5329; x_wconf 89' lang='lat'><strong>,</strong></span> <span class='ocrx_word' id='word_1_994' title='bbox 3251 5267 3322 5320; x_wconf 91' lang='lat' dir='ltr'><strong>ob</strong></span> <span class='ocrx_word' id='word_1_995' title='bbox 3337 5281 3522 5321; x_wconf 85' lang='lat' dir='ltr'><strong>amcu-</strong></span> 
     </span>
    </p>
   </div>
   <div class='ocr_carea' id='block_1_117' title="bbox 1951 5357 3521 5424">
    <p class='ocr_par' dir='ltr' id='par_1_117' title="bbox 1951 5357 3521 5424">
     <span class='ocr_line' id='line_1_117' title="bbox 1951 5357 3521 5424; baseline -0.006 -3"><span class='ocrx_word' id='word_1_996' title='bbox 1951 5367 2098 5422; x_wconf 88' lang='lat' dir='ltr'><strong>tiam.</strong></span> <span class='ocrx_word' id='word_1_997' title='bbox 2125 5364 2230 5420; x_wconf 91' lang='lat' dir='ltr'><strong>Sed</strong></span> <span class='ocrx_word' id='word_1_998' title='bbox 2260 5363 2482 5418; x_wconf 84' lang='lat' dir='ltr'><strong>mutatio</strong></span> <span class='ocrx_word' id='word_1_999' title='bbox 2504 5371 2648 5416; x_wconf 85' lang='lat' dir='ltr'><strong>tanta</strong></span> <span class='ocrx_word' id='word_1_1000' title='bbox 2666 5376 2696 5415; x_wconf 90' lang='lat' dir='ltr'><strong>a</strong></span> <span class='ocrx_word' id='word_1_1001' title='bbox 2725 5361 2828 5416; x_wconf 84' lang='lat' dir='ltr'><strong>lide</strong></span> <span class='ocrx_word' id='word_1_1002' title='bbox 2852 5359 2988 5414; x_wconf 78' lang='lat' dir='ltr'><strong>facta</strong></span> <span class='ocrx_word' id='word_1_1003' title='bbox 3017 5367 3100 5413; x_wconf 83' lang='lat' dir='ltr'><strong>est</strong></span> <span class='ocrx_word' id='word_1_1004' title='bbox 3122 5399 3137 5424; x_wconf 93' lang='lat'><strong>,</strong></span> <span class='ocrx_word' id='word_1_1005' title='bbox 3181 5366 3240 5412; x_wconf 88' lang='lat' dir='ltr'><strong>ut</strong></span> <span class='ocrx_word' id='word_1_1006' title='bbox 3268 5357 3321 5412; x_wconf 87' lang='lat' dir='ltr'><strong>bi</strong></span> <span class='ocrx_word' id='word_1_1007' title='bbox 3349 5357 3521 5412; x_wconf 87' lang='lat' dir='ltr'><strong>bono-</strong></span> 
     </span>
    </p>
   </div>
   <div class='ocr_carea' id='block_1_118' title="bbox 1953 5448 3523 5527">
    <p class='ocr_par' dir='ltr' id='par_1_118' title="bbox 1953 5448 3523 5527">
     <span class='ocr_line' id='line_1_118' title="bbox 1953 5448 3523 5527; baseline -0.007 -12"><span class='ocrx_word' id='word_1_1008' title='bbox 1953 5459 2240 5516; x_wconf 80' lang='lat' dir='ltr'><strong>rabiliores</strong></span> <span class='ocrx_word' id='word_1_1009' title='bbox 2263 5463 2552 5527; x_wconf 87' lang='lat' dir='ltr'><strong>appareant</strong></span> <span class='ocrx_word' id='word_1_1010' title='bbox 2572 5455 2636 5508; x_wconf 84' lang='lat' dir='ltr'><strong>iis</strong></span> <span class='ocrx_word' id='word_1_1011' title='bbox 2652 5493 2669 5519; x_wconf 92' lang='lat'><strong>,</strong></span> <span class='ocrx_word' id='word_1_1012' title='bbox 2695 5453 2784 5522; x_wconf 85' lang='lat' dir='ltr'><strong>qui</strong></span> <span class='ocrx_word' id='word_1_1013' title='bbox 2809 5461 2934 5506; x_wconf 87' lang='lat' dir='ltr'><strong>tunc</strong></span> <span class='ocrx_word' id='word_1_1014' title='bbox 2971 5449 3386 5506; x_wconf 81' lang='lat' dir='ltr'><strong>honorabantur.</strong></span> <span class='ocrx_word' id='word_1_1015' title='bbox 3412 5448 3523 5504; x_wconf 88' lang='lat' dir='ltr'><strong>lloc</strong></span> 
     </span>
    </p>
   </div>
   <div class='ocr_carea' id='block_1_119' title="bbox 1954 5541 3528 5623">
    <p class='ocr_par' dir='ltr' id='par_1_119' title="bbox 1954 5541 3528 5623">
     <span class='ocr_line' id='line_1_119' title="bbox 1954 5541 3528 5623; baseline -0.008 -16"><span class='ocrx_word' id='word_1_1016' title='bbox 1954 5566 2096 5623; x_wconf 72' lang='lat' dir='ltr'><strong>aegre</strong></span> <span class='ocrx_word' id='word_1_1017' title='bbox 2138 5550 2339 5604; x_wconf 86' lang='lat' dir='ltr'><strong>laturos</strong></span> <span class='ocrx_word' id='word_1_1018' title='bbox 2384 5545 2600 5602; x_wconf 68' lang='lat' dir='ltr'><strong>Iudaeos</strong></span> <span class='ocrx_word' id='word_1_1019' title='bbox 2625 5586 2640 5610; x_wconf 91' lang='lat'><strong>,</strong></span> <span class='ocrx_word' id='word_1_1020' title='bbox 2679 5553 2734 5599; x_wconf 86' lang='lat' dir='ltr'><strong>et</strong></span> <span class='ocrx_word' id='word_1_1021' title='bbox 2764 5543 2884 5598; x_wconf 85' lang='lat' dir='ltr'><strong>inde</strong></span> <span class='ocrx_word' id='word_1_1022' title='bbox 2912 5541 3161 5598; x_wconf 87' lang='lat' dir='ltr'><strong>meliores</strong></span> <span class='ocrx_word' id='word_1_1023' title='bbox 3189 5541 3423 5605; x_wconf 82' lang='lat' dir='ltr'><strong>futuros.</strong></span> <span class='ocrx_word' id='word_1_1024' title='bbox 3460 5553 3528 5594; x_wconf 88' lang='lat' dir='ltr'><strong>ex</strong></span> 
     </span>
    </p>
   </div>
   <div class='ocr_carea' id='block_1_120' title="bbox 1957 5631 3524 5701">
    <p class='ocr_par' dir='ltr' id='par_1_120' title="bbox 1957 5631 3524 5701">
     <span class='ocr_line' id='line_1_120' title="bbox 1957 5631 3524 5701; baseline -0.01 -4"><span class='ocrx_word' id='word_1_1025' title='bbox 1957 5643 2040 5698; x_wconf 87' lang='lat' dir='ltr'><strong>his</strong></span> <span class='ocrx_word' id='word_1_1026' title='bbox 2076 5643 2235 5696; x_wconf 86' lang='lat' dir='ltr'><strong>etiam</strong></span> <span class='ocrx_word' id='word_1_1027' title='bbox 2269 5639 2570 5695; x_wconf 89' lang='lat' dir='ltr'><strong>declaratur</strong></span> <span class='ocrx_word' id='word_1_1028' title='bbox 2605 5655 2619 5691; x_wconf 90' lang='lat'><strong>:</strong></span> <span class='ocrx_word' id='word_1_1029' title='bbox 2663 5649 2769 5690; x_wconf 90' lang='lat' dir='ltr'><strong>non</strong></span> <span class='ocrx_word' id='word_1_1030' title='bbox 2812 5635 2953 5689; x_wconf 90' lang='lat' dir='ltr'><strong>enim</strong></span> <span class='ocrx_word' id='word_1_1031' title='bbox 3000 5631 3313 5701; x_wconf 88' lang='lat' dir='ltr'><strong>simpliciter</strong></span> <span class='ocrx_word' id='word_1_1032' title='bbox 3367 5631 3524 5700; x_wconf 85' lang='lat' dir='ltr'><strong>dixit,</strong></span> 
     </span>
    </p>
   </div>
   <div class='ocr_carea' id='block_1_121' title="bbox 1958 5723 3530 5805">
    <p class='ocr_par' dir='ltr' id='par_1_121' title="bbox 1958 5723 3530 5805">
     <span class='ocr_line' id='line_1_121' title="bbox 1958 5723 3530 5805; baseline -0.012 -15"><span class='ocrx_word' id='word_1_1033' title='bbox 1958 5745 2307 5805; x_wconf 86' lang='lat' dir='ltr'><strong>anteponam;</strong></span> <span class='ocrx_word' id='word_1_1034' title='bbox 2339 5730 2432 5787; x_wconf 85' lang='lat' dir='ltr'><strong>sed</strong></span> <span class='ocrx_word' id='word_1_1035' title='bbox 2457 5729 2614 5784; x_wconf 88' lang='lat' dir='ltr'><strong>simul</strong></span> <span class='ocrx_word' id='word_1_1036' title='bbox 2639 5727 2742 5784; x_wconf 87' lang='lat' dir='ltr'><strong>hoc</strong></span> <span class='ocrx_word' id='word_1_1037' title='bbox 2767 5727 2940 5798; x_wconf 88' lang='lat' dir='ltr'><strong>ipsum</strong></span> <span class='ocrx_word' id='word_1_1038' title='bbox 2968 5723 3244 5781; x_wconf 81' lang='lat' dir='ltr'><strong>declarans</strong></span> <span class='ocrx_word' id='word_1_1039' title='bbox 3267 5762 3284 5788; x_wconf 87' lang='lat'><strong>,</strong></span> <span class='ocrx_word' id='word_1_1040' title='bbox 3321 5731 3376 5778; x_wconf 90' lang='lat' dir='ltr'><strong>et</strong></span> <span class='ocrx_word' id='word_1_1041' title='bbox 3393 5734 3530 5792; x_wconf 81' lang='lat' dir='ltr'><strong>qua-</strong></span> 
     </span>
    </p>
   </div>
  </div>
