3990 6198
504 260 626 317 ³8⁸25

517 399 848 466 lemcumque
872 393 993 448 hinc
1016 391 1247 449 futuram
1273 392 1698 449 emendationem
1725 390 1987 457 indicans,
2016 389 2085 445 In

511 489 905 549 ttatulationcm,
928 485 1126 555 inquit,
1150 483 1396 538 deducam
1418 500 1503 537 vos
1539 484 1590 536 in
1612 500 1714 538 non
1738 493 1881 553 gente
1909 480 2086 552 (Deut.

513 579 717 650 32.21)
746 596 761 645 ;
801 593 864 632 ac
888 577 932 630 si
963 577 1186 643 diceret,
1212 573 1382 629 Tanta
1401 575 1540 630 dabo
1567 576 1694 645 ipsis
1714 575 1852 630 bona
1872 615 1888 642 ,
1917 585 1977 628 ut
1997 588 2090 630 vos

513 670 851 725 aemulatione
871 667 1252 738 corripiamini,
1289 677 1341 722 et
1362 677 1420 721 ut
1447 666 1816 722 mordeamini.
1845 666 1958 722 Hoc
1986 665 2088 720 ita-

510 779 614 833 que
653 763 903 818 meliores
932 761 1076 832 ipsos
1101 760 1348 816 reddidit.
1380 759 1511 816 Nam
1539 760 1631 830 qui
1657 759 1880 814 divisum
1903 774 2080 826 mare,

507 858 702 912 scissas
731 865 938 925 petras,
969 868 1147 909 aerem
1177 859 1437 908 mutatum
1461 893 1478 920 ,
1508 861 1561 906 et
1587 859 1665 907 tot
1691 859 1940 921 tantaque
1961 865 2086 920 pro-

506 949 645 1018 digia
674 947 942 1007 viderant;
967 946 1074 1000 imo
1094 959 1218 1001 vero
1243 943 1332 1015 qui
1357 943 1492 998 ﬁlios
1512 957 1636 998 suos
1659 942 2083 1008 immolaverant,

504 1041 594 1110 qui
625 1039 723 1108 ipsi
750 1037 1080 1108 Beclphegor
1123 1037 1312 1091 initiati
1341 1035 1590 1101 fuerant,
1625 1037 1912 1107 multisque
1943 1051 2080 1106 prte-

505 1130 679 1200 stigiis
732 1145 949 1200 Operam
975 1127 1260 1193 dederant;
1293 1126 1350 1182 hi
1388 1134 1664 1198 postquam
1712 1141 1812 1182 nos
1849 1127 2082 1182 accessi-

503 1237 652 1287 mus,
687 1221 946 1291 longeque
993 1219 1392 1288 prmstantiorcs
1434 1219 1544 1273 suis
1572 1233 1662 1273 res
1708 1218 2078 1282 exhibuimus,

503 1312 839 1368 mmulationc
877 1311 1060 1378 ducti,
1091 1320 1145 1366 ct
1171 1311 1417 1366 meliores
1442 1309 1614 1366 effecti
1644 1319 1806 1378 sunt,
1835 1320 1994 1380 atque
2023 1324 2082 1365 se

500 1407 912 1472 continuerunt;
940 1406 1010 1460 ita
1037 1414 1095 1460 ut
1123 1419 1184 1460 ea
1209 1419 1327 1474 qua:
1353 1418 1452 1459 nec
1482 1403 1862 1474 pr0phetarum
1905 1402 2080 1456 moni-

503 1500 606 1565 tis,
658 1513 756 1554 nec
787 1497 1142 1568 prodigiorum
1184 1495 1408 1551 ostentis
1439 1495 1608 1550 territi
1651 1493 1925 1560 fecerant,
1963 1495 2077 1562 jam

499 1589 837 1646 aemulatione
867 1589 1034 1643 nostri
1057 1595 1199 1642 recte
1226 1586 1440 1641 faciant.
1469 1585 1638 1641 Nemo
1664 1586 1842 1656 itaque
1868 1585 2076 1639 illorum

496 1680 605 1748 jam
633 1679 766 1735 ﬁlios
791 1679 1049 1744 immolat,
1075 1693 1232 1734 nemo
1259 1677 1326 1732 ad
1348 1676 1488 1732 idola
1508 1677 1733 1743 accedit,
1753 1676 1838 1732 vel
1853 1675 2075 1731 vitulum

497 1771 703 1826 adorat.
753 1771 1079 1842 Virginitatis
1108 1769 1273 1826 decor
1316 1770 1368 1824 in
1399 1769 1578 1826 Veteri
1623 1771 1965 1841 Testamento
2009 1785 2077 1826 ne

501 1863 872 1919 nominabatur
918 1862 1172 1933 quidem;
1211 1877 1333 1918 cum
1362 1870 1538 1917 autem
1580 1861 1634 1916 in
1658 1861 1808 1918 Novo
1841 1861 2078 1938 splendi-

495 1955 597 2011 dus
629 1955 832 2010 futurus
854 1963 1025 2021 esset,
1052 1953 1172 2010 vide
1197 1953 1464 2024 quomodo
1490 1953 1541 2008 id
1582 1952 1834 2023 prmdicat
1860 1952 2028 2009 David
2057 1969 2072 2007 :

494 2047 780 2116 Aﬂ'erentur
805 2047 914 2118 regi
936 2047 1152 2118 virgines
1181 2053 1297 2117 post
1319 2061 1464 2112 eant,
1497 2045 1812 2098 adducentur
1851 2045 1904 2099 in
1945 2054 2068 2100 tem-

491 2139 631 2210 plum
659 2138 788 2208 regis
818 2135 988 2208 (Psal.
1019 2137 1107 2192 44.
1133 2135 1243 2208 16).
1267 2135 1373 2192 Sed
1403 2151 1573 2208 neque
1601 2135 1936 2192 sacerdotum
1971 2150 2070 2192 no-

493 2245 616 2284 men
667 2228 868 2294 tacuit,
915 2228 1288 2299 episcoporum
1331 2226 1452 2282 dico
1499 2245 1514 2281 :
1566 2226 1880 2281 Constituam
1933 2227 2069 2282 enim

491 2320 744 2391 principes
790 2330 900 2374 tuos
938 2321 991 2374 in
1025 2336 1179 2390 pace,
1229 2327 1279 2374 et
1324 2320 1586 2390 episcopos
1626 2328 1737 2374 tuos
1772 2318 1825 2372 in
1865 2318 2071 2390 justitia

494 2410 696 2483 (Ilesai.
724 2412 810 2467 σο.
841 2409 953 2483 t7).

557 2503 614 2556 8.
645 2500 836 2556 Judicii
873 2503 1081 2556 extremi
1123 2501 1782 2570 prtedictio.—Venturus
1826 2511 1944 2557 erat
1982 2515 2068 2556 ra-

480 2595 689 2648 tionem
721 2602 1004 2648 exacturus
1029 2595 1096 2648 ab
1135 2595 1408 2648 hominum
1438 2609 1636 2664 genere
1656 2633 1672 2661 ,
1708 2604 1763 2650 et
1791 2593 2065 2665 speciatim

485 2699 519 2738 a
544 2683 775 2748 Iudaeis;
802 2683 1018 2739 attende
1047 2685 1316 2754 quomodo
1345 2695 1399 2739 et
1424 2685 1528 2740 hoc
1565 2685 1738 2755 ipsum
1771 2684 2065 2740 vaticiuen-

487 2783 574 2831 tur
598 2784 709 2830 tum
741 2776 922 2842 David,
953 2785 1062 2831 tum
1092 2776 1395 2843 Malachias,
1423 2777 1611 2847 quisic
1634 2778 1746 2834 ait:
1775 2776 1842 2832 Et
1867 2778 2063 2847 ingres-

478 2885 570 2924 sus
615 2877 686 2924 est
726 2868 852 2922 sicut
897 2869 1279 2938 conflatorium,
1332 2869 1458 2921 sicut
1501 2867 1654 2922 herba
1701 2869 1984 2939 fullonum,
2017 2877 2064 2922 et

485 2961 719 3030 purgabit
763 2969 1026 3030 argentum
1061 2968 1109 3014 et
1150 2976 1328 3012 aurum
1361 2958 1627 3019 (Malach.
1672 2959 1726 3012 5.
1768 2957 1843 3030 5)
1873 2978 1888 3013 :
1916 2958 2064 3014 Pauli

484 3053 661 3108 verbis
685 3050 862 3106 afﬁnia
885 3040 1136 3122 loquitur,
1159 3052 1344 3122 quisic
1366 3051 1560 3107 habet:
1593 3050 1714 3106 Dies
1739 3052 1872 3106 enim
1895 3051 2065 3107 decla.

480 3147 631 3211 rabit,
655 3146 777 3216 quia
802 3148 853 3201 in
868 3146 994 3216 igne
1014 3146 1264 3199 reveletur
1279 3146 1356 3216 (ι.
1381 3145 1498 3202 Cor.
1519 3146 1570 3201 5.
1593 3146 1705 3216 15).
1730 3145 1897 3202 David
1914 3161 2060 3213 vero,

482 3239 621 3294 Deus
647 3239 908 3307 manifeste
941 3239 1099 3292 veniet
1137 3236 1157 3307 (
1182 3235 1326 3292 Psal.
1369 3237 1460 3292 49.
1490 3236 1592 3307 5),
1623 3237 1916 3292 secundum
1944 3238 2062 3308 ejus

480 3329 768 3383 adventum
817 3327 1158 3397 praedicans:
1203 3342 1325 3381 nam
1375 3328 1574 3397 primus
1621 3327 1886 3383 adventus
1937 3344 2059 3385 cum

482 3421 644 3475 multa
675 3420 1112 3489 attemperatione
1139 3419 1275 3486 fuit,
1303 3419 1569 3475 secundus
1609 3436 1714 3475 non
1754 3421 1922 3488 item;
1962 3423 2058 3480 sed

481 3511 720 3568 horroris
750 3511 1076 3582 terrorisque
1104 3511 1296 3582 plenus
1326 3511 1459 3578 erit,
1489 3511 1695 3582 angelis
1719 3528 2056 3584 praeurren-

479 3604 646 3669 tibus,
673 3603 896 3674 ejusque
915 3603 1192 3672 praesentia
1218 3617 1315 3658 ceu
1343 3602 1519 3674 fulgur
1543 3603 1723 3660 omnia
1741 3613 2054 3676 occupante.

477 3696 610 3751 Nam
637 3697 764 3751 sicut
799 3697 993 3767 fulgur,
1035 3695 1236 3765 inquit,
1264 3695 1368 3749 exit
1397 3695 1460 3749 ab
1495 3695 1713 3760 oriente,
1762 3704 1810 3749 et
1847 3707 2059 3766 apparet

474 3803 632 3856 usque
672 3786 742 3840 ad
782 3786 1116 3851 occidentem,
1160 3785 1231 3838 ita
1279 3786 1368 3838 erit
1411 3784 1654 3839 adventus
1691 3784 1818 3839 Filii
1842 3786 2057 3842 hominis

475 3882 497 3950 (
523 3879 709 3932 Matth.
739 3879 830 3934 24.
857 3878 967 3948 27)
995 3895 1009 3932 :
1037 3891 1144 3948 quo
1171 3876 1476 3932 declaratur
1518 3877 1634 3947 ejus
1660 3878 1934 3948 splendor,
1965 3878 2054 3948 qui

475 3971 822 4038 semetipsum
853 3968 1160 4022 annunciat.
1192 3967 1310 4024 Hoc
1337 3967 1502 4023 David
1533 3967 1774 4022 indicans
1812 3969 2051 4037 dicebat,

475 4061 612 4116 Deus
637 4060 899 4131 manifeste
926 4058 1082 4113 veniet
1112 4059 1131 4130 (
1155 4057 1301 4113 Psal.
1329 4059 1420 4114 49.
1451 4060 1486 4115 5
1505 4059 1552 4131 ).
1591 4059 1795 4115 Deinde
1819 4059 2052 4116 futurum

473 4153 590 4222 ejus
625 4152 882 4222 judicium
926 4150 1230 4220 significans
1265 4150 1344 4206 sic
1383 4149 1773 4221 prosequitur:
1809 4149 1953 4222 Ignis
1999 4153 2054 4207 in

472 4255 739 4316 conspectu
764 4245 871 4314 ejus
901 4232 1185 4298 exardescet
1208 4284 1224 4310 ,
1255 4251 1301 4298 et
1339 4244 1391 4298 in
1418 4244 1628 4298 circuitu
1655 4245 1765 4316 ejus
1789 4253 2054 4313 tempestas

474 4337 642 4390 ualida
665 4335 872 4405 (lbid.).
904 4334 1174 4408 Supplicia
1201 4336 1549 4400 memoravit,
1582 4335 1919 4406 Splendorem
1940 4337 2052 4408 jam

475 4431 692 4484 indicat.
722 4429 992 4482 Advocabit
1030 4430 1208 4484 caelum
1233 4429 1498 4485 desursum
1515 4471 1532 4498 ,
1559 4441 1604 4485 et
1643 4440 1828 4486 terram
1856 4432 2050 4487 discer-

473 4540 592 4577 nere
619 4523 864 4593 populum
890 4539 1036 4577 suum
1056 4521 1162 4592 (Ib.
1179 4538 1228 4577 υ.
1244 4522 1300 4593 4)
1320 4541 1334 4578 :
1352 4523 1438 4580 hic
1464 4533 1660 4580 terram
1697 4536 1854 4581 vocat
1880 4541 2052 4597 genus

475 4614 763 4670 humanum
788 4655 803 4680 ,
834 4614 934 4669 sub
972 4613 1088 4669 lucc
1129 4629 1250 4668 cum
1281 4623 1392 4670 toto
1432 4616 1704 4672 hominum
1729 4633 1927 4689 genere
1953 4619 2049 4673 Ju-

474 4706 620 4763 daeos
665 4721 1022 4762 annumerans
1053 4723 1066 4759 :
1098 4721 1221 4760 nam
1268 4707 1335 4761 ad
1383 4707 1505 4762 illos
1545 4724 1755 4780 quoque
1799 4710 2047 4780 respicit;

472 4801 590 4853 haec
615 4797 888 4868 subjungit
912 4814 926 4850 :
954 4796 1261 4868 Congregate
1281 4798 1359 4850 illi
1381 4808 1580 4852 sanctos
1602 4801 1712 4869 ejus
1731 4839 1746 4866 ,
1788 4803 1876 4870 qui
1911 4802 2052 4856 ordi-

474 4898 596 4942 nant
621 4897 964 4942 testamentum
991 4888 1100 4953 ejus
1118 4904 1272 4957 super
1295 4889 1546 4957 sacriﬁcia
1566 4905 1586 4943 :
1612 4900 1659 4944 et
1685 4891 2050 4946 annuntiabunt

471 4980 583 5033 caeli
593 4979 844 5052 justitiam
869 4976 986 5046 ejus
997 4993 1015 5030 :
1027 4975 1277 5045 quoniam
1293 4971 1428 5026 Deus
1433 4973 1602 5043 judex
1613 4985 1687 5030 est
1699 4977 1939 5051 (Ib.v.5.)
1952 4981 2058 5040 Ad.

473 5079 633 5125 ventu
662 5085 760 5125 suo
783 5070 1166 5126 sacrificiorum
1203 5069 1403 5126 cultum
1433 5071 1739 5128 sublaturus
1771 5081 1828 5128 et
1857 5088 2048 5143 repro-

474 5164 692 5218 baturus
718 5171 864 5228 erat,
897 5171 955 5217 ut
982 5170 1222 5218 nostrum
1253 5163 1355 5218 hoc
1385 5164 1704 5220 sacriﬁcium
1735 5164 2043 5228 induceret;

473 5256 595 5311 andi
622 5255 891 5328 quomodo
929 5263 985 5310 et
1027 5254 1142 5310 haec
1179 5254 1432 5325 prardieta
1477 5256 1583 5311 sint
1611 5273 1625 5309 :
1655 5255 1977 5326 Sacriﬁcium
2000 5265 2048 5310 et

471 5347 772 5402 oblationem
797 5345 1001 5402 noluisti
1031 5361 1051 5401 :
1075 5362 1259 5417 corpus
1283 5357 1446 5402 autem
1489 5349 1672 5419 aptasti
1699 5348 1824 5404 mihi
1861 5348 2042 5419 (Psal.

469 5440 559 5498 39.
593 5439 661 5511 7)
688 5439 870 5510 :quod
898 5438 1057 5494 etiam
1085 5438 1209 5493 alibi
1235 5437 1445 5494 dicebat
1471 5457 1485 5492 :
1516 5438 1748 5508 Populus
1771 5455 1918 5510 quem
1941 5453 2043 5495 non

469 5533 676 5600 cognovi
719 5530 914 5584 seruiuit
957 5529 1110 5595 mihi,
1159 5529 1213 5583 in
1256 5529 1438 5582 auditu
1479 5530 1620 5583 auris
1665 5528 1878 5584 obediuit
1922 5531 2045 5586 mihi

469 5617 644 5691 (Paul.
677 5620 763 5675 17.
785 5620 876 5688 45)
893 5659 909 5685 ,
931 5615 984 5672 id
1007 5627 1108 5684 est,
1131 5633 1240 5673 non
1260 5635 1406 5675 mare
1430 5619 1690 5686 divisum,
1718 5637 1826 5675 non
1866 5629 2044 5689 petras

469 5704 668 5762 scissas
691 5709 911 5774 videns,
953 5709 1046 5764 sed
1087 5709 1311 5766 audiens
1348 5711 1618 5782 apostolos
1658 5725 1826 5768 meos.
1862 5712 1927 5768 Et
1954 5711 2040 5768 hic.

1221 276 1279 332 s.
1319 271 1596 334 JOANNIS
1633 268 2100 352 cuuvsosrout
2143 271 2460 332 ARCHlEP.
2499 275 3028 342 CONS‘I‘ANTINUP.
3613 302 3692 362 εξ,

2200 405 2410 447 rursum
2431 435 2448 463 ,
2483 393 2674 464 Corpus
2700 405 2865 452 autem
2889 398 3090 466 aplasti
3126 397 3262 454 mihi.
3293 401 3406 458 Post
3437 406 3536 464 hau:
3557 419 3694 474 statim

2193 482 2403 576 adjecit,
2440 484 2580 576 Tunc
2606 487 2712 541 dixi
2734 529 2749 554 ,
2777 505 2892 545 ecce
2918 493 3080 546 venio.
3108 488 3176 544 In
3203 493 3355 562 capite
3376 496 3480 552 libri
3505 505 3696 576 scriptum

2193 584 2265 626 est
2289 574 2352 628 de
2373 591 2452 630 me
2477 575 2648 648 (Psal.
2674 577 2762 634 39.
2789 579 2898 648 10).
2935 581 3048 636 Duo
3077 590 3254 638 autem
3275 583 3355 640 hic
3373 574 3701 665 indicantur,et

2194 675 2476 722 venturum
2504 684 2644 737 esse,
2670 681 2722 727 et
2754 683 2879 729 tunc
2898 684 3179 730 venturum
3204 691 3343 745 esse,
3365 695 3472 736 cum
3492 690 3698 748 sacriﬁcia

2194 755 2391 846 rejecta
2419 756 2654 827 fuerint,
2687 761 2828 831 quod
2859 771 2984 818 tunc
3009 766 3260 837 contigit,
3296 784 3406 824 cum
3432 773 3700 846 principatus

2189 844 2440 902 Iudaicus
2470 848 2522 903 in
2559 849 2860 906 Romanum
2897 857 3123 911 transiit.
3145 856 3437 917 Invenimus
3458 844 3596 921 etiam
3620 869 3696 924 Ba-

2189 938 2318 993 rueh
2358 939 2426 994 de
2463 940 2690 996 adventu
2736 944 2852 1014 ejus
2899 946 2969 1001 ita
3012 948 3309 1019 loquentem
3337 954 3437 1008 :ln
3463 966 3578 1012 terra
3596 963 3700 1017 visus

2189 1037 2282 1095 est,
2302 1038 2348 1082 et
2368 1045 2479 1086 cum
2501 1031 2781 1088 hominibus
2797 1048 3114 1093 conversatus
3128 1051 3200 1094 est
3221 1040 3431 1113 (Baruch
3463 1047 3510 1102 ὃ.
3528 1049 3622 1120 58).
3638 1056 3702 1108 Ait

2188 1132 2398 1190 quoque
2423 1120 2629 1192 Moyses
2663 1141 2676 1181 :
2708 1123 3021 1196 Prophetam
3063 1129 3199 1184 vobis
3241 1133 3463 1189 excitabit
3499 1138 3699 1194 Dominus

2187 1207 2323 1263 Deus
2364 1227 2427 1264 ea:
2467 1213 2707 1281 fratribus
2749 1218 2922 1271 restris
2961 1219 3090 1273 sicut
3119 1237 3197 1275 me
3220 1237 3239 1275 :
3263 1223 3421 1293 ipsum
3455 1231 3638 1284 audietis
3665 1233 3705 1285 in

2185 1301 2434 1356 omnibus.
2465 1301 2532 1356 Et
2561 1305 2673 1372 erit,
2704 1307 2867 1361 omnis
2895 1310 3098 1377 anima,
3128 1329 3244 1382 qua:
3269 1330 3364 1368 non
3392 1319 3584 1374 audierit
3611 1340 3703 1388 pro-

2184 1391 2388 1462 phetam
2406 1394 2568 1462 illum,
2600 1399 3009 1455 exterminabitur
3034 1402 3098 1456 de
3129 1407 3319 1475 populo
3341 1425 3427 1463 suo
3454 1409 3619 1479 (Deut.
3638 1416 3703 1474 l8.

2185 1483 2297 1556 18).
2329 1484 2491 1543 Vides
2521 1487 2624 1544 hoc
2649 1491 2701 1544 in
2729 1492 2876 1546 nullo
2902 1493 3008 1550 alio
3036 1496 3311 1566 impletum
3329 1539 3345 1564 ,
3376 1516 3522 1571 quam
3554 1503 3600 1560 in
3627 1505 3703 1561 hoc

2185 1585 2409 1633 tantum.
2430 1579 2563 1635 Nam
2595 1583 2746 1638 multi
2769 1586 3040 1657 propheta:
3061 1602 3422 1659 surrexerunt,
3442 1604 3489 1649 et
3508 1597 3707 1653 omnibus

2181 1668 2592 1742 inobsequentes
2619 1674 2854 1746 fuerunt,
2879 1679 3115 1750 nihilque
3138 1692 3415 1754 propterea
3441 1690 3567 1758 passi
3590 1699 3702 1745 sunt.

2181 1760 2316 1817 lluic
2343 1773 2521 1820 autem
2560 1767 2685 1836 quia
2723 1784 2828 1825 non
2859 1771 3176 1829 obedierunt
3202 1775 3370 1832 Judwi
3389 1818 3406 1845 ,
3434 1780 3708 1849 palabundi,

2178 1862 2457 1922 errantes,
2516 1855 2758 1929 fugitivi,
2809 1863 3022 1918 exsules
3064 1865 3264 1937 ubique
3310 1879 3566 1941 vagantur.
3605 1873 3708 1928 Vide

2178 1957 2407 2014 namque
2435 1949 2702 2017 quomodo
2726 1951 2928 2007 exclusi
2967 1954 3074 2010 sint
3096 1969 3128 2008 a
3153 1957 3404 2028 civitate,
3430 1971 3574 2032 atque
3593 1977 3619 2016 a
3637 1979 3711 2034 pa-

2178 2037 2341 2092 ternis
2369 2037 2574 2110 legibus
2603 2050 2658 2097 et
2696 2045 3170 2103 consuetudinibus
3193 2089 3213 2116 ,
3265 2065 3387 2106 cum
3430 2053 3704 2120 ignominia,

2176 2128 2532 2198 turpitudine,
2565 2141 2621 2188 et
2650 2133 2866 2190 ultionis
2899 2151 3073 2206 paena.
3105 2139 3240 2207 Quae
3279 2156 3405 2197 vero
3430 2143 3524 2199 sub
3551 2143 3710 2214 VeSpa-

2175 2218 2326 2287 siano
2351 2231 2404 2276 et
2428 2222 2547 2277 Tito
2571 2226 2712 2294 passi
2740 2237 2881 2292 sunt,
2915 2243 2983 2284 ne
3006 2233 3249 2287 enarrari
3280 2233 3485 2304 quidem
3508 2246 3711 2306 possunt,

2173 2309 2244 2364 ita
2271 2326 2484 2368 omnem
2515 2315 2868 2373 calamitatem
2898 2321 3110 2376 excedit
3137 2323 3232 2379 illa
3264 2327 3533 2396 tragoedia.
3554 2328 3613 2382 Et
3632 2328 3712 2382 im-

2173 2400 2373 2471 pletum
2403 2413 2485 2460 est
2511 2407 2880 2478 propheticum
2911 2409 3040 2466 illud
3065 2430 3079 2466 :
3106 2411 3292 2470 Omnis
3313 2419 3399 2488 qui
3425 2434 3519 2472 non
3537 2418 3715 2472 audierit

2171 2497 2468 2566 praphetam
2487 2499 2651 2568 illum,
2676 2505 3104 2561 exterminabitur.
3130 2506 3264 2564 ideo
3284 2510 3422 2581 apud
3443 2510 3551 2566 illos
3569 2510 3715 2564 omnia

2174 2585 2226 2640 in
2255 2588 2594 2646 solitudinem
2620 2607 2792 2660 versa,
2815 2596 2938 2665 quia
2975 2597 3298 2668 prOphetam
3342 2600 3487 2655 illum
3523 2617 3615 2656 non
3635 2616 3717 2655 au-

2169 2677 2400 2734 dierunt.
2442 2680 2595 2746 Quod
2638 2686 3049 2742 resuscitaturus
3095 2690 3168 2744 sit
3216 2706 3442 2758 omnes,
3469 2691 3718 2747 declaravit

2169 2769 2389 2827 llesaias
2419 2772 2501 2828 his
2529 2775 2704 2831 verbis
2735 2794 2750 2830 :
2779 2777 3056 2850 Resurgent
3081 2783 3275 2836 mortui
3297 2825 3314 2850 ,
3340 2794 3387 2837 et
3413 2783 3720 2838 excitabuer

2167 2862 2255 2930 qui
2289 2863 2343 2916 in
2379 2864 2627 2933 sepulcris
2663 2877 2800 2922 sunt.
2829 2869 2935 2924 Ras
2960 2873 3092 2926 enim
3112 2875 3208 2944 qui
3234 2891 3267 2928 a
3291 2883 3342 2930 te
3364 2877 3596 2931 medicina
3617 2876 3719 2946 ipsis

2168 2960 2239 3005 est
2269 2951 2471 3022 (Hesai.
2497 2955 2588 3011 26.
2612 2955 2723 3030 19).
2747 2959 2931 3030 Neque
2958 2961 3060 3018 hoc
3087 2975 3322 3033 tantum,
3352 2971 3446 3023 sed
3472 2967 3601 3039 quod
3625 2977 3724 3036 post

2165 3059 2379 3100 crucem
2403 3087 2420 3115 ,
2449 3057 2567 3116 post
2593 3049 2793 3106 ctedem
2817 3052 3070 3110 clariores
3099 3071 3193 3111 res
3227 3058 3349 3129 ejus
3389 3059 3570 3113 futura:
3603 3059 3720 3121 sint,

2165 3135 2414 3207 quodque
2451 3147 2572 3208 post
2616 3143 3062 3200 resurrectionem
3103 3145 3270 3203 latius
3314 3149 3633 3220 propaganda
3669 3149 3727 3202 sit

2165 3227 2473 3297 praedicatio
2515 3229 2536 3304 (
2554 3232 2866 3300 praedictum
2892 3235 3025 3306 est).
3053 3235 3191 3304 Quia
3229 3240 3378 3295 enim
3423 3240 3602 3311 ligatus
3625 3247 3722 3301 est,

2164 3319 2405 3389 proditus
2447 3336 2479 3375 a
2517 3321 2776 3393 discipulo
2798 3367 2814 3392 ,
2846 3327 3017 3397 epulis
3043 3336 3096 3383 et
3124 3331 3474 3388 contumeliis
3505 3330 3726 3395 affectus,

2163 3411 2494 3476 verberatus,
2527 3415 2833 3484 cruciﬁxus,
2867 3425 2922 3473 et
2948 3428 3213 3488 quantum
3244 3423 3299 3476 in
3331 3422 3436 3477 illis
3463 3422 3556 3476 fuit
3577 3436 3638 3475 ne
3663 3434 3729 3474 se-

2163 3504 2390 3572 pultura:
2414 3504 2628 3575 quidem
2656 3508 2913 3578 traditus,
2941 3525 3004 3566 ac
3030 3513 3360 3571 vestimenta
3401 3515 3517 3586 ejus
3555 3513 3731 3570 divise-

2161 3603 2285 3648 runt
2309 3595 2528 3663 milites,
2555 3597 2675 3667 quia
2703 3598 2756 3653 in
2785 3589 3142 3670 suspicionem
3179 3605 3486 3676 tyrannidis
3514 3612 3727 3666 vocatus.

2161 3694 2215 3740 et
2243 3686 2393 3755 quasi
2417 3686 2762 3758 blasphemus
2787 3689 2954 3758 obiit;
2983 3691 3169 3763 (quasi
3200 3705 3470 3767 tyrannus
3491 3695 3680 3751 scilicet
3695 3694 3732 3766 ),

2164 3776 2340 3832 Omnis
2381 3779 2550 3844 enim,
2586 3781 2673 3851 qui
2707 3797 2762 3836 se
2806 3799 2971 3852 regem
3005 3786 3169 3854 facit,
3223 3788 3531 3842 contradicit
3568 3783 3735 3841 (ἐρωή

2159 3865 2341 3938 (Juan.
2366 3869 2454 3923 19.
2478 3870 2567 3940 η)
2588 3887 2602 3934 ;
2627 3887 2837 3927 rursum
2863 3874 3037 3944 (quasi
3067 3875 3450 3949 blasphemus)
3481 3878 3638 3942 Ecce,
3659 3890 3734 3929 sos

2158 3958 2369 4012 audistis
2393 3959 2758 4031 blasphemiam
2782 3964 2896 4034 ejus
2921 3966 2940 4036 (
2964 3964 3151 4020 Matth.
3195 3968 3295 4024 26.
3327 3971 3400 4025 65
3426 3971 3479 4040 );
3503 3970 3638 4039 quia,
3661 3967 3735 4021 iu-

2157 4065 2315 4121 quam
2335 4092 2352 4118 ,
2396 4051 2512 4107 haec
2553 4055 2731 4110 omnia
2770 4065 3026 4112 eventura
3053 4069 3251 4128 erant,
3283 4061 3586 4117 auditorem
3614 4059 3737 4115 exci-

2157 4149 2296 4208 tans,
2325 4151 2378 4198 et
2401 4143 2468 4198 ad
2495 4143 2741 4202 ﬁduciam
2767 4163 3105 4218 praeparans;
3135 4166 3212 4206 ne
3241 4153 3526 4220 timueris,
3557 4150 3735 4220 inquit,

2156 4235 2347 4292 horum
2378 4252 2535 4292 causa
2563 4256 2578 4292 :
2609 4237 2752 4295 illius
2780 4240 2941 4308 enim,
2975 4242 3066 4312 qui
3086 4244 3415 4312 cruciﬁxus,
3445 4243 3736 4316 ﬁagellatus,

2155 4341 2184 4382 a
2216 4328 2513 4385 latronibus
2538 4332 2861 4387 contumelia
2901 4333 3122 4390 aﬁ‘ectus
3145 4377 3162 4401 ,
3198 4336 3258 4390 in
3293 4337 3640 4407 blasphemiae
3661 4349 3736 4388 suo

2155 4422 2447 4491 spicionem
2468 4433 2688 4480 vocatus
2710 4424 2920 4482 occisus
2946 4436 3063 4496 est;
3092 4428 3267 4498 illius,
3295 4432 3539 4502 inquam,
3562 4442 3644 4484 res
3662 4424 3738 4480 tali

2154 4514 2459 4570 conditione
2482 4525 2604 4586 post
2626 4526 2852 4573 mortem
2875 4528 2930 4575 et
2947 4528 3066 4589 post
3091 4525 3564 4579 resurrectionem
3581 4528 3736 4582 erunt,

2157 4615 2213 4658 ut
2236 4620 2394 4661 nemo
2415 4609 2687 4678 negaverit
2713 4624 2836 4664 eum
2861 4609 3066 4667 honore
3095 4628 3307 4684 magno
3332 4615 3595 4686 repletum
3615 4625 3734 4668 esse.

2154 4695 2270 4752 lloc
2295 4696 2477 4768 utique
2505 4699 2584 4754 sic
2608 4701 2864 4771 contigit,
2895 4703 3038 4774 quod
3077 4703 3168 4760 diu
3210 4716 3352 4763 ante
3397 4707 3738 4778 prmnuntiaus

2155 4790 2411 4860 propheta
2439 4790 2649 4848 dicebat
2673 4811 2688 4848 :
2715 4792 2829 4848 Erit
2852 4797 3004 4850 radix
3023 4795 3192 4852 Jessa:
3208 4838 3226 4865 ,
3260 4809 3311 4852 et
3331 4800 3422 4870 qui
3443 4804 3667 4869 exsurget
3689 4801 3734 4846 It

2153 4883 2362 4953 imperet
2392 4882 2634 4940 Gentibus
2653 4901 2675 4940 :
2697 4887 2752 4940 in
2787 4887 2899 4957 ipso
2927 4886 3109 4943 Gentes
3133 4891 3465 4959 sperabunt,
3492 4900 3539 4944 et
3565 4890 3652 4943 erit
3669 4901 3738 4938 τε·

2152 4973 2292 5043 quies
2315 4975 2426 5047 ejus
2453 4977 2615 5030 honor
2639 4976 2660 5046 (
2681 4975 2858 5031 Hesai.
2890 4977 2976 5032 11.
3007 4978 3148 5049 10);
3179 4993 3254 5035 ac
3293 4981 3343 5035 si
3387 4981 3629 5036 diceret:
3655 4975 3736 5029 hoc

2149 5078 2320 5134 genus
2349 5065 2536 5121 mortis
2562 5066 2866 5123 diademate
2908 5067 3292 5126 honorabilius
3323 5082 3432 5128 est.
3469 5072 3736 5142 imperato—

2152 5170 2242 5212 res
2268 5158 2409 5213 enim
2438 5159 2611 5228 posito
2635 5159 2968 5228 diademate,
2998 5175 3219 5217 crucem
3254 5165 3588 5235 suscipiunt,
3616 5175 3738 5232 synt-

2151 5249 2331 5305 bolum
2359 5252 2548 5306 mortis
2576 5251 2756 5308 illius:
2783 5253 2838 5308 in
2869 5268 3099 5323 purpura
3127 5269 3276 5311 crux
3303 5298 3321 5323 ,
3369 5260 3426 5313 in
3464 5257 3741 5314 diademate

2149 5357 2302 5408 crux,
2335 5344 2388 5398 in
2416 5344 2665 5414 precibus
2685 5359 2835 5412 crux,
2859 5344 2912 5400 in
2933 5347 3094 5401 armis
3118 5359 3290 5415 crux,
3317 5349 3374 5403 in
3396 5364 3552 5405 sacra
3577 5359 3738 5402 mensa

2150 5448 2300 5499 crux,
2325 5442 2380 5488 et
2402 5433 2595 5505 ubique
2622 5443 2883 5491 terrarum
2903 5449 3034 5492 crux
3059 5435 3184 5508 plus
3210 5454 3388 5510 quam
3410 5441 3494 5496 sol
3514 5438 3740 5508 refulget.

2149 5525 2219 5582 Et
2246 5527 2338 5581 erit
2361 5527 2552 5598 requies
2571 5528 2680 5594 ejus
2703 5527 2883 5582 honor.

2224 5619 2277 5673 9.
2307 5620 2376 5673 At
2403 5634 2510 5674 non
2537 5617 2840 5690 hujusmodi
2867 5630 2994 5676 sunt
3015 5636 3101 5678 res
3123 5619 3421 5693 humanae,
3454 5628 3566 5684 imo
3588 5622 3641 5677 in
3662 5619 3739 5677 his

2157 5721 2340 5769 contra
2363 5727 2581 5785 prorsus
2604 5713 2815 5772 accidit.
2836 5713 2970 5771 Nam
2994 5715 3318 5772 viventibus
3339 5719 3411 5773 iis
3435 5759 3453 5787 ,
3479 5717 3568 5789 qui
3595 5713 3744 5782 gleria
