3990 6198
325 240 434 298 8:25

326 359 598 421 fruuntur,
623 369 712 410 res
731 367 917 408 eorum
936 351 1163 417 ﬂorent;
1187 350 1251 406 iis
1272 365 1400 405 vero
1423 349 1666 415 mortuis,
1689 358 1912 419 pereunt

325 461 387 505 ct
412 449 612 505 omnia.
635 446 788 514 Quod
810 461 916 501 non
946 446 1000 501 in
1025 445 1188 500 divite
1207 485 1222 510 ,
1254 458 1429 515 neque
1453 444 1506 499 in
1533 443 1772 514 principe
1801 451 1916 498 tan-

329 553 468 609 tum,
491 541 587 598 sed
614 541 671 596 in
700 543 816 610 ipso
840 538 1168 610 imperatore
1188 536 1600 593 animadvertas.
1625 537 1832 594 Etenim
1861 545 1916 592 et

327 635 480 706 leges
520 647 707 689 eorum
751 633 1097 702 abrogantur,
1137 639 1191 687 et
1229 631 1485 701 imagines
1527 631 1913 700 obscurantur,

327 723 596 779 memoria
634 737 821 778 eorum
851 720 1232 792 exstinguitur,
1260 736 1452 776 nomen
1499 721 1552 776 in
1592 720 1914 777 oblivionem

329 817 500 881 venit,
530 815 752 870 clientes
772 816 1136 886 despiciuntur
1160 833 1173 870 :
1202 816 1411 870 illorum
1431 815 1636 872 scilicet
1658 816 1745 886 qui
1772 816 1918 885 prius

328 923 484 963 arma
514 916 812 975 moverant,
839 908 928 977 qui
959 916 1088 962 nutu
1115 907 1234 964 solo
1258 907 1481 977 populos
1501 949 1514 972 ,
1544 907 1704 962 urbes
1727 921 1918 976 resque

331 1000 578 1070 publicas
598 1006 951 1066 mutaverant,
975 999 1166 1069 quibus
1187 998 1378 1061 licebat
1399 1007 1453 1054 et
1475 997 1740 1066 occidere,
1771 1007 1827 1054 et
1850 998 1918 1054 ad

325 1093 654 1163 supplicium
691 1091 879 1147 ductos
921 1105 953 1145 a
999 1099 1172 1146 morte
1219 1090 1464 1146 liberare.
1510 1093 1761 1146 Attamen
1804 1090 1920 1146 haec

328 1187 516 1241 omnia
563 1192 820 1254 pereunt,
859 1183 981 1240 licet
1025 1193 1182 1239 antea
1227 1184 1521 1239 ﬂoruerint.
1559 1185 1628 1240 At
1671 1199 1825 1240 secus
1864 1185 1917 1239 in

326 1277 555 1332 Christo
582 1293 596 1330 :
628 1293 750 1331 nam
775 1285 900 1332 ante
919 1291 1134 1332 crucem
1162 1277 1216 1331 in
1248 1276 1391 1330 luctu
1419 1291 1504 1332 res
1541 1286 1695 1332 erant
1713 1321 1728 1339 ,
1755 1276 1919 1332 Judas

333 1367 606 1438 prodidit,
639 1367 828 1422 Petrus
858 1367 1098 1437 negavit,
1129 1367 1317 1437 reliqui
1347 1353 1624 1437 fugerunt,
1654 1368 1800 1423 solus
1829 1367 1919 1422 ille

332 1459 485 1514 inter
509 1459 752 1514 inimicos
775 1458 1193 1530 comprehensus
1233 1467 1351 1524 est,
1393 1459 1543 1531 multi
1591 1474 1656 1513 ex
1701 1459 1798 1525 iis,
1830 1459 1918 1530 qui

334 1551 714 1618 crediderant,
765 1561 1058 1608 retrorsum
1107 1552 1368 1608 abierunt.
1409 1553 1696 1624 Postquam
1742 1562 1920 1608 autem

333 1645 551 1701 occisus
577 1645 738 1700 vitam
766 1645 976 1710 clausit,
1007 1655 1064 1700 ut
1092 1646 1266 1701 discas
1305 1661 1461 1714 eum,
1502 1647 1591 1717 qui
1630 1647 1922 1703 cruciﬁxus

332 1743 449 1801 est,
480 1751 585 1791 non
615 1751 804 1805 purum
831 1735 1102 1792 hominem
1135 1733 1336 1801 fuisse,
1365 1750 1454 1792 res
1487 1737 1601 1806 ejus
1627 1736 1882 1792 clariores
1902 1779 1917 1804 ,

333 1829 660 1886 illustriores
699 1843 763 1883 ac
801 1829 1141 1884 sublitntores
1182 1836 1488 1883 evaserunt.
1527 1829 1665 1883 Ante
1708 1843 1921 1884 crucem

336 1923 593 1992 princeps
609 1922 996 1993 apostolorum,
1021 1937 1088 1977 ne
1107 1921 1336 1978 ostiaria:
1355 1921 1567 1992 quidem
1589 1922 1762 1976 minas
1783 1923 1920 1988 tulit,

335 2015 443 2071 sed
462 2025 584 2085 post
615 2023 814 2069 tantam
845 2015 1196 2070 initiationem
1217 2056 1233 2082 ,
1260 2015 1434 2070 aiebat
1469 2030 1529 2071 se
1565 2017 1774 2070 nescire
1803 2016 1922 2085 quis

338 2115 528 2160 esset:
559 2113 676 2175 post
696 2121 909 2161 crucem
931 2120 1060 2161 vero
1086 2106 1271 2162 orbem
1303 2115 1561 2161 terrarum
1587 2106 1919 2176 peragravit:

342 2199 471 2253 hinc
499 2198 764 2253 innumeri
791 2199 970 2270 pepuli
999 2207 1291 2270 martyrum
1329 2199 1554 2270 jugulati
1596 2209 1740 2267 sunt,
1786 2214 1925 2270 prte-

337 2297 590 2358 optantes
611 2288 780 2344 occidi
802 2329 818 2355 ,
849 2303 1005 2360 quam
1031 2303 1092 2345 ea
1121 2289 1266 2361 loqui
1290 2331 1306 2358 ,
1334 2306 1452 2360 qua:
1483 2290 1730 2360 loquutus
1755 2289 1926 2346 fuerat

345 2380 594 2450 princeps
618 2381 1002 2450 apostolorum,
1034 2379 1190 2436 unius
1215 2380 1445 2437 ostiariae
1467 2391 1671 2437 terrore
1707 2396 1928 2451 supcra-

341 2484 454 2528 tus.
483 2473 617 2528 Hinc
645 2487 832 2528 omnes
856 2473 1120 2542 regiones,
1147 2479 1202 2528 et
1229 2487 1416 2527 omnes
1443 2473 1708 2539 civitates,
1731 2472 1920 2528 deser-

342 2575 489 2628 tum,
521 2562 750 2619 habitata
781 2573 834 2620 et
859 2563 1148 2620 inbabitata
1177 2572 1352 2629 terra,
1382 2563 1695 2620 cruciﬁxum
1733 2563 1928 2634 prtedi-

339 2669 553 2710 almus.
595 2656 768 2726 Reges
789 2694 807 2723 ,
853 2656 1044 2723 duces,
1095 2655 1388 2727 principes,
1417 2655 1663 2711 consules
1683 2695 1700 2723 ,
1732 2655 1924 2724 liberi,

339 2761 511 2814 servi,
535 2746 734 2815 idiotas,
755 2748 1042 2818 sapientes,
1066 2746 1398 2816 insipientes,
1422 2743 1654 2814 barbari,
1677 2747 1927 2816 variaque

344 2836 623 2892 hominum
644 2852 861 2908 genera,
884 2837 1099 2894 demum
1125 2839 1391 2906 universa,
1411 2853 1566 2908 quam
1587 2837 1668 2894 sol
1691 2838 1925 2909 respicit,

346 2938 492 2985 terra
536 2941 642 2985 tam
674 2932 848 3002 ampla
877 2931 980 2988 hoc
1010 2933 1225 2988 nomine
1250 2941 1304 2988 et
1332 2933 1448 3002 ejus
1475 2933 1786 2990 adoratione
1824 2931 1928 2988 fre-

342 3030 655 3091 quentatur,
677 3031 736 3077 ut
763 3021 938 3078 discas
967 3023 1093 3094 quid
1122 3023 1229 3089 sit,
1259 3018 1372 3077 Erit
1397 3024 1588 3096 requies
1611 3026 1720 3094 ejus
1744 3025 1925 3078 honor.

342 3111 524 3168 Locus
549 3121 751 3180 autem,
780 3113 872 3184 qui
898 3127 1092 3184 corpus
1116 3113 1245 3169 illud
1272 3115 1510 3169 occisum
1535 3115 1734 3184 recepit
1758 3157 1774 3182 ,
1807 3113 1930 3169 licet

342 3202 638 3258 admodum
665 3219 860 3275 parvus
885 3212 940 3260 et
963 3212 1238 3276 angustus,
1270 3205 1564 3261 innumeris
1589 3221 1770 3276 regum
1793 3207 1930 3264 aulis

341 3295 724 3363 venerabilior,
754 3294 987 3367 ipsisque
1025 3297 1237 3368 regibus
1262 3298 1542 3368 pretiosior
1572 3313 1586 3352 :
1618 3297 1686 3352 Et
1726 3299 1818 3352 erit
1846 3316 1928 3353 re-

340 3387 490 3458 quies
514 3388 624 3457 ejus
649 3387 830 3442 honor.
856 3387 1114 3459 Quodque
1143 3389 1386 3446 mirabile
1415 3389 1558 3446 dictu
1587 3399 1671 3446 est
1697 3409 1711 3444 :
1744 3391 1795 3445 id
1823 3406 1928 3445 non

342 3475 452 3549 ipsi
480 3486 706 3544 tantum,
738 3477 832 3534 sed
860 3478 1018 3534 etiam
1046 3479 1322 3550 discipulis
1351 3479 1468 3550 ejus
1505 3479 1729 3552 contigit
1759 3499 1772 3535 :
1807 3496 1929 3537 nam

343 3567 444 3638 qui
458 3569 506 3623 vi
519 3568 850 3625 ducebantur
863 3579 918 3625 et
939 3559 1454 3642 circumagebantur,
1478 3573 1792 3643 contempti,
1815 3573 1932 3626 vin-

343 3662 446 3727 cti,
476 3661 777 3719 innumeris
802 3663 958 3719 malis
984 3663 1160 3719 aﬂ'ecti
1185 3705 1200 3730 ,
1231 3674 1352 3734 post
1378 3675 1603 3721 mortem
1635 3665 1763 3734 ipsis
1788 3666 1929 3736 regi-

343 3755 454 3810 bus
481 3753 905 3811 houorabiliores
931 3764 1074 3811 sunt.
1102 3755 1156 3811 Id
1183 3755 1452 3826 quomodo
1490 3757 1578 3810 ﬁat
1619 3757 1885 3827 perpende
1914 3775 1926 3811 :

345 3846 405 3900 in
435 3846 577 3915 regia
607 3846 740 3901 urbe
762 3846 952 3913 Roma,
983 3846 1161 3902 missis
1187 3847 1307 3902 aliis
1335 3846 1619 3915 omnibus,
1650 3847 1716 3902 ad
1755 3849 1933 3916 sepul-

345 3952 444 3992 cra
475 3938 754 4007 piscatoris
782 3947 837 3994 et
877 3939 1227 3994 tentoriorum
1263 3939 1470 4010 opiﬁcis
1498 3948 1785 3996 accurrunt
1830 3941 1932 3996 lm-

345 4039 646 4102 peratores,
672 4032 943 4096 consules,
974 4032 1302 4087 exercituum
1333 4033 1494 4089 duces
1518 4052 1532 4088 :
1555 4032 1931 4091 Constantino-

346 4121 460 4192 poli
505 4137 636 4176 vero
665 4122 683 4154 ί
725 4137 830 4178 non
877 4137 1042 4193 prope
1087 4126 1356 4193 apostolos
1379 4167 1394 4188 .
1442 4126 1536 4182 sed
1565 4127 1696 4182 foris
1725 4126 1791 4182 ad
1820 4127 1929 4198 ipsa

348 4213 536 4268 limina
583 4223 904 4284 optaverunt
945 4216 1010 4280 ii,
1057 4215 1148 4287 qui
1192 4217 1490 4273 diademate
1535 4218 1928 4286 redimiuntur,

343 4321 579 4376 corpora
609 4321 703 4362 sua
730 4307 948 4378 sepeliri
973 4327 987 4364 :
1011 4317 1171 4380 atque
1206 4309 1277 4364 ita
1327 4309 1676 4380 Imperatores
1703 4311 1932 4380 piscato-

349 4413 470 4452 rum
491 4398 695 4452 ostiarii
722 4399 846 4454 facti
875 4408 1032 4454 sunt:
1056 4401 1134 4455 sic
1161 4401 1213 4456 in
1235 4400 1380 4455 obitu
1408 4400 1508 4455 hoc
1533 4415 1638 4455 non
1659 4401 1930 4468 dedecori,

352 4489 449 4542 sed
477 4487 669 4544 honori
697 4489 800 4546 sibi
825 4505 946 4546 esse
971 4500 1158 4560 putant
1188 4507 1292 4546 non
1315 4492 1486 4546 solum
1511 4491 1633 4562 ipsi,
1655 4491 1749 4546 sed
1771 4490 1930 4547 etiam

354 4596 541 4636 eorum
559 4591 803 4652 nepotes.
823 4583 888 4637 Et
903 4583 1016 4650 erit,
1039 4583 1226 4654 inquit,
1249 4584 1442 4654 requies
1457 4585 1565 4657 ejus
1582 4583 1762 4638 honor.
1785 4583 1933 4638 Tunc

349 4673 576 4729 honoris
587 4673 1002 4745 magnitudinem
1018 4676 1242 4743 videbis,
1261 4691 1380 4731 cum
1399 4676 1585 4731 mortis
1599 4677 1712 4746 ejus
1727 4677 1934 4749 symbo-

349 4767 464 4821 lum
510 4766 762 4823 didiceris
787 4786 800 4822 :
827 4769 1013 4822 mortis
1033 4811 1048 4834 ,
1092 4767 1306 4838 inquam
1331 4810 1346 4834 ,
1387 4769 1683 4824 maledicta:
1703 4810 1718 4835 ,
1747 4769 1934 4823 mortis

351 4860 593 4916 omnium
624 4859 1158 4929 ignominiosissimaz.
1189 4860 1300 4914 Hoc
1325 4861 1518 4930 quippe
1544 4861 1716 4915 solum
1748 4859 1934 4915 mortis

347 4967 526 5022 genus
567 4951 851 5008 maledicto
879 4952 1169 5008 obnoxium
1200 4961 1332 5007 erat.
1363 4953 1605 5023 Exempli
1633 4969 1791 5008 causa
1811 4994 1826 5019 ,
1857 4954 1934 5008 fa-

347 5043 724 5098 cinorosorum
747 5044 870 5098 olim
897 5043 985 5098 alii
1014 5042 1482 5109 comburebantur,
1509 5044 1597 5097 alii
1623 5043 1934 5113 lapidahau-

348 5145 466 5200 tur,
511 5133 600 5188 alii
651 5135 757 5188 alio
803 5134 1046 5205 supplicii
1099 5150 1295 5204 genere
1347 5135 1505 5189 vitam
1559 5133 1930 5190 claudebant:

347 5226 648 5281 cruciﬁxus
690 5234 891 5293 autem,
938 5227 990 5281 in
1037 5227 1180 5298 ligno
1227 5227 1484 5297 pendens,
1517 5243 1621 5283 non
1662 5227 1714 5282 id
1760 5230 1932 5285 solum

349 5317 484 5370 mali
513 5316 836 5387 patiebatur,
863 5318 1007 5388 quod
1033 5333 1150 5374 eam
1178 5319 1380 5374 subiret
1400 5319 1817 5386 damnationem,
1840 5323 1933 5378 scd

421 5479 437 5511 ⁸
473 5486 543 5530 De
573 5478 782 5549 Ecclesia
815 5485 885 5528 ss.
913 5476 1258 5549 Apostolmuu,
1297 5479 1344 5549 in
1369 5479 1732 5549 wjusporticu
1760 5477 1940 5540 sepulti

353 5548 870 5612 granttmperawres,
888 5554 1149 5612 _quamqu_e
1171 5540 1250 5612 alii
1266 5553 1293 5590 a
1314 5540 1636 5612 ponstantino,
1659 5553 1687 5612 a
1707 5547 1938 5612 armatae:

350 5606 430 5653 ω
449 5601 531 5653 alii
566 5600 796 5654 structam
827 5600 1007 5663 volunt,
1047 5600 1156 5652 vide
1187 5605 1413 5666 Caugitnn
1453 5604 1502 5652 iu
1538 5601 1937 5666 mttstmttinolwli

901 233 1171 294 CONTRA
1206 232 1486 292 JUDA‘ZOS
1521 229 1608 290 ΕΤ
1646 228 1925 289 GENTIL!

2047 228 2237 297 QUOD
2267 229 2602 291 CHRISTUS
2639 234 2746 291 Sl'l'
2783 235 2977 294 DEUS.

3494 235 3622 289 8‘26;

2019 346 2159 417 quod
2184 347 2495 405 maledictus
2514 359 2690 406 esset:
2713 349 3012 406 Maledictus
3036 353 3202 418 enim,
3221 353 3407 424 inquit,
3431 357 3607 411 omnis.

2015 439 2102 508 qui
2127 440 2308 509 pendet
2334 441 2386 494 in
2413 442 2570 513 ligno.
2601 441 2776 510 (Deut.
2809 443 2897 496 21.
2923 443 3036 515 25).
3075 445 3324 500 Attamen
3375 445 3593 502 maledi-

2016 539 2158 584 ctum
2189 530 2317 587 illud
2341 533 2696 598 exsecrabile,
2725 535 2950 589 extremi
2981 537 3225 605 supplicii
3258 539 3585 608 symbolum,

2017 637 2158 678 nunc
2181 622 2534 680 desiderabile
2557 625 2891 696 amabileque
2919 628 3112 682 factum
3137 637 3239 683 est.

2087 712 2265 770 Crucis
2306 717 2437 787 signi
2465 733 2584 770 usus
2631 718 2809 788 ubique
2853 719 3300 788 frequentissimus.
3337 751 3410 764 -
3451 725 3613 779 Nihil

2018 805 2161 860 enim
2201 807 2595 877 imperatoriam
2640 824 2888 864 coronam
2939 812 3015 867 sic
3061 824 3314 880 exornat,
3372 826 3429 870 ut
3465 832 3592 872 crus

2020 897 2268 953 universo
2315 899 2511 954 mundo
2562 901 2846 971 pretiosior
2885 921 2898 958 :
2943 913 2998 959 et
3040 905 3181 974 quod
3227 921 3415 967 omnes
3466 910 3592 964 olim

2018 987 2464 1044 exhorrescebant
2483 1030 2498 1056 ,
2525 990 2641 1061 ejus
2670 1006 2811 1047 nunc
2849 994 3011 1064 ﬁgura
3037 995 3106 1050 ita
3137 1001 3376 1052 certatim
3405 1001 3594 1069 exqui-

2019 1080 2153 1134 ritur
2179 1081 2248 1137 ab
2278 1081 2543 1150 omnibus,
2583 1092 2642 1138 ut
2670 1084 2863 1154 ubique
2890 1087 3198 1156 reperiatur,
3226 1091 3362 1158 apud
3399 1091 3593 1158 princi-

2021 1187 2116 1244 pes
2138 1182 2193 1229 et
2227 1173 2465 1231 subditos
2485 1216 2501 1244 ,
2532 1176 2671 1246 apud
2701 1178 2948 1233 mulieres
2970 1188 3022 1234 et
3052 1179 3192 1235 viros
3211 1223 3226 1247 ,
3271 1183 3408 1251 apud
3435 1184 3597 1254 virgi-

2020 1283 2114 1323 nes
2128 1277 2184 1324 et
2208 1280 2419 1340 nuptas,
2443 1271 2582 1340 apud
2605 1287 2788 1326 servos
2803 1281 2854 1328 ct
2873 1272 3069 1329 liberos
3094 1293 3106 1327 :
3132 1291 3252 1329 nam
3271 1275 3394 1330 illud
3413 1293 3599 1330 omnes

2020 1362 2225 1431 signum
2253 1361 2557 1432 frequenter
2573 1363 2879 1433 imprimunt
2900 1365 2950 1420 in
2970 1366 3330 1420 membrorum
3351 1367 3597 1421 nobiliori

2021 1461 2206 1522 parte;
2235 1462 2287 1508 et
2315 1453 2366 1506 in
2398 1451 2570 1508 fronte
2590 1469 2687 1509 ceu
2707 1455 2756 1508 in
2783 1455 3027 1509 columna
3054 1456 3332 1526 ﬁguratum
3358 1457 3600 1526 quotidie

2021 1544 2420 1599 circumferunt.
2472 1544 2584 1600 Hoc
2615 1545 2666 1598 in
2697 1561 2847 1600 sacra
2876 1562 3058 1600 mensa
3083 1587 3098 1613 ,
3135 1547 3236 1602 hoc
3270 1549 3320 1600 in
3349 1548 3598 1603 sacerdo-

2025 1643 2133 1689 tum
2160 1635 2600 1702 ordinationibus,
2633 1636 2732 1691 hoc
2763 1652 2975 1692 rursum
3005 1653 3123 1692 cum
3153 1654 3374 1708 corpore
3404 1639 3601 1694 Christi

2023 1726 2076 1781 in
2121 1728 2341 1798 mystica
2383 1741 2534 1782 coena
2574 1728 2816 1799 refulget.
2873 1730 2982 1784 Hoc
3035 1730 3228 1800 ubique
3275 1731 3600 1786 celebratum

2023 1816 2202 1872 videre
2241 1827 2357 1886 est,
2391 1819 2442 1873 in
2467 1818 2744 1887 domibus,
2791 1821 2841 1874 in
2865 1819 3010 1886 foro,
3039 1821 3092 1876 in
3123 1821 3367 1887 desertis,
3399 1823 3450 1877 in
3480 1823 3600 1890 viis,

2023 1907 2080 1962 in
2125 1909 2428 1976 montibus,
2481 1910 2533 1964 in
2577 1909 2831 1976 saltibus,
2879 1911 2929 1965 in
2971 1911 3231 1979 collibus,
3262 1913 3313 1967 in
3344 1913 3515 1981 mari,
3549 1914 3602 1968 in

2024 1999 2266 2065 navibus,
2298 2001 2351 2056 iu
2381 2003 2585 2064 insulis,
2607 2003 2659 2058 in
2685 2003 2853 2069 lectis,
2879 2005 2931 2059 in
2957 2006 3303 2070 vestimentis,
3337 2006 3390 2061 in
3413 2007 3600 2073 armis,

2025 2090 2078 2145 iu
2107 2091 2370 2156 thalamis,
2403 2092 2455 2146 in
2481 2095 2754 2160 conviviis,
2785 2095 2836 2149 in
2868 2096 3006 2150 vasis
3025 2097 3290 2167 argenteis
3317 2107 3373 2152 et
3399 2098 3602 2163 aureis,

2026 2182 2080 2237 in
2096 2185 2421 2258 margaritis,
2435 2183 2488 2237 in
2500 2184 2768 2253 parietum
2783 2186 3032 2258 picturis,
3057 2189 3108 2242 in
3131 2187 3444 2257 corporibus
3469 2188 3601 2243 bru-

2027 2282 2200 2328 torum
2218 2274 2354 2330 male
2375 2273 2599 2344 affectis,
2628 2277 2678 2330 in
2699 2279 3010 2347 corporibus
3028 2292 3057 2331 a
3079 2277 3321 2334 daemone
3347 2279 3603 2346 obsessis,

2028 2361 2079 2418 in
2103 2361 2286 2430 bellis,
2319 2363 2373 2418 in
2406 2378 2568 2434 pace,
2594 2366 2647 2420 in
2674 2365 2892 2434 diebus,
2921 2367 2974 2420 in
3001 2367 3264 2433 noctibus,
3311 2368 3363 2422 in
3393 2367 3605 2424 choreis

2027 2453 2422 2524 tripudiautium
2445 2495 2461 2521 ,
2503 2455 2556 2510 in
2583 2454 2840 2511 sodalitiis
2865 2470 2986 2512 sese
3010 2457 3390 2512 macerantium
3416 2475 3431 2522 ;
3471 2457 3611 2515 adeo

2027 2546 2270 2602 certatim
2319 2546 2516 2601 donum
2559 2545 2661 2602 hoc
2703 2548 2980 2614 mirabile,
3025 2547 3246 2619 ejusque
3285 2548 3606 2605 ineﬂ‘ahilcm

2027 2639 2250 2709 gratiam
2292 2652 2480 2694 omnes
2521 2639 2850 2709 perquirunt.
2897 2639 3064 2694 Nemo
3109 2639 3310 2710 pudore
3352 2639 3608 2708 afﬁcitur,

2029 2730 2112 2784 vel
2137 2729 2406 2784 erubescit
2432 2728 2559 2784 dum
2587 2730 2782 2801 cogitat
2807 2727 2909 2784 hoc
2934 2730 3229 2785 maledictae
3253 2731 3442 2786 mortis
3465 2746 3609 2803 sym-

2031 2820 2210 2877 bolum
2238 2834 2390 2887 esse;
2417 2818 2511 2876 sed
2542 2820 2632 2876 illo
2659 2834 2846 2877 omnes
2874 2823 3041 2892 magis
3067 2836 3422 2888 exornamur,
3449 2838 3608 2892 quam

2029 2914 2242 2969 coronis
2260 2953 2276 2980 ,
2315 2912 2722 2982 diadematibus,
2751 2922 2804 2970 et
2829 2915 2974 2969 mille
3000 2915 3403 2985 margaritarum
3433 2916 3605 2971 moni-

2031 3004 2211 3059 libus:
2243 3005 2314 3058 ita
2357 3019 2463 3059 non
2505 3004 2664 3059 modo
2716 3020 2820 3060 non
2864 3020 3172 3061 aversatnur
3215 3021 3464 3074 crucem,
3515 3009 3610 3062 sed

2030 3096 2190 3151 etiam
2234 3095 2476 3151 amabilis
2519 3095 2607 3150 illa
2656 3095 3130 3167 desiderabilisque
3180 3098 3426 3154 omnibus
3478 3107 3606 3154 est:

2032 3185 2226 3255 ubique
2255 3184 2342 3240 illa
2367 3183 2569 3256 fulget,
2597 3185 2648 3239 in
2675 3185 2965 3256 parietibus
2988 3186 3265 3241 domorum
3289 3229 3306 3253 ,
3346 3186 3401 3243 in
3431 3189 3606 3253 tectis,

2033 3279 2085 3334 in
2119 3279 2268 3334 libris
2288 3320 2302 3344 ,
2347 3279 2400 3334 in
2425 3279 2644 3335 urbibus
2666 3321 2680 3346 ,
2724 3279 2777 3333 in
2803 3279 2934 3334 vicis
2953 3321 2969 3346 ,
3013 3281 3064 3334 in
3094 3280 3306 3334 incultis
3329 3322 3344 3347 ,
3377 3280 3430 3335 in
3456 3281 3612 3336 cultis

2033 3371 2186 3426 locis.
2216 3369 2314 3426 Hic
2351 3369 2579 3426 libenter
2601 3369 2863 3426 Gentilem
2891 3371 3270 3440 interrogarem
3296 3413 3312 3438 ,
3344 3371 3618 3427 uudcuant

2033 3459 2132 3527 ﬁt,
2159 3467 2217 3515 ut
2241 3460 2596 3516 damnationis
2629 3460 3028 3530 maledictmque
3065 3462 3250 3516 mortis
3287 3462 3610 3534 symbolum,

2033 3549 2279 3605 omnibus
2303 3551 2374 3605 ita
2401 3550 2626 3606 amabile
2653 3551 2988 3622 optabileque
3017 3551 3124 3606 sit?

2106 3641 2195 3697 10.
2239 3641 2390 3708 Quod
2425 3642 2468 3696 si
2516 3641 2647 3696 nihil
2677 3642 2776 3698 hoc
2801 3657 2920 3698 esse
2948 3652 3101 3712 putas
3125 3684 3140 3709 ,
3171 3643 3215 3698 si
3241 3644 3417 3702 adhuc
3445 3647 3617 3715 impu-

2035 3733 2167 3789 dens
2196 3749 2410 3800 manes,
2438 3734 2818 3804 veritatemque
2845 3735 3128 3803 aversaris,
3159 3745 3316 3806 atque
3341 3737 3404 3791 ad
3435 3739 3610 3792 lumen

2035 3825 2248 3880 caecutis
2284 3842 2297 3879 :
2329 3839 2427 3895 age
2471 3824 2566 3879 tibi
2608 3824 2712 3880 alio
2749 3834 3062 3896 argumento
3109 3839 3612 3896 commonstramus,

2035 3925 2290 3986 quantum
2334 3916 2402 3970 sit
2439 3916 2587 3971 illud.
2642 3916 2808 3984 Quale
2854 3918 2982 3972 illud
3027 3921 3436 3990 argumentum?
3479 3920 3615 3976 Sunt

2031 4005 2300 4075 judicibus
2326 4006 2493 4061 multa
2533 4007 2910 4077 suppliciorum
2946 4023 3141 4078 genera
3162 4051 3176 4074 ,
3208 4009 3403 4080 lignum
3431 4053 3444 4075 ,
3476 4011 3610 4075 lora,

2038 4111 2260 4167 ungues,
2291 4097 2578 4166 plumbata,
2607 4098 2798 4168 quibus
2824 4114 3048 4169 corpora
3077 4099 3344 4162 lacerant,
3376 4101 3612 4155 membra

2037 4187 2346 4256 discerpunt
2386 4197 2542 4257 atque
2569 4189 2897 4257 suspendunt
2925 4207 2938 4242 :
2968 4191 3207 4259 quisnam
3236 4192 3396 4244 vellet
3420 4192 3532 4247 haec
3561 4193 3614 4247 in

2036 4278 2253 4334 domum
2272 4293 2422 4333 suam
2450 4277 2648 4334 inferre
2667 4279 2692 4332 τ
2715 4280 2846 4346 Quis
2862 4280 3017 4334 vellet
3043 4279 3304 4334 carniﬁcis
3322 4280 3434 4335 haec
3455 4297 3614 4352 agen-

2040 4369 2106 4423 tis
2145 4382 2359 4422 manum
2397 4369 2703 4439 contingere
2727 4411 2742 4436 ,
2797 4369 2881 4424 vel
2925 4379 2982 4424 ut
3028 4369 3080 4424 id
3117 4369 3350 4436 videret,
3399 4373 3616 4442 propius

2038 4457 2327 4514 accedere?
2368 4459 2559 4513 Annon
2600 4459 2839 4530 plerique
2867 4459 2980 4515 haec
3004 4469 3351 4515 exsecrantur
3373 4503 3388 4528 ,
3420 4463 3616 4533 aliique

2039 4549 2161 4604 hinc
2187 4549 2325 4605 male
2353 4550 2654 4605 omittantur
2673 4591 2686 4616 ,
2719 4565 2781 4604 ac
2807 4566 2976 4621 neque
3000 4560 3193 4606 tactum
3214 4594 3228 4617 ,
3261 4569 3432 4624 neque
3459 4570 3614 4624 aspe-

2037 4649 2182 4695 ctum
2208 4639 2421 4695 ferunt?
2461 4642 2650 4698 Annon
2675 4641 2833 4696 etiam
2871 4643 3058 4711 procul
3084 4641 3319 4712 fugiunt,
3349 4654 3400 4698 et
3429 4645 3614 4698 oculos

2038 4731 2316 4788 avertunt?
2343 4732 2488 4789 Talis
2501 4733 2629 4788 olim
2655 4749 2784 4789 crux
2801 4744 2936 4798 erat,
2964 4735 3069 4788 imo
3085 4735 3186 4788 illis
3202 4735 3367 4789 multo
3381 4736 3614 4804 gravior.

2039 4823 2201 4890 Nam,
2233 4833 2292 4879 ut
2326 4834 2448 4880 ante
2489 4825 2594 4880 disi
2620 4866 2635 4891 ,
2683 4841 2790 4880 non
2821 4834 3031 4881 tantum.
3052 4827 3236 4879 mortis
3261 4867 3275 4892 ,
3318 4826 3411 4880 scd
3455 4817 3631 4881 etiam'

2041 4913 2338 4970 maledicta:
2381 4915 2567 4970 mortis
2605 4914 2902 4986 symbolum
2943 4923 3076 4970 erat.
3133 4914 3284 4970 Unde
3321 4930 3450 4984 ergo
3474 4957 3488 4979 ,
3531 4915 3620 4970 die

2042 5007 2210 5074 mihi,
2254 5007 2362 5077 jam
2411 5007 2481 5062 ita
2531 5007 2899 5062 desiderabilis
2936 5006 3283 5077 optabilisque
3326 5005 3460 5060 facta
3506 5014 3612 5072 est,

2042 5101 2395 5171 omnibusque
2424 5099 2752 5154 antefertur?

2027 5212 2032 5216 ·
2122 5193 2264 5248 Vera
2284 5194 2445 5247 crucis
2475 5192 2733 5261 particula
2758 5191 2822 5245 ab
2845 5191 3070 5245 omnibus
3091 5189 3363 5258 exquisite.
3380 5217 3450 5227 —-
3480 5188 3624 5243 lllud‘

2042 5300 2171 5340 vero
2209 5285 2380 5353 ipsum
2422 5285 2665 5354 lignum,
2697 5283 2748 5336 iu
2787 5297 2893 5352 quo
2931 5296 3138 5336 sacrum
3178 5294 3374 5348 corpus
3403 5294 3622 5351 passum

2045 5387 2100 5432 et
2126 5374 2436 5430 cruciﬁxum
2476 5382 2590 5439 cst,
2635 5389 2731 5428 cur
2754 5372 2992 5427 certatim
3024 5385 3210 5426 omnes
3247 5369 3486 5425 adeunt?
3519 5367 3626 5423 Cur

2047 5466 2360 5537 particulam
2393 5465 2510 5533 ejus
2547 5463 2998 5518 multiesumentes
3023 5476 3153 5517 auro
3180 5461 3436 5516 inclusam
3461 5502 3475 5526 ,
3508 5469 3626 5515 tum

2048 5561 2144 5615 viri
2176 5569 2285 5613 tum
2333 5557 2582 5612 mulieres
2613 5572 2643 5610 a
2678 5555 2817 5610 collo
2851 5553 3180 5625 suspendunt
3217 5553 3284 5610 ad
3325 5565 3568 5610 ornatum
3603 5570 3618 5606 :

2050 5651 2153 5709 etsi
2183 5649 2536 5706 damnationis
2577 5657 2631 5704 ct
2678 5647 2891 5702 ultionis
2939 5646 3237 5718 symbolum
3283 5647 3382 5702 hoc
3422 5647 3616 5717 lignum
