3990 6198
385 248 488 302 8'27

381 371 579 428 fuerit?
606 375 674 428 At
697 373 784 445 qui
814 373 986 430 omnia
1013 374 1154 439 facit,
1183 384 1237 430 et
1261 374 1500 430 immutat
1523 391 1620 440 ea,
1652 377 1740 447 qui
1769 379 1953 433 orbem

381 480 446 520 ex
476 473 617 520 tanta
648 465 879 534 nequitia
909 465 1209 530 transtulit,
1240 474 1295 520 et
1321 475 1514 521 terram
1539 469 1727 522 caelum
1755 468 1953 536 effecit,

381 559 538 611 etiam
563 572 672 611 rem
695 557 830 611 hanc
851 556 1107 626 vituperio
1133 557 1362 626 plenam,
1391 568 1444 613 et
1469 568 1692 616 mortem
1721 562 1954 615 omnium

382 647 938 718 ignominiosissimam
967 663 1126 718 supra
1163 650 1323 705 carlos
1350 651 1586 706 adduxit.
1638 653 1761 708 Haec
1800 653 1958 723 igitur

378 741 555 795 omnia
600 740 896 810 pratvidcns
937 743 1194 812 propheta
1235 743 1446 799 dicebat
1472 762 1486 798 :
1514 744 1584 798 Et
1631 747 1723 800 erit
1759 745 1954 815 requies

377 833 484 900 ejus
508 831 686 884 honor.
716 830 827 886 lloc
851 832 1043 901 quippe
1068 833 1253 889 mortis
1274 835 1592 905 symbolum,
1617 852 1788 907 neque
1813 837 1954 891 enim

379 925 536 976 tinem
567 921 754 976 faciam
778 921 848 975 ita
871 921 1142 992 loquendi,
1182 924 1362 979 multis
1392 923 1774 980 benediCtionis
1795 940 1956 996 argu-

379 1022 612 1065 mentum
636 1011 879 1066 elfectum
909 1020 1010 1078 est,
1039 1020 1094 1066 et
1115 1013 1435 1069 omnimodas
1461 1014 1724 1071 ﬁrmitatis
1751 1031 1955 1081 murus,

375 1101 572 1156 diaboli
621 1099 864 1156 lethifera
917 1102 1089 1172 plaga,
1138 1103 1441 1161 daemonum
1481 1105 1723 1170 framum,
1773 1121 1958 1162 camus

377 1193 801 1248 :tdversariarum
846 1194 1118 1249 virtutum.
1161 1195 1274 1252 Hoc
1313 1194 1537 1253 mortem
1581 1198 1813 1265 sustulit,
1853 1197 1958 1253 hoc

378 1284 569 1340 inferni
622 1297 799 1355 portas
843 1302 1009 1341 aereas
1037 1288 1332 1358 confregit,
1378 1301 1556 1344 vectes
1599 1289 1801 1345 ferreos
1828 1305 1959 1344 con-

380 1375 557 1444 trivit,
587 1375 782 1431 diaboli
811 1392 987 1432 arcem
1015 1377 1274 1433 destruxit
1299 1419 1315 1443 ,
1351 1380 1551 1448 peccati
1587 1395 1780 1435 nervos
1808 1381 1958 1435 exci-

377 1465 495 1533 dit,
546 1475 712 1522 totum
769 1468 953 1523 orbem
1007 1467 1334 1523 damnationi
1385 1469 1681 1540 Subjectum
1739 1471 1952 1540 eripuit,

377 1558 670 1613 immissum
714 1558 966 1615 divinitus
1015 1568 1216 1615 natura:
1261 1571 1456 1615 nostra:
1487 1563 1690 1632 plagam
1733 1563 1957 1617 curavit.

379 1648 515 1714 Quid
553 1649 708 1704 dico?
739 1649 890 1716 Quod
930 1665 1038 1704 non
1079 1658 1302 1720 potuere
1327 1665 1474 1706 mare
1499 1651 1727 1707 divisum
1751 1693 1766 1717 ,
1794 1661 1958 1721 petra:

379 1739 596 1806 scissae,
636 1755 730 1794 aer
772 1749 1042 1807 mutatus,
1085 1755 1278 1794 manna
1318 1740 1662 1811 quadraginta
1700 1743 1852 1796 anuis
1885 1751 1962 1797 tot

381 1832 655 1887 hominum
685 1832 916 1886 millibus
942 1841 1214 1901 erogatum
1233 1873 1248 1899 ,
1276 1832 1359 1887 lex
1384 1841 1438 1888 et
1462 1833 1566 1888 alia
1589 1834 1736 1904 signa
1758 1849 1879 1888 eum
1907 1835 1959 1888 in

380 1923 594 1977 deserto
617 1963 632 1986 ,
675 1930 785 1976 tum
821 1921 872 1976 in
905 1921 1186 1976 Palaestina
1230 1921 1363 1976 facta
1384 1963 1401 1990 ,
1449 1921 1562 1978 base
1604 1925 1774 1994 potuit
1807 1939 1960 1991 crux,

381 2027 488 2066 non
518 2013 568 2066 in
605 2027 707 2066 una
737 2021 894 2082 gente
914 2054 928 2078 ,
975 2012 1070 2068 sed
1109 2013 1160 2067 in
1189 2022 1298 2068 toto
1325 2014 1485 2080 orbe;
1516 2028 1645 2069 crux
1666 2055 1684 2080 ,
1724 2015 1960 2084 inquam,

381 2104 717 2159 maledictum
750 2105 1045 2176 symbolum
1065 2145 1082 2170 ,
1126 2106 1370 2160 omnibus
1397 2104 1742 2173 horrendum,
1791 2106 1964 2162 omni-

379 2195 481 2250 bus
505 2196 906 2261 exsecrandum,
936 2205 1054 2266 post
1082 2195 1321 2250 crucifixi
1347 2205 1572 2252 mortem
1595 2198 1763 2266 potuit
1783 2197 1961 2253 omnia

382 2289 526 2342 nullo
557 2289 770 2359 negotio
802 2288 1076 2358 perlicere.
1116 2287 1298 2358 Neque
1326 2289 1440 2343 hsce
1464 2289 1797 2363 solummodo
1822 2330 1837 2355 ,
1867 2289 1960 2346 sed

382 2394 468 2446 ea,
491 2394 608 2449 quae
638 2387 817 2448 postea
843 2388 1061 2450 sequuta
1083 2390 1226 2446 sunt,
1248 2379 1364 2449 ejus
1391 2381 1637 2435 virtutem
1659 2380 1960 2436 declarant.

383 2471 578 2526 Orbem
607 2471 746 2525 enim
796 2478 1054 2526 terrarum
1077 2511 1096 2538 ,
1143 2472 1232 2541 qui
1271 2471 1444 2541 quoad
1487 2471 1734 2528 virtutem
1767 2473 1977 2528 sterilis

382 2569 532 2626 erat,
578 2575 676 2614 nec
719 2561 907 2614 melius
935 2576 994 2614 se
1020 2559 1284 2627 habebat,
1321 2577 1476 2630 quam
1506 2561 1773 2618 desertum
1797 2605 1812 2628 ,
1841 2578 1962 2617 cum

385 2665 491 2705 non
518 2660 697 2717 posset
737 2649 1004 2719 quidpiam
1037 2649 1160 2704 boni
1193 2666 1381 2720 parere
1404 2693 1419 2718 ,
1451 2653 1631 2709 statim
1659 2653 1960 2722 paradisum

383 2751 438 2795 et
481 2747 706 2796 matrem
748 2739 1176 2796 fecundissimam
1213 2741 1404 2797 effecit.
1456 2744 1522 2798 Et
1566 2743 1668 2799 hoc
1707 2744 1798 2798 diu
1839 2755 1962 2800 ante

384 2831 756 2902 praenuntiavit
808 2829 1063 2900 prOpheta
1111 2831 1194 2886 bis
1240 2832 1418 2888 verbis
1457 2850 1473 2887 :
1508 2831 1734 2902 Lwtare,
1757 2835 1960 2899 sterilis,

381 2938 496 2992 qtae
535 2939 636 2976 non
667 2923 804 2992 paris
825 2937 845 2978 .°
874 2939 1081 2994 erumpe
1105 2933 1152 2978 et
1179 2924 1363 2992 clama,
1420 2940 1534 2996 qua:
1575 2941 1677 2980 non
1714 2928 1958 2998 parturis,

383 3013 502 3078 quia
529 3013 673 3066 multi
713 3013 805 3082 ﬁlii
841 3011 1048 3067 desertae
1087 3013 1246 3084 magis
1269 3055 1285 3082 ,
1325 3030 1476 3084 quam
1516 3014 1627 3084 ejus
1663 3030 1776 3085 qua:
1816 3015 1962 3070 habet

381 3104 544 3157 uirum
562 3100 582 3176 (
590 3101 636 3155 11
642 3103 742 3157 esui
749 3143 760 3155 .
777 3103 864 3159 54.
884 3105 956 3174 1).
973 3103 1122 3171 Quod
1141 3118 1267 3160 vero
1281 3118 1400 3159 eum
1420 3105 1577 3160 talem
1597 3119 1713 3160 eam
1728 3104 1959 3169 fecisset,

383 3194 552 3264 legem
593 3193 692 3263 ipsi
737 3190 943 3248 dederit
987 3193 1153 3249 multo
1191 3195 1612 3263 przestantiorem
1662 3195 1860 3264 priori,
1907 3194 1959 3249 id

385 3285 604 3340 minimc
643 3292 918 3339 tacuerunt
944 3283 1214 3353 propheta:
1245 3301 1259 3337 :
1287 3299 1351 3338 ac
1378 3284 1499 3339 vide
1524 3283 1650 3355 quid
1680 3285 1955 3354 praxsigni-

385 3376 657 3430 licaverint
690 3391 704 3429 :
734 3373 1017 3443 Disponam
1042 3375 1114 3428 eis
1144 3383 1488 3428 testamentum
1518 3389 1700 3427 novum
1719 3414 1735 3440 ,
1761 3391 1860 3428 non
1885 3391 1965 3429 se-

383 3465 604 3520 cundum
630 3472 975 3518 testamentum
999 3503 1015 3529 ,
1046 3462 1179 3534 quod
1211 3462 1438 3534 disposui
1462 3463 1692 3534 patribus
1711 3481 1881 3518 eorum
1909 3464 1962 3518 in

385 3557 466 3609 die
490 3571 586 3625 qua
615 3570 822 3608 manuni
850 3569 1020 3608 eorum
1055 3553 1398 3625 apprehendi,
1430 3562 1484 3608 ut
1512 3553 1770 3608 educerem
1789 3570 1872 3608 eos
1901 3554 1965 3609 de

385 3656 516 3699 terra
545 3643 761 3715 [Egypti
783 3643 939 3714 :quia
979 3643 1080 3713 ipsi
1119 3660 1219 3699 non
1254 3653 1547 3698 manserunt
1579 3645 1635 3698 in
1673 3653 1963 3700 testamento

385 3755 495 3795 ineo
518 3779 533 3804 ,
577 3746 623 3791 et
652 3754 742 3808 ego
780 3736 976 3808 neglext
1010 3753 1129 3804 eos,
1170 3736 1291 3790 dicit
1319 3735 1589 3792 Dominus.
1625 3737 1756 3803 Quia
1779 3736 1874 3791 hoc
1893 3746 1964 3792 est

386 3841 730 3887 testamentum
747 3831 878 3904 quod
903 3830 1169 3900 disponam
1186 3830 1278 3897 eis,
1297 3829 1424 3884 dans
1445 3829 1575 3900 leges
1594 3846 1728 3884 meas
1743 3830 1794 3883 in
1807 3839 1966 3884 mente

385 3939 587 3989 eorum,
627 3932 672 3976 et
701 3922 753 3974 in
781 3922 931 3976 corde
963 3937 1132 3975 eorum
1168 3921 1437 3974 inscribam
1465 3936 1548 3974 eas
1572 3917 1703 3992 (Jer.
1731 3919 1820 3974 51.
1848 3917 1962 3990 52).

390 4012 588 4068 Deinde
615 4012 839 4066 subitam
867 4012 1213 4066 mutationem
1239 4019 1295 4066 et
1319 4009 1613 4065 doctrinam
1638 4009 1845 4066 facilem
1866 4010 1958 4066 de-

385 4105 593 4159 clarans
619 4104 734 4158 ait:
767 4102 833 4158 Et
873 4119 974 4157 non
1015 4102 1258 4156 docebunt
1295 4103 1631 4174 unusquisque
1677 4103 1963 4172 proximum

384 4211 551 4260 suum,
591 4203 636 4248 et
670 4194 1008 4263 unusquisque
1049 4193 1258 4261 fratrem
1281 4209 1428 4246 suum
1447 4233 1460 4257 ,
1490 4193 1658 4247 dicens
1680 4234 1694 4260 ,
1723 4209 1964 4264 cognosce

387 4286 662 4340 Dominum
682 4326 696 4352 ,
723 4286 843 4354 quia
867 4301 1037 4338 omnes
1057 4285 1209 4338 scient
1239 4300 1317 4338 me
1336 4299 1367 4335 a
1387 4282 1784 4355 parvoipsorum
1810 4299 1963 4353 usque

385 4377 453 4429 ad
481 4393 718 4447 magnum
737 4377 976 4445 ipsorum.
1000 4373 1152 4441 Quod
1180 4374 1232 4429 in
1252 4373 1477 4428 adventu
1499 4388 1595 4428 suo
1621 4381 1961 4442 peccatorum

386 4467 593 4520 veniam
618 4464 834 4519 daturus
864 4475 1023 4529 esset,
1049 4464 1148 4518 hoc
1177 4464 1300 4518 item
1328 4465 1405 4519 sic
1431 4465 1806 4534 praenunciavit
1833 4479 1959 4534 pro-

390 4557 547 4626 pheta
574 4575 588 4609 :
624 4555 733 4609 Hoc
761 4557 851 4610 erit
885 4557 1006 4626 ipsis
1028 4573 1056 4608 a
1082 4573 1159 4609 me
1184 4565 1526 4609 testamentum
1545 4597 1561 4623 ,
1592 4572 1707 4610 cum
1732 4560 1961 4628 auferam

385 4648 672 4716 iniquitates
705 4646 964 4716 ipsorum,
1004 4656 1048 4700 et
1086 4655 1398 4715 peccatorum
1437 4663 1609 4699 eorum
1651 4663 1753 4702 non
1791 4663 1959 4702 recor-

389 4737 547 4792 dabor
570 4736 788 4806 amplius
821 4733 962 4808 (Jer.
983 4735 1071 4789 51.
1098 4733 1209 4804 51).
1257 4734 1393 4800 Quid
1423 4733 1520 4788 hac
1549 4751 1608 4791 re
1630 4735 1960 4792 manifestius

386 4843 507 4884 esse
533 4827 740 4898 possit?
768 4827 1110 4882 Vocationem
1137 4826 1329 4895 quippe
1359 4826 1589 4896 gentium
1609 4868 1624 4892 ,
1657 4844 1807 4882 nova:
1833 4829 1962 4899 legis

387 4935 546 4991 supra
563 4927 794 4974 veterem
816 4916 1202 4980 excellentiam,
1231 4914 1532 4970 facilitatem
1550 4931 1816 4985 accessus,
1844 4933 1962 4974 cre-

386 5011 624 5064 dentium
669 5009 888 5080 gratiam
909 5049 925 5076 ,
968 5017 1022 5062 et
1054 5007 1252 5062 donum
1289 5007 1342 5063 in
1367 5005 1632 5076 baptismo
1659 5007 1850 5063 factum
1882 5009 1962 5066 his

388 5101 652 5158 Vaticiuiis
680 5099 1016 5171 significavit.

462 5195 547 5251 11.
588 5193 738 5265 Quod
767 5206 895 5246 vero
921 5191 1008 5261 qui
1039 5190 1153 5246 hazc
1191 5189 1348 5258 fecit,
1385 5190 1430 5244 is
1455 5189 1567 5259 ipse
1595 5197 1774 5259 postea
1799 5189 1960 5260 judex

386 5285 666 5339 adfuturus
690 5284 793 5351 sit,
825 5283 1092 5356 perpende
1114 5282 1378 5353 quomodo
1403 5294 1453 5336 et
1477 5282 1576 5337 hoc
1599 5283 1963 5352 praenuucieut

390 5375 669 5449 Propheta:
694 5415 709 5442 ,
749 5389 921 5444 neque
962 5375 1103 5429 enim
1148 5373 1198 5428 id
1235 5373 1445 5427 silentio
1490 5375 1959 5444 praetermiserunt,

391 5467 478 5522 alii
507 5466 718 5535 quidem
746 5465 985 5520 videntes
1007 5480 1125 5523 eum
1153 5465 1203 5518 in
1228 5479 1292 5518 eo
1317 5464 1432 5534 ipso
1461 5465 1671 5532 habitu,
1699 5481 1804 5534 quo
1830 5482 1960 5520 ven-

392 5572 539 5614 turus
579 5566 731 5620 erat;
778 5557 867 5611 alii
914 5557 1091 5612 verbis
1127 5572 1246 5610 eum
1290 5557 1778 5625 put-significantes.
1831 5558 1960 5613 Nam

391 5646 570 5704 Itaniel
601 5646 758 5705 etiam
789 5646 838 5699 in
877 5645 1051 5702 medio
1080 5645 1421 5707 barbarorum
1453 5647 1855 5720 Babyloniorum
1883 5649 1958 5706 vi-

1087 261 1146 316 S.
1183 258 1456 316 JOANNIS
1493 261 1960 322 CllliYSOSTOMl
2003 261 2318 322 ARCIIIEP.
2357 267 2891 331 CONSTANTINOP.

3536 279 3637 340 898

2062 377 2150 432 det
2177 379 2344 449 ipsum
2368 383 2419 436 in
2445 385 2669 442 nubibus
2693 388 2987 444 venientem
3014 389 3171 446 :audi
3201 389 3340 446 illius
3361 391 3639 464 PrOpheta:

2064 469 2223 523 verba
2249 486 2264 525 :
2293 473 2607 542 Aspiciebam
2625 519 2640 543 ,
2667 479 2832 548 inquit
2852 522 2866 546 ,
2896 488 2946 534 et
2965 497 3074 536 ecce
3097 484 3239 552 quasi
3268 485 3405 553 ﬁlius
3424 486 3640 542 hominis

2065 560 2262 614 veniens
2289 563 2342 616 in
2376 565 2592 619 nubibus
2610 609 2623 631 ,
2652 577 2699 621 et
2723 572 2943 638 pervenit
2968 588 3124 643 usque
3147 572 3216 626 ad
3233 575 3493 643 antiquum
3521 577 3634 630 dic-

2062 665 2176 702 rum
2194 692 2207 715 ,
2233 662 2282 705 et
2307 663 2426 708 ante
2454 671 2567 709 eum
2595 657 2792 714 oblatus
2819 671 2908 714 est.
2941 662 3009 716 Et
3033 664 3178 717 datus
3207 675 3278 718 est
3304 666 3350 718 ei
3377 669 3637 737 principa-

2063 747 2141 793 tus
2169 749 2215 794 et
2240 759 2445 811 regnum
2469 756 2516 798 et
2553 763 2722 802 omnes
2766 751 2965 818 populi,
2995 753 3170 819 tribus,
3204 755 3388 826 lingua:
3409 757 3510 826 ipsi
3532 774 3640 812 scr-

2063 829 2192 883 vient
2217 829 2374 900 (Dan.
2401 834 2452 887 7.
2487 833 2597 903 15).
2633 833 2700 888 Et
2720 835 2985 904 judicium
3019 843 3134 911 ejus
3175 844 3246 898 ita
3293 846 3591 900 subindieat
3623 863 3640 901 :

2063 918 2375 990 Aspiciebam
2401 925 2558 980 donec
2581 927 2746 982 throni
2768 932 2916 998 positi
2933 943 3071 1000 sunt,
3103 944 3151 988 et
3174 934 3288 989 libri
3306 938 3472 1006 aperti
3493 948 3642 992 sunt:

2063 1020 2111 1063 et
2156 1013 2340 1081 ﬂuvius
2385 1016 2560 1084 igneus
2609 1021 2846 1075 manabat
2891 1024 2945 1076 in
2992 1037 3257 1096 conspectu
3303 1030 3411 1098 ejus
3438 1043 3459 1083 :
3501 1031 3642 1084 mille

2064 1101 2224 1156 millia
2267 1106 2616 1162 ministrabant
2656 1111 2701 1163 ei
2724 1151 2739 1175 ,
2789 1122 2837 1165 et
2882 1112 3043 1168 decies
3088 1116 3269 1170 millies
3306 1118 3436 1172 dena
3478 1121 3640 1174 millia

2063 1191 2353 1246 assistebant
2390 1196 2454 1250 ei.
2503 1197 2682 1268 Neque
2720 1202 2820 1256 hoc
2849 1211 3052 1258 tantum
3087 1216 3302 1274 narrat,
3347 1209 3440 1264 sed
3482 1227 3642 1280 quem

2061 1279 2188 1346 justi
2217 1282 2442 1339 habituri
2466 1299 2589 1342 sunt
2615 1289 2868 1346 honorem
2892 1293 2970 1347 sic
2998 1293 3249 1350 describit
3270 1314 3284 1351 :
3304 1297 3369 1350 Et
3386 1279 3640 1370 judicium

2065 1371 2201 1425 dedit
2229 1375 2410 1430 sanctis
2435 1377 2677 1433 Altissimi
2701 1421 2717 1446 ,
2761 1391 2808 1435 et
2850 1399 3060 1453 regnum
3102 1387 3417 1442 obtinuerunt
3454 1394 3638 1446 sancti.

2066 1458 2348 1518 Malaehias
2379 1479 2506 1520 vero
2536 1466 2638 1522 hoc
2659 1468 2913 1538 judicium
2943 1487 3035 1540 per
3059 1475 3232 1544 ignem
3260 1476 3493 1533 futurum
3521 1496 3643 1536 esse

2066 1547 2300 1606 declarat
2336 1553 2422 1608 bis
2463 1557 2638 1611 verbis
2670 1575 2683 1612 :
2713 1557 2843 1615 Ecce
2878 1563 2987 1632 ipse
3023 1563 3302 1634 ingreditur
3341 1569 3471 1621 sicut
3512 1571 3645 1639 ignis

2066 1641 2372 1730 con/Iatorii,
2405 1654 2450 1698 et
2472 1647 2599 1699 sicut
2625 1647 2776 1702 herba
2794 1650 3047 1718 fullonum
3079 1652 3331 1726 (Malach.
3359 1658 3410 1711 5.
3443 1657 3524 1730 2).
3556 1659 3646 1714 Vi-

2068 1728 2244 1785 distin‘
2283 1733 2658 1802 prophelarum
2694 1742 3114 1809 accurationem,
3145 1745 3411 1814 quomodo
3438 1728 3640 1814 omnia,

2069 1836 2186 1890 quae
2221 1821 2398 1878 futura
2441 1835 2599 1896 sunt,
2645 1831 2958 1886 annuntiare
2997 1836 3454 1904 praeoccuparint?
3498 1837 3646 1905 Quo-

2069 1911 2228 1968 modo
2247 1929 2376 1984 ergo
2406 1915 2907 1977 adhucincredulus
2943 1939 3158 1980 manere
3201 1926 3404 1994 audes,
3453 1928 3647 1984 talibus

2069 2004 2300 2074 acceptis
2340 2006 2455 2076 ejus
2492 2009 2704 2064 virtutis
2731 2012 3270 2070 demonstrationibus
3288 2057 3304 2082 ,
3330 2033 3451 2072 cum
3481 2020 3648 2075 verbo

2070 2091 2250 2148 videas
2279 2095 2476 2150 tamdiu
2503 2107 2625 2153 ante
2648 2102 2996 2169 praenuntiata
3019 2143 3038 2169 ,
3075 2119 3265 2176 resque
3290 2106 3470 2162 videas
3501 2109 3651 2163 acci-

2069 2183 2196 2240 dere
2241 2187 2416 2242 verbis
2459 2202 2720 2244 consonas
2743 2232 2759 2260 ,
2805 2192 2876 2247 ita
2903 2203 2960 2247 ut
2987 2194 3120 2248 nihil
3157 2197 3373 2251 omnino
3399 2199 3653 2254 excidat?

2069 2275 2323 2348 Quodque
2341 2278 2453 2334 haec
2478 2295 2582 2336 non
2600 2281 2846 2352 ﬁgmenta
2869 2294 3053 2340 nostra
3068 2287 3193 2353 sint,
3220 2287 3569 2344 testificantur
3590 2291 3652 2357 ii,

2069 2369 2156 2438 qui
2185 2370 2340 2439 primi
2363 2370 2526 2427 libros
2549 2383 2895 2442 acceperunt,
2914 2383 2970 2430 et
2995 2380 3282 2440 etiamnum
3302 2390 3655 2443 conservant,

2071 2459 2267 2515 inimici
2315 2463 2522 2530 nostri,
2569 2463 2965 2536 abnepotesque
3008 2482 3192 2522 eorum
3223 2468 3311 2538 qui
3363 2469 3657 2526 Dominum

2068 2553 2441 2608 et'ueilixerunt
2476 2571 2491 2608 :
2522 2555 2612 2625 qtti
2651 2556 2815 2612 libros
2837 2599 2854 2624 ,
2890 2558 3134 2628 inquam,
3162 2558 3300 2628 apud
3329 2575 3387 2615 se
3415 2561 3661 2616 retinent

2069 2650 2124 2695 et
2165 2652 2502 2697 conservant.
2558 2645 2625 2699 Et
2661 2645 2751 2716 qui
2789 2646 2903 2702 fieri
2947 2649 3144 2716 possit,
3191 2649 3332 2704 dicet
3358 2651 3657 2720 quispiam,

2071 2741 2130 2787 ut
2157 2733 2321 2789 libros
2342 2733 2598 2791 habentes
2617 2753 2721 2792 non
2747 2739 2998 2794 credant?
3027 2739 3158 2807 Quia
3177 2749 3298 2795 tunc
3319 2743 3501 2808 etiam,
3525 2757 3664 2798 cum

2069 2841 2189 2880 eum
2207 2826 2462 2882 mirabilia
2487 2837 2797 2897 operantem
2828 2830 3087 2900 viderent,
3119 2847 3224 2887 non
3254 2833 3605 2891 crediderunt
3634 2854 3650 2889 :

2071 2915 2164 2971 sed
2194 2916 2294 2971 hoc
2333 2933 2438 2972 non
2477 2928 2558 2973 est
2586 2921 2786 2974 crimen
2833 2922 2946 2991 ejus
2972 2922 3058 2976 cui
3088 2937 3193 2977 non
3231 2924 3499 2992 creditur,
3551 2928 3662 2982 sed

2070 3021 2252 3061 eorum
2274 3009 2462 3078 magis,
2485 3011 2573 3079 qui
2599 3011 2652 3064 in
2676 3011 2899 3066 meridie
2923 3015 3228 3068 czecutiunt.
3259 3014 3389 3069 Nam
3416 3026 3472 3070 et
3501 3017 3665 3077 hunc

2071 3097 2323 3153 mundum
2373 3099 2427 3153 in
2472 3099 2649 3154 medio
2692 3101 3000 3172 proposuit,
3048 3102 3456 3160 instrumentum
3500 3109 3664 3162 omni

2070 3188 2426 3246 concinnitate
2452 3189 2803 3258 elaboratum,
2831 3181 3014 3248 vocem
3043 3193 3274 3265 undique
3299 3195 3663 3264 emitteus,vet

2071 3290 2366 3336 creatorem
2413 3281 2706 3349 praedicans
2747 3301 2760 3338 :
2803 3293 2857 3339 et
2909 3293 3082 3340 tamen
3131 3285 3344 3355 quidam
3399 3287 3668 3344 homines

2070 3381 2211 3437 sunt,
2243 3372 2332 3440 qui
2363 3373 2444 3426 vel
2473 3381 2741 3427 automata
2779 3389 2898 3430 esse
2922 3375 3133 3442 dicunt,
3167 3377 3250 3430 vel
3278 3376 3466 3431 horum
3494 3393 3668 3434 crea-

2071 3462 2267 3516 tionem
2309 3471 2466 3532 atque
2516 3463 2902 3534 providentiam
2951 3465 3254 3522 hominibus
3299 3470 3668 3537 adscribunt;

2070 3554 2156 3608 alii
2186 3570 2312 3609 vero
2340 3554 2560 3610 fortuna:
2581 3598 2596 3624 ,
2628 3557 2754 3625 fato,
2781 3559 2983 3628 genesi,
3011 3560 3094 3614 vel
3118 3560 3386 3615 stellarum
3415 3576 3669 3619 conver-

2070 3646 2327 3702 sionibus.
2374 3647 2564 3702 Verum
2613 3647 2714 3703 hoc
2741 3649 2942 3705 crimen
2986 3666 3092 3705 non
3123 3652 3175 3706 in
3203 3653 3449 3722 Opificem
3478 3655 3669 3722 cadit,

2070 3737 2165 3793 sed
2195 3739 2246 3793 in
2277 3753 2401 3807 eos,
2430 3740 2518 3809 qui
2545 3740 2682 3796 inter
2719 3749 2798 3795 tot
2836 3742 3069 3797 remedia
3095 3743 3267 3799 adhuc
3290 3746 3556 3801 extremis
3589 3749 3674 3802 la-

2070 3827 2261 3884 borant
2300 3830 2515 3885 morbis.
2567 3830 3019 3898 Quemadmodum
3062 3834 3203 3888 enim
3251 3835 3385 3890 bene
3425 3835 3677 3894 aﬂ‘ectus

2069 3920 2278 3976 animus
2321 3921 2444 3990 quid
2475 3922 2613 3978 facto
2633 3939 2768 3994 opus
2793 3925 2861 3979 sit
2901 3925 3080 3994 videt,
3109 3941 3209 3982 nec
3239 3927 3418 3982 multis
3446 3928 3518 3982 ad
3554 3933 3674 3987 hoc

2065 4020 2190 4082 eget
2215 4011 2572 4080 adjumentis;
2604 4014 2680 4068 sic
2725 4013 3031 4086 imprudens
3054 4031 3117 4071 ac
3141 4017 3405 4087 stupidus,
3435 4018 3676 4076 etiamsi

2070 4103 2376 4158 innumeros
2423 4103 2612 4158 haheat
2650 4106 2960 4176 magistros,
3003 4107 3274 4164 aﬂ'eCtibus
3303 4124 3674 4182 praeoccupao

2071 4202 2176 4260 tus,
2208 4195 2260 4249 in
2290 4197 2526 4251 caecitate
2545 4206 2865 4266 perseverat.
2901 4198 3010 4254 llcc
3035 4199 3193 4269 igitur
3207 4215 3420 4270 semper
3437 4201 3678 4273 videas,

2069 4301 2176 4340 non
2207 4287 2259 4340 in
2289 4285 2387 4341 hac
2412 4302 2470 4342 re
2499 4287 2689 4351 solum,
2713 4288 2806 4342 sed
2836 4289 2888 4342 in
2915 4289 3035 4342 aliis
3063 4305 3292 4360 quoque.
3334 4290 3478 4357 Quot
3502 4295 3674 4350 extim

2069 4386 2225 4444 sunt,
2256 4378 2489 4448 quicum
2533 4379 2728 4433 nullam
2766 4379 3036 4435 audissent
3069 4381 3276 4452 legem,
3321 4383 3559 4441 honeste
3604 4402 3678 4443 ac

2068 4468 2300 4542 legitime
2340 4469 2624 4524 vixerunt?
2668 4470 2768 4524 Alii
2800 4485 2924 4525 vero
2950 4486 2979 4524 a
3011 4472 3228 4540 pueritia
3259 4471 3323 4527 ad
3347 4483 3674 4532 extremam

2069 4574 2238 4628 usque
2277 4567 2602 4614 senectutem
2653 4560 2703 4614 in
2753 4547 2955 4630 legibus
2983 4561 3227 4630 educati,
3267 4578 3356 4618 eas
3408 4564 3676 4624 violandi

2069 4665 2352 4720 numquam
2382 4651 2538 4705 fmem
2568 4650 2822 4706 fecerunt.
2873 4651 2999 4707 Hcce
3028 4661 3081 4707 et
3117 4653 3253 4723 apud
3283 4662 3493 4710 veteres
3520 4671 3678 4713 oon-

2072 4741 2341 4810 tigerunt:
2373 4756 2492 4794 nam
2527 4740 2695 4796 Judaﬁ
2742 4742 3033 4800 innumeris
3074 4743 3236 4813 signis
3273 4752 3327 4799 et
3371 4745 3680 4802 miraculis

2071 4848 2176 4886 non
2221 4833 2469 4888 meliores
2495 4833 2666 4888 effecti
2709 4843 2868 4898 sunt;
2918 4833 3159 4892 Ninivitae
3183 4851 3311 4890 vero
3341 4851 3443 4890 una
3474 4839 3680 4895 solum

2013 4990 2018 4994 _
2070 4926 2244 4980 audita
2276 4941 2402 4980 voce
2431 4926 2798 4998 resipuerunt,
2843 4937 2896 4982 et
2924 4944 2952 4980 a
2980 4930 3208 4999 peccatis
3254 4930 3460 4984 liberati
3504 4943 3676 4989 sunt.

2075 5015 2187 5069 Hoc
2212 5015 2370 5070 etiam
2398 5016 2576 5071 videre
2620 5025 2696 5071 est
2741 5034 2844 5072 non
2885 5019 2936 5073 in
2967 5019 3232 5074 nobilibus
3259 5029 3463 5074 tantum
3493 5023 3672 5091 viris,

2071 5105 2165 5160 sed
2205 5107 2364 5160 etiam
2412 5105 2464 5163 in
2513 5107 2738 5163 obscuro
2777 5109 2894 5163 loco
2945 5110 3101 5164 natis.
3148 5110 3354 5180 Quanta
3403 5110 3674 5172 doctrina

2072 5209 2178 5249 non
2209 5195 2436 5252 imbutus
2459 5204 2541 5250 est
2563 5195 2769 5251 Judas?
2795 5206 2848 5252 et
2879 5208 3051 5254 tamen
3082 5200 3319 5269 proditor
3349 5200 3530 5261 factus
3553 5215 3672 5260 est.

2069 5289 2235 5354 Quam
2276 5289 2688 5345 admonitionem
2720 5291 2901 5348 habuit
2940 5291 3116 5354 latro?
3152 5303 3382 5351 attamen
3413 5297 3466 5350 in
3493 5312 3676 5354 cruce

2069 5377 2334 5432 Christum
2361 5382 2632 5436 confessus
2655 5392 2736 5437 est
2757 5425 2770 5448 ,
2816 5391 2871 5438 et
2909 5400 3130 5455 regnum
3169 5385 3285 5455 ejus
3316 5386 3669 5456 praedicavit.

2069 5468 2146 5524 Ne
2173 5469 2330 5540 igitur
2357 5488 2386 5524 a
2411 5482 2778 5542 corruptorum
2812 5473 3082 5530 hominum
3123 5485 3301 5532 mente
3341 5491 3526 5531 rerum
3575 5481 3676 5549 ju-

2069 5558 2266 5614 dicium
2307 5562 2464 5615 facias
2489 5577 2504 5627 ;
2547 5563 2640 5618 sed
2671 5564 2737 5618 ab
2764 5565 2874 5632 ipsa
2903 5581 3078 5620 rerum
3106 5567 3325 5622 veritate
3347 5581 3678 5638 congruen-

2073 5663 2179 5708 tem
2222 5653 2480 5709 calculum
2530 5670 2692 5724 ponas
2719 5656 2782 5711 de
2827 5657 2888 5711 iis
2913 5698 2926 5723 ,
2975 5659 3062 5728 qui
3093 5668 3234 5718 recta
3262 5657 3477 5714 consilia
3526 5668 3679 5720 sunt
