  <div class='ocr_page' id='page_1' title='image "/cluster/home/n/w/nwhite01/storage/ocr_20150623/48/hvd.32044073501892/306.png"; bbox 0 0 3990 6198; ppageno 0'>
   <div class='ocr_carea' id='block_1_1' title="bbox 310 186 416 247">
    <p class='ocr_par' dir='ltr' id='par_1_1' title="bbox 310 186 416 247">
     <span class='ocr_line' id='line_1_1' title="bbox 310 186 416 247; baseline -0.028 0"><span class='ocrx_word' id='word_1_1' title='bbox 310 186 416 247; x_wconf 74' lang='lat'><strong>827</strong></span> 
     </span>
    </p>
   </div>
   <div class='ocr_carea' id='block_1_2' title="bbox 312 296 1900 374">
    <p class='ocr_par' dir='ltr' id='par_1_2' title="bbox 312 296 1900 374">
     <span class='ocr_line' id='line_1_2' title="bbox 312 296 1900 374; baseline -0.001 -16"><span class='ocrx_word' id='word_1_2' title='bbox 312 304 629 374; x_wconf 37' lang='grc' dir='ltr'><strong>τιμωρίας-ς</strong></span> <span class='ocrx_word' id='word_1_3' title='bbox 678 296 820 353; x_wconf 78' lang='grc' dir='ltr'><strong>Ἀλλ’</strong></span> <span class='ocrx_word' id='word_1_4' title='bbox 852 300 883 353; x_wconf 99' lang='lat'><strong>6</strong></span> <span class='ocrx_word' id='word_1_5' title='bbox 919 299 1095 355; x_wconf 89' lang='grc' dir='ltr'><strong>πάντα</strong></span> <span class='ocrx_word' id='word_1_6' title='bbox 1140 300 1310 359; x_wconf 87' lang='grc' dir='ltr'><strong>ποιῶν</strong></span> <span class='ocrx_word' id='word_1_7' title='bbox 1348 300 1440 355; x_wconf 85' lang='grc' dir='ltr'><strong>καὶ</strong></span> <span class='ocrx_word' id='word_1_8' title='bbox 1475 298 1900 372; x_wconf 83' lang='grc' dir='ltr'><strong>μετασκευάζων</strong></span> 
     </span>
    </p>
   </div>
   <div class='ocr_carea' id='block_1_3' title="bbox 308 370 1899 456">
    <p class='ocr_par' dir='ltr' id='par_1_3' title="bbox 308 370 1899 456">
     <span class='ocr_line' id='line_1_3' title="bbox 308 370 1899 456; baseline -0.003 -14"><span class='ocrx_word' id='word_1_9' title='bbox 308 370 472 451; x_wconf 63' lang='grc' dir='ltr'><strong>αὐτὰ,</strong></span> <span class='ocrx_word' id='word_1_10' title='bbox 492 386 523 438; x_wconf 83' lang='lat'><strong>6</strong></span> <span class='ocrx_word' id='word_1_11' title='bbox 545 370 642 454; x_wconf 72' lang='grc' dir='ltr'><strong>τῆν</strong></span> <span class='ocrx_word' id='word_1_12' title='bbox 668 382 994 454; x_wconf 78' lang='grc' dir='ltr'><strong>οἰκουμένην</strong></span> <span class='ocrx_word' id='word_1_13' title='bbox 1012 384 1078 437; x_wconf 84' lang='grc' dir='ltr'><strong>ἐκ</strong></span> <span class='ocrx_word' id='word_1_14' title='bbox 1096 383 1368 455; x_wconf 80' lang='grc' dir='ltr'><strong>τοσαύτης</strong></span> <span class='ocrx_word' id='word_1_15' title='bbox 1394 370 1595 448; x_wconf 75' lang='grc' dir='ltr'><strong>κακίας</strong></span> <span class='ocrx_word' id='word_1_16' title='bbox 1620 384 1899 456; x_wconf 74' lang='grc' dir='ltr'><strong>μεταθεὶς.</strong></span> 
     </span>
    </p>
   </div>
   <div class='ocr_carea' id='block_1_4' title="bbox 308 463 1903 541">
    <p class='ocr_par' dir='ltr' id='par_1_4' title="bbox 308 463 1903 541">
     <span class='ocr_line' id='line_1_4' title="bbox 308 463 1903 541; baseline -0.002 -17"><span class='ocrx_word' id='word_1_17' title='bbox 308 472 405 524; x_wconf 78' lang='grc' dir='ltr'><strong>καὶ</strong></span> <span class='ocrx_word' id='word_1_18' title='bbox 430 469 534 541; x_wconf 74' lang='grc' dir='ltr'><strong>τήν</strong></span> <span class='ocrx_word' id='word_1_19' title='bbox 561 467 668 537; x_wconf 90' lang='grc' dir='ltr'><strong>γῆν</strong></span> <span class='ocrx_word' id='word_1_20' title='bbox 700 466 929 538; x_wconf 82' lang='grc' dir='ltr'><strong>οὐρανὸν</strong></span> <span class='ocrx_word' id='word_1_21' title='bbox 952 468 1347 538; x_wconf 84' lang='grc' dir='ltr'><strong>ἐργασάμενος,</strong></span> <span class='ocrx_word' id='word_1_22' title='bbox 1366 463 1519 531; x_wconf 76' lang='grc' dir='ltr'><strong>οὗτος</strong></span> <span class='ocrx_word' id='word_1_23' title='bbox 1549 469 1642 522; x_wconf 75' lang='grc' dir='ltr'><strong>καὶ</strong></span> <span class='ocrx_word' id='word_1_24' title='bbox 1665 466 1728 521; x_wconf 80' lang='grc' dir='ltr'><strong>τὸ</strong></span> <span class='ocrx_word' id='word_1_25' title='bbox 1761 468 1903 538; x_wconf 77' lang='grc' dir='ltr'><strong>πρᾶ-</strong></span> 
     </span>
    </p>
   </div>
   <div class='ocr_carea' id='block_1_5' title="bbox 309 548 1898 624">
    <p class='ocr_par' dir='ltr' id='par_1_5' title="bbox 309 548 1898 624">
     <span class='ocr_line' id='line_1_5' title="bbox 309 548 1898 624; baseline -0.002 -19"><span class='ocrx_word' id='word_1_26' title='bbox 309 571 427 624; x_wconf 83' lang='grc' dir='ltr'><strong>γμα</strong></span> <span class='ocrx_word' id='word_1_27' title='bbox 458 550 623 605; x_wconf 88' lang='grc' dir='ltr'><strong>τοῦτο</strong></span> <span class='ocrx_word' id='word_1_28' title='bbox 652 548 1018 603; x_wconf 79' lang='grc' dir='ltr'><strong>ἐπονείδιστον</strong></span> <span class='ocrx_word' id='word_1_29' title='bbox 1046 549 1105 603; x_wconf 81' lang='grc' dir='ltr'><strong>ὃν</strong></span> <span class='ocrx_word' id='word_1_30' title='bbox 1145 550 1241 605; x_wconf 75' lang='grc' dir='ltr'><strong>καὶ</strong></span> <span class='ocrx_word' id='word_1_31' title='bbox 1279 552 1497 606; x_wconf 88' lang='grc' dir='ltr'><strong>πάντων</strong></span> <span class='ocrx_word' id='word_1_32' title='bbox 1537 550 1782 605; x_wconf 80' lang='grc' dir='ltr'><strong>θανάτων</strong></span> <span class='ocrx_word' id='word_1_33' title='bbox 1813 549 1898 603; x_wconf 71' lang='grc' dir='ltr'><strong>αίο</strong></span> 
     </span>
    </p>
   </div>
   <div class='ocr_carea' id='block_1_6' title="bbox 312 629 1903 706">
    <p class='ocr_par' dir='ltr' id='par_1_6' title="bbox 312 629 1903 706">
     <span class='ocr_line' id='line_1_6' title="bbox 312 629 1903 706; baseline -0.001 -18"><span class='ocrx_word' id='word_1_34' title='bbox 312 652 535 706; x_wconf 78' lang='grc' dir='ltr'><strong>σχιστον</strong></span> <span class='ocrx_word' id='word_1_35' title='bbox 552 635 692 705; x_wconf 79' lang='grc' dir='ltr'><strong>ὑπὲρ</strong></span> <span class='ocrx_word' id='word_1_36' title='bbox 714 632 824 686; x_wconf 86' lang='grc' dir='ltr'><strong>τῶν</strong></span> <span class='ocrx_word' id='word_1_37' title='bbox 847 633 1094 702; x_wconf 81' lang='grc' dir='ltr'><strong>οὐρανῶν</strong></span> <span class='ocrx_word' id='word_1_38' title='bbox 1119 634 1388 705; x_wconf 84' lang='grc' dir='ltr'><strong>ἀνήγαγε.</strong></span> <span class='ocrx_word' id='word_1_39' title='bbox 1404 632 1568 687; x_wconf 85' lang='grc' dir='ltr'><strong>Ταῦτ’</strong></span> <span class='ocrx_word' id='word_1_40' title='bbox 1580 629 1674 687; x_wconf 87' lang='grc' dir='ltr'><strong>οὖν</strong></span> <span class='ocrx_word' id='word_1_41' title='bbox 1687 632 1903 687; x_wconf 74' lang='grc' dir='ltr'><strong>ἅπαντα</strong></span> 
     </span>
    </p>
   </div>
   <div class='ocr_carea' id='block_1_7' title="bbox 313 716 1904 791">
    <p class='ocr_par' dir='ltr' id='par_1_7' title="bbox 313 716 1904 791">
     <span class='ocr_line' id='line_1_7' title="bbox 313 716 1904 791; baseline -0.002 -17"><span class='ocrx_word' id='word_1_42' title='bbox 313 718 567 791; x_wconf 77' lang='grc' dir='ltr'><strong>προορῶν</strong></span> <span class='ocrx_word' id='word_1_43' title='bbox 592 718 622 771; x_wconf 89' lang='lat'><strong>6</strong></span> <span class='ocrx_word' id='word_1_44' title='bbox 662 717 951 789; x_wconf 77' lang='grc' dir='ltr'><strong>προφήτης</strong></span> <span class='ocrx_word' id='word_1_45' title='bbox 990 716 1143 785; x_wconf 78' lang='grc' dir='ltr'><strong>ἔλεγε</strong></span> <span class='ocrx_word' id='word_1_46' title='bbox 1168 734 1181 749; x_wconf 87' lang='grc'><strong>·</strong></span> <span class='ocrx_word' id='word_1_47' title='bbox 1208 717 1319 772; x_wconf 84' lang='lat' dir='ltr'><strong><em>Kal</em></strong></span> <span class='ocrx_word' id='word_1_48' title='bbox 1347 716 1521 772; x_wconf 77' lang='grc' dir='ltr'><strong>ἔσται</strong></span> <span class='ocrx_word' id='word_1_49' title='bbox 1548 718 1588 785; x_wconf 80' lang='grc' dir='ltr'><strong><em>ἠ</em></strong></span> <span class='ocrx_word' id='word_1_50' title='bbox 1631 716 1904 771; x_wconf 77' lang='grc' dir='ltr'><strong>ἀνάπαυ-</strong></span> 
     </span>
    </p>
   </div>
   <div class='ocr_carea' id='block_1_8' title="bbox 311 798 1902 872">
    <p class='ocr_par' dir='ltr' id='par_1_8' title="bbox 311 798 1902 872">
     <span class='ocr_line' id='line_1_8' title="bbox 311 798 1902 872; baseline -0.002 -15"><span class='ocrx_word' id='word_1_51' title='bbox 311 820 411 869; x_wconf 82' lang='grc' dir='ltr'><strong>σις</strong></span> <span class='ocrx_word' id='word_1_52' title='bbox 449 801 643 856; x_wconf 84' lang='grc' dir='ltr'><strong>αὐτοῦ</strong></span> <span class='ocrx_word' id='word_1_53' title='bbox 672 798 829 870; x_wconf 80' lang='grc' dir='ltr'><strong>τιμή.</strong></span> <span class='ocrx_word' id='word_1_54' title='bbox 871 798 1042 853; x_wconf 87' lang='grc' dir='ltr'><strong>Τοῦτο</strong></span> <span class='ocrx_word' id='word_1_55' title='bbox 1070 800 1181 872; x_wconf 88' lang='grc' dir='ltr'><strong>γάρ</strong></span> <span class='ocrx_word' id='word_1_56' title='bbox 1214 800 1276 853; x_wconf 79' lang='grc' dir='ltr'><strong>τὸ</strong></span> <span class='ocrx_word' id='word_1_57' title='bbox 1310 798 1406 854; x_wconf 84' lang='grc' dir='ltr'><strong>τοῦ</strong></span> <span class='ocrx_word' id='word_1_58' title='bbox 1433 798 1666 853; x_wconf 86' lang='grc' dir='ltr'><strong>θανάτου</strong></span> <span class='ocrx_word' id='word_1_59' title='bbox 1694 798 1902 871; x_wconf 81' lang='grc' dir='ltr'><strong>σύμϐο-</strong></span> 
     </span>
    </p>
   </div>
   <div class='ocr_carea' id='block_1_9' title="bbox 313 882 1906 956">
    <p class='ocr_par' dir='ltr' id='par_1_9' title="bbox 313 882 1906 956">
     <span class='ocr_line' id='line_1_9' title="bbox 313 882 1906 956; baseline -0.001 -17"><span class='ocrx_word' id='word_1_60' title='bbox 313 886 402 940; x_wconf 89' lang='grc' dir='ltr'><strong>λον</strong></span> <span class='ocrx_word' id='word_1_61' title='bbox 424 885 510 953; x_wconf 90' lang='grc' dir='ltr'><strong>(οὐ</strong></span> <span class='ocrx_word' id='word_1_62' title='bbox 538 884 651 956; x_wconf 77' lang='grc' dir='ltr'><strong>γὰρ</strong></span> <span class='ocrx_word' id='word_1_63' title='bbox 678 883 960 955; x_wconf 88' lang='grc' dir='ltr'><strong>παύσομαι</strong></span> <span class='ocrx_word' id='word_1_64' title='bbox 994 883 1235 954; x_wconf 88' lang='grc' dir='ltr'><strong>συνεχῶς</strong></span> <span class='ocrx_word' id='word_1_65' title='bbox 1274 882 1434 937; x_wconf 87' lang='grc' dir='ltr'><strong>τοῦτο</strong></span> <span class='ocrx_word' id='word_1_66' title='bbox 1457 882 1654 953; x_wconf 88' lang='grc' dir='ltr'><strong>λέγων)</strong></span> <span class='ocrx_word' id='word_1_67' title='bbox 1687 884 1906 954; x_wconf 81' lang='grc' dir='ltr'><strong>ἐγένετο</strong></span> 
     </span>
    </p>
   </div>
   <div class='ocr_carea' id='block_1_10' title="bbox 315 966 1904 1039">
    <p class='ocr_par' dir='ltr' id='par_1_10' title="bbox 315 966 1904 1039">
     <span class='ocr_line' id='line_1_10' title="bbox 315 966 1904 1039; baseline -0.001 -16"><span class='ocrx_word' id='word_1_68' title='bbox 315 968 571 1038; x_wconf 73' lang='grc' dir='ltr'><strong>εὐλογίας</strong></span> <span class='ocrx_word' id='word_1_69' title='bbox 596 966 852 1031; x_wconf 82' lang='grc' dir='ltr'><strong>ὑπόθεσις</strong></span> <span class='ocrx_word' id='word_1_70' title='bbox 871 966 1096 1036; x_wconf 82' lang='grc' dir='ltr'><strong>πολλῆς,</strong></span> <span class='ocrx_word' id='word_1_71' title='bbox 1113 968 1208 1022; x_wconf 76' lang='grc' dir='ltr'><strong>καὶ</strong></span> <span class='ocrx_word' id='word_1_72' title='bbox 1234 966 1582 1039; x_wconf 77' lang='grc' dir='ltr'><strong>παντοδαπῆς</strong></span> <span class='ocrx_word' id='word_1_73' title='bbox 1602 967 1904 1037; x_wconf 83' lang='grc' dir='ltr'><strong>ἀσφαλείας</strong></span> 
     </span>
    </p>
   </div>
   <div class='ocr_carea' id='block_1_11' title="bbox 315 1048 1907 1123">
    <p class='ocr_par' dir='ltr' id='par_1_11' title="bbox 315 1048 1907 1123">
     <span class='ocr_line' id='line_1_11' title="bbox 315 1048 1907 1123; baseline -0.002 -16"><span class='ocrx_word' id='word_1_74' title='bbox 315 1055 518 1123; x_wconf 78' lang='grc' dir='ltr'><strong>τεῖχος,</strong></span> <span class='ocrx_word' id='word_1_75' title='bbox 536 1051 786 1107; x_wconf 90' lang='grc' dir='ltr'><strong>διαϐόλου</strong></span> <span class='ocrx_word' id='word_1_76' title='bbox 818 1050 1011 1122; x_wconf 91' lang='grc' dir='ltr'><strong>καιρία</strong></span> <span class='ocrx_word' id='word_1_77' title='bbox 1038 1048 1245 1122; x_wconf 82' lang='grc' dir='ltr'><strong>πληγὴ,</strong></span> <span class='ocrx_word' id='word_1_78' title='bbox 1262 1049 1536 1121; x_wconf 82' lang='grc' dir='ltr'><strong>δαιμόνων</strong></span> <span class='ocrx_word' id='word_1_79' title='bbox 1560 1049 1797 1121; x_wconf 83' lang='grc' dir='ltr'><strong>χαλινὸς.</strong></span> <span class='ocrx_word' id='word_1_80' title='bbox 1814 1068 1907 1121; x_wconf 90' lang='grc' dir='ltr'><strong>κη-</strong></span> 
     </span>
    </p>
   </div>
   <div class='ocr_carea' id='block_1_12' title="bbox 316 1132 1905 1208">
    <p class='ocr_par' dir='ltr' id='par_1_12' title="bbox 316 1132 1905 1208">
     <span class='ocr_line' id='line_1_12' title="bbox 316 1132 1905 1208; baseline -0.001 -19"><span class='ocrx_word' id='word_1_81' title='bbox 316 1136 417 1208; x_wconf 78' lang='grc' dir='ltr'><strong>μὸς</strong></span> <span class='ocrx_word' id='word_1_82' title='bbox 446 1136 552 1208; x_wconf 86' lang='grc' dir='ltr'><strong>τῆς</strong></span> <span class='ocrx_word' id='word_1_83' title='bbox 587 1133 700 1188; x_wconf 90' lang='grc' dir='ltr'><strong>τῶν</strong></span> <span class='ocrx_word' id='word_1_84' title='bbox 719 1133 1113 1205; x_wconf 80' lang='grc' dir='ltr'><strong>ἀντικειμένων</strong></span> <span class='ocrx_word' id='word_1_85' title='bbox 1141 1132 1427 1203; x_wconf 88' lang='grc' dir='ltr'><strong>δυνάμεως</strong></span> <span class='ocrx_word' id='word_1_86' title='bbox 1444 1149 1459 1163; x_wconf 75' lang='grc' dir='ltr'><strong>ο</strong></span> <span class='ocrx_word' id='word_1_87' title='bbox 1488 1132 1648 1187; x_wconf 88' lang='grc' dir='ltr'><strong>τοῦτο</strong></span> <span class='ocrx_word' id='word_1_88' title='bbox 1677 1133 1905 1188; x_wconf 85' lang='grc' dir='ltr'><strong>θάνατον</strong></span> 
     </span>
    </p>
   </div>
   <div class='ocr_carea' id='block_1_13' title="bbox 312 1215 1901 1289">
    <p class='ocr_par' dir='ltr' id='par_1_13' title="bbox 312 1215 1901 1289">
     <span class='ocr_line' id='line_1_13' title="bbox 312 1215 1901 1289; baseline -0.002 -15"><span class='ocrx_word' id='word_1_89' title='bbox 312 1218 517 1286; x_wconf 73' lang='grc' dir='ltr'><strong>ἀνεῖλε,</strong></span> <span class='ocrx_word' id='word_1_90' title='bbox 550 1217 713 1272; x_wconf 86' lang='grc' dir='ltr'><strong>τοῦτο</strong></span> <span class='ocrx_word' id='word_1_91' title='bbox 736 1217 832 1271; x_wconf 90' lang='grc' dir='ltr'><strong>τοῦ</strong></span> <span class='ocrx_word' id='word_1_92' title='bbox 866 1216 995 1289; x_wconf 72' lang='grc' dir='ltr'><strong>ᾅδου</strong></span> <span class='ocrx_word' id='word_1_93' title='bbox 1018 1217 1119 1280; x_wconf 82' lang='grc' dir='ltr'><strong>τὰς</strong></span> <span class='ocrx_word' id='word_1_94' title='bbox 1145 1215 1353 1287; x_wconf 83' lang='grc' dir='ltr'><strong>χαλκᾶς</strong></span> <span class='ocrx_word' id='word_1_95' title='bbox 1385 1215 1562 1280; x_wconf 83' lang='grc' dir='ltr'><strong>πύλας</strong></span> <span class='ocrx_word' id='word_1_96' title='bbox 1585 1216 1901 1285; x_wconf 76' lang='grc' dir='ltr'><strong>συνέκλασε,</strong></span> 
     </span>
    </p>
   </div>
   <div class='ocr_carea' id='block_1_14' title="bbox 311 1299 1905 1374">
    <p class='ocr_par' dir='ltr' id='par_1_14' title="bbox 311 1299 1905 1374">
     <span class='ocr_line' id='line_1_14' title="bbox 311 1299 1905 1374; baseline -0.001 -17"><span class='ocrx_word' id='word_1_97' title='bbox 311 1305 438 1367; x_wconf 75' lang='grc' dir='ltr'><strong>τοὺς</strong></span> <span class='ocrx_word' id='word_1_98' title='bbox 481 1301 737 1374; x_wconf 78' lang='grc' dir='ltr'><strong>σιδηροῦς</strong></span> <span class='ocrx_word' id='word_1_99' title='bbox 781 1301 1012 1371; x_wconf 79' lang='grc' dir='ltr'><strong>μοχλοὺς</strong></span> <span class='ocrx_word' id='word_1_100' title='bbox 1043 1299 1367 1363; x_wconf 88' lang='grc' dir='ltr'><strong>συνέθλασε,</strong></span> <span class='ocrx_word' id='word_1_101' title='bbox 1390 1299 1485 1354; x_wconf 91' lang='grc' dir='ltr'><strong>τοῦ</strong></span> <span class='ocrx_word' id='word_1_102' title='bbox 1525 1300 1773 1354; x_wconf 88' lang='grc' dir='ltr'><strong>διαϐόλου</strong></span> <span class='ocrx_word' id='word_1_103' title='bbox 1806 1301 1905 1372; x_wconf 83' lang='grc' dir='ltr'><strong>τήν</strong></span> 
     </span>
    </p>
   </div>
   <div class='ocr_carea' id='block_1_15' title="bbox 312 1383 1906 1460">
    <p class='ocr_par' dir='ltr' id='par_1_15' title="bbox 312 1383 1906 1460">
     <span class='ocr_line' id='line_1_15' title="bbox 312 1383 1906 1460; baseline -0.002 -19"><span class='ocrx_word' id='word_1_104' title='bbox 312 1385 614 1460; x_wconf 85' lang='grc' dir='ltr'><strong>ἀκρόπολιν</strong></span> <span class='ocrx_word' id='word_1_105' title='bbox 643 1384 930 1443; x_wconf 85' lang='grc' dir='ltr'><strong>κατέλυσε.</strong></span> <span class='ocrx_word' id='word_1_106' title='bbox 962 1384 1061 1455; x_wconf 88' lang='grc' dir='ltr'><strong>τῆς</strong></span> <span class='ocrx_word' id='word_1_107' title='bbox 1093 1383 1371 1455; x_wconf 80' lang='grc' dir='ltr'><strong>ἁμαρτίας</strong></span> <span class='ocrx_word' id='word_1_108' title='bbox 1407 1383 1478 1437; x_wconf 85' lang='grc' dir='ltr'><strong>τὰ</strong></span> <span class='ocrx_word' id='word_1_109' title='bbox 1510 1383 1680 1455; x_wconf 82' lang='grc' dir='ltr'><strong>νεῦρα</strong></span> <span class='ocrx_word' id='word_1_110' title='bbox 1724 1384 1906 1451; x_wconf 74' lang='grc' dir='ltr'><strong>ἐξέκοο</strong></span> 
     </span>
    </p>
   </div>
   <div class='ocr_carea' id='block_1_16' title="bbox 314 1466 1906 1541">
    <p class='ocr_par' dir='ltr' id='par_1_16' title="bbox 314 1466 1906 1541">
     <span class='ocr_line' id='line_1_16' title="bbox 314 1466 1906 1541; baseline -0.003 -16"><span class='ocrx_word' id='word_1_111' title='bbox 314 1471 444 1541; x_wconf 81' lang='grc' dir='ltr'><strong>ψεν,</strong></span> <span class='ocrx_word' id='word_1_112' title='bbox 469 1470 574 1524; x_wconf 79' lang='grc' dir='ltr'><strong>ὐπδ</strong></span> <span class='ocrx_word' id='word_1_113' title='bbox 591 1468 894 1539; x_wconf 76' lang='grc' dir='ltr'><strong>καταδίκην</strong></span> <span class='ocrx_word' id='word_1_114' title='bbox 924 1467 1184 1539; x_wconf 79' lang='grc' dir='ltr'><strong>κειμένην</strong></span> <span class='ocrx_word' id='word_1_115' title='bbox 1210 1467 1309 1539; x_wconf 81' lang='grc' dir='ltr'><strong>τήν</strong></span> <span class='ocrx_word' id='word_1_116' title='bbox 1325 1467 1653 1539; x_wconf 73' lang='grc' dir='ltr'><strong>οἰκουμένην</strong></span> <span class='ocrx_word' id='word_1_117' title='bbox 1688 1466 1906 1522; x_wconf 77' lang='grc' dir='ltr'><strong>ἃπασαν</strong></span> 
     </span>
    </p>
   </div>
   <div class='ocr_carea' id='block_1_17' title="bbox 317 1548 1906 1626">
    <p class='ocr_par' dir='ltr' id='par_1_17' title="bbox 317 1548 1906 1626">
     <span class='ocr_line' id='line_1_17' title="bbox 317 1548 1906 1626; baseline -0.004 -17"><span class='ocrx_word' id='word_1_118' title='bbox 317 1555 623 1626; x_wconf 79' lang='grc' dir='ltr'><strong>ἐξήρπασε,</strong></span> <span class='ocrx_word' id='word_1_119' title='bbox 649 1552 911 1623; x_wconf 80' lang='grc' dir='ltr'><strong>θεήλατον</strong></span> <span class='ocrx_word' id='word_1_120' title='bbox 930 1550 1238 1623; x_wconf 82' lang='grc' dir='ltr'><strong>φερομένην</strong></span> <span class='ocrx_word' id='word_1_121' title='bbox 1261 1549 1405 1604; x_wconf 83' lang='grc' dir='ltr'><strong>κατὰ</strong></span> <span class='ocrx_word' id='word_1_122' title='bbox 1434 1548 1537 1621; x_wconf 86' lang='grc' dir='ltr'><strong>τῆς</strong></span> <span class='ocrx_word' id='word_1_123' title='bbox 1575 1549 1789 1619; x_wconf 88' lang='grc' dir='ltr'><strong>φύσεως</strong></span> <span class='ocrx_word' id='word_1_124' title='bbox 1807 1550 1906 1622; x_wconf 84' lang='grc' dir='ltr'><strong>τῆς</strong></span> 
     </span>
    </p>
   </div>
   <div class='ocr_carea' id='block_1_18' title="bbox 314 1633 1905 1711">
    <p class='ocr_par' dir='ltr' id='par_1_18' title="bbox 314 1633 1905 1711">
     <span class='ocr_line' id='line_1_18' title="bbox 314 1633 1905 1711; baseline -0.005 -17"><span class='ocrx_word' id='word_1_125' title='bbox 314 1638 593 1711; x_wconf 58' lang='grc' dir='ltr'><strong>⁴ἡμετέρας</strong></span> <span class='ocrx_word' id='word_1_126' title='bbox 610 1636 826 1709; x_wconf 82' lang='grc' dir='ltr'><strong>πληγήν</strong></span> <span class='ocrx_word' id='word_1_127' title='bbox 847 1634 1143 1690; x_wconf 87' lang='grc' dir='ltr'><strong>ἀνέστειλε.</strong></span> <span class='ocrx_word' id='word_1_128' title='bbox 1159 1635 1224 1688; x_wconf 86' lang='grc' dir='ltr'><strong>Τί</strong></span> <span class='ocrx_word' id='word_1_129' title='bbox 1240 1634 1383 1704; x_wconf 85' lang='grc' dir='ltr'><strong>λέγω</strong></span> <span class='ocrx_word' id='word_1_130' title='bbox 1401 1650 1416 1701; x_wconf 91' lang='grc'>;</span> <span class='ocrx_word' id='word_1_131' title='bbox 1435 1633 1577 1706; x_wconf 81' lang='grc' dir='ltr'><strong>ἆπερ</strong></span> <span class='ocrx_word' id='word_1_132' title='bbox 1597 1635 1697 1688; x_wconf 92' lang='grc' dir='ltr'><strong>οὐκ</strong></span> <span class='ocrx_word' id='word_1_133' title='bbox 1720 1633 1905 1704; x_wconf 70' lang='grc' dir='ltr'><strong>ἴσχυσε</strong></span> 
     </span>
    </p>
   </div>
   <div class='ocr_carea' id='block_1_19' title="bbox 314 1717 1907 1792">
    <p class='ocr_par' dir='ltr' id='par_1_19' title="bbox 314 1717 1907 1792">
     <span class='ocr_line' id='line_1_19' title="bbox 314 1717 1907 1792; baseline -0.004 -15"><span class='ocrx_word' id='word_1_134' title='bbox 314 1724 565 1779; x_wconf 77' lang='grc' dir='ltr'><strong>θάλασσα</strong></span> <span class='ocrx_word' id='word_1_135' title='bbox 591 1720 913 1792; x_wconf 80' lang='grc' dir='ltr'><strong>σχιζομένη,</strong></span> <span class='ocrx_word' id='word_1_136' title='bbox 944 1719 1146 1791; x_wconf 80' lang='grc' dir='ltr'><strong>πέτραι</strong></span> <span class='ocrx_word' id='word_1_137' title='bbox 1187 1717 1547 1790; x_wconf 82' lang='grc' dir='ltr'><strong>ῥηγνύμεναι,</strong></span> <span class='ocrx_word' id='word_1_138' title='bbox 1578 1717 1689 1788; x_wconf 82' lang='grc' dir='ltr'><strong>ἀὴρ</strong></span> <span class='ocrx_word' id='word_1_139' title='bbox 1738 1734 1907 1789; x_wconf 85' lang='grc' dir='ltr'><strong>μετα-</strong></span> 
     </span>
    </p>
   </div>
   <div class='ocr_carea' id='block_1_20' title="bbox 315 1800 1908 1879">
    <p class='ocr_par' dir='ltr' id='par_1_20' title="bbox 315 1800 1908 1879">
     <span class='ocr_line' id='line_1_20' title="bbox 315 1800 1908 1879; baseline -0.005 -17"><span class='ocrx_word' id='word_1_140' title='bbox 315 1806 668 1879; x_wconf 85' lang='grc' dir='ltr'><strong>ϐαλλόμενος,</strong></span> <span class='ocrx_word' id='word_1_141' title='bbox 698 1804 794 1858; x_wconf 77' lang='grc' dir='ltr'><strong>καὶ</strong></span> <span class='ocrx_word' id='word_1_142' title='bbox 831 1804 1005 1874; x_wconf 84' lang='grc' dir='ltr'><strong>μάννα</strong></span> <span class='ocrx_word' id='word_1_143' title='bbox 1047 1802 1141 1856; x_wconf 73' lang='grc' dir='ltr'><strong>ἐπὶ</strong></span> <span class='ocrx_word' id='word_1_144' title='bbox 1182 1801 1594 1873; x_wconf 88' lang='grc' dir='ltr'><strong>τεσσαράκοντα</strong></span> <span class='ocrx_word' id='word_1_145' title='bbox 1624 1800 1772 1855; x_wconf 80' lang='grc' dir='ltr'><strong>ἔτεσι</strong></span> <span class='ocrx_word' id='word_1_146' title='bbox 1803 1817 1908 1854; x_wconf 84' lang='grc' dir='ltr'><strong>το-</strong></span> 
     </span>
    </p>
   </div>
   <div class='ocr_carea' id='block_1_21' title="bbox 317 1884 1907 1963">
    <p class='ocr_par' dir='ltr' id='par_1_21' title="bbox 317 1884 1907 1963">
     <span class='ocr_line' id='line_1_21' title="bbox 317 1884 1907 1963; baseline -0.006 -16"><span class='ocrx_word' id='word_1_147' title='bbox 317 1891 549 1955; x_wconf 85' lang='grc' dir='ltr'><strong>σαύταις</strong></span> <span class='ocrx_word' id='word_1_148' title='bbox 586 1888 794 1963; x_wconf 77' lang='grc' dir='ltr'><strong>χιλιάσι</strong></span> <span class='ocrx_word' id='word_1_149' title='bbox 829 1886 1215 1959; x_wconf 85' lang='grc' dir='ltr'><strong>διαδιδόμενον,</strong></span> <span class='ocrx_word' id='word_1_150' title='bbox 1264 1887 1360 1940; x_wconf 72' lang='grc' dir='ltr'><strong>καὶ</strong></span> <span class='ocrx_word' id='word_1_151' title='bbox 1390 1886 1582 1957; x_wconf 90' lang='grc' dir='ltr'><strong>νόμος,</strong></span> <span class='ocrx_word' id='word_1_152' title='bbox 1616 1884 1710 1939; x_wconf 72' lang='grc' dir='ltr'><strong>καὶ</strong></span> <span class='ocrx_word' id='word_1_153' title='bbox 1742 1884 1907 1956; x_wconf 72' lang='grc' dir='ltr'><strong>ἕτερα</strong></span> 
     </span>
    </p>
   </div>
   <div class='ocr_carea' id='block_1_22' title="bbox 318 1966 1904 2047">
    <p class='ocr_par' dir='ltr' id='par_1_22' title="bbox 318 1966 1904 2047">
     <span class='ocr_line' id='line_1_22' title="bbox 318 1966 1904 2047; baseline -0.006 -18"><span class='ocrx_word' id='word_1_154' title='bbox 318 1977 523 2047; x_wconf 82' lang='grc' dir='ltr'><strong>σημεῖα</strong></span> <span class='ocrx_word' id='word_1_155' title='bbox 559 1974 648 2028; x_wconf 84' lang='grc' dir='ltr'><strong>καὶ</strong></span> <span class='ocrx_word' id='word_1_156' title='bbox 689 1974 748 2026; x_wconf 86' lang='grc' dir='ltr'><strong>ὲν</strong></span> <span class='ocrx_word' id='word_1_157' title='bbox 790 1971 984 2046; x_wconf 84' lang='grc' dir='ltr'><strong>ἐρήμῳ</strong></span> <span class='ocrx_word' id='word_1_158' title='bbox 1016 1970 1111 2026; x_wconf 78' lang='grc' dir='ltr'><strong>καὶ</strong></span> <span class='ocrx_word' id='word_1_159' title='bbox 1143 1971 1201 2025; x_wconf 88' lang='grc' dir='ltr'><strong>ἐν</strong></span> <span class='ocrx_word' id='word_1_160' title='bbox 1230 1966 1566 2042; x_wconf 82' lang='grc' dir='ltr'><strong>Παλαιστίνῃ</strong></span> <span class='ocrx_word' id='word_1_161' title='bbox 1594 1968 1864 2038; x_wconf 84' lang='grc' dir='ltr'><strong>γενόμενα</strong></span> <span class='ocrx_word' id='word_1_162' title='bbox 1888 2007 1904 2031; x_wconf 89' lang='grc'><strong>,</strong></span> 
     </span>
    </p>
   </div>
   <div class='ocr_carea' id='block_1_23' title="bbox 315 2049 1907 2128">
    <p class='ocr_par' dir='ltr' id='par_1_23' title="bbox 315 2049 1907 2128">
     <span class='ocr_line' id='line_1_23' title="bbox 315 2049 1907 2128; baseline -0.006 -14"><span class='ocrx_word' id='word_1_163' title='bbox 315 2059 491 2114; x_wconf 83' lang='grc' dir='ltr'><strong>ταῦτα</strong></span> <span class='ocrx_word' id='word_1_164' title='bbox 546 2058 770 2128; x_wconf 76' lang='grc' dir='ltr'><strong>ἴσχυσεν</strong></span> <span class='ocrx_word' id='word_1_165' title='bbox 813 2056 841 2108; x_wconf 87' lang='lat'><strong>6</strong></span> <span class='ocrx_word' id='word_1_166' title='bbox 882 2053 1134 2125; x_wconf 79' lang='grc' dir='ltr'><strong>σταυρὸς,</strong></span> <span class='ocrx_word' id='word_1_167' title='bbox 1174 2053 1362 2108; x_wconf 77' lang='grc' dir='ltr'><strong>οὐκέν</strong></span> <span class='ocrx_word' id='word_1_168' title='bbox 1390 2053 1471 2107; x_wconf 77' lang='grc' dir='ltr'><strong>ἐνὶ</strong></span> <span class='ocrx_word' id='word_1_169' title='bbox 1500 2050 1665 2116; x_wconf 71' lang='grc' dir='ltr'><strong>ἔθνει,</strong></span> <span class='ocrx_word' id='word_1_170' title='bbox 1700 2049 1816 2104; x_wconf 82' lang='grc' dir='ltr'><strong>ἀλλ’</strong></span> <span class='ocrx_word' id='word_1_171' title='bbox 1848 2050 1907 2104; x_wconf 86' lang='grc' dir='ltr'><strong>ἐν</strong></span> 
     </span>
    </p>
   </div>
   <div class='ocr_carea' id='block_1_24' title="bbox 316 2133 1905 2216">
    <p class='ocr_par' dir='ltr' id='par_1_24' title="bbox 316 2133 1905 2216">
     <span class='ocr_line' id='line_1_24' title="bbox 316 2133 1905 2216; baseline -0.007 -18"><span class='ocrx_word' id='word_1_172' title='bbox 316 2144 465 2216; x_wconf 82' lang='grc' dir='ltr'><strong>πάσῃ</strong></span> <span class='ocrx_word' id='word_1_173' title='bbox 489 2144 559 2214; x_wconf 80' lang='grc' dir='ltr'><strong>τῇ</strong></span> <span class='ocrx_word' id='word_1_174' title='bbox 597 2139 915 2211; x_wconf 80' lang='grc' dir='ltr'><strong>οἰκουμένῃ,</strong></span> <span class='ocrx_word' id='word_1_175' title='bbox 953 2135 1185 2209; x_wconf 77' lang='grc' dir='ltr'><strong>σταυρὸς</strong></span> <span class='ocrx_word' id='word_1_176' title='bbox 1221 2136 1283 2190; x_wconf 79' lang='grc' dir='ltr'><strong>τὸ</strong></span> <span class='ocrx_word' id='word_1_177' title='bbox 1307 2136 1583 2208; x_wconf 81' lang='grc' dir='ltr'><strong>ἐπάρατον</strong></span> <span class='ocrx_word' id='word_1_178' title='bbox 1614 2133 1905 2206; x_wconf 88' lang='grc' dir='ltr'><strong>σύμϐολον,</strong></span> 
     </span>
    </p>
   </div>
   <div class='ocr_carea' id='block_1_25' title="bbox 313 2217 1905 2295">
    <p class='ocr_par' dir='ltr' id='par_1_25' title="bbox 313 2217 1905 2295">
     <span class='ocr_line' id='line_1_25' title="bbox 313 2217 1905 2295; baseline -0.006 -13"><span class='ocrx_word' id='word_1_179' title='bbox 313 2228 374 2282; x_wconf 81' lang='grc' dir='ltr'><strong>τὺ</strong></span> <span class='ocrx_word' id='word_1_180' title='bbox 405 2227 546 2281; x_wconf 76' lang='grc' dir='ltr'><strong>πᾶσι</strong></span> <span class='ocrx_word' id='word_1_181' title='bbox 571 2222 825 2295; x_wconf 80' lang='grc' dir='ltr'><strong>φευκτὸν,</strong></span> <span class='ocrx_word' id='word_1_182' title='bbox 842 2221 904 2276; x_wconf 78' lang='grc' dir='ltr'><strong>τὸ</strong></span> <span class='ocrx_word' id='word_1_183' title='bbox 928 2222 1093 2275; x_wconf 81' lang='grc' dir='ltr'><strong>πᾶσιν</strong></span> <span class='ocrx_word' id='word_1_184' title='bbox 1120 2219 1412 2281; x_wconf 78' lang='grc' dir='ltr'><strong>ἀπευκτὸν.</strong></span> <span class='ocrx_word' id='word_1_185' title='bbox 1438 2217 1500 2273; x_wconf 81' lang='grc' dir='ltr'><strong>τὸ</strong></span> <span class='ocrx_word' id='word_1_186' title='bbox 1520 2217 1905 2284; x_wconf 89' lang='grc' dir='ltr'><strong>ἐπονείδιστον,</strong></span> 
     </span>
    </p>
   </div>
   <div class='ocr_carea' id='block_1_26' title="bbox 317 2301 1907 2383">
    <p class='ocr_par' dir='ltr' id='par_1_26' title="bbox 317 2301 1907 2383">
     <span class='ocr_line' id='line_1_26' title="bbox 317 2301 1907 2383; baseline -0.006 -18"><span class='ocrx_word' id='word_1_187' title='bbox 317 2312 530 2383; x_wconf 70' lang='grc' dir='ltr'><strong>ἴσχυσε,</strong></span> <span class='ocrx_word' id='word_1_188' title='bbox 549 2307 692 2382; x_wconf 82' lang='grc' dir='ltr'><strong>μετὰ</strong></span> <span class='ocrx_word' id='word_1_189' title='bbox 718 2307 781 2361; x_wconf 81' lang='grc' dir='ltr'><strong>τὸ</strong></span> <span class='ocrx_word' id='word_1_190' title='bbox 808 2304 1135 2376; x_wconf 88' lang='grc' dir='ltr'><strong>τελευτῆσαι</strong></span> <span class='ocrx_word' id='word_1_191' title='bbox 1163 2304 1255 2357; x_wconf 83' lang='grc' dir='ltr'><strong>τὸν</strong></span> <span class='ocrx_word' id='word_1_192' title='bbox 1296 2302 1698 2375; x_wconf 80' lang='grc' dir='ltr'><strong>σταυρωθέντα,</strong></span> <span class='ocrx_word' id='word_1_193' title='bbox 1728 2301 1907 2356; x_wconf 89' lang='grc' dir='ltr'><strong>πάντα</strong></span> 
     </span>
    </p>
   </div>
   <div class='ocr_carea' id='block_1_27' title="bbox 315 2383 1907 2464">
    <p class='ocr_par' dir='ltr' id='par_1_27' title="bbox 315 2383 1907 2464">
     <span class='ocr_line' id='line_1_27' title="bbox 315 2383 1907 2464; baseline -0.006 -15"><span class='ocrx_word' id='word_1_194' title='bbox 315 2393 556 2458; x_wconf 79' lang='grc' dir='ltr'><strong>εὐκόλως</strong></span> <span class='ocrx_word' id='word_1_195' title='bbox 575 2388 934 2464; x_wconf 84' lang='grc' dir='ltr'><strong>ἐργάσασθαι.</strong></span> <span class='ocrx_word' id='word_1_196' title='bbox 957 2389 1031 2442; x_wconf 91' lang='grc' dir='ltr'><strong>Οὐ</strong></span> <span class='ocrx_word' id='word_1_197' title='bbox 1050 2385 1225 2441; x_wconf 86' lang='grc' dir='ltr'><strong>ταῦτα</strong></span> <span class='ocrx_word' id='word_1_198' title='bbox 1246 2386 1305 2439; x_wconf 82' lang='grc' dir='ltr'><strong>δέ</strong></span> <span class='ocrx_word' id='word_1_199' title='bbox 1340 2385 1524 2457; x_wconf 91' lang='grc' dir='ltr'><strong>μόνον,</strong></span> <span class='ocrx_word' id='word_1_200' title='bbox 1554 2384 1690 2439; x_wconf 84' lang='grc' dir='ltr'><strong>ἀλλά</strong></span> <span class='ocrx_word' id='word_1_201' title='bbox 1712 2386 1806 2439; x_wconf 76' lang='grc' dir='ltr'><strong>καὶ</strong></span> <span class='ocrx_word' id='word_1_202' title='bbox 1836 2383 1907 2439; x_wconf 79' lang='grc' dir='ltr'><strong>τὰ</strong></span> 
     </span>
    </p>
   </div>
   <div class='ocr_carea' id='block_1_28' title="bbox 317 2466 1908 2549">
    <p class='ocr_par' dir='ltr' id='par_1_28' title="bbox 317 2466 1908 2549">
     <span class='ocr_line' id='line_1_28' title="bbox 317 2466 1908 2549; baseline -0.007 -18"><span class='ocrx_word' id='word_1_203' title='bbox 317 2478 458 2549; x_wconf 85' lang='grc' dir='ltr'><strong>μετά</strong></span> <span class='ocrx_word' id='word_1_204' title='bbox 489 2474 669 2530; x_wconf 90' lang='grc' dir='ltr'><strong>ταῦτα</strong></span> <span class='ocrx_word' id='word_1_205' title='bbox 687 2474 961 2527; x_wconf 88' lang='grc' dir='ltr'><strong>δείκνυσιν</strong></span> <span class='ocrx_word' id='word_1_206' title='bbox 992 2470 1157 2525; x_wconf 90' lang='grc' dir='ltr'><strong>αὐτοῦ</strong></span> <span class='ocrx_word' id='word_1_207' title='bbox 1191 2468 1291 2542; x_wconf 77' lang='grc' dir='ltr'><strong>τὴν</strong></span> <span class='ocrx_word' id='word_1_208' title='bbox 1324 2467 1498 2539; x_wconf 89' lang='grc' dir='ltr'><strong>ἰσχύν.</strong></span> <span class='ocrx_word' id='word_1_209' title='bbox 1529 2466 1641 2539; x_wconf 84' lang='grc' dir='ltr'><strong>Τήν</strong></span> <span class='ocrx_word' id='word_1_210' title='bbox 1680 2467 1789 2538; x_wconf 82' lang='grc' dir='ltr'><strong>γὰρ</strong></span> <span class='ocrx_word' id='word_1_211' title='bbox 1830 2468 1908 2522; x_wconf 85' lang='grc' dir='ltr'><strong>οἰ-</strong></span> 
     </span>
    </p>
   </div>
   <div class='ocr_carea' id='block_1_29' title="bbox 315 2549 1905 2630">
    <p class='ocr_par' dir='ltr' id='par_1_29' title="bbox 315 2549 1905 2630">
     <span class='ocr_line' id='line_1_29' title="bbox 315 2549 1905 2630; baseline -0.008 -15"><span class='ocrx_word' id='word_1_212' title='bbox 315 2558 593 2630; x_wconf 85' lang='grc' dir='ltr'><strong>κουμένην</strong></span> <span class='ocrx_word' id='word_1_213' title='bbox 635 2558 826 2627; x_wconf 77' lang='grc' dir='ltr'><strong>ἄγονον</strong></span> <span class='ocrx_word' id='word_1_214' title='bbox 854 2550 1018 2610; x_wconf 82' lang='grc' dir='ltr'><strong>οὖσαν</strong></span> <span class='ocrx_word' id='word_1_215' title='bbox 1051 2553 1195 2609; x_wconf 85' lang='grc' dir='ltr'><strong>κατά</strong></span> <span class='ocrx_word' id='word_1_216' title='bbox 1222 2553 1313 2605; x_wconf 85' lang='grc' dir='ltr'><strong>τὸν</strong></span> <span class='ocrx_word' id='word_1_217' title='bbox 1352 2551 1453 2622; x_wconf 84' lang='grc' dir='ltr'><strong>τῆς</strong></span> <span class='ocrx_word' id='word_1_218' title='bbox 1485 2551 1690 2623; x_wconf 87' lang='grc' dir='ltr'><strong>ἀρετῆς</strong></span> <span class='ocrx_word' id='word_1_219' title='bbox 1726 2549 1905 2618; x_wconf 84' lang='grc' dir='ltr'><strong>λόγον,</strong></span> 
     </span>
    </p>
   </div>
   <div class='ocr_carea' id='block_1_30' title="bbox 312 2632 1909 2716">
    <p class='ocr_par' dir='ltr' id='par_1_30' title="bbox 312 2632 1909 2716">
     <span class='ocr_line' id='line_1_30' title="bbox 312 2632 1909 2716; baseline -0.009 -17"><span class='ocrx_word' id='word_1_220' title='bbox 312 2646 409 2700; x_wconf 79' lang='grc' dir='ltr'><strong>καὶ</strong></span> <span class='ocrx_word' id='word_1_221' title='bbox 434 2643 650 2716; x_wconf 85' lang='grc' dir='ltr'><strong>ἐρήμου</strong></span> <span class='ocrx_word' id='word_1_222' title='bbox 681 2640 787 2712; x_wconf 83' lang='grc' dir='ltr'><strong>γῆς</strong></span> <span class='ocrx_word' id='word_1_223' title='bbox 814 2638 967 2693; x_wconf 71' lang='grc' dir='ltr'><strong>οὐδὲν</strong></span> <span class='ocrx_word' id='word_1_224' title='bbox 1003 2638 1227 2707; x_wconf 76' lang='grc' dir='ltr'><strong>ἄμεινον</strong></span> <span class='ocrx_word' id='word_1_225' title='bbox 1265 2634 1637 2705; x_wconf 80' lang='grc' dir='ltr'><strong>διακειμένην,</strong></span> <span class='ocrx_word' id='word_1_226' title='bbox 1670 2632 1792 2687; x_wconf 83' lang='grc' dir='ltr'><strong>οὐδὲ</strong></span> <span class='ocrx_word' id='word_1_227' title='bbox 1827 2634 1909 2706; x_wconf 83' lang='grc' dir='ltr'><strong>εἰς</strong></span> 
     </span>
    </p>
   </div>
   <div class='ocr_carea' id='block_1_31' title="bbox 310 2716 1909 2797">
    <p class='ocr_par' dir='ltr' id='par_1_31' title="bbox 310 2716 1909 2797">
     <span class='ocr_line' id='line_1_31' title="bbox 310 2716 1909 2797; baseline -0.01 -12"><span class='ocrx_word' id='word_1_228' title='bbox 310 2730 374 2784; x_wconf 69' lang='grc' dir='ltr'><strong>τὺ</strong></span> <span class='ocrx_word' id='word_1_229' title='bbox 399 2729 585 2784; x_wconf 79' lang='grc' dir='ltr'><strong>τεκεῖν</strong></span> <span class='ocrx_word' id='word_1_230' title='bbox 621 2743 675 2779; x_wconf 89' lang='grc' dir='ltr'><strong>τι</strong></span> <span class='ocrx_word' id='word_1_231' title='bbox 699 2721 937 2797; x_wconf 82' lang='grc' dir='ltr'><strong>χρηστὸν</strong></span> <span class='ocrx_word' id='word_1_232' title='bbox 970 2718 1388 2791; x_wconf 88' lang='grc' dir='ltr'><strong>προσδοκῶσαν,</strong></span> <span class='ocrx_word' id='word_1_233' title='bbox 1411 2716 1607 2788; x_wconf 89' lang='grc' dir='ltr'><strong>ἀθρόον</strong></span> <span class='ocrx_word' id='word_1_234' title='bbox 1650 2716 1909 2789; x_wconf 85' lang='grc' dir='ltr'><strong>παράδει-</strong></span> 
     </span>
    </p>
   </div>
   <div class='ocr_carea' id='block_1_32' title="bbox 312 2798 1908 2882">
    <p class='ocr_par' dir='ltr' id='par_1_32' title="bbox 312 2798 1908 2882">
     <span class='ocr_line' id='line_1_32' title="bbox 312 2798 1908 2882; baseline -0.009 -14"><span class='ocrx_word' id='word_1_235' title='bbox 312 2830 409 2868; x_wconf 88' lang='grc' dir='ltr'><strong>σον</strong></span> <span class='ocrx_word' id='word_1_236' title='bbox 426 2813 524 2866; x_wconf 70' lang='grc' dir='ltr'><strong>καὶ</strong></span> <span class='ocrx_word' id='word_1_237' title='bbox 555 2809 771 2882; x_wconf 90' lang='grc' dir='ltr'><strong>μητέρα</strong></span> <span class='ocrx_word' id='word_1_238' title='bbox 795 2804 1099 2861; x_wconf 79' lang='grc' dir='ltr'><strong>πολύπαιδα</strong></span> <span class='ocrx_word' id='word_1_239' title='bbox 1123 2801 1415 2873; x_wconf 86' lang='grc' dir='ltr'><strong>πεποίηκε.</strong></span> <span class='ocrx_word' id='word_1_240' title='bbox 1437 2800 1549 2855; x_wconf 80' lang='lat' dir='ltr'><strong><em>Kal</em></strong></span> <span class='ocrx_word' id='word_1_241' title='bbox 1570 2798 1728 2853; x_wconf 90' lang='grc' dir='ltr'><strong>τοῦτο</strong></span> <span class='ocrx_word' id='word_1_242' title='bbox 1766 2799 1908 2854; x_wconf 80' lang='grc' dir='ltr'><strong>ἀνω-</strong></span> 
     </span>
    </p>
   </div>
   <div class='ocr_carea' id='block_1_33' title="bbox 258 2883 1909 2967">
    <p class='ocr_par' dir='ltr' id='par_1_33' title="bbox 258 2883 1909 2967">
     <span class='ocr_line' id='line_1_33' title="bbox 258 2883 1909 2967; baseline -0.012 -14"><span class='ocrx_word' id='word_1_243' title='bbox 258 2924 266 2930; x_wconf 77' lang='lat'><strong>~</strong></span> <span class='ocrx_word' id='word_1_244' title='bbox 311 2896 407 2953; x_wconf 87' lang='grc' dir='ltr'><strong>θεν</strong></span> <span class='ocrx_word' id='word_1_245' title='bbox 430 2892 811 2967; x_wconf 82' lang='grc' dir='ltr'><strong>προεδήλωσεν</strong></span> <span class='ocrx_word' id='word_1_246' title='bbox 837 2892 866 2946; x_wconf 91' lang='lat'><strong>6</strong></span> <span class='ocrx_word' id='word_1_247' title='bbox 902 2889 1190 2962; x_wconf 80' lang='grc' dir='ltr'><strong>προφήτης</strong></span> <span class='ocrx_word' id='word_1_248' title='bbox 1226 2887 1370 2943; x_wconf 70' lang='grc' dir='ltr'><strong>οὕτω</strong></span> <span class='ocrx_word' id='word_1_249' title='bbox 1398 2885 1607 2967; x_wconf 61' lang='grc' dir='ltr'><strong>λέγωνξ</strong></span> <span class='ocrx_word' id='word_1_250' title='bbox 1644 2883 1909 2967; x_wconf 70' lang='grc' dir='ltr'><strong>Εὐφράνο</strong></span> 
     </span>
    </p>
   </div>
   <div class='ocr_carea' id='block_1_34' title="bbox 307 2966 1907 3049">
    <p class='ocr_par' dir='ltr' id='par_1_34' title="bbox 307 2966 1907 3049">
     <span class='ocr_line' id='line_1_34' title="bbox 307 2966 1907 3049; baseline -0.007 -18"><span class='ocrx_word' id='word_1_251' title='bbox 307 2984 465 3049; x_wconf 79' lang='grc' dir='ltr'><strong>θητι,</strong></span> <span class='ocrx_word' id='word_1_252' title='bbox 499 2976 733 3047; x_wconf 81' lang='grc' dir='ltr'><strong>στεῖρα,</strong></span> <span class='ocrx_word' id='word_1_253' title='bbox 760 2976 798 3045; x_wconf 77' lang='grc' dir='ltr'><strong><em>ἡ</em></strong></span> <span class='ocrx_word' id='word_1_254' title='bbox 835 2975 908 3029; x_wconf 85' lang='grc' dir='ltr'><strong>οὐ</strong></span> <span class='ocrx_word' id='word_1_255' title='bbox 933 2974 1241 3028; x_wconf 58' lang='grc' dir='ltr'><strong>τίκτουσα</strong></span> <span class='ocrx_word' id='word_1_256' title='bbox 1261 2967 1462 3039; x_wconf 75' lang='grc' dir='ltr'><strong>ῥῆξον</strong></span> <span class='ocrx_word' id='word_1_257' title='bbox 1504 2966 1604 3049; x_wconf 84' lang='grc' dir='ltr'><strong>καί</strong></span> <span class='ocrx_word' id='word_1_258' title='bbox 1644 2966 1907 3049; x_wconf 76' lang='grc' dir='ltr'><strong>βόησον,</strong></span> 
     </span>
    </p>
   </div>
   <div class='ocr_carea' id='block_1_35' title="bbox 304 3048 1908 3131">
    <p class='ocr_par' dir='ltr' id='par_1_35' title="bbox 304 3048 1908 3131">
     <span class='ocr_line' id='line_1_35' title="bbox 304 3048 1908 3131; baseline -0.009 -13"><span class='ocrx_word' id='word_1_259' title='bbox 304 3063 343 3131; x_wconf 79' lang='grc' dir='ltr'><strong>ὴ</strong></span> <span class='ocrx_word' id='word_1_260' title='bbox 369 3048 487 3118; x_wconf 80' lang='grc' dir='ltr'><strong>οὐκ</strong></span> <span class='ocrx_word' id='word_1_261' title='bbox 514 3060 840 3122; x_wconf 80' lang='grc' dir='ltr'><strong>ὠδίνουσα,</strong></span> <span class='ocrx_word' id='word_1_262' title='bbox 871 3056 960 3111; x_wconf 85' lang='grc' dir='ltr'><strong>ὅτι</strong></span> <span class='ocrx_word' id='word_1_263' title='bbox 996 3053 1198 3111; x_wconf 84' lang='grc' dir='ltr'><strong>πολλὰ</strong></span> <span class='ocrx_word' id='word_1_264' title='bbox 1220 3052 1293 3107; x_wconf 84' lang='grc' dir='ltr'><strong>τὰ</strong></span> <span class='ocrx_word' id='word_1_265' title='bbox 1324 3051 1508 3106; x_wconf 83' lang='grc' dir='ltr'><strong>τέκνα</strong></span> <span class='ocrx_word' id='word_1_266' title='bbox 1532 3048 1649 3119; x_wconf 76' lang='grc' dir='ltr'><strong>τῆς¹</strong></span> <span class='ocrx_word' id='word_1_267' title='bbox 1683 3048 1908 3117; x_wconf 77' lang='grc' dir='ltr'><strong>ἐρήμου</strong></span> 
     </span>
    </p>
   </div>
   <div class='ocr_carea' id='block_1_36' title="bbox 306 3132 1909 3212">
    <p class='ocr_par' dir='ltr' id='par_1_36' title="bbox 306 3132 1909 3212">
     <span class='ocr_line' id='line_1_36' title="bbox 306 3132 1909 3212; baseline -0.011 -11"><span class='ocrx_word' id='word_1_268' title='bbox 306 3144 575 3211; x_wconf 69' lang='grc' dir='ltr'><strong>μᾶλλον,</strong></span> <span class='ocrx_word' id='word_1_269' title='bbox 610 3142 651 3212; x_wconf 84' lang='grc' dir='ltr'><strong><em>ἣ</em></strong></span> <span class='ocrx_word' id='word_1_270' title='bbox 679 3141 791 3211; x_wconf 85' lang='grc' dir='ltr'><strong>τῆς</strong></span> <span class='ocrx_word' id='word_1_271' title='bbox 826 3139 1094 3211; x_wconf 82' lang='grc' dir='ltr'><strong>ἐχούσης</strong></span> <span class='ocrx_word' id='word_1_272' title='bbox 1129 3136 1238 3192; x_wconf 80' lang='grc' dir='ltr'><strong>τὸν</strong></span> <span class='ocrx_word' id='word_1_273' title='bbox 1265 3134 1476 3204; x_wconf 80' lang='grc' dir='ltr'><strong>ἄνδρα.</strong></span> <span class='ocrx_word' id='word_1_274' title='bbox 1503 3133 1627 3186; x_wconf 83' lang='grc' dir='ltr'><strong>Ὅτι</strong></span> <span class='ocrx_word' id='word_1_275' title='bbox 1652 3132 1909 3204; x_wconf 80' lang='grc' dir='ltr'><strong>τοιαύτην</strong></span> 
     </span>
    </p>
   </div>
   <div class='ocr_carea' id='block_1_37' title="bbox 305 3214 1907 3304">
    <p class='ocr_par' dir='ltr' id='par_1_37' title="bbox 305 3214 1907 3304">
     <span class='ocr_line' id='line_1_37' title="bbox 305 3214 1907 3304; baseline -0.011 -19"><span class='ocrx_word' id='word_1_276' title='bbox 305 3229 716 3304; x_wconf 82' lang='grc' dir='ltr'><strong>ἐργασάμενος,</strong></span> <span class='ocrx_word' id='word_1_277' title='bbox 746 3225 910 3296; x_wconf 87' lang='grc' dir='ltr'><strong>νόμον</strong></span> <span class='ocrx_word' id='word_1_278' title='bbox 927 3223 1125 3277; x_wconf 76' lang='grc' dir='ltr'><strong>ἔδωκεν</strong></span> <span class='ocrx_word' id='word_1_279' title='bbox 1153 3221 1291 3292; x_wconf 80' lang='grc' dir='ltr'><strong>αὐτῇ</strong></span> <span class='ocrx_word' id='word_1_280' title='bbox 1320 3214 1616 3304; x_wconf 31' lang='grc' dir='ltr'><strong>πολλῶ-τοῦ</strong></span> <span class='ocrx_word' id='word_1_281' title='bbox 1640 3214 1907 3304; x_wconf 72' lang='grc' dir='ltr'><strong>προτέρου</strong></span> 
     </span>
    </p>
   </div>
   <div class='ocr_carea' id='block_1_38' title="bbox 305 3298 1909 3385">
    <p class='ocr_par' dir='ltr' id='par_1_38' title="bbox 305 3298 1909 3385">
     <span class='ocr_line' id='line_1_38' title="bbox 305 3298 1909 3385; baseline -0.009 -19"><span class='ocrx_word' id='word_1_282' title='bbox 305 3298 585 3385; x_wconf 70' lang='grc' dir='ltr'><strong>βελτίονα,</strong></span> <span class='ocrx_word' id='word_1_283' title='bbox 622 3309 745 3364; x_wconf 76' lang='grc' dir='ltr'><strong>οὐδὲ</strong></span> <span class='ocrx_word' id='word_1_284' title='bbox 782 3306 939 3362; x_wconf 88' lang='grc' dir='ltr'><strong>τοῦτο</strong></span> <span class='ocrx_word' id='word_1_285' title='bbox 966 3306 1228 3377; x_wconf 77' lang='grc' dir='ltr'><strong>ἐσίγησαν</strong></span> <span class='ocrx_word' id='word_1_286' title='bbox 1262 3305 1313 3357; x_wconf 91' lang='grc' dir='ltr'><strong>οἱ</strong></span> <span class='ocrx_word' id='word_1_287' title='bbox 1354 3301 1628 3375; x_wconf 77' lang='grc' dir='ltr'><strong>προφῆται</strong></span> <span class='ocrx_word' id='word_1_288' title='bbox 1653 3317 1667 3330; x_wconf 91' lang='grc'>·</span> <span class='ocrx_word' id='word_1_289' title='bbox 1692 3298 1787 3385; x_wconf 76' lang='grc' dir='ltr'><strong>καὶ</strong></span> <span class='ocrx_word' id='word_1_290' title='bbox 1807 3299 1909 3385; x_wconf 69' lang='grc' dir='ltr'><strong>ὅρα</strong></span> 
     </span>
    </p>
   </div>
   <div class='ocr_carea' id='block_1_39' title="bbox 306 3381 1911 3470">
    <p class='ocr_par' dir='ltr' id='par_1_39' title="bbox 306 3381 1911 3470">
     <span class='ocr_line' id='line_1_39' title="bbox 306 3381 1911 3470; baseline -0.011 -18"><span class='ocrx_word' id='word_1_291' title='bbox 306 3381 359 3453; x_wconf 76' lang='grc' dir='ltr'><strong>τί</strong></span> <span class='ocrx_word' id='word_1_292' title='bbox 414 3390 939 3470; x_wconf 86' lang='grc' dir='ltr'><strong>προαναφωνοῦντες</strong></span> <span class='ocrx_word' id='word_1_293' title='bbox 976 3391 1272 3461; x_wconf 84' lang='grc' dir='ltr'><strong>εἰρήκασι·</strong></span> <span class='ocrx_word' id='word_1_294' title='bbox 1310 3385 1676 3470; x_wconf 75' lang='grc' dir='ltr'><strong>Διαθήσομαι</strong></span> <span class='ocrx_word' id='word_1_295' title='bbox 1696 3381 1911 3470; x_wconf 67' lang='grc' dir='ltr'><strong>αὐτοῖς</strong></span> 
     </span>
    </p>
   </div>
   <div class='ocr_carea' id='block_1_40' title="bbox 305 3466 1912 3548">
    <p class='ocr_par' dir='ltr' id='par_1_40' title="bbox 305 3466 1912 3548">
     <span class='ocr_line' id='line_1_40' title="bbox 305 3466 1912 3548; baseline -0.01 -13"><span class='ocrx_word' id='word_1_296' title='bbox 305 3466 619 3548; x_wconf 66' lang='grc' dir='ltr'><strong>διαθῆκην</strong></span> <span class='ocrx_word' id='word_1_297' title='bbox 654 3477 893 3546; x_wconf 80' lang='grc' dir='ltr'><strong>καινὴν,</strong></span> <span class='ocrx_word' id='word_1_298' title='bbox 924 3475 996 3529; x_wconf 83' lang='grc' dir='ltr'><strong>οὐ</strong></span> <span class='ocrx_word' id='word_1_299' title='bbox 1033 3473 1184 3529; x_wconf 83' lang='grc' dir='ltr'><strong>κατὰ</strong></span> <span class='ocrx_word' id='word_1_300' title='bbox 1210 3471 1326 3541; x_wconf 79' lang='grc' dir='ltr'><strong>τὴν</strong></span> <span class='ocrx_word' id='word_1_301' title='bbox 1356 3469 1653 3537; x_wconf 81' lang='grc' dir='ltr'><strong>διαθήκην</strong></span> <span class='ocrx_word' id='word_1_302' title='bbox 1681 3466 1761 3536; x_wconf 81' lang='grc' dir='ltr'><strong>ἣν</strong></span> <span class='ocrx_word' id='word_1_303' title='bbox 1792 3466 1912 3520; x_wconf 82' lang='grc' dir='ltr'><strong>διε-</strong></span> 
     </span>
    </p>
   </div>
   <div class='ocr_carea' id='block_1_41' title="bbox 305 3552 1909 3638">
    <p class='ocr_par' dir='ltr' id='par_1_41' title="bbox 305 3552 1909 3638">
     <span class='ocr_line' id='line_1_41' title="bbox 305 3552 1909 3638; baseline -0.011 -18"><span class='ocrx_word' id='word_1_304' title='bbox 305 3566 506 3638; x_wconf 79' lang='grc' dir='ltr'><strong>θέμην</strong></span> <span class='ocrx_word' id='word_1_305' title='bbox 533 3562 661 3630; x_wconf 83' lang='grc' dir='ltr'><strong>τοῖς</strong></span> <span class='ocrx_word' id='word_1_306' title='bbox 692 3559 994 3631; x_wconf 79' lang='grc' dir='ltr'><strong>πατράσιν</strong></span> <span class='ocrx_word' id='word_1_307' title='bbox 1026 3555 1248 3621; x_wconf 85' lang='grc' dir='ltr'><strong>αὐτῶν,</strong></span> <span class='ocrx_word' id='word_1_308' title='bbox 1289 3552 1604 3638; x_wconf 12' lang='grc' dir='ltr'><strong>έννιήμέρςιΔ</strong></span> <span class='ocrx_word' id='word_1_309' title='bbox 1630 3552 1909 3638; x_wconf 76' lang='grc' dir='ltr'><strong>ἐπιλαϐο-</strong></span> 
     </span>
    </p>
   </div>
   <div class='ocr_carea' id='block_1_42' title="bbox 306 3633 1911 3721">
    <p class='ocr_par' dir='ltr' id='par_1_42' title="bbox 306 3633 1911 3721">
     <span class='ocr_line' id='line_1_42' title="bbox 306 3633 1911 3721; baseline -0.008 -21"><span class='ocrx_word' id='word_1_310' title='bbox 306 3633 505 3721; x_wconf 62' lang='grc' dir='ltr'><strong>μένου</strong></span> <span class='ocrx_word' id='word_1_311' title='bbox 532 3665 655 3719; x_wconf 83' lang='grc' dir='ltr'><strong>μου</strong></span> <span class='ocrx_word' id='word_1_312' title='bbox 688 3645 801 3713; x_wconf 85' lang='grc' dir='ltr'><strong>τὴς</strong></span> <span class='ocrx_word' id='word_1_313' title='bbox 846 3641 1047 3714; x_wconf 80' lang='grc' dir='ltr'><strong>χειρὸς</strong></span> <span class='ocrx_word' id='word_1_314' title='bbox 1087 3639 1287 3696; x_wconf 79' lang='grc' dir='ltr'><strong>αὐτῶν</strong></span> <span class='ocrx_word' id='word_1_315' title='bbox 1328 3635 1647 3721; x_wconf 73' lang='grc' dir='ltr'><strong>ἐξαγαγεῖν</strong></span> <span class='ocrx_word' id='word_1_316' title='bbox 1687 3633 1911 3721; x_wconf 67' lang='grc' dir='ltr'><strong>αὐτους</strong></span> 
     </span>
    </p>
   </div>
   <div class='ocr_carea' id='block_1_43' title="bbox 306 3717 1912 3804">
    <p class='ocr_par' dir='ltr' id='par_1_43' title="bbox 306 3717 1912 3804">
     <span class='ocr_line' id='line_1_43' title="bbox 306 3717 1912 3804; baseline -0.011 -16"><span class='ocrx_word' id='word_1_317' title='bbox 306 3717 376 3790; x_wconf 59' lang='grc' dir='ltr'><strong>ἐκ</strong></span> <span class='ocrx_word' id='word_1_318' title='bbox 416 3717 545 3804; x_wconf 25' lang='grc' dir='ltr'><strong>γῆς*</strong></span> <span class='ocrx_word' id='word_1_319' title='bbox 581 3730 888 3801; x_wconf 75' lang='grc' dir='ltr'><strong>Αἰγύπτου</strong></span> <span class='ocrx_word' id='word_1_320' title='bbox 921 3745 936 3759; x_wconf 69' lang='grc' dir='ltr'><strong>ι</strong></span> <span class='ocrx_word' id='word_1_321' title='bbox 972 3725 1063 3781; x_wconf 81' lang='grc' dir='ltr'><strong>ὅτι</strong></span> <span class='ocrx_word' id='word_1_322' title='bbox 1110 3724 1280 3779; x_wconf 79' lang='grc' dir='ltr'><strong>αὐτοὶ</strong></span> <span class='ocrx_word' id='word_1_323' title='bbox 1326 3723 1439 3778; x_wconf 72' lang='grc' dir='ltr'><strong>οὐκ</strong></span> <span class='ocrx_word' id='word_1_324' title='bbox 1476 3717 1804 3804; x_wconf 27' lang='grc' dir='ltr'><strong>Αένέμειναν</strong></span> 
     </span>
    </p>
   </div>
   <div class='ocr_carea' id='block_1_44' title="bbox 307 3800 1911 3887">
    <p class='ocr_par' dir='ltr' id='par_1_44' title="bbox 307 3800 1911 3887">
     <span class='ocr_line' id='line_1_44' title="bbox 307 3800 1911 3887; baseline -0.012 -15"><span class='ocrx_word' id='word_1_325' title='bbox 307 3816 385 3887; x_wconf 74' lang='grc' dir='ltr'><strong>τῇ</strong></span> <span class='ocrx_word' id='word_1_326' title='bbox 405 3800 674 3882; x_wconf 74' lang='grc' dir='ltr'><strong>διαθήκῃ</strong></span> <span class='ocrx_word' id='word_1_327' title='bbox 691 3807 1010 3882; x_wconf 75' lang='grc' dir='ltr'><strong>μου,κάγὼ</strong></span> <span class='ocrx_word' id='word_1_328' title='bbox 1037 3807 1318 3880; x_wconf 76' lang='grc' dir='ltr'><strong>ἠμέλησα</strong></span> <span class='ocrx_word' id='word_1_329' title='bbox 1343 3802 1545 3887; x_wconf 81' lang='grc' dir='ltr'><strong>αὐτῶν</strong></span> <span class='ocrx_word' id='word_1_330' title='bbox 1563 3843 1578 3867; x_wconf 90' lang='grc'><strong>,</strong></span> <span class='ocrx_word' id='word_1_331' title='bbox 1608 3801 1771 3887; x_wconf 79' lang='grc' dir='ltr'><strong>λέγει</strong></span> <span class='ocrx_word' id='word_1_332' title='bbox 1791 3800 1911 3887; x_wconf 52' lang='lat' dir='ltr'><strong>K35-</strong></span> 
     </span>
    </p>
   </div>
   <div class='ocr_carea' id='block_1_45' title="bbox 307 3882 1907 3968">
    <p class='ocr_par' dir='ltr' id='par_1_45' title="bbox 307 3882 1907 3968">
     <span class='ocr_line' id='line_1_45' title="bbox 307 3882 1907 3968; baseline -0.013 -12"><span class='ocrx_word' id='word_1_333' title='bbox 307 3882 461 3968; x_wconf 75' lang='grc' dir='ltr'><strong>ριος.</strong></span> <span class='ocrx_word' id='word_1_334' title='bbox 504 3899 643 3953; x_wconf 82' lang='grc' dir='ltr'><strong>Ὀτι</strong></span> <span class='ocrx_word' id='word_1_335' title='bbox 659 3895 811 3964; x_wconf 86' lang='grc' dir='ltr'><strong>αὕτη</strong></span> <span class='ocrx_word' id='word_1_336' title='bbox 828 3894 867 3964; x_wconf 80' lang='grc' dir='ltr'><strong><em>ἠ</em></strong></span> <span class='ocrx_word' id='word_1_337' title='bbox 884 3888 1166 3961; x_wconf 74' lang='grc' dir='ltr'><strong>διαθήκη,</strong></span> <span class='ocrx_word' id='word_1_338' title='bbox 1196 3888 1279 3959; x_wconf 82' lang='grc' dir='ltr'><strong>ῆν</strong></span> <span class='ocrx_word' id='word_1_339' title='bbox 1302 3886 1663 3957; x_wconf 79' lang='grc' dir='ltr'><strong>διαθήσομαι</strong></span> <span class='ocrx_word' id='word_1_340' title='bbox 1682 3882 1907 3968; x_wconf 70' lang='grc' dir='ltr'><strong>αὐτοῖς,</strong></span> 
     </span>
    </p>
   </div>
   <div class='ocr_carea' id='block_1_46' title="bbox 307 3964 1913 4050">
    <p class='ocr_par' dir='ltr' id='par_1_46' title="bbox 307 3964 1913 4050">
     <span class='ocr_line' id='line_1_46' title="bbox 307 3964 1913 4050; baseline -0.011 -13"><span class='ocrx_word' id='word_1_341' title='bbox 307 3964 527 4050; x_wconf 76' lang='grc' dir='ltr'><strong>διδοὺς</strong></span> <span class='ocrx_word' id='word_1_342' title='bbox 558 3981 788 4049; x_wconf 84' lang='grc' dir='ltr'><strong>νόμους</strong></span> <span class='ocrx_word' id='word_1_343' title='bbox 821 3994 944 4049; x_wconf 88' lang='grc' dir='ltr'><strong>μου</strong></span> <span class='ocrx_word' id='word_1_344' title='bbox 981 3979 1068 4043; x_wconf 83' lang='grc' dir='ltr'><strong>εἰς</strong></span> <span class='ocrx_word' id='word_1_345' title='bbox 1112 3972 1228 4042; x_wconf 81' lang='grc' dir='ltr'><strong>τὴν</strong></span> <span class='ocrx_word' id='word_1_346' title='bbox 1252 3971 1528 4027; x_wconf 83' lang='grc' dir='ltr'><strong>διάνοιαν</strong></span> <span class='ocrx_word' id='word_1_347' title='bbox 1559 3967 1780 4050; x_wconf 77' lang='grc' dir='ltr'><strong>αὐτῶν,</strong></span> <span class='ocrx_word' id='word_1_348' title='bbox 1813 3964 1913 4050; x_wconf 81' lang='grc' dir='ltr'><strong>καί</strong></span> 
     </span>
    </p>
   </div>
   <div class='ocr_carea' id='block_1_47' title="bbox 309 4047 1911 4135">
    <p class='ocr_par' dir='ltr' id='par_1_47' title="bbox 309 4047 1911 4135">
     <span class='ocr_line' id='line_1_47' title="bbox 309 4047 1911 4135; baseline -0.009 -16"><span class='ocrx_word' id='word_1_349' title='bbox 309 4066 406 4121; x_wconf 75' lang='grc' dir='ltr'><strong>ἐπὶ</strong></span> <span class='ocrx_word' id='word_1_350' title='bbox 448 4047 717 4135; x_wconf 72' lang='grc' dir='ltr'><strong>καρδίαν</strong></span> <span class='ocrx_word' id='word_1_351' title='bbox 753 4047 953 4117; x_wconf 77' lang='grc' dir='ltr'><strong>αὐτῶν</strong></span> <span class='ocrx_word' id='word_1_352' title='bbox 994 4055 1304 4130; x_wconf 76' lang='grc' dir='ltr'><strong>ἐπιγράψω</strong></span> <span class='ocrx_word' id='word_1_353' title='bbox 1342 4054 1589 4122; x_wconf 82' lang='grc' dir='ltr'><strong>αὐτούς.</strong></span> <span class='ocrx_word' id='word_1_354' title='bbox 1628 4047 1783 4135; x_wconf 78' lang='grc' dir='ltr'><strong>Εἶτα</strong></span> <span class='ocrx_word' id='word_1_355' title='bbox 1816 4049 1911 4135; x_wconf 74' lang='grc' dir='ltr'><strong>καὶ</strong></span> 
     </span>
    </p>
   </div>
   <div class='ocr_carea' id='block_1_48' title="bbox 309 4134 1913 4224">
    <p class='ocr_par' dir='ltr' id='par_1_48' title="bbox 309 4134 1913 4224">
     <span class='ocr_line' id='line_1_48' title="bbox 309 4134 1913 4224; baseline -0.01 -20"><span class='ocrx_word' id='word_1_356' title='bbox 309 4151 408 4224; x_wconf 77' lang='grc' dir='ltr'><strong>τήν</strong></span> <span class='ocrx_word' id='word_1_357' title='bbox 436 4148 652 4222; x_wconf 80' lang='grc' dir='ltr'><strong>ἀθρόαν</strong></span> <span class='ocrx_word' id='word_1_358' title='bbox 690 4144 989 4218; x_wconf 80' lang='grc' dir='ltr'><strong>μεταϐολήν</strong></span> <span class='ocrx_word' id='word_1_359' title='bbox 1008 4185 1021 4207; x_wconf 92' lang='grc'><strong>,</strong></span> <span class='ocrx_word' id='word_1_360' title='bbox 1050 4143 1145 4197; x_wconf 71' lang='grc' dir='ltr'><strong>καὶ</strong></span> <span class='ocrx_word' id='word_1_361' title='bbox 1183 4142 1289 4224; x_wconf 80' lang='grc' dir='ltr'><strong>τὴν</strong></span> <span class='ocrx_word' id='word_1_362' title='bbox 1325 4139 1442 4224; x_wconf 77' lang='grc' dir='ltr'><strong>μετ’</strong></span> <span class='ocrx_word' id='word_1_363' title='bbox 1484 4134 1913 4224; x_wconf 48' lang='grc' dir='ltr'><strong>εὐκολίαςδιδα-</strong></span> 
     </span>
    </p>
   </div>
   <div class='ocr_carea' id='block_1_49' title="bbox 312 4215 1915 4303">
    <p class='ocr_par' dir='ltr' id='par_1_49' title="bbox 312 4215 1915 4303">
     <span class='ocr_line' id='line_1_49' title="bbox 312 4215 1915 4303; baseline -0.012 -15"><span class='ocrx_word' id='word_1_364' title='bbox 312 4215 549 4287; x_wconf 70' lang='grc' dir='ltr'><strong>σκαλίαν</strong></span> <span class='ocrx_word' id='word_1_365' title='bbox 587 4215 915 4303; x_wconf 81' lang='grc' dir='ltr'><strong>παραδηλῶν</strong></span> <span class='ocrx_word' id='word_1_366' title='bbox 947 4215 1114 4297; x_wconf 36' lang='grc' dir='ltr'><strong>-έλεγε</strong></span> <span class='ocrx_word' id='word_1_367' title='bbox 1147 4243 1160 4257; x_wconf 89' lang='grc'><strong>·</strong></span> <span class='ocrx_word' id='word_1_368' title='bbox 1190 4223 1298 4279; x_wconf 83' lang='lat' dir='ltr'><strong><em>Kal</em></strong></span> <span class='ocrx_word' id='word_1_369' title='bbox 1339 4222 1411 4276; x_wconf 88' lang='grc' dir='ltr'><strong>οὺ</strong></span> <span class='ocrx_word' id='word_1_370' title='bbox 1450 4218 1537 4290; x_wconf 80' lang='grc' dir='ltr'><strong>μὴ</strong></span> <span class='ocrx_word' id='word_1_371' title='bbox 1584 4215 1915 4303; x_wconf 66' lang='grc' dir='ltr'><strong>διδάξωσιν</strong></span> 
     </span>
    </p>
   </div>
   <div class='ocr_carea' id='block_1_50' title="bbox 311 4298 1915 4385">
    <p class='ocr_par' dir='ltr' id='par_1_50' title="bbox 311 4298 1915 4385">
     <span class='ocr_line' id='line_1_50' title="bbox 311 4298 1915 4385; baseline -0.014 -11"><span class='ocrx_word' id='word_1_372' title='bbox 311 4319 580 4385; x_wconf 66' lang='grc' dir='ltr'><strong>ἕκαστος</strong></span> <span class='ocrx_word' id='word_1_373' title='bbox 629 4298 739 4369; x_wconf 73' lang='grc' dir='ltr'><strong>τόν</strong></span> <span class='ocrx_word' id='word_1_374' title='bbox 792 4298 1059 4381; x_wconf 73' lang='grc' dir='ltr'><strong>πλησίον</strong></span> <span class='ocrx_word' id='word_1_375' title='bbox 1090 4307 1275 4365; x_wconf 83' lang='grc' dir='ltr'><strong>αὐτοῦ</strong></span> <span class='ocrx_word' id='word_1_376' title='bbox 1300 4349 1315 4374; x_wconf 92' lang='grc'><strong>,</strong></span> <span class='ocrx_word' id='word_1_377' title='bbox 1359 4305 1457 4360; x_wconf 83' lang='grc' dir='ltr'><strong>καί</strong></span> <span class='ocrx_word' id='word_1_378' title='bbox 1504 4303 1763 4385; x_wconf 78' lang='grc' dir='ltr'><strong>ἕκαστος</strong></span> <span class='ocrx_word' id='word_1_379' title='bbox 1808 4298 1915 4385; x_wconf 72' lang='grc' dir='ltr'><strong>τόν</strong></span> 
     </span>
    </p>
   </div>
   <div class='ocr_carea' id='block_1_51' title="bbox 314 4382 1915 4472">
    <p class='ocr_par' dir='ltr' id='par_1_51' title="bbox 314 4382 1915 4472">
     <span class='ocr_line' id='line_1_51' title="bbox 314 4382 1915 4472; baseline -0.014 -15"><span class='ocrx_word' id='word_1_380' title='bbox 314 4382 597 4472; x_wconf 65' lang='grc' dir='ltr'><strong>ἀδελφὸν</strong></span> <span class='ocrx_word' id='word_1_381' title='bbox 616 4395 826 4463; x_wconf 82' lang='grc' dir='ltr'><strong>αὑτοῦ,</strong></span> <span class='ocrx_word' id='word_1_382' title='bbox 842 4394 1058 4466; x_wconf 78' lang='grc' dir='ltr'><strong>λέγων,</strong></span> <span class='ocrx_word' id='word_1_383' title='bbox 1076 4390 1268 4448; x_wconf 86' lang='grc' dir='ltr'><strong>Γνῶθι</strong></span> <span class='ocrx_word' id='word_1_384' title='bbox 1284 4389 1391 4443; x_wconf 80' lang='grc' dir='ltr'><strong>τὸν</strong></span> <span class='ocrx_word' id='word_1_385' title='bbox 1406 4388 1644 4472; x_wconf 63' lang='grc' dir='ltr'><strong>ζίὐριον,</strong></span> <span class='ocrx_word' id='word_1_386' title='bbox 1663 4384 1754 4439; x_wconf 84' lang='grc' dir='ltr'><strong>ὅτι</strong></span> <span class='ocrx_word' id='word_1_387' title='bbox 1772 4382 1915 4472; x_wconf 66' lang='grc' dir='ltr'><strong>πείν-</strong></span> 
     </span>
    </p>
   </div>
   <div class='ocr_carea' id='block_1_52' title="bbox 322 4466 1913 4552">
    <p class='ocr_par' dir='ltr' id='par_1_52' title="bbox 322 4466 1913 4552">
     <span class='ocr_line' id='line_1_52' title="bbox 322 4466 1913 4552; baseline -0.012 -13"><span class='ocrx_word' id='word_1_388' title='bbox 322 4502 420 4552; x_wconf 84' lang='grc' dir='ltr'><strong>τες</strong></span> <span class='ocrx_word' id='word_1_389' title='bbox 456 4466 789 4550; x_wconf 74' lang='grc' dir='ltr'><strong>ειδήσουσί</strong></span> <span class='ocrx_word' id='word_1_390' title='bbox 805 4495 882 4550; x_wconf 83' lang='grc' dir='ltr'><strong>με</strong></span> <span class='ocrx_word' id='word_1_391' title='bbox 905 4477 1024 4533; x_wconf 82' lang='grc' dir='ltr'><strong>ἀπὸ</strong></span> <span class='ocrx_word' id='word_1_392' title='bbox 1048 4475 1266 4547; x_wconf 81' lang='grc' dir='ltr'><strong>μικροῦ</strong></span> <span class='ocrx_word' id='word_1_393' title='bbox 1286 4471 1484 4528; x_wconf 78' lang='grc' dir='ltr'><strong>αὐτῶν</strong></span> <span class='ocrx_word' id='word_1_394' title='bbox 1513 4470 1623 4536; x_wconf 76' lang='grc' dir='ltr'><strong>ἕως</strong></span> <span class='ocrx_word' id='word_1_395' title='bbox 1643 4466 1913 4552; x_wconf 66' lang='grc' dir='ltr'><strong>μεγάλου</strong></span> 
     </span>
    </p>
   </div>
   <div class='ocr_carea' id='block_1_53' title="bbox 326 4548 1916 4637">
    <p class='ocr_par' dir='ltr' id='par_1_53' title="bbox 326 4548 1916 4637">
     <span class='ocr_line' id='line_1_53' title="bbox 326 4548 1916 4637; baseline -0.013 -14"><span class='ocrx_word' id='word_1_396' title='bbox 326 4548 548 4623; x_wconf 60' lang='grc' dir='ltr'><strong>αιῖτῶν.</strong></span> <span class='ocrx_word' id='word_1_397' title='bbox 579 4548 706 4619; x_wconf 69' lang='grc' dir='ltr'><strong>Ὅτι</strong></span> <span class='ocrx_word' id='word_1_398' title='bbox 737 4548 1146 4637; x_wconf 83' lang='grc' dir='ltr'><strong>ἁμαρτημάτων</strong></span> <span class='ocrx_word' id='word_1_399' title='bbox 1178 4556 1369 4630; x_wconf 77' lang='grc' dir='ltr'><strong>ἔμελλε</strong></span> <span class='ocrx_word' id='word_1_400' title='bbox 1401 4552 1602 4608; x_wconf 85' lang='grc' dir='ltr'><strong>διδόναι</strong></span> <span class='ocrx_word' id='word_1_401' title='bbox 1636 4548 1916 4637; x_wconf 78' lang='grc' dir='ltr'><strong>συγχώρη-</strong></span> 
     </span>
    </p>
   </div>
   <div class='ocr_carea' id='block_1_54' title="bbox 330 4631 1918 4718">
    <p class='ocr_par' dir='ltr' id='par_1_54' title="bbox 330 4631 1918 4718">
     <span class='ocr_line' id='line_1_54' title="bbox 330 4631 1918 4718; baseline -0.013 -13"><span class='ocrx_word' id='word_1_402' title='bbox 330 4668 416 4705; x_wconf 87' lang='grc' dir='ltr'><strong>σιν</strong></span> <span class='ocrx_word' id='word_1_403' title='bbox 443 4653 621 4705; x_wconf 69' lang='grc' dir='ltr'><strong>ἅπασι</strong></span> <span class='ocrx_word' id='word_1_404' title='bbox 646 4631 1105 4718; x_wconf 75' lang='grc' dir='ltr'><strong>παραγενόμενος,</strong></span> <span class='ocrx_word' id='word_1_405' title='bbox 1120 4643 1214 4697; x_wconf 69' lang='grc' dir='ltr'><strong>καὶ</strong></span> <span class='ocrx_word' id='word_1_406' title='bbox 1237 4640 1395 4695; x_wconf 89' lang='grc' dir='ltr'><strong>τοῦτο</strong></span> <span class='ocrx_word' id='word_1_407' title='bbox 1417 4638 1579 4693; x_wconf 85' lang='grc' dir='ltr'><strong>πάλιν</strong></span> <span class='ocrx_word' id='word_1_408' title='bbox 1597 4631 1918 4718; x_wconf 70' lang='grc' dir='ltr'><strong>προανεφῴ</strong></span> 
     </span>
    </p>
   </div>
   <div class='ocr_carea' id='block_1_55' title="bbox 321 4715 1972 4806">
    <p class='ocr_par' dir='ltr' id='par_1_55' title="bbox 321 4715 1972 4806">
     <span class='ocr_line' id='line_1_55' title="bbox 321 4715 1972 4806; baseline -0.011 -19"><span class='ocrx_word' id='word_1_409' title='bbox 321 4749 491 4806; x_wconf 79' lang='grc' dir='ltr'><strong>νησεν</strong></span> <span class='ocrx_word' id='word_1_410' title='bbox 513 4734 543 4786; x_wconf 91' lang='lat'><strong>6</strong></span> <span class='ocrx_word' id='word_1_411' title='bbox 562 4715 855 4804; x_wconf 83' lang='grc' dir='ltr'><strong>προφήτης</strong></span> <span class='ocrx_word' id='word_1_412' title='bbox 878 4715 1052 4791; x_wconf 79' lang='grc' dir='ltr'><strong>οὐτως</strong></span> <span class='ocrx_word' id='word_1_413' title='bbox 1070 4725 1269 4781; x_wconf 86' lang='grc' dir='ltr'><strong>εἰπών·</strong></span> <span class='ocrx_word' id='word_1_414' title='bbox 1297 4724 1455 4793; x_wconf 79' lang='grc' dir='ltr'><strong>Αὕτη</strong></span> <span class='ocrx_word' id='word_1_415' title='bbox 1482 4718 1692 4806; x_wconf 65' lang='grc' dir='ltr'><strong>αὐτοῖς</strong></span> <span class='ocrx_word' id='word_1_416' title='bbox 1711 4718 1749 4784; x_wconf 77' lang='grc' dir='ltr'>ἡ</span> <span class='ocrx_word' id='word_1_417' title='bbox 1779 4715 1917 4806; x_wconf 83' lang='grc' dir='ltr'><strong>παρ’</strong></span> <span class='ocrx_word' id='word_1_418' title='bbox 1968 4741 1972 4744; x_wconf 36' lang='grc'><em>⁴</em></span> 
     </span>
    </p>
   </div>
   <div class='ocr_carea' id='block_1_56' title="bbox 315 4801 1917 4887">
    <p class='ocr_par' dir='ltr' id='par_1_56' title="bbox 315 4801 1917 4887">
     <span class='ocr_line' id='line_1_56' title="bbox 315 4801 1917 4887; baseline -0.011 -15"><span class='ocrx_word' id='word_1_419' title='bbox 315 4801 468 4887; x_wconf 66' lang='grc' dir='ltr'><strong>ἐμοῦ</strong></span> <span class='ocrx_word' id='word_1_420' title='bbox 497 4801 783 4882; x_wconf 78' lang='grc' dir='ltr'><strong>διαθήκη,</strong></span> <span class='ocrx_word' id='word_1_421' title='bbox 815 4812 963 4867; x_wconf 83' lang='grc' dir='ltr'><strong>ὅταν</strong></span> <span class='ocrx_word' id='word_1_422' title='bbox 1004 4809 1311 4881; x_wconf 70' lang='grc' dir='ltr'><strong>ἀφέλωμαι</strong></span> <span class='ocrx_word' id='word_1_423' title='bbox 1357 4806 1476 4887; x_wconf 17' lang='grc' dir='ltr'><strong>τάςλ</strong></span> <span class='ocrx_word' id='word_1_424' title='bbox 1512 4802 1770 4887; x_wconf 67' lang='grc' dir='ltr'><strong>ἀνομίας</strong></span> <span class='ocrx_word' id='word_1_425' title='bbox 1808 4801 1917 4887; x_wconf 54' lang='lat' dir='ltr'><strong>(ff)-</strong></span> 
     </span>
    </p>
   </div>
   <div class='ocr_carea' id='block_1_57' title="bbox 310 4882 1916 4966">
    <p class='ocr_par' dir='ltr' id='par_1_57' title="bbox 310 4882 1916 4966">
     <span class='ocr_line' id='line_1_57' title="bbox 310 4882 1916 4966; baseline -0.014 -10"><span class='ocrx_word' id='word_1_426' title='bbox 310 4882 460 4963; x_wconf 56' lang='grc' dir='ltr'><strong>τῶν.</strong></span> <span class='ocrx_word' id='word_1_427' title='bbox 490 4898 595 4953; x_wconf 86' lang='grc' dir='ltr'><strong>καί</strong></span> <span class='ocrx_word' id='word_1_428' title='bbox 623 4895 741 4951; x_wconf 86' lang='grc' dir='ltr'><strong>τῶν</strong></span> <span class='ocrx_word' id='word_1_429' title='bbox 771 4893 1070 4966; x_wconf 76' lang='grc' dir='ltr'><strong>ἁμαρτιῶν</strong></span> <span class='ocrx_word' id='word_1_430' title='bbox 1086 4891 1283 4948; x_wconf 86' lang='grc' dir='ltr'><strong>αὐτῶν</strong></span> <span class='ocrx_word' id='word_1_431' title='bbox 1304 4891 1376 4945; x_wconf 83' lang='grc' dir='ltr'><strong>οὐ</strong></span> <span class='ocrx_word' id='word_1_432' title='bbox 1412 4885 1498 4959; x_wconf 82' lang='grc' dir='ltr'><strong>μὴ</strong></span> <span class='ocrx_word' id='word_1_433' title='bbox 1523 4882 1778 4959; x_wconf 84' lang='grc' dir='ltr'><strong>μνησθῶ</strong></span> <span class='ocrx_word' id='word_1_434' title='bbox 1808 4882 1916 4966; x_wconf 73' lang='grc' dir='ltr'><strong>ἔτι.</strong></span> 
     </span>
    </p>
   </div>
   <div class='ocr_carea' id='block_1_58' title="bbox 309 4964 1918 5052">
    <p class='ocr_par' dir='ltr' id='par_1_58' title="bbox 309 4964 1918 5052">
     <span class='ocr_line' id='line_1_58' title="bbox 309 4964 1918 5052; baseline -0.013 -13"><span class='ocrx_word' id='word_1_435' title='bbox 309 4985 381 5039; x_wconf 86' lang='grc' dir='ltr'><strong>Τί</strong></span> <span class='ocrx_word' id='word_1_436' title='bbox 406 4983 615 5038; x_wconf 77' lang='grc' dir='ltr'><strong>τούτου</strong></span> <span class='ocrx_word' id='word_1_437' title='bbox 660 4964 992 5052; x_wconf 73' lang='grc' dir='ltr'><strong>σαφέστερον</strong></span> <span class='ocrx_word' id='word_1_438' title='bbox 1025 4976 1227 5047; x_wconf 82' lang='grc' dir='ltr'><strong>γένοιτ’</strong></span> <span class='ocrx_word' id='word_1_439' title='bbox 1253 4974 1320 5029; x_wconf 83' lang='grc' dir='ltr'><strong>ἀν</strong></span> <span class='ocrx_word' id='word_1_440' title='bbox 1352 4990 1373 5040; x_wconf 78' lang='lat'><strong>&#39;,</strong></span> <span class='ocrx_word' id='word_1_441' title='bbox 1403 4972 1515 5044; x_wconf 79' lang='grc' dir='ltr'><strong>Τὴν</strong></span> <span class='ocrx_word' id='word_1_442' title='bbox 1566 4969 1760 5052; x_wconf 81' lang='grc' dir='ltr'><strong>κλῆσιν</strong></span> <span class='ocrx_word' id='word_1_443' title='bbox 1810 4964 1918 5039; x_wconf 84' lang='grc' dir='ltr'><strong>γὰρ</strong></span> 
     </span>
    </p>
   </div>
   <div class='ocr_carea' id='block_1_59' title="bbox 308 5050 1923 5137">
    <p class='ocr_par' dir='ltr' id='par_1_59' title="bbox 308 5050 1923 5137">
     <span class='ocr_line' id='line_1_59' title="bbox 308 5050 1923 5137; baseline -0.012 -15"><span class='ocrx_word' id='word_1_444' title='bbox 308 5067 427 5123; x_wconf 85' lang='grc' dir='ltr'><strong>τῶν</strong></span> <span class='ocrx_word' id='word_1_445' title='bbox 475 5065 677 5130; x_wconf 75' lang='grc' dir='ltr'><strong>ἐθνῶν,</strong></span> <span class='ocrx_word' id='word_1_446' title='bbox 711 5050 812 5137; x_wconf 74' lang='grc' dir='ltr'><strong>τήν</strong></span> <span class='ocrx_word' id='word_1_447' title='bbox 845 5050 1119 5135; x_wconf 79' lang='grc' dir='ltr'><strong>ὑπεροχὴν</strong></span> <span class='ocrx_word' id='word_1_448' title='bbox 1168 5056 1262 5112; x_wconf 89' lang='grc' dir='ltr'><strong>τοῦ</strong></span> <span class='ocrx_word' id='word_1_449' title='bbox 1297 5053 1483 5111; x_wconf 81' lang='grc' dir='ltr'><strong>καινοῦ</strong></span> <span class='ocrx_word' id='word_1_450' title='bbox 1516 5053 1652 5126; x_wconf 82' lang='grc' dir='ltr'><strong>πρὸς</strong></span> <span class='ocrx_word' id='word_1_451' title='bbox 1690 5050 1783 5137; x_wconf 69' lang='grc' dir='ltr'><strong>τδν</strong></span> <span class='ocrx_word' id='word_1_452' title='bbox 1826 5064 1923 5103; x_wconf 88' lang='grc' dir='ltr'><strong>πα-</strong></span> 
     </span>
    </p>
   </div>
   <div class='ocr_carea' id='block_1_60' title="bbox 306 5134 1920 5221">
    <p class='ocr_par' dir='ltr' id='par_1_60' title="bbox 306 5134 1920 5221">
     <span class='ocr_line' id='line_1_60' title="bbox 306 5134 1920 5221; baseline -0.013 -14"><span class='ocrx_word' id='word_1_453' title='bbox 306 5151 474 5206; x_wconf 73' lang='grc' dir='ltr'><strong>λαιὸν</strong></span> <span class='ocrx_word' id='word_1_454' title='bbox 508 5149 702 5221; x_wconf 77' lang='grc' dir='ltr'><strong>νόμον,</strong></span> <span class='ocrx_word' id='word_1_455' title='bbox 730 5134 829 5218; x_wconf 74' lang='grc' dir='ltr'><strong>τήν</strong></span> <span class='ocrx_word' id='word_1_456' title='bbox 860 5134 1110 5201; x_wconf 77' lang='grc' dir='ltr'><strong>εὐκολίαν</strong></span> <span class='ocrx_word' id='word_1_457' title='bbox 1138 5146 1238 5213; x_wconf 84' lang='grc' dir='ltr'><strong>τῆς</strong></span> <span class='ocrx_word' id='word_1_458' title='bbox 1268 5139 1657 5221; x_wconf 80' lang='grc' dir='ltr'><strong>προσαγωγῆς,</strong></span> <span class='ocrx_word' id='word_1_459' title='bbox 1685 5134 1793 5221; x_wconf 73' lang='grc' dir='ltr'><strong>τῶν</strong></span> <span class='ocrx_word' id='word_1_460' title='bbox 1829 5151 1920 5221; x_wconf 69' lang='lat' dir='ltr'><strong>1n:</strong></span> 
     </span>
    </p>
   </div>
   <div class='ocr_carea' id='block_1_61' title="bbox 307 5212 1921 5302">
    <p class='ocr_par' dir='ltr' id='par_1_61' title="bbox 307 5212 1921 5302">
     <span class='ocr_line' id='line_1_61' title="bbox 307 5212 1921 5302; baseline -0.012 -14"><span class='ocrx_word' id='word_1_461' title='bbox 307 5212 803 5302; x_wconf 71' lang='grc' dir='ltr'><strong>στευσάντωντὴν</strong></span> <span class='ocrx_word' id='word_1_462' title='bbox 829 5228 1010 5301; x_wconf 84' lang='grc' dir='ltr'><strong>χάριν,</strong></span> <span class='ocrx_word' id='word_1_463' title='bbox 1045 5227 1139 5282; x_wconf 72' lang='grc' dir='ltr'><strong>καὶ</strong></span> <span class='ocrx_word' id='word_1_464' title='bbox 1186 5212 1285 5296; x_wconf 83' lang='grc' dir='ltr'><strong>τὴν</strong></span> <span class='ocrx_word' id='word_1_465' title='bbox 1318 5212 1530 5297; x_wconf 81' lang='grc' dir='ltr'><strong>δωρεάν</strong></span> <span class='ocrx_word' id='word_1_466' title='bbox 1560 5220 1661 5293; x_wconf 78' lang='grc' dir='ltr'><strong>τήν</strong></span> <span class='ocrx_word' id='word_1_467' title='bbox 1699 5217 1790 5272; x_wconf 76' lang='grc' dir='ltr'><strong>διὰ</strong></span> <span class='ocrx_word' id='word_1_468' title='bbox 1825 5212 1921 5269; x_wconf 90' lang='grc' dir='ltr'><strong>τοῦ</strong></span> 
     </span>
    </p>
   </div>
   <div class='ocr_carea' id='block_1_62' title="bbox 306 5302 1924 5390">
    <p class='ocr_par' dir='ltr' id='par_1_62' title="bbox 306 5302 1924 5390">
     <span class='ocr_line' id='line_1_62' title="bbox 306 5302 1924 5390; baseline -0.012 -16"><span class='ocrx_word' id='word_1_469' title='bbox 306 5317 711 5390; x_wconf 80' lang='grc' dir='ltr'><strong>βαπτίσματος</strong></span> <span class='ocrx_word' id='word_1_470' title='bbox 724 5313 1043 5386; x_wconf 81' lang='grc' dir='ltr'><strong>γενομένην,</strong></span> <span class='ocrx_word' id='word_1_471' title='bbox 1055 5309 1142 5366; x_wconf 86' lang='grc' dir='ltr'><strong>διά</strong></span> <span class='ocrx_word' id='word_1_472' title='bbox 1156 5309 1361 5364; x_wconf 88' lang='grc' dir='ltr'><strong>τούτων</strong></span> <span class='ocrx_word' id='word_1_473' title='bbox 1380 5305 1607 5376; x_wconf 76' lang='grc' dir='ltr'><strong>ἐνέφηνε</strong></span> <span class='ocrx_word' id='word_1_474' title='bbox 1625 5302 1733 5357; x_wconf 87' lang='grc' dir='ltr'><strong>τῶν</strong></span> <span class='ocrx_word' id='word_1_475' title='bbox 1753 5303 1924 5375; x_wconf 73' lang='grc' dir='ltr'><strong>προρ-</strong></span> 
     </span>
    </p>
   </div>
   <div class='ocr_carea' id='block_1_63' title="bbox 392 5418 568 5455">
    <p class='ocr_par' dir='ltr' id='par_1_63' title="bbox 392 5418 568 5455">
     <span class='ocr_line' id='line_1_63' title="bbox 392 5418 568 5455; baseline -0.011 0"><span class='ocrx_word' id='word_1_476' title='bbox 392 5418 548 5455; x_wconf 79' lang='grc' dir='ltr'><strong>σεων</strong></span> <span class='ocrx_word' id='word_1_477' title='bbox 553 5439 568 5454; x_wconf 82' lang='grc'><strong>.</strong></span> 
     </span>
    </p>
   </div>
   <div class='ocr_carea' id='block_1_64' title="bbox 309 5403 1925 5559">
    <p class='ocr_par' dir='ltr' id='par_1_64' title="bbox 309 5403 1925 5559">
     <span class='ocr_line' id='line_1_64' title="bbox 309 5403 1925 5559; baseline -0.004 -20"><span class='ocrx_word' id='word_1_478' title='bbox 309 5403 568 5559; x_wconf 51' lang='grc' dir='ltr'><strong>ρήἔξῖοὸἷ</strong></span> <span class='ocrx_word' id='word_1_479' title='bbox 584 5483 803 5538; x_wconf 79' lang='grc' dir='ltr'><strong>ια⁰.Ὄτι</strong></span> <span class='ocrx_word' id='word_1_480' title='bbox 826 5480 987 5546; x_wconf 75' lang='grc' dir='ltr'><strong>αὐτὸς</strong></span> <span class='ocrx_word' id='word_1_481' title='bbox 1010 5473 1162 5544; x_wconf 71' lang='grc' dir='ltr'><strong>οὗτος</strong></span> <span class='ocrx_word' id='word_1_482' title='bbox 1176 5480 1204 5533; x_wconf 88' lang='lat'><strong>6</strong></span> <span class='ocrx_word' id='word_1_483' title='bbox 1219 5475 1389 5559; x_wconf 86' lang='grc' dir='ltr'><strong>ταῦτα</strong></span> <span class='ocrx_word' id='word_1_484' title='bbox 1411 5471 1805 5559; x_wconf 59' lang='grc' dir='ltr'><strong>ἐργασάμενός,</strong></span> <span class='ocrx_word' id='word_1_485' title='bbox 1828 5465 1925 5559; x_wconf 44' lang='lat' dir='ltr'><strong>gulf</strong></span> 
     </span>
    </p>
   </div>
   <div class='ocr_carea' id='block_1_65' title="bbox 309 5548 1925 5637">
    <p class='ocr_par' dir='ltr' id='par_1_65' title="bbox 309 5548 1925 5637">
     <span class='ocr_line' id='line_1_65' title="bbox 309 5548 1925 5637; baseline -0.012 -16"><span class='ocrx_word' id='word_1_486' title='bbox 309 5548 408 5631; x_wconf 53' lang='lat'><strong>2’1;</strong></span> <span class='ocrx_word' id='word_1_487' title='bbox 434 5548 721 5637; x_wconf 74' lang='grc' dir='ltr'><strong>παρέσται</strong></span> <span class='ocrx_word' id='word_1_488' title='bbox 745 5565 840 5618; x_wconf 75' lang='grc' dir='ltr'><strong>καὶ</strong></span> <span class='ocrx_word' id='word_1_489' title='bbox 859 5562 1050 5636; x_wconf 82' lang='grc' dir='ltr'><strong>κριτὴς</strong></span> <span class='ocrx_word' id='word_1_490' title='bbox 1077 5561 1214 5633; x_wconf 81' lang='grc' dir='ltr'><strong>μετά</strong></span> <span class='ocrx_word' id='word_1_491' title='bbox 1227 5558 1417 5624; x_wconf 87' lang='grc' dir='ltr'><strong>ταῦτα,</strong></span> <span class='ocrx_word' id='word_1_492' title='bbox 1432 5560 1534 5631; x_wconf 85' lang='grc' dir='ltr'><strong>δρα</strong></span> <span class='ocrx_word' id='word_1_493' title='bbox 1549 5556 1664 5619; x_wconf 89' lang='grc' dir='ltr'><strong>πῶς</strong></span> <span class='ocrx_word' id='word_1_494' title='bbox 1682 5552 1774 5607; x_wconf 71' lang='grc' dir='ltr'><strong>καὶ</strong></span> <span class='ocrx_word' id='word_1_495' title='bbox 1794 5548 1925 5637; x_wconf 71' lang='grc' dir='ltr'><strong>αύτδ</strong></span> 
     </span>
    </p>
   </div>
   <div class='ocr_carea' id='block_1_66' title="bbox 312 5634 1921 5721">
    <p class='ocr_par' dir='ltr' id='par_1_66' title="bbox 312 5634 1921 5721">
     <span class='ocr_line' id='line_1_66' title="bbox 312 5634 1921 5721; baseline -0.023 4"><span class='ocrx_word' id='word_1_496' title='bbox 312 5634 792 5721; x_wconf 58' lang='grc' dir='ltr'><strong>προανάφωνοῦσι</strong></span> <span class='ocrx_word' id='word_1_497' title='bbox 817 5665 830 5680; x_wconf 85' lang='grc'><strong>·</strong></span> <span class='ocrx_word' id='word_1_498' title='bbox 860 5634 954 5701; x_wconf 75' lang='grc' dir='ltr'><strong>καὶ</strong></span> <span class='ocrx_word' id='word_1_499' title='bbox 991 5634 1101 5719; x_wconf 74' lang='grc' dir='ltr'><strong>γάρ</strong></span> <span class='ocrx_word' id='word_1_500' title='bbox 1130 5647 1250 5701; x_wconf 81' lang='grc' dir='ltr'><strong>οὐδὲ</strong></span> <span class='ocrx_word' id='word_1_501' title='bbox 1282 5643 1440 5699; x_wconf 85' lang='grc' dir='ltr'><strong>τοῦτο</strong></span> <span class='ocrx_word' id='word_1_502' title='bbox 1482 5639 1850 5721; x_wconf 72' lang='grc' dir='ltr'><strong>παρέδραμον,</strong></span> <span class='ocrx_word' id='word_1_503' title='bbox 1873 5634 1921 5687; x_wconf 91' lang='grc' dir='ltr'><strong>οἰ</strong></span> 
     </span>
    </p>
   </div>
   <div class='ocr_carea' id='block_1_67' title="bbox 318 5716 1914 5818">
    <p class='ocr_par' dir='ltr' id='par_1_67' title="bbox 318 5716 1914 5818">
     <span class='ocr_line' id='line_1_67' title="bbox 318 5716 1914 5818; baseline -0.011 -26"><span class='ocrx_word' id='word_1_504' title='bbox 318 5716 428 5808; x_wconf 52' lang='grc' dir='ltr'><strong>μὲν</strong></span> <span class='ocrx_word' id='word_1_505' title='bbox 469 5716 714 5807; x_wconf 77' lang='grc' dir='ltr'><strong>ὁρῶντες</strong></span> <span class='ocrx_word' id='word_1_506' title='bbox 759 5734 918 5790; x_wconf 71' lang='grc' dir='ltr'><strong>αὐτὸν</strong></span> <span class='ocrx_word' id='word_1_507' title='bbox 952 5716 1012 5790; x_wconf 73' lang='grc' dir='ltr'><strong>ἐν</strong></span> <span class='ocrx_word' id='word_1_508' title='bbox 1058 5716 1205 5805; x_wconf 78' lang='grc' dir='ltr'><strong>αὐτῷ</strong></span> <span class='ocrx_word' id='word_1_509' title='bbox 1250 5730 1328 5804; x_wconf 84' lang='grc' dir='ltr'><strong>τῷ</strong></span> <span class='ocrx_word' id='word_1_510' title='bbox 1365 5729 1631 5818; x_wconf 59' lang='grc' dir='ltr'><strong>σχήματι,</strong></span> <span class='ocrx_word' id='word_1_511' title='bbox 1657 5716 1703 5793; x_wconf 80' lang='grc' dir='ltr'><strong>ᾧ</strong></span> <span class='ocrx_word' id='word_1_512' title='bbox 1735 5719 1914 5794; x_wconf 79' lang='grc' dir='ltr'><strong>μέλλει</strong></span> 
     </span>
    </p>
   </div>
   <div class='ocr_carea' id='block_1_68' title="bbox 884 182 1910 262">
    <p class='ocr_par' dir='ltr' id='par_1_68' title="bbox 884 182 1907 244">
     <span class='ocr_line' id='line_1_68' title="bbox 884 182 1907 244; baseline 0.001 -2"><span class='ocrx_word' id='word_1_513' title='bbox 884 182 1162 242; x_wconf 73' lang='lat' dir='ltr'><strong>CONTRA</strong></span> <span class='ocrx_word' id='word_1_514' title='bbox 1196 183 1487 243; x_wconf 69' lang='grc' dir='ltr'><strong>ιυοιιεοε</strong></span> <span class='ocrx_word' id='word_1_515' title='bbox 1524 185 1612 241; x_wconf 85' lang='grc' dir='ltr'><strong>ΕΤ</strong></span> <span class='ocrx_word' id='word_1_516' title='bbox 1652 186 1907 244; x_wconf 68' lang='lat' dir='ltr'><strong>GENTIL</strong></span> 
     </span>
    </p>
   </div>
   <div class='ocr_carea' id='block_1_69' title="bbox 2010 182 3011 262">
    <p class='ocr_par' dir='ltr' id='par_1_69' title="bbox 2010 189 3011 262">
     <span class='ocr_line' id='line_1_69' title="bbox 2010 189 3011 262; baseline 0.015 -17"><span class='ocrx_word' id='word_1_517' title='bbox 2010 242 2011 245; x_wconf 44' lang='grc' dir='ltr'><strong>η</strong></span> <span class='ocrx_word' id='word_1_518' title='bbox 2052 189 2244 262; x_wconf 84' lang='lat' dir='ltr'><strong>QUOD</strong></span> <span class='ocrx_word' id='word_1_519' title='bbox 2281 194 2627 257; x_wconf 68' lang='lat' dir='ltr'><strong>CHRISTUS</strong></span> <span class='ocrx_word' id='word_1_520' title='bbox 2663 199 2773 258; x_wconf 81' lang='lat' dir='ltr'><strong>SIT</strong></span> <span class='ocrx_word' id='word_1_521' title='bbox 2807 200 3011 262; x_wconf 81' lang='lat' dir='ltr'><strong>DEUS.</strong></span> 
     </span>
    </p>
   </div>
   <div class='ocr_carea' id='block_1_70' title="bbox 3476 205 3583 265">
    <p class='ocr_par' dir='ltr' id='par_1_70' title="bbox 3476 205 3583 265">
     <span class='ocr_line' id='line_1_70' title="bbox 3476 205 3583 265; baseline -0.009 0"><span class='ocrx_word' id='word_1_522' title='bbox 3476 205 3583 265; x_wconf 72' lang='lat'><strong>828</strong></span> 
     </span>
    </p>
   </div>
   <div class='ocr_carea' id='block_1_71' title="bbox 2004 308 3586 390">
    <p class='ocr_par' dir='ltr' id='par_1_71' title="bbox 2004 308 3586 390">
     <span class='ocr_line' id='line_1_71' title="bbox 2004 308 3586 390; baseline 0.009 -31"><span class='ocrx_word' id='word_1_523' title='bbox 2004 308 2423 390; x_wconf 82' lang='grc' dir='ltr'><strong>παραγίνεσθαι,</strong></span> <span class='ocrx_word' id='word_1_524' title='bbox 2453 312 2503 365; x_wconf 91' lang='grc' dir='ltr'><strong>οἰ</strong></span> <span class='ocrx_word' id='word_1_525' title='bbox 2520 313 2590 367; x_wconf 86' lang='grc' dir='ltr'><strong>-δέ</strong></span> <span class='ocrx_word' id='word_1_526' title='bbox 2618 312 2709 368; x_wconf 86' lang='grc' dir='ltr'><strong>διά</strong></span> <span class='ocrx_word' id='word_1_527' title='bbox 2745 316 3008 386; x_wconf 78' lang='grc' dir='ltr'><strong>ῥημάτων</strong></span> <span class='ocrx_word' id='word_1_528' title='bbox 3041 314 3222 370; x_wconf 87' lang='grc' dir='ltr'><strong>αὐτῶν</strong></span> <span class='ocrx_word' id='word_1_529' title='bbox 3262 332 3586 390; x_wconf 76' lang='grc' dir='ltr'><strong>προαναφω-</strong></span> 
     </span>
    </p>
   </div>
   <div class='ocr_carea' id='block_1_72' title="bbox 2001 388 3574 475">
    <p class='ocr_par' dir='ltr' id='par_1_72' title="bbox 2001 388 3574 475">
     <span class='ocr_line' id='line_1_72' title="bbox 2001 388 3574 475; baseline 0.01 -34"><span class='ocrx_word' id='word_1_530' title='bbox 2001 388 2238 475; x_wconf 79' lang='grc' dir='ltr'><strong>νοῦντες.</strong></span> <span class='ocrx_word' id='word_1_531' title='bbox 2282 391 2341 446; x_wconf 84' lang='lat'><strong>&#39;0</strong></span> <span class='ocrx_word' id='word_1_532' title='bbox 2365 396 2463 465; x_wconf 78' lang='grc' dir='ltr'><strong>μὲν</strong></span> <span class='ocrx_word' id='word_1_533' title='bbox 2485 395 2593 467; x_wconf 82' lang='grc' dir='ltr'><strong>γὰρ</strong></span> <span class='ocrx_word' id='word_1_534' title='bbox 2621 397 2840 470; x_wconf 81' lang='grc' dir='ltr'><strong>Δανιὴλ,</strong></span> <span class='ocrx_word' id='word_1_535' title='bbox 2863 398 2958 453; x_wconf 73' lang='grc' dir='ltr'><strong>καὶ</strong></span> <span class='ocrx_word' id='word_1_536' title='bbox 2984 399 3160 454; x_wconf 76' lang='grc' dir='ltr'><strong>ταῦτα</strong></span> <span class='ocrx_word' id='word_1_537' title='bbox 3192 402 3251 453; x_wconf 88' lang='grc' dir='ltr'><strong>ἐν</strong></span> <span class='ocrx_word' id='word_1_538' title='bbox 3276 388 3428 472; x_wconf 71' lang='grc' dir='ltr'><strong>μέσῳ</strong></span> <span class='ocrx_word' id='word_1_539' title='bbox 3454 388 3574 475; x_wconf 79' lang='grc' dir='ltr'><strong>βαρ·</strong></span> 
     </span>
    </p>
   </div>
   <div class='ocr_carea' id='block_1_73' title="bbox 2003 473 3587 555">
    <p class='ocr_par' dir='ltr' id='par_1_73' title="bbox 2003 473 3587 555">
     <span class='ocr_line' id='line_1_73' title="bbox 2003 473 3587 555; baseline 0.006 -27"><span class='ocrx_word' id='word_1_540' title='bbox 2003 473 2186 545; x_wconf 88' lang='grc' dir='ltr'><strong>ϐάρων</strong></span> <span class='ocrx_word' id='word_1_541' title='bbox 2207 476 2315 533; x_wconf 90' lang='grc' dir='ltr'><strong>τῶν</strong></span> <span class='ocrx_word' id='word_1_542' title='bbox 2348 475 2726 540; x_wconf 87' lang='grc' dir='ltr'><strong>Βαϐυλωνίων,</strong></span> <span class='ocrx_word' id='word_1_543' title='bbox 2749 483 2851 554; x_wconf 81' lang='grc' dir='ltr'><strong>ὁρᾷ</strong></span> <span class='ocrx_word' id='word_1_544' title='bbox 2885 482 3045 536; x_wconf 81' lang='grc' dir='ltr'><strong>αὐτὸν</strong></span> <span class='ocrx_word' id='word_1_545' title='bbox 3082 483 3175 536; x_wconf 88' lang='grc' dir='ltr'><strong>ἐπί</strong></span> <span class='ocrx_word' id='word_1_546' title='bbox 3211 482 3320 537; x_wconf 88' lang='grc' dir='ltr'><strong>τῶν</strong></span> <span class='ocrx_word' id='word_1_547' title='bbox 3347 473 3587 555; x_wconf 80' lang='grc' dir='ltr'><strong>νεφελῶν</strong></span> 
     </span>
    </p>
   </div>
   <div class='ocr_carea' id='block_1_74' title="bbox 2002 556 3587 639">
    <p class='ocr_par' dir='ltr' id='par_1_74' title="bbox 2002 556 3587 639">
     <span class='ocr_line' id='line_1_74' title="bbox 2002 556 3587 639; baseline 0.008 -30"><span class='ocrx_word' id='word_1_548' title='bbox 2002 556 2294 630; x_wconf 80' lang='grc' dir='ltr'><strong>ἐρχόμενον</strong></span> <span class='ocrx_word' id='word_1_549' title='bbox 2317 577 2330 590; x_wconf 87' lang='grc'><strong>·</strong></span> <span class='ocrx_word' id='word_1_550' title='bbox 2365 562 2459 615; x_wconf 76' lang='grc' dir='ltr'><strong>καὶ</strong></span> <span class='ocrx_word' id='word_1_551' title='bbox 2488 562 2652 617; x_wconf 78' lang='grc' dir='ltr'><strong>ἄκουε</strong></span> <span class='ocrx_word' id='word_1_552' title='bbox 2686 565 2793 618; x_wconf 89' lang='grc' dir='ltr'><strong>τῶν</strong></span> <span class='ocrx_word' id='word_1_553' title='bbox 2819 560 3081 637; x_wconf 76' lang='grc' dir='ltr'><strong>ῥημάτων</strong></span> <span class='ocrx_word' id='word_1_554' title='bbox 3116 566 3296 620; x_wconf 89' lang='grc' dir='ltr'><strong>αὐτῶν</strong></span> <span class='ocrx_word' id='word_1_555' title='bbox 3324 566 3418 621; x_wconf 88' lang='grc' dir='ltr'><strong>τοῦ</strong></span> <span class='ocrx_word' id='word_1_556' title='bbox 3449 584 3587 639; x_wconf 91' lang='grc' dir='ltr'><strong>προ-</strong></span> 
     </span>
    </p>
   </div>
   <div class='ocr_carea' id='block_1_75' title="bbox 2003 642 3590 720">
    <p class='ocr_par' dir='ltr' id='par_1_75' title="bbox 2003 642 3590 720">
     <span class='ocr_line' id='line_1_75' title="bbox 2003 642 3590 720; baseline 0.008 -26"><span class='ocrx_word' id='word_1_557' title='bbox 2003 642 2199 712; x_wconf 87' lang='grc' dir='ltr'><strong>φήτου·</strong></span> <span class='ocrx_word' id='word_1_558' title='bbox 2244 644 2592 714; x_wconf 80' lang='grc' dir='ltr'><strong>Ἐθεώρουν,</strong></span> <span class='ocrx_word' id='word_1_559' title='bbox 2621 648 2773 720; x_wconf 77' lang='grc' dir='ltr'><strong>φησί,</strong></span> <span class='ocrx_word' id='word_1_560' title='bbox 2807 649 2904 702; x_wconf 79' lang='grc' dir='ltr'><strong>καὶ</strong></span> <span class='ocrx_word' id='word_1_561' title='bbox 2936 648 3067 703; x_wconf 84' lang='grc' dir='ltr'><strong>ἰδοὺ</strong></span> <span class='ocrx_word' id='word_1_562' title='bbox 3087 650 3170 716; x_wconf 85' lang='grc' dir='ltr'><strong>ὡς</strong></span> <span class='ocrx_word' id='word_1_563' title='bbox 3205 650 3340 717; x_wconf 79' lang='grc' dir='ltr'><strong>Υἱὸς</strong></span> <span class='ocrx_word' id='word_1_564' title='bbox 3367 651 3590 719; x_wconf 80' lang='grc' dir='ltr'><strong>ἀνθρώ-</strong></span> 
     </span>
    </p>
   </div>
   <div class='ocr_carea' id='block_1_76' title="bbox 2003 727 3590 804">
    <p class='ocr_par' dir='ltr' id='par_1_76' title="bbox 2003 727 3590 804">
     <span class='ocr_line' id='line_1_76' title="bbox 2003 727 3590 804; baseline 0.008 -26"><span class='ocrx_word' id='word_1_565' title='bbox 2003 741 2124 781; x_wconf 82' lang='grc' dir='ltr'><strong>που</strong></span> <span class='ocrx_word' id='word_1_566' title='bbox 2163 727 2486 798; x_wconf 72' lang='grc' dir='ltr'><strong>ἐρχόμενος</strong></span> <span class='ocrx_word' id='word_1_567' title='bbox 2526 731 2624 785; x_wconf 78' lang='grc' dir='ltr'><strong>ὲπί</strong></span> <span class='ocrx_word' id='word_1_568' title='bbox 2676 730 2797 785; x_wconf 84' lang='grc' dir='ltr'><strong>τῶν</strong></span> <span class='ocrx_word' id='word_1_569' title='bbox 2841 731 3114 800; x_wconf 64' lang='grc' dir='ltr'><strong>νεφελῶν</strong></span> <span class='ocrx_word' id='word_1_570' title='bbox 3133 774 3147 798; x_wconf 91' lang='grc'><strong>,</strong></span> <span class='ocrx_word' id='word_1_571' title='bbox 3174 735 3272 788; x_wconf 81' lang='grc' dir='ltr'><strong>καί</strong></span> <span class='ocrx_word' id='word_1_572' title='bbox 3319 734 3590 804; x_wconf 71' lang='grc' dir='ltr'><strong>ἔφθασεν</strong></span> 
     </span>
    </p>
   </div>
   <div class='ocr_carea' id='block_1_77' title="bbox 2002 807 3589 883">
    <p class='ocr_par' dir='ltr' id='par_1_77' title="bbox 2002 807 3589 883">
     <span class='ocr_line' id='line_1_77' title="bbox 2002 807 3589 883; baseline 0.006 -21"><span class='ocrx_word' id='word_1_573' title='bbox 2002 807 2116 876; x_wconf 83' lang='grc' dir='ltr'><strong>ἕως</strong></span> <span class='ocrx_word' id='word_1_574' title='bbox 2150 811 2258 866; x_wconf 88' lang='grc' dir='ltr'><strong>τοῦ</strong></span> <span class='ocrx_word' id='word_1_575' title='bbox 2298 813 2569 868; x_wconf 80' lang='grc' dir='ltr'><strong>Παλαιοῦ</strong></span> <span class='ocrx_word' id='word_1_576' title='bbox 2598 813 2719 868; x_wconf 87' lang='grc' dir='ltr'><strong>τῶν</strong></span> <span class='ocrx_word' id='word_1_577' title='bbox 2748 814 3006 883; x_wconf 71' lang='grc' dir='ltr'><strong>ἡμερῶν,</strong></span> <span class='ocrx_word' id='word_1_578' title='bbox 3051 816 3148 870; x_wconf 77' lang='grc' dir='ltr'><strong>καὶ</strong></span> <span class='ocrx_word' id='word_1_579' title='bbox 3181 815 3441 871; x_wconf 81' lang='grc' dir='ltr'><strong>ἐνώπιον</strong></span> <span class='ocrx_word' id='word_1_580' title='bbox 3483 820 3589 872; x_wconf 80' lang='grc' dir='ltr'><strong>αὐ-</strong></span> 
     </span>
    </p>
   </div>
   <div class='ocr_carea' id='block_1_78' title="bbox 2003 892 3587 970">
    <p class='ocr_par' dir='ltr' id='par_1_78' title="bbox 2003 892 3587 970">
     <span class='ocr_line' id='line_1_78' title="bbox 2003 892 3587 970; baseline 0.005 -24"><span class='ocrx_word' id='word_1_581' title='bbox 2003 892 2112 948; x_wconf 85' lang='grc' dir='ltr'><strong>τοῦ</strong></span> <span class='ocrx_word' id='word_1_582' title='bbox 2149 895 2537 966; x_wconf 77' lang='grc' dir='ltr'><strong>προσηνέχθη</strong></span> <span class='ocrx_word' id='word_1_583' title='bbox 2561 938 2578 963; x_wconf 92' lang='grc'><strong>,</strong></span> <span class='ocrx_word' id='word_1_584' title='bbox 2609 898 2708 951; x_wconf 82' lang='grc' dir='ltr'><strong>καὶ</strong></span> <span class='ocrx_word' id='word_1_585' title='bbox 2746 898 2906 964; x_wconf 82' lang='grc' dir='ltr'><strong>αὐτῷ</strong></span> <span class='ocrx_word' id='word_1_586' title='bbox 2935 898 3113 967; x_wconf 81' lang='grc' dir='ltr'><strong>ἐδόθη</strong></span> <span class='ocrx_word' id='word_1_587' title='bbox 3153 901 3187 968; x_wconf 76' lang='grc' dir='ltr'><strong>η</strong></span> <span class='ocrx_word' id='word_1_588' title='bbox 3221 899 3378 970; x_wconf 78' lang='grc' dir='ltr'><strong>ἀρχὴ</strong></span> <span class='ocrx_word' id='word_1_589' title='bbox 3408 900 3505 954; x_wconf 84' lang='grc' dir='ltr'><strong>καί</strong></span> <span class='ocrx_word' id='word_1_590' title='bbox 3547 902 3587 970; x_wconf 79' lang='grc' dir='ltr'><strong><em>ή</em></strong></span> 
     </span>
    </p>
   </div>
   <div class='ocr_carea' id='block_1_79' title="bbox 1997 975 3589 1053">
    <p class='ocr_par' dir='ltr' id='par_1_79' title="bbox 1997 975 3589 1053">
     <span class='ocr_line' id='line_1_79' title="bbox 1997 975 3589 1053; baseline 0.004 -24"><span class='ocrx_word' id='word_1_591' title='bbox 1997 975 2310 1042; x_wconf 77' lang='grc' dir='ltr'><strong>βασιλεία,</strong></span> <span class='ocrx_word' id='word_1_592' title='bbox 2353 979 2452 1033; x_wconf 81' lang='grc' dir='ltr'><strong>καί</strong></span> <span class='ocrx_word' id='word_1_593' title='bbox 2497 978 2723 1046; x_wconf 82' lang='grc' dir='ltr'><strong>πάντες</strong></span> <span class='ocrx_word' id='word_1_594' title='bbox 2766 985 2819 1035; x_wconf 89' lang='grc' dir='ltr'><strong>οί</strong></span> <span class='ocrx_word' id='word_1_595' title='bbox 2862 982 3024 1045; x_wconf 74' lang='grc' dir='ltr'><strong>λαοὶ,</strong></span> <span class='ocrx_word' id='word_1_596' title='bbox 3058 982 3281 1051; x_wconf 75' lang='grc' dir='ltr'><strong>φυλαί,</strong></span> <span class='ocrx_word' id='word_1_597' title='bbox 3314 981 3589 1053; x_wconf 78' lang='grc' dir='ltr'><strong>γλῶσσαι</strong></span> 
     </span>
    </p>
   </div>
   <div class='ocr_carea' id='block_1_80' title="bbox 2004 1056 3589 1137">
    <p class='ocr_par' dir='ltr' id='par_1_80' title="bbox 2004 1056 3589 1137">
     <span class='ocr_line' id='line_1_80' title="bbox 2004 1056 3589 1137; baseline 0.005 -26"><span class='ocrx_word' id='word_1_598' title='bbox 2004 1056 2167 1123; x_wconf 82' lang='grc' dir='ltr'><strong>αὐτῷ</strong></span> <span class='ocrx_word' id='word_1_599' title='bbox 2194 1058 2627 1117; x_wconf 83' lang='grc' dir='ltr'><strong>δουλεύσουσι.</strong></span> <span class='ocrx_word' id='word_1_600' title='bbox 2656 1061 2763 1117; x_wconf 86' lang='lat' dir='ltr'><strong>Kal</strong></span> <span class='ocrx_word' id='word_1_601' title='bbox 2791 1063 2853 1116; x_wconf 80' lang='grc' dir='ltr'><strong>τὸ</strong></span> <span class='ocrx_word' id='word_1_602' title='bbox 2887 1066 3165 1137; x_wconf 85' lang='grc' dir='ltr'><strong>κριτήριον</strong></span> <span class='ocrx_word' id='word_1_603' title='bbox 3184 1064 3243 1117; x_wconf 78' lang='grc' dir='ltr'><strong>δὲ</strong></span> <span class='ocrx_word' id='word_1_604' title='bbox 3266 1065 3433 1118; x_wconf 86' lang='grc' dir='ltr'><strong>αὐτοῦ</strong></span> <span class='ocrx_word' id='word_1_605' title='bbox 3464 1066 3589 1119; x_wconf 85' lang='grc' dir='ltr'><strong>ὐπο-</strong></span> 
     </span>
    </p>
   </div>
   <div class='ocr_carea' id='block_1_81' title="bbox 2004 1141 3591 1217">
    <p class='ocr_par' dir='ltr' id='par_1_81' title="bbox 2004 1141 3591 1217">
     <span class='ocr_line' id='line_1_81' title="bbox 2004 1141 3591 1217; baseline 0.004 -22"><span class='ocrx_word' id='word_1_606' title='bbox 2004 1141 2232 1212; x_wconf 87' lang='grc' dir='ltr'><strong>γράφων</strong></span> <span class='ocrx_word' id='word_1_607' title='bbox 2262 1144 2424 1215; x_wconf 90' lang='grc' dir='ltr'><strong>φησίν</strong></span> <span class='ocrx_word' id='word_1_608' title='bbox 2445 1160 2459 1174; x_wconf 78' lang='grc'><strong><em>⁸</em></strong></span> <span class='ocrx_word' id='word_1_609' title='bbox 2508 1144 2836 1214; x_wconf 85' lang='grc' dir='ltr'><strong>Ἐθεώρουν</strong></span> <span class='ocrx_word' id='word_1_610' title='bbox 2855 1146 2966 1213; x_wconf 80' lang='grc' dir='ltr'><strong>ἕως</strong></span> <span class='ocrx_word' id='word_1_611' title='bbox 3004 1146 3146 1201; x_wconf 84' lang='grc' dir='ltr'><strong>ὅτου</strong></span> <span class='ocrx_word' id='word_1_612' title='bbox 3172 1148 3372 1217; x_wconf 79' lang='grc' dir='ltr'><strong>θρόνοι</strong></span> <span class='ocrx_word' id='word_1_613' title='bbox 3396 1148 3591 1217; x_wconf 80' lang='grc' dir='ltr'><strong>ἐτέθηι</strong></span> 
     </span>
    </p>
   </div>
   <div class='ocr_carea' id='block_1_82' title="bbox 2005 1225 3590 1301">
    <p class='ocr_par' dir='ltr' id='par_1_82' title="bbox 2005 1225 3590 1301">
     <span class='ocr_line' id='line_1_82' title="bbox 2005 1225 3590 1301; baseline 0.005 -24"><span class='ocrx_word' id='word_1_614' title='bbox 2005 1239 2148 1290; x_wconf 83' lang='grc' dir='ltr'><strong>σαν,</strong></span> <span class='ocrx_word' id='word_1_615' title='bbox 2184 1225 2283 1279; x_wconf 84' lang='grc' dir='ltr'><strong>καί</strong></span> <span class='ocrx_word' id='word_1_616' title='bbox 2322 1227 2526 1291; x_wconf 79' lang='grc' dir='ltr'><strong>βίϐλοι</strong></span> <span class='ocrx_word' id='word_1_617' title='bbox 2556 1227 2953 1297; x_wconf 74' lang='grc' dir='ltr'><strong>ἀνεῴχθησαν</strong></span> <span class='ocrx_word' id='word_1_618' title='bbox 2978 1243 2992 1258; x_wconf 89' lang='grc'><strong>·</strong></span> <span class='ocrx_word' id='word_1_619' title='bbox 3033 1230 3135 1284; x_wconf 85' lang='grc' dir='ltr'><strong>καί</strong></span> <span class='ocrx_word' id='word_1_620' title='bbox 3182 1230 3446 1301; x_wconf 80' lang='grc' dir='ltr'><strong>ποταμὸς</strong></span> <span class='ocrx_word' id='word_1_621' title='bbox 3483 1247 3590 1285; x_wconf 86' lang='grc' dir='ltr'><strong>πυ-</strong></span> 
     </span>
    </p>
   </div>
   <div class='ocr_carea' id='block_1_83' title="bbox 1997 1303 3587 1382">
    <p class='ocr_par' dir='ltr' id='par_1_83' title="bbox 1997 1303 3587 1382">
     <span class='ocr_line' id='line_1_83' title="bbox 1997 1303 3587 1382; baseline 0.004 -21"><span class='ocrx_word' id='word_1_622' title='bbox 1997 1305 2111 1374; x_wconf 83' lang='grc' dir='ltr'><strong>ρὸς</strong></span> <span class='ocrx_word' id='word_1_623' title='bbox 2155 1303 2360 1363; x_wconf 79' lang='grc' dir='ltr'><strong>εἷλκεν</strong></span> <span class='ocrx_word' id='word_1_624' title='bbox 2406 1310 2752 1379; x_wconf 74' lang='grc' dir='ltr'><strong>ἔμπροσθεν</strong></span> <span class='ocrx_word' id='word_1_625' title='bbox 2795 1310 2985 1366; x_wconf 82' lang='grc' dir='ltr'><strong>αὐτοῦ</strong></span> <span class='ocrx_word' id='word_1_626' title='bbox 3016 1327 3031 1342; x_wconf 89' lang='grc'><strong>·</strong></span> <span class='ocrx_word' id='word_1_627' title='bbox 3075 1312 3264 1382; x_wconf 85' lang='grc' dir='ltr'><strong>χίλιαι</strong></span> <span class='ocrx_word' id='word_1_628' title='bbox 3318 1311 3587 1382; x_wconf 77' lang='grc' dir='ltr'><strong>χιλιάδες</strong></span> 
     </span>
    </p>
   </div>
   <div class='ocr_carea' id='block_1_84' title="bbox 2004 1389 3589 1466">
    <p class='ocr_par' dir='ltr' id='par_1_84' title="bbox 2004 1389 3589 1466">
     <span class='ocr_line' id='line_1_84' title="bbox 2004 1389 3589 1466; baseline 0.004 -22"><span class='ocrx_word' id='word_1_629' title='bbox 2004 1389 2426 1462; x_wconf 74' lang='grc' dir='ltr'><strong>ἐλειτούργουν</strong></span> <span class='ocrx_word' id='word_1_630' title='bbox 2465 1393 2656 1459; x_wconf 81' lang='grc' dir='ltr'><strong>αὐτῷ,</strong></span> <span class='ocrx_word' id='word_1_631' title='bbox 2690 1394 2788 1448; x_wconf 83' lang='grc' dir='ltr'><strong>καί</strong></span> <span class='ocrx_word' id='word_1_632' title='bbox 2824 1395 3031 1463; x_wconf 82' lang='grc' dir='ltr'><strong>μύριαι</strong></span> <span class='ocrx_word' id='word_1_633' title='bbox 3066 1394 3355 1464; x_wconf 79' lang='grc' dir='ltr'><strong>μυριάδες</strong></span> <span class='ocrx_word' id='word_1_634' title='bbox 3390 1409 3589 1466; x_wconf 83' lang='grc' dir='ltr'><strong>παρει-</strong></span> 
     </span>
    </p>
   </div>
   <div class='ocr_carea' id='block_1_85' title="bbox 2005 1471 3587 1552">
    <p class='ocr_par' dir='ltr' id='par_1_85' title="bbox 2005 1471 3587 1552">
     <span class='ocr_line' id='line_1_85' title="bbox 2005 1471 3587 1552; baseline 0.006 -27"><span class='ocrx_word' id='word_1_635' title='bbox 2005 1471 2343 1539; x_wconf 82' lang='grc' dir='ltr'><strong>στήκεισαν</strong></span> <span class='ocrx_word' id='word_1_636' title='bbox 2368 1474 2548 1541; x_wconf 80' lang='grc' dir='ltr'><strong>αὐτῷ.</strong></span> <span class='ocrx_word' id='word_1_637' title='bbox 2583 1477 2658 1529; x_wconf 89' lang='grc' dir='ltr'><strong>Οὐ</strong></span> <span class='ocrx_word' id='word_1_638' title='bbox 2689 1478 2849 1548; x_wconf 85' lang='grc' dir='ltr'><strong>μόνον</strong></span> <span class='ocrx_word' id='word_1_639' title='bbox 2879 1476 2956 1539; x_wconf 83' lang='grc' dir='ltr'><strong>δὲ,</strong></span> <span class='ocrx_word' id='word_1_640' title='bbox 2982 1477 3122 1531; x_wconf 87' lang='grc' dir='ltr'><strong>ἀλλά</strong></span> <span class='ocrx_word' id='word_1_641' title='bbox 3154 1478 3249 1533; x_wconf 79' lang='grc' dir='ltr'><strong>καὶ</strong></span> <span class='ocrx_word' id='word_1_642' title='bbox 3281 1479 3381 1552; x_wconf 80' lang='grc' dir='ltr'><strong>τήν</strong></span> <span class='ocrx_word' id='word_1_643' title='bbox 3421 1479 3587 1549; x_wconf 83' lang='grc' dir='ltr'><strong>τιμήν</strong></span> 
     </span>
    </p>
   </div>
   <div class='ocr_carea' id='block_1_86' title="bbox 2005 1554 3586 1631">
    <p class='ocr_par' dir='ltr' id='par_1_86' title="bbox 2005 1554 3586 1631">
     <span class='ocr_line' id='line_1_86' title="bbox 2005 1554 3586 1631; baseline 0.004 -23"><span class='ocrx_word' id='word_1_644' title='bbox 2005 1554 2297 1623; x_wconf 88' lang='grc' dir='ltr'><strong>δείκνυσιν,</strong></span> <span class='ocrx_word' id='word_1_645' title='bbox 2321 1560 2389 1631; x_wconf 81' lang='grc' dir='ltr'><strong>ήν</strong></span> <span class='ocrx_word' id='word_1_646' title='bbox 2424 1558 2710 1630; x_wconf 87' lang='grc' dir='ltr'><strong>μέλλουσιν</strong></span> <span class='ocrx_word' id='word_1_647' title='bbox 2744 1560 2887 1631; x_wconf 69' lang='grc' dir='ltr'><strong>ἔχειν</strong></span> <span class='ocrx_word' id='word_1_648' title='bbox 2909 1562 2959 1614; x_wconf 93' lang='grc' dir='ltr'><strong>οἰ</strong></span> <span class='ocrx_word' id='word_1_649' title='bbox 2979 1560 3177 1616; x_wconf 89' lang='grc' dir='ltr'><strong>δίκαιοι</strong></span> <span class='ocrx_word' id='word_1_650' title='bbox 3199 1599 3215 1624; x_wconf 94' lang='grc'><strong>,</strong></span> <span class='ocrx_word' id='word_1_651' title='bbox 3241 1560 3414 1631; x_wconf 90' lang='grc' dir='ltr'><strong>λέγων</strong></span> <span class='ocrx_word' id='word_1_652' title='bbox 3438 1579 3453 1593; x_wconf 81' lang='grc'><em>’</em></span> <span class='ocrx_word' id='word_1_653' title='bbox 3475 1562 3586 1615; x_wconf 87' lang='lat' dir='ltr'><strong><em>Kal</em></strong></span> 
     </span>
    </p>
   </div>
   <div class='ocr_carea' id='block_1_87' title="bbox 2005 1639 3591 1713">
    <p class='ocr_par' dir='ltr' id='par_1_87' title="bbox 2005 1639 3591 1713">
     <span class='ocr_line' id='line_1_87' title="bbox 2005 1639 3591 1713; baseline 0.003 -21"><span class='ocrx_word' id='word_1_654' title='bbox 2005 1639 2071 1693; x_wconf 85' lang='grc' dir='ltr'><strong>τὸ</strong></span> <span class='ocrx_word' id='word_1_655' title='bbox 2105 1639 2284 1709; x_wconf 70' lang='grc' dir='ltr'><strong>κρζιια</strong></span> <span class='ocrx_word' id='word_1_656' title='bbox 2311 1641 2535 1696; x_wconf 69' lang='grc' dir='ltr'><strong>ἔδωκεν</strong></span> <span class='ocrx_word' id='word_1_657' title='bbox 2562 1644 2756 1713; x_wconf 71' lang='grc' dir='ltr'><strong>ἁγίοις</strong></span> <span class='ocrx_word' id='word_1_658' title='bbox 2786 1644 3102 1711; x_wconf 72' lang='grc' dir='ltr'><strong>Ὑψίστου,</strong></span> <span class='ocrx_word' id='word_1_659' title='bbox 3128 1643 3229 1698; x_wconf 76' lang='grc' dir='ltr'><strong>καὶ</strong></span> <span class='ocrx_word' id='word_1_660' title='bbox 3272 1643 3389 1713; x_wconf 77' lang='grc' dir='ltr'><strong>τὴν</strong></span> <span class='ocrx_word' id='word_1_661' title='bbox 3409 1646 3591 1709; x_wconf 80' lang='grc' dir='ltr'><strong>,ϐασι-</strong></span> 
     </span>
    </p>
   </div>
   <div class='ocr_carea' id='block_1_88' title="bbox 2003 1723 3590 1797">
    <p class='ocr_par' dir='ltr' id='par_1_88' title="bbox 2003 1723 3590 1797">
     <span class='ocr_line' id='line_1_88' title="bbox 2003 1723 3590 1797; baseline 0.002 -20"><span class='ocrx_word' id='word_1_662' title='bbox 2003 1723 2181 1778; x_wconf 79' lang='grc' dir='ltr'><strong>λείαν</strong></span> <span class='ocrx_word' id='word_1_663' title='bbox 2203 1725 2504 1794; x_wconf 81' lang='grc' dir='ltr'><strong>κατέσχον</strong></span> <span class='ocrx_word' id='word_1_664' title='bbox 2538 1728 2594 1779; x_wconf 87' lang='grc' dir='ltr'><strong>οί</strong></span> <span class='ocrx_word' id='word_1_665' title='bbox 2622 1725 2796 1795; x_wconf 76' lang='grc' dir='ltr'><strong>ἅγιοι.</strong></span> <span class='ocrx_word' id='word_1_666' title='bbox 2839 1727 2897 1779; x_wconf 90' lang='lat'><strong>&#39;0</strong></span> <span class='ocrx_word' id='word_1_667' title='bbox 2926 1726 2985 1780; x_wconf 77' lang='grc' dir='ltr'><strong>δὲ</strong></span> <span class='ocrx_word' id='word_1_668' title='bbox 3019 1726 3307 1797; x_wconf 89' lang='grc' dir='ltr'><strong>Μαλαχίας</strong></span> <span class='ocrx_word' id='word_1_669' title='bbox 3327 1768 3340 1790; x_wconf 91' lang='grc'><strong>,</strong></span> <span class='ocrx_word' id='word_1_670' title='bbox 3376 1728 3475 1781; x_wconf 75' lang='grc' dir='ltr'><strong>καὶ</strong></span> <span class='ocrx_word' id='word_1_671' title='bbox 3506 1728 3590 1780; x_wconf 77' lang='grc' dir='ltr'><strong>ὅτι</strong></span> 
     </span>
    </p>
   </div>
   <div class='ocr_carea' id='block_1_89' title="bbox 2004 1805 3588 1882">
    <p class='ocr_par' dir='ltr' id='par_1_89' title="bbox 2004 1805 3588 1882">
     <span class='ocr_line' id='line_1_89' title="bbox 2004 1805 3588 1882; baseline 0.001 -22"><span class='ocrx_word' id='word_1_672' title='bbox 2004 1805 2093 1860; x_wconf 85' lang='grc' dir='ltr'><strong>διά</strong></span> <span class='ocrx_word' id='word_1_673' title='bbox 2119 1806 2291 1879; x_wconf 86' lang='grc' dir='ltr'><strong>πυρὸς</strong></span> <span class='ocrx_word' id='word_1_674' title='bbox 2339 1807 2492 1862; x_wconf 80' lang='grc' dir='ltr'><strong>ἐσται</strong></span> <span class='ocrx_word' id='word_1_675' title='bbox 2542 1809 2608 1863; x_wconf 80' lang='grc' dir='ltr'><strong>τὸ</strong></span> <span class='ocrx_word' id='word_1_676' title='bbox 2650 1808 2999 1880; x_wconf 79' lang='grc' dir='ltr'><strong>δικαστήριον</strong></span> <span class='ocrx_word' id='word_1_677' title='bbox 3045 1809 3244 1872; x_wconf 84' lang='grc' dir='ltr'><strong>ἐκεῖνο,</strong></span> <span class='ocrx_word' id='word_1_678' title='bbox 3288 1810 3588 1882; x_wconf 82' lang='grc' dir='ltr'><strong>παρίστησι</strong></span> 
     </span>
    </p>
   </div>
   <div class='ocr_carea' id='block_1_90' title="bbox 2005 1888 3594 1962">
    <p class='ocr_par' dir='ltr' id='par_1_90' title="bbox 2005 1888 3594 1962">
     <span class='ocr_line' id='line_1_90' title="bbox 2005 1888 3594 1962; baseline 0.002 -18"><span class='ocrx_word' id='word_1_679' title='bbox 2005 1888 2179 1959; x_wconf 91' lang='grc' dir='ltr'><strong>λέγων</strong></span> <span class='ocrx_word' id='word_1_680' title='bbox 2194 1906 2208 1921; x_wconf 88' lang='grc'><strong>·</strong></span> <span class='ocrx_word' id='word_1_681' title='bbox 2251 1890 2407 1946; x_wconf 87' lang='grc' dir='ltr'><strong>Ἰδοὺ</strong></span> <span class='ocrx_word' id='word_1_682' title='bbox 2437 1891 2625 1959; x_wconf 81' lang='grc' dir='ltr'><strong>αὐτὸς</strong></span> <span class='ocrx_word' id='word_1_683' title='bbox 2653 1892 3069 1961; x_wconf 80' lang='grc' dir='ltr'><strong>εἰσπορεύεται</strong></span> <span class='ocrx_word' id='word_1_684' title='bbox 3103 1893 3187 1959; x_wconf 83' lang='grc' dir='ltr'><strong>ὡς</strong></span> <span class='ocrx_word' id='word_1_685' title='bbox 3214 1893 3336 1962; x_wconf 85' lang='grc' dir='ltr'><strong>πῦρ</strong></span> <span class='ocrx_word' id='word_1_686' title='bbox 3375 1910 3594 1962; x_wconf 76' lang='grc' dir='ltr'><strong>χωνευ-</strong></span> 
     </span>
    </p>
   </div>
   <div class='ocr_carea' id='block_1_91' title="bbox 2004 1974 3592 2048">
    <p class='ocr_par' dir='ltr' id='par_1_91' title="bbox 2004 1974 3592 2048">
     <span class='ocr_line' id='line_1_91' title="bbox 2004 1974 3592 2048; baseline 0.001 -20"><span class='ocrx_word' id='word_1_687' title='bbox 2004 1975 2235 2043; x_wconf 85' lang='grc' dir='ltr'><strong>τηριου,</strong></span> <span class='ocrx_word' id='word_1_688' title='bbox 2270 1975 2371 2031; x_wconf 78' lang='grc' dir='ltr'><strong>καί</strong></span> <span class='ocrx_word' id='word_1_689' title='bbox 2409 1977 2490 2043; x_wconf 83' lang='grc' dir='ltr'><strong>ὠς</strong></span> <span class='ocrx_word' id='word_1_690' title='bbox 2530 1977 2650 2030; x_wconf 88' lang='grc' dir='ltr'><strong>πόα</strong></span> <span class='ocrx_word' id='word_1_691' title='bbox 2688 1979 3067 2031; x_wconf 79' lang='grc' dir='ltr'><strong>πλυνόντων.</strong></span> <span class='ocrx_word' id='word_1_692' title='bbox 3112 1974 3268 2041; x_wconf 82' lang='grc' dir='ltr'><strong>Εἶδες</strong></span> <span class='ocrx_word' id='word_1_693' title='bbox 3304 1976 3592 2048; x_wconf 82' lang='grc' dir='ltr'><strong>ἀκρίϐειαν</strong></span> 
     </span>
    </p>
   </div>
   <div class='ocr_carea' id='block_1_92' title="bbox 2006 2057 3591 2131">
    <p class='ocr_par' dir='ltr' id='par_1_92' title="bbox 2006 2057 3591 2131">
     <span class='ocr_line' id='line_1_92' title="bbox 2006 2057 3591 2131; baseline 0.002 -20"><span class='ocrx_word' id='word_1_694' title='bbox 2006 2057 2324 2130; x_wconf 82' lang='grc' dir='ltr'><strong>προφητῶν,</strong></span> <span class='ocrx_word' id='word_1_695' title='bbox 2368 2058 2487 2124; x_wconf 88' lang='grc' dir='ltr'><strong>πῶς</strong></span> <span class='ocrx_word' id='word_1_696' title='bbox 2515 2060 2732 2114; x_wconf 74' lang='grc' dir='ltr'><strong>ἅπαντα</strong></span> <span class='ocrx_word' id='word_1_697' title='bbox 2757 2058 3122 2130; x_wconf 87' lang='grc' dir='ltr'><strong>προλαϐόντες</strong></span> <span class='ocrx_word' id='word_1_698' title='bbox 3149 2061 3490 2131; x_wconf 82' lang='grc' dir='ltr'><strong>ἀνεκήρυξαν</strong></span> <span class='ocrx_word' id='word_1_699' title='bbox 3520 2060 3591 2114; x_wconf 60' lang='lat' dir='ltr'><strong>ea;</strong></span> 
     </span>
    </p>
   </div>
   <div class='ocr_carea' id='block_1_93' title="bbox 2008 2138 3589 2216">
    <p class='ocr_par' dir='ltr' id='par_1_93' title="bbox 2008 2138 3589 2216">
     <span class='ocr_line' id='line_1_93' title="bbox 2008 2138 3589 2216; baseline -0.001 -19"><span class='ocrx_word' id='word_1_700' title='bbox 2008 2142 2385 2213; x_wconf 87' lang='grc' dir='ltr'><strong>συμϐήσεσθαι</strong></span> <span class='ocrx_word' id='word_1_701' title='bbox 2409 2142 2675 2214; x_wconf 85' lang='grc' dir='ltr'><strong>μέλλοντα</strong></span> <span class='ocrx_word' id='word_1_702' title='bbox 2697 2159 2712 2208; x_wconf 89' lang='grc'>;</span> <span class='ocrx_word' id='word_1_703' title='bbox 2733 2140 2859 2206; x_wconf 88' lang='grc' dir='ltr'><strong>Πῶς</strong></span> <span class='ocrx_word' id='word_1_704' title='bbox 2878 2138 2972 2197; x_wconf 81' lang='grc' dir='ltr'><strong>οὖν</strong></span> <span class='ocrx_word' id='word_1_705' title='bbox 2990 2142 3071 2197; x_wconf 77' lang='grc' dir='ltr'><strong>ἑτι</strong></span> <span class='ocrx_word' id='word_1_706' title='bbox 3092 2143 3297 2216; x_wconf 78' lang='grc' dir='ltr'><strong>τολμᾷς</strong></span> <span class='ocrx_word' id='word_1_707' title='bbox 3315 2145 3589 2206; x_wconf 83' lang='grc' dir='ltr'><strong>ἀπιστεῖν,</strong></span> 
     </span>
    </p>
   </div>
   <div class='ocr_carea' id='block_1_94' title="bbox 2004 2224 3591 2298">
    <p class='ocr_par' dir='ltr' id='par_1_94' title="bbox 2004 2224 3591 2298">
     <span class='ocr_line' id='line_1_94' title="bbox 2004 2224 3591 2298; baseline 0.003 -18"><span class='ocrx_word' id='word_1_708' title='bbox 2004 2226 2261 2292; x_wconf 84' lang='grc' dir='ltr'><strong>τοιαύτας</strong></span> <span class='ocrx_word' id='word_1_709' title='bbox 2298 2226 2479 2282; x_wconf 80' lang='grc' dir='ltr'><strong>λαϐὼν</strong></span> <span class='ocrx_word' id='word_1_710' title='bbox 2517 2224 2683 2281; x_wconf 88' lang='grc' dir='ltr'><strong>αὐτοῦ</strong></span> <span class='ocrx_word' id='word_1_711' title='bbox 2713 2226 3017 2294; x_wconf 79' lang='grc' dir='ltr'><strong>ἀποδείξεις</strong></span> <span class='ocrx_word' id='word_1_712' title='bbox 3041 2227 3141 2298; x_wconf 87' lang='grc' dir='ltr'><strong>τῆς</strong></span> <span class='ocrx_word' id='word_1_713' title='bbox 3166 2226 3469 2298; x_wconf 81' lang='grc' dir='ltr'><strong>δυνάμεως,</strong></span> <span class='ocrx_word' id='word_1_714' title='bbox 3493 2227 3591 2298; x_wconf 77' lang='grc' dir='ltr'><strong>ῥή-</strong></span> 
     </span>
    </p>
   </div>
   <div class='ocr_carea' id='block_1_95' title="bbox 2009 2309 3592 2382">
    <p class='ocr_par' dir='ltr' id='par_1_95' title="bbox 2009 2309 3592 2382">
     <span class='ocr_line' id='line_1_95' title="bbox 2009 2309 3592 2382; baseline -0.001 -18"><span class='ocrx_word' id='word_1_715' title='bbox 2009 2326 2158 2382; x_wconf 90' lang='grc' dir='ltr'><strong>ματα</strong></span> <span class='ocrx_word' id='word_1_716' title='bbox 2182 2310 2289 2382; x_wconf 81' lang='grc' dir='ltr'><strong>πρὸ</strong></span> <span class='ocrx_word' id='word_1_717' title='bbox 2314 2310 2569 2365; x_wconf 88' lang='grc' dir='ltr'><strong>τοσούτου</strong></span> <span class='ocrx_word' id='word_1_718' title='bbox 2605 2310 2800 2381; x_wconf 89' lang='grc' dir='ltr'><strong>χρόνου</strong></span> <span class='ocrx_word' id='word_1_719' title='bbox 2833 2309 3280 2380; x_wconf 86' lang='grc' dir='ltr'><strong>ἀναφωνηθέντα,</strong></span> <span class='ocrx_word' id='word_1_720' title='bbox 3312 2309 3409 2363; x_wconf 83' lang='grc' dir='ltr'><strong>καὶ</strong></span> <span class='ocrx_word' id='word_1_721' title='bbox 3448 2310 3592 2380; x_wconf 84' lang='grc' dir='ltr'><strong>πρά-</strong></span> 
     </span>
    </p>
   </div>
   <div class='ocr_carea' id='block_1_96' title="bbox 2005 2392 3591 2465">
    <p class='ocr_par' dir='ltr' id='par_1_96' title="bbox 2005 2392 3591 2465">
     <span class='ocr_line' id='line_1_96' title="bbox 2005 2392 3591 2465; baseline -0.002 -17"><span class='ocrx_word' id='word_1_722' title='bbox 2005 2410 2194 2464; x_wconf 88' lang='grc' dir='ltr'><strong>γματα</strong></span> <span class='ocrx_word' id='word_1_723' title='bbox 2246 2396 2358 2457; x_wconf 83' lang='grc' dir='ltr'><strong>τοῖς</strong></span> <span class='ocrx_word' id='word_1_724' title='bbox 2391 2394 2602 2465; x_wconf 77' lang='grc' dir='ltr'><strong>ῥήμασι</strong></span> <span class='ocrx_word' id='word_1_725' title='bbox 2639 2393 3005 2464; x_wconf 86' lang='grc' dir='ltr'><strong>συμϐαίνοντα</strong></span> <span class='ocrx_word' id='word_1_726' title='bbox 3056 2392 3289 2463; x_wconf 82' lang='grc' dir='ltr'><strong>βλέπων,</strong></span> <span class='ocrx_word' id='word_1_727' title='bbox 3314 2394 3408 2447; x_wconf 79' lang='grc' dir='ltr'><strong>καὶ</strong></span> <span class='ocrx_word' id='word_1_728' title='bbox 3437 2392 3591 2446; x_wconf 77' lang='grc' dir='ltr'><strong>οὐδὲν</strong></span> 
     </span>
    </p>
   </div>
   <div class='ocr_carea' id='block_1_97' title="bbox 2005 2475 3593 2547">
    <p class='ocr_par' dir='ltr' id='par_1_97' title="bbox 2005 2475 3593 2547">
     <span class='ocr_line' id='line_1_97' title="bbox 2005 2475 3593 2547; baseline -0.001 -16"><span class='ocrx_word' id='word_1_729' title='bbox 2005 2476 2143 2541; x_wconf 84' lang='grc' dir='ltr'><strong>ὅλως</strong></span> <span class='ocrx_word' id='word_1_730' title='bbox 2167 2477 2452 2541; x_wconf 87' lang='grc' dir='ltr'><strong>διαπεσόν;</strong></span> <span class='ocrx_word' id='word_1_731' title='bbox 2474 2476 2583 2529; x_wconf 84' lang='lat' dir='ltr'><strong><em>Kal</em></strong></span> <span class='ocrx_word' id='word_1_732' title='bbox 2609 2476 2692 2529; x_wconf 84' lang='grc' dir='ltr'><strong>ὅτι</strong></span> <span class='ocrx_word' id='word_1_733' title='bbox 2711 2477 2773 2529; x_wconf 90' lang='grc' dir='ltr'><strong>οὐ</strong></span> <span class='ocrx_word' id='word_1_734' title='bbox 2799 2475 3096 2546; x_wconf 86' lang='grc' dir='ltr'><strong>πλάσματα</strong></span> <span class='ocrx_word' id='word_1_735' title='bbox 3122 2477 3366 2547; x_wconf 85' lang='grc' dir='ltr'><strong>ήμέτερα</strong></span> <span class='ocrx_word' id='word_1_736' title='bbox 3386 2493 3593 2547; x_wconf 88' lang='grc' dir='ltr'><strong>μαρτυ-</strong></span> 
     </span>
    </p>
   </div>
   <div class='ocr_carea' id='block_1_98' title="bbox 2009 2556 3593 2634">
    <p class='ocr_par' dir='ltr' id='par_1_98' title="bbox 2009 2556 3593 2634">
     <span class='ocr_line' id='line_1_98' title="bbox 2009 2556 3593 2634; baseline -0.001 -21"><span class='ocrx_word' id='word_1_737' title='bbox 2009 2558 2195 2634; x_wconf 88' lang='grc' dir='ltr'><strong>ροῦσιν</strong></span> <span class='ocrx_word' id='word_1_738' title='bbox 2228 2560 2280 2613; x_wconf 91' lang='grc' dir='ltr'><strong>οἰ</strong></span> <span class='ocrx_word' id='word_1_739' title='bbox 2323 2559 2394 2613; x_wconf 80' lang='grc' dir='ltr'><strong>τὰ</strong></span> <span class='ocrx_word' id='word_1_740' title='bbox 2436 2558 2614 2629; x_wconf 89' lang='grc' dir='ltr'><strong>βιϐλία</strong></span> <span class='ocrx_word' id='word_1_741' title='bbox 2659 2558 2756 2613; x_wconf 80' lang='grc' dir='ltr'><strong>καὶ</strong></span> <span class='ocrx_word' id='word_1_742' title='bbox 2795 2558 3004 2629; x_wconf 87' lang='grc' dir='ltr'><strong>πρῶτοι</strong></span> <span class='ocrx_word' id='word_1_743' title='bbox 3043 2557 3326 2628; x_wconf 84' lang='grc' dir='ltr'><strong>δεξάμενοι</strong></span> <span class='ocrx_word' id='word_1_744' title='bbox 3364 2559 3460 2611; x_wconf 73' lang='grc' dir='ltr'><strong>καὶ</strong></span> <span class='ocrx_word' id='word_1_745' title='bbox 3494 2556 3593 2611; x_wconf 88' lang='grc' dir='ltr'><strong>νῦν</strong></span> 
     </span>
    </p>
   </div>
   <div class='ocr_carea' id='block_1_99' title="bbox 2008 2640 3593 2713">
    <p class='ocr_par' dir='ltr' id='par_1_99' title="bbox 2008 2640 3593 2713">
     <span class='ocr_line' id='line_1_99' title="bbox 2008 2640 3593 2713; baseline -0.004 -15"><span class='ocrx_word' id='word_1_746' title='bbox 2008 2642 2355 2713; x_wconf 83' lang='grc' dir='ltr'><strong>κατέχοντες,</strong></span> <span class='ocrx_word' id='word_1_747' title='bbox 2379 2642 2564 2713; x_wconf 85' lang='grc' dir='ltr'><strong>ἐχθροί</strong></span> <span class='ocrx_word' id='word_1_748' title='bbox 2599 2658 2660 2696; x_wconf 87' lang='grc' dir='ltr'><strong>τε</strong></span> <span class='ocrx_word' id='word_1_749' title='bbox 2704 2641 2877 2705; x_wconf 81' lang='grc' dir='ltr'><strong>όντες,</strong></span> <span class='ocrx_word' id='word_1_750' title='bbox 2906 2641 3002 2695; x_wconf 72' lang='grc' dir='ltr'><strong>καὶ</strong></span> <span class='ocrx_word' id='word_1_751' title='bbox 3031 2640 3142 2694; x_wconf 89' lang='grc' dir='ltr'><strong>τῶν</strong></span> <span class='ocrx_word' id='word_1_752' title='bbox 3166 2640 3593 2712; x_wconf 84' lang='grc' dir='ltr'><strong>ἐσταυρωκότων</strong></span> 
     </span>
    </p>
   </div>
   <div class='ocr_carea' id='block_1_100' title="bbox 2008 2723 3590 2795">
    <p class='ocr_par' dir='ltr' id='par_1_100' title="bbox 2008 2723 3590 2795">
     <span class='ocr_line' id='line_1_100' title="bbox 2008 2723 3590 2795; baseline 0 -17"><span class='ocrx_word' id='word_1_753' title='bbox 2008 2725 2243 2794; x_wconf 78' lang='grc' dir='ltr'><strong>ἔκγονοι,</strong></span> <span class='ocrx_word' id='word_1_754' title='bbox 2281 2725 2376 2780; x_wconf 78' lang='grc' dir='ltr'><strong>καὶ</strong></span> <span class='ocrx_word' id='word_1_755' title='bbox 2404 2723 2500 2779; x_wconf 92' lang='grc' dir='ltr'><strong>νῦν</strong></span> <span class='ocrx_word' id='word_1_756' title='bbox 2534 2724 2673 2779; x_wconf 89' lang='grc' dir='ltr'><strong>αὐτά</strong></span> <span class='ocrx_word' id='word_1_757' title='bbox 2710 2724 3034 2795; x_wconf 78' lang='grc' dir='ltr'><strong>κατέχοντες</strong></span> <span class='ocrx_word' id='word_1_758' title='bbox 3062 2724 3159 2778; x_wconf 79' lang='grc' dir='ltr'><strong>καὶ</strong></span> <span class='ocrx_word' id='word_1_759' title='bbox 3183 2723 3590 2795; x_wconf 84' lang='grc' dir='ltr'><strong>διατηροῦντες.</strong></span> 
     </span>
    </p>
   </div>
   <div class='ocr_carea' id='block_1_101' title="bbox 2008 2806 3591 2879">
    <p class='ocr_par' dir='ltr' id='par_1_101' title="bbox 2008 2806 3591 2879">
     <span class='ocr_line' id='line_1_101' title="bbox 2008 2806 3591 2879; baseline 0 -17"><span class='ocrx_word' id='word_1_760' title='bbox 2008 2810 2121 2863; x_wconf 80' lang='grc' dir='ltr'><strong>Καὶ</strong></span> <span class='ocrx_word' id='word_1_761' title='bbox 2144 2809 2260 2873; x_wconf 89' lang='grc' dir='ltr'><strong>πῶς</strong></span> <span class='ocrx_word' id='word_1_762' title='bbox 2290 2809 2353 2862; x_wconf 91' lang='grc' dir='ltr'><strong>οὐ</strong></span> <span class='ocrx_word' id='word_1_763' title='bbox 2400 2808 2740 2875; x_wconf 88' lang='grc' dir='ltr'><strong>πιστεύουσι,</strong></span> <span class='ocrx_word' id='word_1_764' title='bbox 2777 2809 2941 2879; x_wconf 73' lang='grc' dir='ltr'><strong>φησὶν</strong></span> <span class='ocrx_word' id='word_1_765' title='bbox 2965 2849 2980 2873; x_wconf 95' lang='grc'><strong>,</strong></span> <span class='ocrx_word' id='word_1_766' title='bbox 3010 2806 3226 2878; x_wconf 79' lang='grc' dir='ltr'><strong>ἔχοντες</strong></span> <span class='ocrx_word' id='word_1_767' title='bbox 3255 2807 3326 2861; x_wconf 85' lang='grc' dir='ltr'><strong>τὰ</strong></span> <span class='ocrx_word' id='word_1_768' title='bbox 3367 2806 3549 2878; x_wconf 80' lang='grc' dir='ltr'><strong>βιϐλία</strong></span> <span class='ocrx_word' id='word_1_769' title='bbox 3574 2824 3591 2874; x_wconf 87' lang='lat'><strong>;</strong></span> 
     </span>
    </p>
   </div>
   <div class='ocr_carea' id='block_1_102' title="bbox 2010 2890 3596 2964">
    <p class='ocr_par' dir='ltr' id='par_1_102' title="bbox 2010 2890 3596 2964">
     <span class='ocr_line' id='line_1_102' title="bbox 2010 2890 3596 2964; baseline -0.001 -17"><span class='ocrx_word' id='word_1_770' title='bbox 2010 2892 2134 2947; x_wconf 86' lang='grc' dir='ltr'><strong>Ὅτι</strong></span> <span class='ocrx_word' id='word_1_771' title='bbox 2164 2893 2259 2948; x_wconf 82' lang='grc' dir='ltr'><strong>καὶ</strong></span> <span class='ocrx_word' id='word_1_772' title='bbox 2284 2893 2406 2947; x_wconf 90' lang='grc' dir='ltr'><strong>τότε</strong></span> <span class='ocrx_word' id='word_1_773' title='bbox 2447 2892 2968 2964; x_wconf 89' lang='grc' dir='ltr'><strong>θαυματουργοῦντα</strong></span> <span class='ocrx_word' id='word_1_774' title='bbox 3009 2890 3298 2962; x_wconf 87' lang='grc' dir='ltr'><strong>βλέποντες</strong></span> <span class='ocrx_word' id='word_1_775' title='bbox 3325 2894 3429 2946; x_wconf 82' lang='grc' dir='ltr'><strong>οὐκ</strong></span> <span class='ocrx_word' id='word_1_776' title='bbox 3473 2893 3596 2946; x_wconf 87' lang='grc' dir='ltr'><strong>ἐπί-</strong></span> 
     </span>
    </p>
   </div>
   <div class='ocr_carea' id='block_1_103' title="bbox 2010 2973 3591 3049">
    <p class='ocr_par' dir='ltr' id='par_1_103' title="bbox 2010 2973 3591 3049">
     <span class='ocr_line' id='line_1_103' title="bbox 2010 2973 3591 3049; baseline 0.001 -19"><span class='ocrx_word' id='word_1_777' title='bbox 2010 2992 2216 3030; x_wconf 86' lang='grc' dir='ltr'><strong>στευον.</strong></span> <span class='ocrx_word' id='word_1_778' title='bbox 2252 2974 2415 3028; x_wconf 82' lang='grc' dir='ltr'><strong>’Δλλά</strong></span> <span class='ocrx_word' id='word_1_779' title='bbox 2439 2973 2600 3029; x_wconf 91' lang='grc' dir='ltr'><strong>τοῦτο</strong></span> <span class='ocrx_word' id='word_1_780' title='bbox 2639 2977 2703 3029; x_wconf 92' lang='grc' dir='ltr'><strong>οὐ</strong></span> <span class='ocrx_word' id='word_1_781' title='bbox 2732 2973 2828 3029; x_wconf 85' lang='grc' dir='ltr'><strong>τοῦ</strong></span> <span class='ocrx_word' id='word_1_782' title='bbox 2865 2975 3273 3046; x_wconf 83' lang='grc' dir='ltr'><strong>ἀπιστουμένου</strong></span> <span class='ocrx_word' id='word_1_783' title='bbox 3314 2975 3591 3049; x_wconf 75' lang='grc' dir='ltr'><strong>ἔγκλημα,</strong></span> 
     </span>
    </p>
   </div>
   <div class='ocr_carea' id='block_1_104' title="bbox 2008 3057 3594 3132">
    <p class='ocr_par' dir='ltr' id='par_1_104' title="bbox 2008 3057 3594 3132">
     <span class='ocr_line' id='line_1_104' title="bbox 2008 3057 3594 3132; baseline 0.001 -19"><span class='ocrx_word' id='word_1_784' title='bbox 2008 3057 2146 3113; x_wconf 84' lang='grc' dir='ltr'><strong>ἀλλά</strong></span> <span class='ocrx_word' id='word_1_785' title='bbox 2185 3058 2295 3112; x_wconf 91' lang='grc' dir='ltr'><strong>τῶν</strong></span> <span class='ocrx_word' id='word_1_786' title='bbox 2339 3058 2399 3111; x_wconf 92' lang='grc' dir='ltr'><strong>ἐν</strong></span> <span class='ocrx_word' id='word_1_787' title='bbox 2433 3058 2752 3131; x_wconf 69' lang='grc' dir='ltr'><strong>μεσημϐρίᾳ</strong></span> <span class='ocrx_word' id='word_1_788' title='bbox 2782 3058 2927 3132; x_wconf 80' lang='grc' dir='ltr'><strong>μέσῃ</strong></span> <span class='ocrx_word' id='word_1_789' title='bbox 2971 3058 3429 3128; x_wconf 75' lang='grc' dir='ltr'><strong>τυφλωττόντωνο</strong></span> <span class='ocrx_word' id='word_1_790' title='bbox 3469 3062 3594 3116; x_wconf 72' lang='grc' dir='ltr'><strong>ἐπεὶ</strong></span> 
     </span>
    </p>
   </div>
   <div class='ocr_carea' id='block_1_105' title="bbox 2008 3140 3596 3215">
    <p class='ocr_par' dir='ltr' id='par_1_105' title="bbox 2008 3140 3596 3215">
     <span class='ocr_line' id='line_1_105' title="bbox 2008 3140 3596 3215; baseline 0.002 -18"><span class='ocrx_word' id='word_1_791' title='bbox 2008 3142 2102 3197; x_wconf 77' lang='grc' dir='ltr'><strong>καὶ</strong></span> <span class='ocrx_word' id='word_1_792' title='bbox 2136 3140 2229 3196; x_wconf 83' lang='grc' dir='ltr'><strong>τὸν</strong></span> <span class='ocrx_word' id='word_1_793' title='bbox 2255 3141 2457 3212; x_wconf 91' lang='grc' dir='ltr'><strong>κόσμον</strong></span> <span class='ocrx_word' id='word_1_794' title='bbox 2494 3140 2683 3195; x_wconf 90' lang='grc' dir='ltr'><strong>τοῦτον</strong></span> <span class='ocrx_word' id='word_1_795' title='bbox 2719 3143 2801 3205; x_wconf 87' lang='grc' dir='ltr'><strong>είς</strong></span> <span class='ocrx_word' id='word_1_796' title='bbox 2850 3141 3011 3213; x_wconf 87' lang='grc' dir='ltr'><strong>μέσον</strong></span> <span class='ocrx_word' id='word_1_797' title='bbox 3046 3141 3341 3214; x_wconf 88' lang='grc' dir='ltr'><strong>προέθηκε,</strong></span> <span class='ocrx_word' id='word_1_798' title='bbox 3382 3160 3596 3215; x_wconf 52' lang='grc' dir='ltr'><strong>παναρξ</strong></span> 
     </span>
    </p>
   </div>
   <div class='ocr_carea' id='block_1_106' title="bbox 2012 3224 3596 3296">
    <p class='ocr_par' dir='ltr' id='par_1_106' title="bbox 2012 3224 3596 3296">
     <span class='ocr_line' id='line_1_106' title="bbox 2012 3224 3596 3296; baseline 0.001 -17"><span class='ocrx_word' id='word_1_799' title='bbox 2012 3226 2196 3296; x_wconf 89' lang='grc' dir='ltr'><strong>μόνιον</strong></span> <span class='ocrx_word' id='word_1_800' title='bbox 2231 3224 2483 3296; x_wconf 85' lang='grc' dir='ltr'><strong>ϐργανον,</strong></span> <span class='ocrx_word' id='word_1_801' title='bbox 2516 3225 2701 3296; x_wconf 86' lang='grc' dir='ltr'><strong>φωνάς</strong></span> <span class='ocrx_word' id='word_1_802' title='bbox 2731 3225 3070 3296; x_wconf 87' lang='grc' dir='ltr'><strong>πανταχὸθεν</strong></span> <span class='ocrx_word' id='word_1_803' title='bbox 3103 3224 3353 3295; x_wconf 79' lang='grc' dir='ltr'><strong>ἀφιέντα,</strong></span> <span class='ocrx_word' id='word_1_804' title='bbox 3378 3227 3472 3280; x_wconf 76' lang='grc' dir='ltr'><strong>καὶ</strong></span> <span class='ocrx_word' id='word_1_805' title='bbox 3497 3226 3596 3281; x_wconf 75' lang='grc' dir='ltr'><strong>τὸν</strong></span> 
     </span>
    </p>
   </div>
   <div class='ocr_carea' id='block_1_107' title="bbox 2007 3307 3595 3381">
    <p class='ocr_par' dir='ltr' id='par_1_107' title="bbox 2007 3307 3595 3381">
     <span class='ocr_line' id='line_1_107' title="bbox 2007 3307 3595 3381; baseline 0.001 -17"><span class='ocrx_word' id='word_1_806' title='bbox 2007 3308 2338 3381; x_wconf 77' lang='grc' dir='ltr'><strong>δημιουργὸν</strong></span> <span class='ocrx_word' id='word_1_807' title='bbox 2366 3307 2842 3379; x_wconf 77' lang='grc' dir='ltr'><strong>ἀνακηρύττονταο</strong></span> <span class='ocrx_word' id='word_1_808' title='bbox 2875 3310 2971 3362; x_wconf 82' lang='grc' dir='ltr'><strong>καὶ</strong></span> <span class='ocrx_word' id='word_1_809' title='bbox 3005 3309 3157 3378; x_wconf 81' lang='grc' dir='ltr'><strong>ὅμως</strong></span> <span class='ocrx_word' id='word_1_810' title='bbox 3186 3309 3331 3373; x_wconf 72' lang='grc' dir='ltr'><strong>τινες</strong></span> <span class='ocrx_word' id='word_1_811' title='bbox 3364 3309 3476 3365; x_wconf 87' lang='grc' dir='ltr'><strong>τῶν</strong></span> <span class='ocrx_word' id='word_1_812' title='bbox 3499 3311 3595 3365; x_wconf 78' lang='grc' dir='ltr'><strong>ἀνο</strong></span> 
     </span>
    </p>
   </div>
   <div class='ocr_carea' id='block_1_108' title="bbox 2010 3390 3595 3465">
    <p class='ocr_par' dir='ltr' id='par_1_108' title="bbox 2010 3390 3595 3465">
     <span class='ocr_line' id='line_1_108' title="bbox 2010 3390 3595 3465; baseline 0.002 -19"><span class='ocrx_word' id='word_1_813' title='bbox 2010 3390 2244 3465; x_wconf 87' lang='grc' dir='ltr'><strong>θρὼπων</strong></span> <span class='ocrx_word' id='word_1_814' title='bbox 2273 3390 2409 3444; x_wconf 75' lang='grc' dir='ltr'><strong>εἰσὶν</strong></span> <span class='ocrx_word' id='word_1_815' title='bbox 2437 3393 2486 3444; x_wconf 83' lang='grc' dir='ltr'><strong>οἱ</strong></span> <span class='ocrx_word' id='word_1_816' title='bbox 2516 3390 2616 3462; x_wconf 86' lang='grc' dir='ltr'><strong>μὲν</strong></span> <span class='ocrx_word' id='word_1_817' title='bbox 2651 3390 2934 3462; x_wconf 84' lang='grc' dir='ltr'><strong>αὐτόματα</strong></span> <span class='ocrx_word' id='word_1_818' title='bbox 2971 3391 3149 3446; x_wconf 87' lang='grc' dir='ltr'><strong>πάντα</strong></span> <span class='ocrx_word' id='word_1_819' title='bbox 3168 3391 3439 3460; x_wconf 85' lang='grc' dir='ltr'><strong>λέγοντες,</strong></span> <span class='ocrx_word' id='word_1_820' title='bbox 3469 3393 3595 3449; x_wconf 61' lang='grc' dir='ltr'><strong>οἱδὶ</strong></span> 
     </span>
    </p>
   </div>
   <div class='ocr_carea' id='block_1_109' title="bbox 2009 3473 3595 3547">
    <p class='ocr_par' dir='ltr' id='par_1_109' title="bbox 2009 3473 3595 3547">
     <span class='ocr_line' id='line_1_109' title="bbox 2009 3473 3595 3547; baseline 0.001 -18"><span class='ocrx_word' id='word_1_821' title='bbox 2009 3474 2282 3545; x_wconf 88' lang='grc' dir='ltr'><strong>ἀγέννητα</strong></span> <span class='ocrx_word' id='word_1_822' title='bbox 2319 3473 2390 3527; x_wconf 76' lang='grc' dir='ltr'><strong>τὰ</strong></span> <span class='ocrx_word' id='word_1_823' title='bbox 2416 3473 2697 3546; x_wconf 83' lang='grc' dir='ltr'><strong>ὁρώμενα,</strong></span> <span class='ocrx_word' id='word_1_824' title='bbox 2721 3475 2771 3528; x_wconf 92' lang='grc' dir='ltr'><strong>οἰ</strong></span> <span class='ocrx_word' id='word_1_825' title='bbox 2808 3474 2867 3529; x_wconf 88' lang='grc' dir='ltr'><strong>δέ</strong></span> <span class='ocrx_word' id='word_1_826' title='bbox 2906 3474 3153 3547; x_wconf 87' lang='grc' dir='ltr'><strong>δαίμοσιν</strong></span> <span class='ocrx_word' id='word_1_827' title='bbox 3195 3476 3595 3547; x_wconf 74' lang='grc' dir='ltr'><strong>ἐπιγράφοντες</strong></span> 
     </span>
    </p>
   </div>
   <div class='ocr_carea' id='block_1_110' title="bbox 2008 3557 3595 3632">
    <p class='ocr_par' dir='ltr' id='par_1_110' title="bbox 2008 3557 3595 3632">
     <span class='ocr_line' id='line_1_110' title="bbox 2008 3557 3595 3632; baseline 0.001 -19"><span class='ocrx_word' id='word_1_828' title='bbox 2008 3559 2109 3630; x_wconf 79' lang='grc' dir='ltr'><strong>τήν</strong></span> <span class='ocrx_word' id='word_1_829' title='bbox 2136 3557 2341 3612; x_wconf 89' lang='grc' dir='ltr'><strong>τούτων</strong></span> <span class='ocrx_word' id='word_1_830' title='bbox 2354 3558 2710 3629; x_wconf 86' lang='grc' dir='ltr'><strong>δημιουργίαν</strong></span> <span class='ocrx_word' id='word_1_831' title='bbox 2739 3558 2837 3613; x_wconf 73' lang='grc' dir='ltr'><strong>καὶ</strong></span> <span class='ocrx_word' id='word_1_832' title='bbox 2861 3557 3140 3629; x_wconf 87' lang='grc' dir='ltr'><strong>πρόνοιαν,</strong></span> <span class='ocrx_word' id='word_1_833' title='bbox 3162 3557 3312 3613; x_wconf 73' lang='grc' dir='ltr'><strong>ἄλλοι</strong></span> <span class='ocrx_word' id='word_1_834' title='bbox 3338 3558 3477 3632; x_wconf 78' lang='grc' dir='ltr'><strong>τύχη</strong></span> <span class='ocrx_word' id='word_1_835' title='bbox 3498 3561 3595 3614; x_wconf 79' lang='grc' dir='ltr'><strong>καὶ</strong></span> 
     </span>
    </p>
   </div>
   <div class='ocr_carea' id='block_1_111' title="bbox 2009 3640 3588 3714">
    <p class='ocr_par' dir='ltr' id='par_1_111' title="bbox 2009 3640 3588 3714">
     <span class='ocr_line' id='line_1_111' title="bbox 2009 3640 3588 3714; baseline 0 -18"><span class='ocrx_word' id='word_1_836' title='bbox 2009 3640 2353 3714; x_wconf 84' lang='grc' dir='ltr'><strong>εἰμαρμένῃ,</strong></span> <span class='ocrx_word' id='word_1_837' title='bbox 2399 3641 2496 3695; x_wconf 76' lang='grc' dir='ltr'><strong>καὶ</strong></span> <span class='ocrx_word' id='word_1_838' title='bbox 2546 3640 2795 3710; x_wconf 86' lang='grc' dir='ltr'><strong>γενέσει,</strong></span> <span class='ocrx_word' id='word_1_839' title='bbox 2829 3641 2923 3695; x_wconf 79' lang='grc' dir='ltr'><strong>καὶ</strong></span> <span class='ocrx_word' id='word_1_840' title='bbox 2972 3641 3189 3712; x_wconf 82' lang='grc' dir='ltr'><strong>ἄστρων</strong></span> <span class='ocrx_word' id='word_1_841' title='bbox 3244 3644 3588 3711; x_wconf 80' lang='grc' dir='ltr'><strong>περιφοραῖς.</strong></span> 
     </span>
    </p>
   </div>
   <div class='ocr_carea' id='block_1_112' title="bbox 2023 3723 3592 3799">
    <p class='ocr_par' dir='ltr' id='par_1_112' title="bbox 2023 3723 3592 3799">
     <span class='ocr_line' id='line_1_112' title="bbox 2023 3723 3592 3799; baseline 0 -19"><span class='ocrx_word' id='word_1_842' title='bbox 2023 3726 2161 3780; x_wconf 84' lang='grc' dir='ltr'><strong>Ἀλλ’</strong></span> <span class='ocrx_word' id='word_1_843' title='bbox 2186 3725 2399 3780; x_wconf 86' lang='grc' dir='ltr'><strong>οὐδέπω</strong></span> <span class='ocrx_word' id='word_1_844' title='bbox 2421 3723 2580 3780; x_wconf 90' lang='grc' dir='ltr'><strong>τοῦτο</strong></span> <span class='ocrx_word' id='word_1_845' title='bbox 2613 3728 2707 3781; x_wconf 82' lang='grc' dir='ltr'><strong>τοῦ</strong></span> <span class='ocrx_word' id='word_1_846' title='bbox 2745 3725 3078 3799; x_wconf 80' lang='grc' dir='ltr'><strong>δημιουργοῦ</strong></span> <span class='ocrx_word' id='word_1_847' title='bbox 3101 3726 3353 3797; x_wconf 74' lang='grc' dir='ltr'><strong>ἔγκλημα</strong></span> <span class='ocrx_word' id='word_1_848' title='bbox 3372 3767 3386 3788; x_wconf 90' lang='grc'><strong>,</strong></span> <span class='ocrx_word' id='word_1_849' title='bbox 3416 3726 3532 3780; x_wconf 83' lang='grc' dir='ltr'><strong>ἀλλ’</strong></span> <span class='ocrx_word' id='word_1_850' title='bbox 3556 3728 3592 3799; x_wconf 83' lang='grc' dir='ltr'><strong>ή</strong></span> 
     </span>
    </p>
   </div>
   <div class='ocr_carea' id='block_1_113' title="bbox 2010 3807 3593 3882">
    <p class='ocr_par' dir='ltr' id='par_1_113' title="bbox 2010 3807 3593 3882">
     <span class='ocr_line' id='line_1_113' title="bbox 2010 3807 3593 3882; baseline -0.001 -16"><span class='ocrx_word' id='word_1_851' title='bbox 2010 3809 2314 3882; x_wconf 85' lang='grc' dir='ltr'><strong>κατηγορία</strong></span> <span class='ocrx_word' id='word_1_852' title='bbox 2356 3807 2467 3864; x_wconf 86' lang='grc' dir='ltr'><strong>τῶν</strong></span> <span class='ocrx_word' id='word_1_853' title='bbox 2509 3808 2649 3880; x_wconf 86' lang='grc' dir='ltr'><strong>μετά</strong></span> <span class='ocrx_word' id='word_1_854' title='bbox 2674 3808 2912 3864; x_wconf 80' lang='grc' dir='ltr'><strong>τοσαῦτα</strong></span> <span class='ocrx_word' id='word_1_855' title='bbox 2949 3810 3219 3882; x_wconf 86' lang='grc' dir='ltr'><strong>φάρμακα</strong></span> <span class='ocrx_word' id='word_1_856' title='bbox 3252 3810 3313 3864; x_wconf 82' lang='grc' dir='ltr'><strong>ἐν</strong></span> <span class='ocrx_word' id='word_1_857' title='bbox 3335 3809 3593 3881; x_wconf 78' lang='grc' dir='ltr'><strong>ἐσχάταις</strong></span> 
     </span>
    </p>
   </div>
   <div class='ocr_carea' id='block_1_114' title="bbox 2010 3887 3596 3966">
    <p class='ocr_par' dir='ltr' id='par_1_114' title="bbox 2010 3887 3596 3966">
     <span class='ocr_line' id='line_1_114' title="bbox 2010 3887 3596 3966; baseline -0.003 -17"><span class='ocrx_word' id='word_1_858' title='bbox 2010 3892 2279 3966; x_wconf 84' lang='grc' dir='ltr'><strong>κειμένων</strong></span> <span class='ocrx_word' id='word_1_859' title='bbox 2309 3893 2507 3957; x_wconf 84' lang='grc' dir='ltr'><strong>νόσοις.</strong></span> <span class='ocrx_word' id='word_1_860' title='bbox 2539 3892 2751 3965; x_wconf 82' lang='grc' dir='ltr'><strong>Ὠσπερ</strong></span> <span class='ocrx_word' id='word_1_861' title='bbox 2775 3892 2886 3963; x_wconf 82' lang='grc' dir='ltr'><strong>γὰρ</strong></span> <span class='ocrx_word' id='word_1_862' title='bbox 2927 3893 3056 3948; x_wconf 85' lang='grc' dir='ltr'><strong>δταν</strong></span> <span class='ocrx_word' id='word_1_863' title='bbox 3090 3891 3388 3963; x_wconf 77' lang='grc' dir='ltr'><strong>εὐγνώμων</strong></span> <span class='ocrx_word' id='word_1_864' title='bbox 3491 3892 3596 3963; x_wconf 67' lang='lat' dir='ltr'><strong>qm-</strong></span> 
     </span>
    </p>
   </div>
   <div class='ocr_carea' id='block_1_115' title="bbox 2011 3974 3595 4048">
    <p class='ocr_par' dir='ltr' id='par_1_115' title="bbox 2011 3974 3595 4048">
     <span class='ocr_line' id='line_1_115' title="bbox 2011 3974 3595 4048; baseline -0.001 -17"><span class='ocrx_word' id='word_1_865' title='bbox 2011 3976 2105 4048; x_wconf 81' lang='grc' dir='ltr'><strong>χή,</strong></span> <span class='ocrx_word' id='word_1_866' title='bbox 2136 3976 2198 4031; x_wconf 81' lang='grc' dir='ltr'><strong>τὸ</strong></span> <span class='ocrx_word' id='word_1_867' title='bbox 2223 3975 2341 4031; x_wconf 88' lang='grc' dir='ltr'><strong>δέον</strong></span> <span class='ocrx_word' id='word_1_868' title='bbox 2380 3976 2601 4048; x_wconf 80' lang='grc' dir='ltr'><strong>συνορᾷ,</strong></span> <span class='ocrx_word' id='word_1_869' title='bbox 2627 3976 2688 4030; x_wconf 89' lang='grc' dir='ltr'><strong>οὐ</strong></span> <span class='ocrx_word' id='word_1_870' title='bbox 2727 3974 2942 4031; x_wconf 83' lang='grc' dir='ltr'><strong>πολλῶν</strong></span> <span class='ocrx_word' id='word_1_871' title='bbox 2976 3974 3200 4048; x_wconf 80' lang='grc' dir='ltr'><strong>δεομένη</strong></span> <span class='ocrx_word' id='word_1_872' title='bbox 3232 3974 3595 4047; x_wconf 85' lang='grc' dir='ltr'><strong>βοηθημάτων</strong></span> 
     </span>
    </p>
   </div>
   <div class='ocr_carea' id='block_1_116' title="bbox 2012 4058 3593 4132">
    <p class='ocr_par' dir='ltr' id='par_1_116' title="bbox 2012 4058 3593 4132">
     <span class='ocr_line' id='line_1_116' title="bbox 2012 4058 3593 4132; baseline -0.002 -18"><span class='ocrx_word' id='word_1_873' title='bbox 2012 4062 2091 4124; x_wconf 88' lang='grc' dir='ltr'><strong>εἰς</strong></span> <span class='ocrx_word' id='word_1_874' title='bbox 2115 4059 2305 4115; x_wconf 84' lang='grc' dir='ltr'><strong>τοῦτο·</strong></span> <span class='ocrx_word' id='word_1_875' title='bbox 2328 4058 2473 4115; x_wconf 75' lang='grc' dir='ltr'><strong>οὕτω</strong></span> <span class='ocrx_word' id='word_1_876' title='bbox 2487 4059 2551 4132; x_wconf 83' lang='grc' dir='ltr'><strong>δὴ</strong></span> <span class='ocrx_word' id='word_1_877' title='bbox 2578 4060 2672 4114; x_wconf 80' lang='grc' dir='ltr'><strong>καὶ</strong></span> <span class='ocrx_word' id='word_1_878' title='bbox 2689 4060 2818 4115; x_wconf 80' lang='grc' dir='ltr'><strong>ὅταν</strong></span> <span class='ocrx_word' id='word_1_879' title='bbox 2837 4059 3108 4132; x_wconf 87' lang='grc' dir='ltr'><strong>ἀγνώμων</strong></span> <span class='ocrx_word' id='word_1_880' title='bbox 3128 4060 3227 4115; x_wconf 81' lang='grc' dir='ltr'><strong>καὶ</strong></span> <span class='ocrx_word' id='word_1_881' title='bbox 3244 4058 3593 4130; x_wconf 84' lang='grc' dir='ltr'><strong>ἀναίσθητος,</strong></span> 
     </span>
    </p>
   </div>
   <div class='ocr_carea' id='block_1_117' title="bbox 2012 4141 3594 4217">
    <p class='ocr_par' dir='ltr' id='par_1_117' title="bbox 2012 4141 3594 4217">
     <span class='ocr_line' id='line_1_117' title="bbox 2012 4141 3594 4217; baseline -0.002 -20"><span class='ocrx_word' id='word_1_882' title='bbox 2012 4141 2116 4198; x_wconf 78' lang='grc' dir='ltr'><strong>κᾶν</strong></span> <span class='ocrx_word' id='word_1_883' title='bbox 2133 4141 2362 4215; x_wconf 89' lang='grc' dir='ltr'><strong>μυρίους</strong></span> <span class='ocrx_word' id='word_1_884' title='bbox 2389 4142 2491 4217; x_wconf 76' lang='grc' dir='ltr'><strong>ἔχῃ</strong></span> <span class='ocrx_word' id='word_1_885' title='bbox 2517 4144 2644 4208; x_wconf 83' lang='grc' dir='ltr'><strong>τοὺς</strong></span> <span class='ocrx_word' id='word_1_886' title='bbox 2671 4143 3167 4215; x_wconf 85' lang='grc' dir='ltr'><strong>χειραγωγοῦντας,</strong></span> <span class='ocrx_word' id='word_1_887' title='bbox 3183 4141 3594 4216; x_wconf 85' lang='grc' dir='ltr'><strong>προκατειλημ-</strong></span> 
     </span>
    </p>
   </div>
   <div class='ocr_carea' id='block_1_118' title="bbox 2016 4222 3596 4298">
    <p class='ocr_par' dir='ltr' id='par_1_118' title="bbox 2016 4222 3596 4298">
     <span class='ocr_line' id='line_1_118' title="bbox 2016 4222 3596 4298; baseline -0.004 -15"><span class='ocrx_word' id='word_1_888' title='bbox 2016 4225 2153 4298; x_wconf 85' lang='grc' dir='ltr'><strong>μένη</strong></span> <span class='ocrx_word' id='word_1_889' title='bbox 2196 4226 2428 4290; x_wconf 84' lang='grc' dir='ltr'><strong>πάθεσι,</strong></span> <span class='ocrx_word' id='word_1_890' title='bbox 2464 4226 2618 4297; x_wconf 85' lang='grc' dir='ltr'><strong>μένει</strong></span> <span class='ocrx_word' id='word_1_891' title='bbox 2657 4226 3058 4297; x_wconf 88' lang='grc' dir='ltr'><strong>τυφλώττουσα.</strong></span> <span class='ocrx_word' id='word_1_892' title='bbox 3089 4227 3233 4297; x_wconf 89' lang='grc' dir='ltr'><strong>Ὅρα</strong></span> <span class='ocrx_word' id='word_1_893' title='bbox 3274 4223 3405 4295; x_wconf 90' lang='grc' dir='ltr'><strong>γοῦν</strong></span> <span class='ocrx_word' id='word_1_894' title='bbox 3436 4222 3596 4277; x_wconf 80' lang='grc' dir='ltr'><strong>τοῦτο</strong></span> 
     </span>
    </p>
   </div>
   <div class='ocr_carea' id='block_1_119' title="bbox 2013 4308 3592 4382">
    <p class='ocr_par' dir='ltr' id='par_1_119' title="bbox 2013 4308 3592 4382">
     <span class='ocr_line' id='line_1_119' title="bbox 2013 4308 3592 4382; baseline -0.002 -19"><span class='ocrx_word' id='word_1_895' title='bbox 2013 4308 2289 4381; x_wconf 90' lang='grc' dir='ltr'><strong>πανταχοῦ</strong></span> <span class='ocrx_word' id='word_1_896' title='bbox 2321 4309 2636 4381; x_wconf 84' lang='grc' dir='ltr'><strong>συμϐαῖνον,</strong></span> <span class='ocrx_word' id='word_1_897' title='bbox 2658 4312 2760 4365; x_wconf 88' lang='grc' dir='ltr'><strong>οὐκ</strong></span> <span class='ocrx_word' id='word_1_898' title='bbox 2782 4310 2874 4365; x_wconf 66' lang='grc' dir='ltr'><strong>ἐπὶ</strong></span> <span class='ocrx_word' id='word_1_899' title='bbox 2906 4311 3004 4382; x_wconf 87' lang='grc' dir='ltr'><strong>τῆς</strong></span> <span class='ocrx_word' id='word_1_900' title='bbox 3028 4309 3337 4373; x_wconf 76' lang='grc' dir='ltr'><strong>ὑποθέσεως</strong></span> <span class='ocrx_word' id='word_1_901' title='bbox 3364 4308 3592 4380; x_wconf 89' lang='grc' dir='ltr'><strong>ταύτης,</strong></span> 
     </span>
    </p>
   </div>
   <div class='ocr_carea' id='block_1_120' title="bbox 2014 4391 3592 4465">
    <p class='ocr_par' dir='ltr' id='par_1_120' title="bbox 2014 4391 3592 4465">
     <span class='ocr_line' id='line_1_120' title="bbox 2014 4391 3592 4465; baseline -0.001 -18"><span class='ocrx_word' id='word_1_902' title='bbox 2014 4392 2261 4448; x_wconf 85' lang='grc' dir='ltr'><strong>ἀλλάκαί</strong></span> <span class='ocrx_word' id='word_1_903' title='bbox 2288 4391 2542 4464; x_wconf 89' lang='grc' dir='ltr'><strong>ἀλλαχοῦ.</strong></span> <span class='ocrx_word' id='word_1_904' title='bbox 2572 4393 2733 4449; x_wconf 88' lang='grc' dir='ltr'><strong>Πόσοι</strong></span> <span class='ocrx_word' id='word_1_905' title='bbox 2752 4393 2883 4464; x_wconf 90' lang='grc' dir='ltr'><strong>γοῦν</strong></span> <span class='ocrx_word' id='word_1_906' title='bbox 2913 4394 3094 4465; x_wconf 83' lang='grc' dir='ltr'><strong>νόμων</strong></span> <span class='ocrx_word' id='word_1_907' title='bbox 3117 4394 3219 4449; x_wconf 87' lang='grc' dir='ltr'><strong>οὐκ</strong></span> <span class='ocrx_word' id='word_1_908' title='bbox 3238 4392 3592 4457; x_wconf 80' lang='grc' dir='ltr'><strong>ἀκούσαντες,</strong></span> 
     </span>
    </p>
   </div>
   <div class='ocr_carea' id='block_1_121' title="bbox 2016 4474 3596 4549">
    <p class='ocr_par' dir='ltr' id='par_1_121' title="bbox 2016 4474 3596 4549">
     <span class='ocr_line' id='line_1_121' title="bbox 2016 4474 3596 4549; baseline 0.001 -19"><span class='ocrx_word' id='word_1_909' title='bbox 2016 4474 2387 4547; x_wconf 85' lang='grc' dir='ltr'><strong>ἐννομώτατον</strong></span> <span class='ocrx_word' id='word_1_910' title='bbox 2404 4476 2713 4533; x_wconf 83' lang='grc' dir='ltr'><strong>διετέλεσαν</strong></span> <span class='ocrx_word' id='word_1_911' title='bbox 2742 4477 3177 4549; x_wconf 75' lang='grc' dir='ltr'><strong>ἐπιδεικνύμενοι</strong></span> <span class='ocrx_word' id='word_1_912' title='bbox 3206 4476 3320 4549; x_wconf 88' lang='grc' dir='ltr'><strong>βίον</strong></span> <span class='ocrx_word' id='word_1_913' title='bbox 3335 4494 3351 4543; x_wconf 86' lang='grc'>;</span> <span class='ocrx_word' id='word_1_914' title='bbox 3368 4476 3517 4532; x_wconf 79' lang='grc' dir='ltr'><strong>ἄλλοι</strong></span> <span class='ocrx_word' id='word_1_915' title='bbox 3537 4476 3596 4531; x_wconf 66' lang='grc' dir='ltr'><strong>δὲ</strong></span> 
     </span>
    </p>
   </div>
   <div class='ocr_carea' id='block_1_122' title="bbox 2018 4558 3599 4638">
    <p class='ocr_par' dir='ltr' id='par_1_122' title="bbox 2018 4558 3599 4638">
     <span class='ocr_line' id='line_1_122' title="bbox 2018 4558 3599 4638; baseline 0.001 -25"><span class='ocrx_word' id='word_1_916' title='bbox 2018 4561 2083 4616; x_wconf 91' lang='grc' dir='ltr'><strong>ἐκ</strong></span> <span class='ocrx_word' id='word_1_917' title='bbox 2095 4558 2319 4632; x_wconf 89' lang='grc' dir='ltr'><strong>πρώτης</strong></span> <span class='ocrx_word' id='word_1_918' title='bbox 2349 4560 2564 4631; x_wconf 81' lang='grc' dir='ltr'><strong>ἡλικίας</strong></span> <span class='ocrx_word' id='word_1_919' title='bbox 2601 4562 2787 4627; x_wconf 87' lang='grc' dir='ltr'><strong>αὐτοῖς</strong></span> <span class='ocrx_word' id='word_1_920' title='bbox 2824 4561 3223 4638; x_wconf 89' lang='grc' dir='ltr'><strong>συντραφέντες</strong></span> <span class='ocrx_word' id='word_1_921' title='bbox 3259 4564 3339 4626; x_wconf 85' lang='grc' dir='ltr'><strong>εἰς</strong></span> <span class='ocrx_word' id='word_1_922' title='bbox 3373 4561 3599 4633; x_wconf 72' lang='grc' dir='ltr'><strong>ἔσχατον</strong></span> 
     </span>
    </p>
   </div>
   <div class='ocr_carea' id='block_1_123' title="bbox 2017 4644 3596 4717">
    <p class='ocr_par' dir='ltr' id='par_1_123' title="bbox 2017 4644 3596 4717">
     <span class='ocr_line' id='line_1_123' title="bbox 2017 4644 3596 4717; baseline -0.008 -6"><span class='ocrx_word' id='word_1_923' title='bbox 2017 4644 2193 4717; x_wconf 82' lang='grc' dir='ltr'><strong>γῆρας</strong></span> <span class='ocrx_word' id='word_1_924' title='bbox 2207 4646 2321 4708; x_wconf 80' lang='grc' dir='ltr'><strong>τοῖς</strong></span> <span class='ocrx_word' id='word_1_925' title='bbox 2350 4645 2559 4716; x_wconf 88' lang='grc' dir='ltr'><strong>νόμοις.</strong></span> <span class='ocrx_word' id='word_1_926' title='bbox 2572 4646 2673 4700; x_wconf 86' lang='grc' dir='ltr'><strong>οὐκ</strong></span> <span class='ocrx_word' id='word_1_927' title='bbox 2686 4646 2996 4702; x_wconf 75' lang='grc' dir='ltr'><strong>ἐπαύσαντο</strong></span> <span class='ocrx_word' id='word_1_928' title='bbox 3015 4647 3214 4711; x_wconf 81' lang='grc' dir='ltr'><strong>αὐτοὺς</strong></span> <span class='ocrx_word' id='word_1_929' title='bbox 3238 4646 3596 4715; x_wconf 77' lang='grc' dir='ltr'><strong>παραϐαίνον-</strong></span> 
     </span>
    </p>
   </div>
   <div class='ocr_carea' id='block_1_124' title="bbox 2015 4726 3600 4800">
    <p class='ocr_par' dir='ltr' id='par_1_124' title="bbox 2015 4726 3600 4800">
     <span class='ocr_line' id='line_1_124' title="bbox 2015 4726 3600 4800; baseline 0 -19"><span class='ocrx_word' id='word_1_930' title='bbox 2015 4745 2128 4792; x_wconf 88' lang='grc' dir='ltr'><strong>τες.</strong></span> <span class='ocrx_word' id='word_1_931' title='bbox 2143 4726 2329 4781; x_wconf 89' lang='grc' dir='ltr'><strong>Ταῦτα</strong></span> <span class='ocrx_word' id='word_1_932' title='bbox 2350 4729 2446 4783; x_wconf 75' lang='grc' dir='ltr'><strong>καὶ</strong></span> <span class='ocrx_word' id='word_1_933' title='bbox 2472 4729 2689 4786; x_wconf 72' lang='grc' dir='ltr'><strong>ἐπὶτῶν</strong></span> <span class='ocrx_word' id='word_1_934' title='bbox 2709 4730 2953 4786; x_wconf 91' lang='grc' dir='ltr'><strong>παλαιῶν</strong></span> <span class='ocrx_word' id='word_1_935' title='bbox 2977 4730 3276 4785; x_wconf 80' lang='grc' dir='ltr'><strong>συνέϐαινε.</strong></span> <span class='ocrx_word' id='word_1_936' title='bbox 3291 4730 3402 4782; x_wconf 76' lang='grc' dir='ltr'><strong>Καὶ</strong></span> <span class='ocrx_word' id='word_1_937' title='bbox 3424 4728 3534 4800; x_wconf 82' lang='grc' dir='ltr'><strong>γὰρ</strong></span> <span class='ocrx_word' id='word_1_938' title='bbox 3547 4729 3600 4782; x_wconf 71' lang='grc' dir='ltr'><strong>οι</strong></span> 
     </span>
    </p>
   </div>
   <div class='ocr_carea' id='block_1_125' title="bbox 2023 4809 3575 4885">
    <p class='ocr_par' dir='ltr' id='par_1_125' title="bbox 2023 4809 3575 4885">
     <span class='ocr_line' id='line_1_125' title="bbox 2023 4809 3575 4885; baseline -0.001 -19"><span class='ocrx_word' id='word_1_939' title='bbox 2023 4812 2122 4883; x_wconf 80' lang='grc' dir='ltr'><strong>μὲν</strong></span> <span class='ocrx_word' id='word_1_940' title='bbox 2149 4809 2409 4878; x_wconf 84' lang='grc' dir='ltr'><strong>Ἰουδαῖοι,</strong></span> <span class='ocrx_word' id='word_1_941' title='bbox 2429 4813 2523 4867; x_wconf 75' lang='grc' dir='ltr'><strong>καὶ</strong></span> <span class='ocrx_word' id='word_1_942' title='bbox 2548 4814 2893 4885; x_wconf 86' lang='grc' dir='ltr'><strong>σημείωνκαί</strong></span> <span class='ocrx_word' id='word_1_943' title='bbox 2918 4812 3212 4884; x_wconf 83' lang='grc' dir='ltr'><strong>θαυμάτων</strong></span> <span class='ocrx_word' id='word_1_944' title='bbox 3239 4811 3448 4882; x_wconf 88' lang='grc' dir='ltr'><strong>μυρίων</strong></span> <span class='ocrx_word' id='word_1_945' title='bbox 3463 4812 3575 4865; x_wconf 80' lang='grc' dir='ltr'><strong>ἀπο</strong></span> 
     </span>
    </p>
   </div>
   <div class='ocr_carea' id='block_1_126' title="bbox 2020 4893 3598 4969">
    <p class='ocr_par' dir='ltr' id='par_1_126' title="bbox 2020 4893 3598 4969">
     <span class='ocr_line' id='line_1_126' title="bbox 2020 4893 3598 4969; baseline -0.002 -19"><span class='ocrx_word' id='word_1_946' title='bbox 2020 4894 2317 4960; x_wconf 89' lang='grc' dir='ltr'><strong>λαύσαντες</strong></span> <span class='ocrx_word' id='word_1_947' title='bbox 2336 4935 2352 4959; x_wconf 85' lang='grc'><strong>,</strong></span> <span class='ocrx_word' id='word_1_948' title='bbox 2378 4896 2479 4950; x_wconf 91' lang='grc' dir='ltr'><strong>οὐκ</strong></span> <span class='ocrx_word' id='word_1_949' title='bbox 2504 4898 2751 4966; x_wconf 80' lang='grc' dir='ltr'><strong>ἐγένοντο</strong></span> <span class='ocrx_word' id='word_1_950' title='bbox 2783 4897 3055 4969; x_wconf 74' lang='grc' dir='ltr'><strong>βελτίουςο</strong></span> <span class='ocrx_word' id='word_1_951' title='bbox 3090 4896 3370 4950; x_wconf 85' lang='grc' dir='ltr'><strong>Νινευῖται</strong></span> <span class='ocrx_word' id='word_1_952' title='bbox 3387 4893 3446 4948; x_wconf 77' lang='grc' dir='ltr'><strong>δέ</strong></span> <span class='ocrx_word' id='word_1_953' title='bbox 3471 4894 3598 4964; x_wconf 77' lang='grc' dir='ltr'><strong>μιᾶς</strong></span> 
     </span>
    </p>
   </div>
   <div class='ocr_carea' id='block_1_127' title="bbox 2024 4977 3601 5051">
    <p class='ocr_par' dir='ltr' id='par_1_127' title="bbox 2024 4977 3601 5051">
     <span class='ocr_line' id='line_1_127' title="bbox 2024 4977 3601 5051; baseline -0.001 -17"><span class='ocrx_word' id='word_1_954' title='bbox 2024 4979 2193 5051; x_wconf 85' lang='grc' dir='ltr'><strong>μόνης</strong></span> <span class='ocrx_word' id='word_1_955' title='bbox 2225 4980 2409 5051; x_wconf 86' lang='grc' dir='ltr'><strong>φωνῆς</strong></span> <span class='ocrx_word' id='word_1_956' title='bbox 2437 4980 2771 5047; x_wconf 82' lang='grc' dir='ltr'><strong>ἀκούσαντες</strong></span> <span class='ocrx_word' id='word_1_957' title='bbox 2799 4980 3211 5051; x_wconf 85' lang='grc' dir='ltr'><strong>μετεϐάλλοντο,</strong></span> <span class='ocrx_word' id='word_1_958' title='bbox 3242 4977 3336 5032; x_wconf 64' lang='grc' dir='ltr'><strong>κα)⁸</strong></span> <span class='ocrx_word' id='word_1_959' title='bbox 3365 4978 3465 5047; x_wconf 86' lang='grc' dir='ltr'><strong>τῆς</strong></span> <span class='ocrx_word' id='word_1_960' title='bbox 3496 4995 3601 5033; x_wconf 81' lang='grc' dir='ltr'><strong>κα-</strong></span> 
     </span>
    </p>
   </div>
   <div class='ocr_carea' id='block_1_128' title="bbox 2020 5060 3601 5138">
    <p class='ocr_par' dir='ltr' id='par_1_128' title="bbox 2020 5060 3601 5138">
     <span class='ocr_line' id='line_1_128' title="bbox 2020 5060 3601 5138; baseline -0.001 -21"><span class='ocrx_word' id='word_1_961' title='bbox 2020 5060 2146 5128; x_wconf 87' lang='grc' dir='ltr'><strong>κίας</strong></span> <span class='ocrx_word' id='word_1_962' title='bbox 2176 5061 2326 5138; x_wconf 73' lang='grc'><strong>[574]</strong></span> <span class='ocrx_word' id='word_1_963' title='bbox 2351 5063 2769 5135; x_wconf 78' lang='grc' dir='ltr'><strong>ἀπηλλάγησαν.</strong></span> <span class='ocrx_word' id='word_1_964' title='bbox 2796 5063 2967 5118; x_wconf 89' lang='grc' dir='ltr'><strong>Τοῦτο</strong></span> <span class='ocrx_word' id='word_1_965' title='bbox 2994 5063 3087 5119; x_wconf 74' lang='lat' dir='ltr'><strong><em>xal</em></strong></span> <span class='ocrx_word' id='word_1_966' title='bbox 3124 5061 3211 5117; x_wconf 79' lang='grc' dir='ltr'><strong>ἐπ’</strong></span> <span class='ocrx_word' id='word_1_967' title='bbox 3243 5061 3454 5134; x_wconf 84' lang='grc' dir='ltr'><strong>ἀνδρῶν</strong></span> <span class='ocrx_word' id='word_1_968' title='bbox 3501 5061 3601 5115; x_wconf 75' lang='grc' dir='ltr'><strong>ἴδοι</strong></span> 
     </span>
    </p>
   </div>
   <div class='ocr_carea' id='block_1_129' title="bbox 2019 5144 3603 5219">
    <p class='ocr_par' dir='ltr' id='par_1_129' title="bbox 2019 5144 3603 5219">
     <span class='ocr_line' id='line_1_129' title="bbox 2019 5144 3603 5219; baseline -0.002 -18"><span class='ocrx_word' id='word_1_969' title='bbox 2019 5164 2102 5211; x_wconf 90' lang='grc' dir='ltr'><strong>τις</strong></span> <span class='ocrx_word' id='word_1_970' title='bbox 2140 5146 2207 5201; x_wconf 84' lang='grc' dir='ltr'><strong>ἂν</strong></span> <span class='ocrx_word' id='word_1_971' title='bbox 2236 5145 2531 5219; x_wconf 88' lang='grc' dir='ltr'><strong>συμϐαῖνον</strong></span> <span class='ocrx_word' id='word_1_972' title='bbox 2562 5147 2815 5213; x_wconf 89' lang='grc' dir='ltr'><strong>εὐτελῶν,</strong></span> <span class='ocrx_word' id='word_1_973' title='bbox 2848 5148 2950 5202; x_wconf 87' lang='grc' dir='ltr'><strong>οὐκ</strong></span> <span class='ocrx_word' id='word_1_974' title='bbox 2978 5148 3263 5218; x_wconf 89' lang='grc' dir='ltr'><strong>ἐπισήμων</strong></span> <span class='ocrx_word' id='word_1_975' title='bbox 3290 5146 3468 5218; x_wconf 89' lang='grc' dir='ltr'><strong>μόνον.</strong></span> <span class='ocrx_word' id='word_1_976' title='bbox 3499 5144 3603 5199; x_wconf 84' lang='grc' dir='ltr'><strong>Πό-</strong></span> 
     </span>
    </p>
   </div>
   <div class='ocr_carea' id='block_1_130' title="bbox 2023 5228 3605 5301">
    <p class='ocr_par' dir='ltr' id='par_1_130' title="bbox 2023 5228 3605 5301">
     <span class='ocr_line' id='line_1_130' title="bbox 2023 5228 3605 5301; baseline 0.003 -20"><span class='ocrx_word' id='word_1_977' title='bbox 2023 5245 2124 5299; x_wconf 93' lang='grc' dir='ltr'><strong>σης</strong></span> <span class='ocrx_word' id='word_1_978' title='bbox 2172 5228 2519 5294; x_wconf 82' lang='grc' dir='ltr'><strong>διδασκαλίας</strong></span> <span class='ocrx_word' id='word_1_979' title='bbox 2565 5231 2667 5286; x_wconf 91' lang='grc' dir='ltr'><strong>οὐκ</strong></span> <span class='ocrx_word' id='word_1_980' title='bbox 2706 5231 3012 5287; x_wconf 85' lang='grc' dir='ltr'><strong>ἀπέλαυσεν</strong></span> <span class='ocrx_word' id='word_1_981' title='bbox 3051 5230 3272 5295; x_wconf 76' lang='grc' dir='ltr'><strong>Ἰούδας,</strong></span> <span class='ocrx_word' id='word_1_982' title='bbox 3315 5228 3411 5284; x_wconf 81' lang='grc' dir='ltr'><strong>καὶ</strong></span> <span class='ocrx_word' id='word_1_983' title='bbox 3453 5228 3605 5301; x_wconf 81' lang='grc' dir='ltr'><strong>ὅμως</strong></span> 
     </span>
    </p>
   </div>
   <div class='ocr_carea' id='block_1_131' title="bbox 2022 5308 3609 5387">
    <p class='ocr_par' dir='ltr' id='par_1_131' title="bbox 2022 5308 3609 5387">
     <span class='ocr_line' id='line_1_131' title="bbox 2022 5308 3609 5387; baseline 0.002 -24"><span class='ocrx_word' id='word_1_984' title='bbox 2022 5308 2288 5382; x_wconf 80' lang='grc' dir='ltr'><strong>προδότης</strong></span> <span class='ocrx_word' id='word_1_985' title='bbox 2319 5311 2565 5381; x_wconf 86' lang='grc' dir='ltr'><strong>ἐγένετοί</strong></span> <span class='ocrx_word' id='word_1_986' title='bbox 2599 5314 2757 5380; x_wconf 86' lang='grc' dir='ltr'><strong>ποίας</strong></span> <span class='ocrx_word' id='word_1_987' title='bbox 2789 5314 2846 5369; x_wconf 77' lang='grc' dir='ltr'><strong>δέ</strong></span> <span class='ocrx_word' id='word_1_988' title='bbox 2886 5314 3259 5387; x_wconf 83' lang='grc' dir='ltr'><strong>παραινέσεως</strong></span> <span class='ocrx_word' id='word_1_989' title='bbox 3300 5312 3609 5367; x_wconf 79' lang='grc' dir='ltr'><strong>ἀπέλαυσεν</strong></span> 
     </span>
    </p>
   </div>
   <div class='ocr_carea' id='block_1_132' title="bbox 2023 5390 3609 5470">
    <p class='ocr_par' dir='ltr' id='par_1_132' title="bbox 2023 5390 3609 5470">
     <span class='ocr_line' id='line_1_132' title="bbox 2023 5390 3609 5470; baseline 0.004 -24"><span class='ocrx_word' id='word_1_990' title='bbox 2023 5392 2053 5446; x_wconf 91' lang='lat'><strong>6</strong></span> <span class='ocrx_word' id='word_1_991' title='bbox 2084 5390 2309 5465; x_wconf 82' lang='grc' dir='ltr'><strong>λῃστὴς,</strong></span> <span class='ocrx_word' id='word_1_992' title='bbox 2346 5393 2464 5447; x_wconf 79' lang='grc' dir='ltr'><strong>ἀλλ’</strong></span> <span class='ocrx_word' id='word_1_993' title='bbox 2496 5396 2555 5450; x_wconf 85' lang='grc' dir='ltr'><strong>ἐν</strong></span> <span class='ocrx_word' id='word_1_994' title='bbox 2586 5398 2804 5470; x_wconf 81' lang='grc' dir='ltr'><strong>σταυρῷ</strong></span> <span class='ocrx_word' id='word_1_995' title='bbox 2832 5398 2992 5453; x_wconf 84' lang='grc' dir='ltr'><strong>αὐτὸν</strong></span> <span class='ocrx_word' id='word_1_996' title='bbox 3016 5396 3357 5469; x_wconf 87' lang='grc' dir='ltr'><strong>ὡμολόγησε,</strong></span> <span class='ocrx_word' id='word_1_997' title='bbox 3396 5397 3489 5451; x_wconf 82' lang='grc' dir='ltr'><strong>καί</strong></span> <span class='ocrx_word' id='word_1_998' title='bbox 3505 5394 3609 5466; x_wconf 84' lang='grc' dir='ltr'><strong>τὴν</strong></span> 
     </span>
    </p>
   </div>
   <div class='ocr_carea' id='block_1_133' title="bbox 2028 5474 3609 5552">
    <p class='ocr_par' dir='ltr' id='par_1_133' title="bbox 2028 5474 3609 5552">
     <span class='ocr_line' id='line_1_133' title="bbox 2028 5474 3609 5552; baseline 0.004 -24"><span class='ocrx_word' id='word_1_999' title='bbox 2028 5474 2302 5546; x_wconf 87' lang='grc' dir='ltr'><strong>βασιλείαν</strong></span> <span class='ocrx_word' id='word_1_1000' title='bbox 2336 5478 2638 5551; x_wconf 83' lang='grc' dir='ltr'><strong>ἀνεκήρυξε</strong></span> <span class='ocrx_word' id='word_1_1001' title='bbox 2659 5481 2758 5552; x_wconf 83' lang='grc' dir='ltr'><strong>τήν</strong></span> <span class='ocrx_word' id='word_1_1002' title='bbox 2783 5482 3013 5537; x_wconf 80' lang='grc' dir='ltr'><strong>ἐκείνουί</strong></span> <span class='ocrx_word' id='word_1_1003' title='bbox 3038 5480 3130 5551; x_wconf 81' lang='grc' dir='ltr'><strong>Μὴ</strong></span> <span class='ocrx_word' id='word_1_1004' title='bbox 3155 5480 3334 5536; x_wconf 86' lang='grc' dir='ltr'><strong>τοίνυν</strong></span> <span class='ocrx_word' id='word_1_1005' title='bbox 3364 5480 3475 5535; x_wconf 80' lang='grc' dir='ltr'><strong>ἀπὸ</strong></span> <span class='ocrx_word' id='word_1_1006' title='bbox 3496 5479 3609 5535; x_wconf 80' lang='grc' dir='ltr'><strong>τῶν</strong></span> 
     </span>
    </p>
   </div>
   <div class='ocr_carea' id='block_1_134' title="bbox 2025 5558 3614 5637">
    <p class='ocr_par' dir='ltr' id='par_1_134' title="bbox 2025 5558 3614 5637">
     <span class='ocr_line' id='line_1_134' title="bbox 2025 5558 3614 5637; baseline 0.004 -25"><span class='ocrx_word' id='word_1_1007' title='bbox 2025 5558 2436 5632; x_wconf 83' lang='grc' dir='ltr'><strong>διεφθαρμένων</strong></span> <span class='ocrx_word' id='word_1_1008' title='bbox 2471 5563 2570 5627; x_wconf 82' lang='grc' dir='ltr'><strong>τὰς</strong></span> <span class='ocrx_word' id='word_1_1009' title='bbox 2605 5562 2831 5635; x_wconf 87' lang='grc' dir='ltr'><strong>γνώμας</strong></span> <span class='ocrx_word' id='word_1_1010' title='bbox 2875 5566 2976 5630; x_wconf 79' lang='grc' dir='ltr'><strong>τὰς</strong></span> <span class='ocrx_word' id='word_1_1011' title='bbox 3028 5564 3239 5637; x_wconf 89' lang='grc' dir='ltr'><strong>κρίσεις</strong></span> <span class='ocrx_word' id='word_1_1012' title='bbox 3296 5570 3453 5620; x_wconf 82' lang='grc' dir='ltr'><strong>ποιοῦ</strong></span> <span class='ocrx_word' id='word_1_1013' title='bbox 3497 5562 3614 5619; x_wconf 85' lang='grc' dir='ltr'><strong>τῶν</strong></span> 
     </span>
    </p>
   </div>
   <div class='ocr_carea' id='block_1_135' title="bbox 2032 5644 3611 5722">
    <p class='ocr_par' dir='ltr' id='par_1_135' title="bbox 2032 5644 3611 5722">
     <span class='ocr_line' id='line_1_135' title="bbox 2032 5644 3611 5722; baseline 0.006 -25"><span class='ocrx_word' id='word_1_1014' title='bbox 2032 5644 2391 5715; x_wconf 88' lang='grc' dir='ltr'><strong>πραγμάτων,</strong></span> <span class='ocrx_word' id='word_1_1015' title='bbox 2421 5646 2536 5700; x_wconf 83' lang='grc' dir='ltr'><strong>ἀλλ’</strong></span> <span class='ocrx_word' id='word_1_1016' title='bbox 2574 5646 2683 5701; x_wconf 81' lang='grc' dir='ltr'><strong>ἀπὸ</strong></span> <span class='ocrx_word' id='word_1_1017' title='bbox 2716 5649 2816 5719; x_wconf 83' lang='grc' dir='ltr'><strong>τῆς</strong></span> <span class='ocrx_word' id='word_1_1018' title='bbox 2852 5649 2962 5703; x_wconf 89' lang='grc' dir='ltr'><strong>τῶν</strong></span> <span class='ocrx_word' id='word_1_1019' title='bbox 2994 5649 3333 5722; x_wconf 85' lang='grc' dir='ltr'><strong>πραγμάτων</strong></span> <span class='ocrx_word' id='word_1_1020' title='bbox 3358 5644 3611 5719; x_wconf 77' lang='grc' dir='ltr'><strong>ἀληθείας</strong></span> 
     </span>
    </p>
   </div>
   <div class='ocr_carea' id='block_1_136' title="bbox 2026 5725 3604 5814">
    <p class='ocr_par' dir='ltr' id='par_1_136' title="bbox 2026 5725 3604 5814">
     <span class='ocr_line' id='line_1_136' title="bbox 2026 5725 3604 5814; baseline 0.011 -35"><span class='ocrx_word' id='word_1_1021' title='bbox 2026 5728 2123 5800; x_wconf 73' lang='grc' dir='ltr'><strong>τὴν</strong></span> <span class='ocrx_word' id='word_1_1022' title='bbox 2162 5728 2541 5814; x_wconf 76' lang='grc' dir='ltr'><strong>προσήκουσαν</strong></span> <span class='ocrx_word' id='word_1_1023' title='bbox 2564 5731 2751 5811; x_wconf 61' lang='grc' dir='ltr'><strong>ψῆφον</strong></span> <span class='ocrx_word' id='word_1_1024' title='bbox 2764 5732 2962 5806; x_wconf 78' lang='grc' dir='ltr'><strong>ἔκφερε</strong></span> <span class='ocrx_word' id='word_1_1025' title='bbox 3001 5733 3254 5806; x_wconf 75' lang='grc' dir='ltr'><strong>περὶτῶν</strong></span> <span class='ocrx_word' id='word_1_1026' title='bbox 3277 5731 3449 5805; x_wconf 81' lang='grc' dir='ltr'><strong>ὀρθῶς</strong></span> <span class='ocrx_word' id='word_1_1027' title='bbox 3482 5725 3604 5795; x_wconf 79' lang='grc' dir='ltr'><strong>βου⁰</strong></span> 
     </span>
    </p>
   </div>
  </div>
