3990 6198
431 160 535 218 τεο

432 275 797 349 λευσαμένων.
821 275 934 330 Οὐκ
955 273 1280 327 ἐπίστευσαν
1305 272 1353 325 οἰ
1397 269 1656 334 Ἰουδαῖοι,
1680 269 1729 322 οἰ
1758 266 1816 334 ἐξ
1841 263 2010 349 ἐθνῶν

1127 155 1184 212 S.
1222 151 1507 210 JOANNIS
1543 144 2035 207 CHRYSOSTOMI
2079 143 2400 201 ARCHIEP.
2441 139 2998 201 CONSTANTINOP.

3543 154 3633 212 830

2122 261 2437 332 μεταθεῖναι
2468 259 2726 324 τοσαῦτα,
2765 263 3094 332 μεταπεῖσαι
3135 260 3350 332 δήμους,
3374 264 3463 336 ἔθη
3496 283 3639 324 κατα-

431 342 776 417 ἐπίστευσαν.
827 358 939 412 Kal
985 357 1106 410 οὐδὲ
1147 355 1306 408 τοῦτο
1352 353 1655 424 σεσίγηται,
1703 350 1816 406 ἀλλ’
1860 347 2014 402 ἐνθεν
2113 343 2894 432 λῦσαιέτατρῷαὶσυνήθειαν
2925 342 3312 432 ςέρριζωμένην
3349 346 3639 432 ἀνασπάσαι,

434 445 536 518 μὲν
558 446 587 500 ὁ
609 441 772 498 Δαυῖδ
795 439 1154 512 προφητεύων
1183 441 1309 510 βοᾷο
1355 438 1476 492 Υἱοὶ
1502 437 1804 504 ἀλλότριοι
2114 427 2652 518 ήδονῆξᾼτυραννίδα,
2688 427 2887 518 κακίας
2923 429 3091 518 ἰσχὺν
3105 427 3294 518 ὥσπερΔ
3309 431 3444 518 κόνιν
3467 434 3632 518 ἀπελά.

429 513 628 585 σαντό
639 543 736 596 με.
763 523 879 579 υίοί
906 523 1210 592 ἀλλότριοι
1239 519 1726 588 ἐπαλαιώθησαν,
1757 516 1853 570 καὶ
1874 513 2018 585 ἐχώ-

433 617 631 669 λαναν
660 609 777 664 ἀπὸ
801 606 920 661 τῶν
951 608 1166 676 τρίϐων
1191 605 1424 661 αὐτῶν⁹
1451 605 1602 658 ἐνθεν
1634 603 1690 656 δὲ
1723 605 1751 656 ὁ
1791 600 2017 662 Ἡσαΐας

433 697 629 762 λέγων,
657 693 856 760 Κύριε,
878 691 968 756 τίς
999 691 1327 744 ἐπίστευσε
1359 687 1435 756 τῇ
1460 686 1614 756 ἀκοῇ
1639 685 1828 756 ἡμῶν,
1860 683 1959 739 καὶ
1985 685 2018 736 ό

435 779 704 848 βραχίων
748 775 972 843 Κυρίου
1025 774 1143 829 τίνι
1193 774 1632 841 ἁπεκαλύφθη;
1677 771 1787 825 Kal
1833 767 2017 830 πάλιν,

429 861 700 930 Εὑρέθην
723 859 848 926 τοῖς
868 858 974 928 ἐμὲ
990 858 1077 928 μὴ
1105 856 1406 926 ζὴτοῦσιν,
1431 855 1707 926 ἐμφανὴς
1727 854 2022 924 ἐγενόμην

435 946 561 1013 τοῖς
590 944 696 1014 ἐμὲ
721 943 809 1014 μὴ
841 942 1197 1012 ἐπερωτῶσι.
1234 941 1346 995 Kal
1375 943 1432 994 ἐν
1464 941 1599 1012 αὐτῇ
1628 939 1685 992 δὲ
1715 941 1781 1010 τῇ
1809 953 2021 1010 παρου-

438 1030 530 1102 σία
573 1028 738 1084 αὑτοῦ
788 1026 1072 1082 Χαναναία
1108 1027 1202 1080 καὶ
1231 1027 1564 1097 Σαμαρεῖτις
1595 1023 1733 1095 γυνὴ
1771 1023 2023 1076 ἐπίστευ-

437 1128 570 1170 σαν⁶
607 1115 772 1184 ἰερεῖς
813 1112 872 1166 δέ
916 1112 1014 1164 καὶ
1040 1110 1304 1183 ἄρχοντες
1345 1110 1648 1180 ἐπολέμουν
1675 1109 1769 1163 καὶ
1791 1105 2022 1162 ἐπεϐού-

437 1199 616 1261 λευον,
641 1197 736 1250 καὶ
767 1197 893 1259 τοὺς
922 1194 1116 1258 ἄλλους
1140 1195 1404 1264 ἀπεῖργον
1437 1195 1533 1246 καὶ
1561 1191 2023 1260 ἀποσυναγώγους

437 1280 656 1335 ἐποίουν
679 1277 1032 1342 πιστεύοντας
1060 1280 1140 1339 εἰς
1161 1276 1344 1332 αὐτόν.
1369 1276 1550 1348 Μηδὲν
1569 1276 1750 1329 τοίνυν
1773 1273 2024 1341 ξενιζέτω

439 1381 498 1417 σε
530 1363 723 1418 ταῦτα.
749 1361 968 1417 Πολλῶν
999 1360 1380 1432 ἐμπέπλησται
1403 1359 1658 1412 τοιούτων
1691 1357 2024 1428 ὑποδειγμά-

438 1466 547 1502 των
578 1449 608 1501 ό
633 1447 748 1518 βίος
782 1445 940 1516 ἡμῶν
974 1444 1068 1499 καὶ
1099 1445 1156 1497 ἐν
1182 1443 1261 1514 τῷ
1293 1443 1417 1497 καθ’
1451 1444 1599 1514 ἡμᾶς
1624 1442 1822 1514 χρόνῳ,
1853 1442 1947 1495 καὶ
1967 1441 2027 1494 ἐν

437 1535 551 1596 τοῖς
581 1531 892 1603 ἔμπροσθεν
919 1525 1070 1584 οὖσιν
1090 1545 1104 1559 °
1139 1528 1316 1592 ἄλλως
1343 1527 1420 1590 δὲ,
1468 1530 1518 1581 εί
1561 1528 1655 1580 καὶ
1687 1527 1762 1598 μὴ
1803 1526 2023 1591 πάντες,

436 1615 578 1671 ἀλλά
613 1616 799 1671 πολλοὶ
825 1616 920 1668 καὶ
953 1615 1012 1680 ἐξ
1047 1613 1316 1666 Ἰουδαίων
1365 1613 1460 1666 καὶ
1499 1611 1620 1665 τότε
1662 1613 1754 1665 καὶ
1783 1611 1880 1665 νῦν
1909 1610 2029 1664 ἐπί-

438 1718 703 1755 στευσαν·
744 1703 792 1754 εἰ
817 1700 874 1753 δέ
912 1698 987 1771 μὴ
1028 1698 1250 1762 πάντες,
1288 1697 1440 1750 ούδέν
1480 1697 1665 1750 καινὸν
1692 1696 1815 1750 οὐδὲ
1849 1695 2029 1767 παρά-

436 1786 591 1852 δοξον
608 1833 620 1844 ,
640 1785 888 1840 Τοιοῦτον
908 1784 1016 1856 γὰρ
1043 1785 1076 1854 ἠ
1099 1781 1484 1853 ἀγνωμοσύνη,
1508 1780 1747 1835 τοιοῦτον
1771 1781 1804 1852 ή
1843 1780 2030 1849 ἀλόγι-

443 1885 568 1931 στος
589 1869 818 1932 διάνοια,
840 1867 1078 1922 τοιοῦτον
1097 1869 1131 1938 ἡ
1151 1867 1258 1920 ὑπὸ
1285 1865 1474 1920 παθῶν
1500 1864 1846 1938 κρατουμένη
1862 1863 2028 1934 ψυχή.

531 1953 670 2006 Ἀλλ’
704 1951 889 2021 ἐπειδὴ
913 1951 1012 2014 τάς
1038 1952 1167 2022 περὶ
1196 1948 1361 2002 αὐτοῦ
1389 1949 1726 2020 προφητείας
1755 1949 1906 2018 παρά
1921 1947 2033 2001 τῶν

445 2037 741 2108 προφητῶν
767 2035 1086 2108 εἰρημένας,
1112 2036 1206 2088 καὶ
1238 2034 1344 2105 πρὸ
1366 2032 1637 2087 τοσούτων
1666 2033 1873 2104 χρόνων
1901 2033 2032 2086 ἀνα-

445 2120 813 2192 κηρυχθείσας
868 2120 1194 2193 εἰρήκαμεν,
1231 2117 1365 2189 φέρε
1428 2117 1522 2172 καὶ
1563 2116 1664 2181 τὰς
1701 2117 1794 2172 ὑπ’
1843 2115 2032 2184 αὐτοῦ,

443 2207 610 2277 ἡνίκα
638 2203 949 2277 περιεπόλει
987 2204 1088 2276 τὴν
1126 2202 1231 2272 γῆν
1257 2202 1351 2256 καὶ
1387 2201 1501 2266 τοῖς
1545 2199 1855 2274 ἀνθρώποις
1907 2219 2035 2255 συν-

445 2289 831 2362 ανεστρέφετο,
880 2288 1011 2361 περί⁵
1054 2287 1358 2358 μελλόντων
1392 2285 1696 2357 εἰρημένας
1730 2287 1812 2348 εἰς
1871 2284 2036 2357 μέσον

447 2375 766 2445 ἀγάγωμεν,
825 2372 913 2426 ῐνα
959 2371 1254 2426 κάντεῦθεν
1308 2369 1476 2425 αὑτοῦ
1511 2368 1690 2442 μάθῃς
1720 2369 1821 2440 τὴν
1856 2369 2030 2441 ἰσχύν.

450 2458 902 2529 Παραγενόμενος
961 2456 1070 2527 γὰρ
1127 2454 1271 2518 τότε,
1307 2453 1404 2507 καὶ
1437 2452 1536 2525 τὴν
1572 2453 1682 2506 τῶν
1732 2452 2036 2524 ἀνθρώπων

447 2540 975 2613 πραγματευόμενος
1031 2537 1327 2610 σωτηρίαν.
1362 2535 1471 2591 τῶν
1511 2553 1572 2590 τε
1623 2536 1746 2591 κατ’
1794 2538 2038 2602 ἐκείνους

447 2626 618 2678 ὄντων
644 2624 773 2684 τοὺς
814 2623 1060 2694 χρόνους,
1098 2621 1209 2675 τῶν
1238 2638 1298 2675 τε
1334 2620 1560 2691 ὕστερον
1597 2620 1894 2692 ἐσομένων,
1924 2639 2040 2676 ποι-

450 2708 616 2772 κίλως
645 2703 816 2778 αὐτὴν
858 2705 1249 2778 μεταχειρίζει.
1286 2705 1396 2759 Kal
1447 2705 1552 2778 ὅρα
1595 2705 1650 2759 τί
1698 2707 1862 2761 ποιεῖ.
1891 2705 2036 2760 Θαύ-

454 2808 602 2862 ματα
645 2790 964 2862 ἐργάζεται,
1016 2789 1112 2844 καὶ
1166 2787 1425 2860 προλέγει
1477 2787 1602 2842 τινὰ
1651 2789 1762 2844 τῶν
1803 2792 2039 2862 μακροῖς

451 2875 680 2948 ὕστερον
714 2875 926 2947 χρόνοις
960 2871 1371 2945 ἐκϐησομένων,
1401 2872 1489 2927 διὰ
1529 2872 1630 2944 μὲν
1665 2873 1776 2928 τῶν
1804 2874 1926 2928 τότε
1951 2891 2040 2943 γι-

448 2959 693 3030 νομένων
731 2957 830 3032 την
868 2958 1127 3031 ἀλήθειαν
1156 2956 1267 3012 τῶν
1298 2956 1437 3027 μετά
1459 2956 1629 3011 πολὺν
1653 2958 1847 3030 χρόνον
1873 2958 2041 3030 ἐκϐη-

453 3041 697 3114 σομένων
719 3039 1068 3112 ἐγγυώμενος
1095 3039 1248 3114 παρά
1277 3043 1387 3106 τοῖς
1419 3039 1542 3094 τότε
1577 3041 1898 3114 ἀκροαταῖς,
1926 3043 2040 3107 τοῖς

449 3143 511 3180 τε
537 3126 673 3197 μετά
701 3125 874 3180 ταῦτα
898 3124 1177 3196 ἐσομένοις
1205 3126 1270 3178 ἐκ
1293 3124 1405 3178 τῶν
1428 3125 1734 3197 εἰρημένων
1762 3126 2042 3182 ἐκϐάσεων

449 3209 741 3277 ἀξιόπιστα
767 3209 983 3272 δεικνὺς
1017 3207 1112 3271 καὶ
1142 3206 1210 3260 τὰ
1241 3209 1300 3261 ἐν
1337 3208 1534 3276 ἐκείνῳ
1566 3206 1642 3278 τῷ
1673 3209 1851 3280 χρόνῳ
1877 3226 2038 3279 γεγε-

451 3291 662 3363 νημένα
682 3290 959 3361 θαύματα,
989 3290 1085 3344 καί⁷
1113 3289 1222 3344 ἀπὸ
1243 3290 1341 3360 τῆς
1369 3289 1566 3360 διπλῆς
1592 3289 1799 3361 ταύτης
1827 3292 2042 3346 ἀποδεί-

455 3375 590 3441 ξεως
623 3374 806 3428 καιτά
828 3375 955 3444 περὶ.
979 3372 1081 3443 τῆς
1114 3373 1392 3442 βασιλείας
1427 3375 1808 3446 πιστούμενος.

528 3461 616 3516 ιϐ’.
637 3459 746 3514 Καὶ
766 3458 877 3530 γὰρ
901 3457 1089 3511 διπλαῖ
1107 3457 1274 3512 αὐτοῦ
1293 3460 1350 3511 al
1373 3459 1668 3532 Μρρήσεις
1684 3456 1844 3532 ἦσαν,
1863 3463 1919 3516 αἰ
1944 3463 2042 3534 μέν

455 3545 597 3599 κατὰ
623 3543 716 3598 τὸν
758 3543 1002 3614 παρόντα
1036 3542 1371 3614 ἐκϐήσεσθαι
1405 3544 1696 3614 μέλλουσαι
1723 3545 1858 3616 βίον.
1891 3551 1945 3600 αἱ
1983 3548 2042 3604 δέ

455 3627 596 3698 μετά
625 3626 728 3698 τὴν
762 3626 1072 3681 συντέλειαν
1095 3627 1292 3698 αὑτήν·
1329 3628 1424 3681 καὶ
1446 3626 1651 3698 θατέρα
1679 3629 1778 3701 τὴν
1806 3628 2043 3704 θατέραν

456 3711 679 3784 συνίστη
739 3711 835 3766 καὶ⁵
884 3712 1094 3766 ἐδείκνυ
1138 3712 1276 3783 μετά
1313 3712 1518 3782 πολλῆς
1575 3713 1676 3784 τῆς
1727 3716 2042 3788 περιουσίας

455 3794 848 3867 ἀληθεύουσαν.
875 3789 998 3849 Οἷόν
1017 3813 1071 3849 τι
1090 3795 1240 3867 ,λέγω
1258 3813 1272 3829 ο
1297 3797 1392 3850 καὶ
1421 3795 1532 3868 γὰρ
1555 3796 1772 3869 ἀσαφὴς
1799 3799 1828 3852 ό
1862 3798 2039 3868 λόγος,

454 3879 538 3932 διὸ
559 3879 652 3932 καὶ
697 3878 1035 3952 σαφέστερον
1077 3879 1242 3933 αὑτὸν
1282 3882 1506 3951 ποιῆσαι
1538 3881 1910 3952 πειράσομαι·
1939 3882 2043 3936 δώ-
2086 3901 2088 3903 ‘

455 3962 588 4015 δεκα
631 3957 772 4033 ἦσαν
810 3961 1066 4032 ἑπόμενοι
1095 3961 1245 4032 αὐτῷ
1297 3963 1570 4034 μαθηταί·
1619 3963 1952 4036 Ἑκκλησίας
1985 3965 2044 4020 δὲ

457 4046 692 4116 πρᾶγμα
733 4045 855 4099 οὐδὲ
891 4046 972 4110 εἰς
1009 4044 1134 4100 νοῦν
1171 4063 1257 4109 τις
1289 4045 1565 4116 ἐλάμϐανε
1601 4047 1743 4111 τότε,
1771 4046 1888 4102 ἀλλ’
1920 4048 2041 4102 ούδέ

456 4129 628 4200 ὕνομα
645 4145 660 4161 ·
690 4129 723 4200 ἠ
751 4127 861 4200 γὰρ
895 4127 1188 4198 συναγωγὴ
1213 4125 1282 4200 ἦν
1313 4129 1550 4183 ἀνθοῦσα
1573 4129 1671 4186 ἐτι.
1707 4130 1774 4184 Τί
1800 4127 1894 4185 οῦν
1922 4125 2042 4185 εἷπε

457 4213 553 4266 καὶ
589 4210 946 4283 προεφώνησε
987 4212 1086 4283 τῆς
1109 4212 1442 4283 οἰκουμένης
1473 4213 1658 4285 σχεδὸν
1697 4213 1916 4286 ἀπάσης
1935 4214 2043 4269 ὑπὸ

455 4295 712 4359 ἀσεϐείας
736 4295 1141 4367 κατεχομένης;
1179 4295 1303 4349 Ἐπὶ
1331 4297 1520 4366 ταύτῃ
1557 4295 1635 4365 τῇ
1667 4295 1855 4367 πέτρᾳ
1885 4299 2044 4352 οίκοο

456 4378 704 4448 δομήσω
722 4395 842 4447 μου
871 4377 990 4448 τὴν
1030 4379 1414 4447 Ἐκκλησίαν,
1449 4379 1550 4434 καὶ
1586 4382 1774 4435 πύλαι
1801 4381 1948 4448 ᾅδου
1971 4383 2043 4436 οὐ

457 4461 948 4530 κατισχύσουσιν
979 4461 1190 4530 αὐτῆς.
1245 4463 1331 4526 Ὧς
1365 4462 1545 4533 βούλει
1589 4463 1748 4517 τοῦτο
1784 4463 2040 4534 βασάνιζε

457 4545 522 4597 τὸ
548 4545 722 4615 ῥῆμα,
771 4543 870 4597 καὶ
915 4543 1037 4614 ὄψει
1087 4545 1501 4617 διαλάμπουσαν
1539 4545 1691 4621 [575]
1731 4548 1895 4601 αὑτοῦ
1944 4549 2043 4621 τὴν

459 4626 740 4698 ἀλήθειαν.
771 4627 843 4681 Οὐ
876 4626 984 4699 γὰρ
1013 4627 1078 4698 δὴ
1115 4627 1274 4682 τοῦτο
1331 4629 1643 4702 θαυμαστόν
1695 4633 1811 4684 ἐστι
1860 4632 2040 4702 μόνον,

458 4713 540 4766 ὅτι
570 4709 922 4784 ᾠκοδόμησεν
950 4711 1121 4781 αὐτὴν
1148 4712 1289 4765 κατά
1321 4715 1420 4784 τὴν
1448 4714 1773 4785 οἰκουμένην
1802 4715 2040 4782 ἃπασαν,

459 4796 575 4851 ἀλλ’
611 4797 693 4850 ὅτι
745 4797 840 4851 καὶ
879 4795 1178 4867 ἀχείρωτον
1242 4796 1557 4868 εἰργάσατο,
1600 4800 1694 4852 καὶ
1748 4800 2044 4871 ἀχείρωτον

460 4882 566 4935 ύπδ
605 4879 879 4936 τοσούτων
907 4879 1302 4952 ἐνοχλουμένην
1341 4881 1597 4952 πολέμων
1617 4897 1630 4913 ·
1671 4882 1734 4936 τὸ
1767 4883 1894 4956 γὰρ,
1925 4881 2045 4938 Πύ-

457 4969 560 5021 λαι
585 4965 736 5032 ᾅδου
769 4967 842 5020 οὐ
869 4967 1354 5035 κατισχύσουσιν
1381 4964 1596 5034 αὐτῆς,
1635 4966 1870 5021 κίνδυνοι
1897 4967 2045 5021 ἐστιν

399 5114 403 5117 η
461 5050 542 5112 εἰς
574 5047 710 5120 ᾅδην
748 5049 1101 5117 κατάγοντες.
1157 5044 1311 5114 Εἶδες
1356 5051 1716 5122 προρρήσεως
1745 5050 2039 5122 ἀλήθειαν;

461 5130 602 5195 εἶδες
627 5132 909 5195 ἐκϐάσεως
945 5131 1132 5203 ἰσχύν;
1165 5128 1304 5197 εἰδες
1345 5134 1568 5204 ῥήματα
1600 5134 1693 5186 ἐοιτί¹
1741 5134 1849 5187 τῶν
1897 5151 2044 5206 πρα·

461 5215 688 5286 γμάτων
737 5215 1135 5285 διαλάμποντα,
1185 5217 1282 5270 καὶ
1335 5215 1566 5287 δύναμιν
1626 5217 1838 5289 ἄμαχον
1869 5218 2045 5272 πάντα

462 5299 722 5354 ποιοῦσαν
748 5301 1012 5366 εὐκόλως;
1041 5301 1132 5371 Μὴ
1163 5300 1274 5372 γὰρ
1301 5301 1488 5372 ἐπειδὴ
1516 5301 1671 5373 ῥῆμά
1693 5302 1818 5363 ,ἐστι
1847 5301 2042 5374 βραχὺ,

461 5383 544 5448 τὸ,
578 5383 968 5454 Οίκοδομήσω
1007 5403 1125 5454 μου
1157 5383 1276 5450 τὴν
1324 5387 1714 5454 Ἐκκλησίαν,
1765 5387 2046 5460 παραδρά-

465 5481 574 5541 μῃς
599 5466 806 5531 ἁπλῶς,
841 5467 954 5520 ἀλλ’
989 5467 1297 5534 ἀνάπτυξον
1345 5471 1410 5540 τῇ
1461 5468 1690 5540 διανοίᾳ,
1739 5469 1834 5522 καὶ
1867 5469 2047 5538 ἐννόη-

465 5567 556 5604 σον
586 5551 774 5622 ἡλίκον
805 5553 921 5604 ἐστί
945 5552 1044 5623 τὴν
1074 5553 1163 5621 ὑφ’
1195 5552 1330 5623 ἡλίῳ
1360 5551 1620 5623 κειμένην
1665 5552 1884 5607 ἅπασαν
1918 5554 2042 5606 Ἐκ‹

466 5634 702 5700 αλησιῶν
731 5638 786 5688 ἐν
822 5636 996 5705 χρόνῳ
1030 5636 1226 5707 βραχεῖ
1257 5637 1521 5692 τοσούτων
1575 5637 1876 5710 ἐμπλῆσαι,
1909 5637 2034 5712 ἔθνη

2119 531 2230 576 σαι,
2255 514 2345 567 καὶ
2371 513 2589 585 βωμοὺς
2617 514 2713 566 καὶ
2729 514 2890 575 ναοὺς
2910 512 3003 566 καὶ
3037 511 3194 577 ξόανα
3215 513 3306 566 καὶ
3328 514 3547 581 τελετὰς.
3565 521 3644 574 καὶ

2118 595 2217 659 τάς
2246 597 2460 664 ἐναγεῖς
2491 595 2707 668 ἐορτάς,
2748 593 2843 648 καὶ
2870 595 2969 648 τὴν
2985 594 3286 666 ἀκάθαρτον
3327 597 3530 652 κνίσσαν
3557 600 3646 654 ῶσ-

2120 696 2226 750 περ
2250 681 2458 733 καπνόν
2473 696 2592 733 τινα
2616 678 2893 748 ἀφανίσαι,
2920 681 3013 733 καὶ
3041 679 3312 750 πανταχοῦ
3331 680 3646 756 θυσιαστήρια

2121 763 2450 835 ἀναστῆσαι,
2482 764 2540 817 ἐν
2555 766 2622 834 τῇ
2656 761 2946 832 Ῥωμαίων
2978 761 3155 833 χώρᾳ,
3184 765 3240 816 ἐν
3265 765 3329 834 τῇ
3356 765 3574 836 Περσῶν,
3599 769 3646 821 ἐν

2119 849 2187 918 τῇ
2222 847 2470 911 Σκυθῶν,
2499 849 2559 900 ἐν
2596 849 2663 917 τῇ
2695 845 2958 918 Μαύρων,
2990 847 3049 898 ἐν
3074 849 3141 917 τῇ
3186 846 3384 900 Ἰνδῶνι
3409 850 3458 902 τί
3500 849 3646 920 λέγως

2124 930 2268 1002 ὑπὲρ
2321 931 2423 1003 την
2464 929 2796 1000 οἰκουμένην
2844 929 2945 1000 τὴν
2988 928 3112 982 καθ’
3139 930 3301 1000 ἡμᾶς.
3337 931 3438 984 Kal
3466 932 3560 1003 γὰρ
3601 937 3648 987 αἰ

2124 1014 2452 1086 Βρετανικαὶ
2495 1015 2671 1086 νῆσοι,
2707 1015 2762 1067 αἰ
2815 1013 2916 1083 τῆς
2947 1011 3215 1084 θαλάττης
3258 1013 3407 1077 ἐκτὸς
3440 1017 3648 1087 κείμεναι

2124 1097 2348 1170 ταύτης,
2386 1101 2480 1152 καὶ
2529 1101 2587 1152 ἐν
2633 1097 2782 1168 αὐτῷ
2827 1094 2982 1151 οὖσαι
3029 1097 3109 1170 τῷ
3135 1097 3376 1172 ὠκεανῷ,
3403 1099 3494 1170 τῆς
3519 1099 3652 1157 δυνά-

2129 1198 2275 1253 μεως
2305 1181 2399 1234 τοῦ
2435 1183 2680 1254 ῥήματος
2707 1180 2968 1252 ⁴ᾔσθοντο·
3003 1182 3097 1235 καὶ
3126 1180 3237 1254 γάρ
3273 1183 3425 1236 κάκεῖ
3468 1183 3652 1253 Ἐκκλη-

2129 1265 2242 1319 σίαι
2273 1267 2368 1319 καὶ
2403 1266 2767 1338 θυσιαστήρια
2812 1268 3147 1339 πεπήγασιν.
3189 1269 3388 1320 Ἐκεῖνο
3415 1267 3471 1321 τὸ
3511 1256 3667 1338 ῥῆμα,

2128 1348 2266 1421 ὅπερ
2311 1350 2618 1421 ἐφθέγξατο
2645 1351 2789 1414 τότε,
2819 1350 2980 1404 τοῦτο
3017 1352 3076 1404 ἐν
3104 1353 3224 1414 ταῖς
3253 1351 3490 1406 ἁπάντων
3518 1352 3655 1421 πεφύ·

2128 1449 2316 1486 τευται
2344 1433 2566 1504 ψυχαῖς,
2599 1435 2658 1487 ἐν
2680 1436 2791 1497 τοῖς
2813 1434 3070 1488 ἁπάντων
3110 1434 3337 1505 στόμασι
3364 1437 3542 1489 κεῖται.
3568 1435 3655 1488 Καὶ

2131 1519 2303 1583 πᾶσα,
2331 1519 2408 1582 ὡς
2437 1520 2634 1584 εἰπεῖν,
2668 1519 2700 1590 ἡ
2727 1519 2800 1588 γῆ
2838 1517 3181 1590 ἐξεκαθάρθη
3220 1518 3458 1573 ἀκανθῶν
3486 1519 3657 1590 πεπλη-

2134 1602 2373 1674 ρωμένη,
2387 1604 2482 1656 καὶ
2502 1601 2722 1674 καθαρά
2743 1604 2965 1673 γέγονεν
2978 1604 3208 1676 ἄρουρα,
3227 1603 3398 1657 καὶτὰ
3413 1602 3659 1674 σπέρματα

2131 1687 2231 1758 τῆς
2261 1687 2546 1752 εὐσεϐείας
2587 1687 2825 1753 ἐδέξατο.
2861 1687 3020 1757 Μέγα
3063 1688 3166 1759 μὲν
3202 1683 3312 1752 οὖν,
3341 1688 3497 1752 ὅντως
3526 1687 3658 1758 μέγα,

2138 1772 2341 1844 μᾶλλον
2370 1772 2426 1826 δέ
2458 1773 2724 1844 μεγέθους
2764 1772 3073 1844 ὑπερϐολὴν
3116 1771 3214 1827 καὶ
3260 1771 3402 1837 θείας
3427 1771 3661 1843 δυνάμεως

2135 1856 2411 1922 ἀπόδειξιν
2443 1857 2587 1928 ἕχον,
2609 1857 2673 1911 τὸ
2714 1858 2808 1910 καὶ
2846 1857 3073 1929 μηδενὸς
3100 1857 3452 1929 ἐνοχλοῦντος,
3482 1857 3580 1911 ἀλλ’
3601 1859 3663 1910 εἰ»

2140 1943 2309 2015 ρήνης
2345 1941 2533 2013 οὔσης,
2573 1942 2670 1996 καὶ
2703 1942 2917 1996 πολλῶν
2959 1942 3070 1996 τῶν
3116 1943 3550 2014 συμπραττόντων
3573 1959 3664 1995 κει-

2141 2027 2340 2098 μένων,
2370 2025 2785 2096 ἐναντιουμένου
2809 2025 2867 2080 δέ
2895 2024 3148 2098 μηδενὸς,
3175 2025 3457 2097 δυνηθῆναι
3499 2025 3661 2078 τοσαύ-

2136 2129 2238 2183 την
2271 2110 2599 2183 οἰκουμένην
2622 2109 2818 2183 ἀθρόον
2849 2109 3163 2176 ἀπαλλάξαι
3195 2111 3290 2183 μὲν
3318 2109 3412 2181 τῆς
3441 2113 3494 2164 ἐν
3512 2109 3665 2164 τοσού·

2137 2211 2214 2264 τῳ
2269 2193 2448 2267 χρόνῳ
2501 2193 3008 2266 προκατειληφυίας
3051 2195 3231 2267 αὐτὴν
3302 2195 3526 2266 πονηρᾶς
3565 2209 3664 2246 συν-

2136 2276 2346 2348 ηθείας,
2375 2275 2685 2347 μεταθεῖναι
2708 2277 2766 2331 δὲ
2796 2279 2876 2341 εἰς
2913 2277 3107 2350 ἑτέραν
3132 2279 3265 2332 πολὺ
3292 2275 3664 2349 δυσκολωτέραν.

2139 2363 2216 2416 Ub
2251 2361 2361 2435 γᾲρ
2385 2361 2645 2434 συνηθείᾳ
2683 2361 2843 2433 μόνον
2866 2361 3215 2432 ἠναντιοῦτο,
3245 2360 3376 2416 ἀλλά
3403 2360 3488 2416 καὶ
3513 2359 3668 2430 ἡδονὴν

2139 2447 2380 2516 κατεῖχε,
2409 2444 2503 2499 δύο
2535 2445 2835 2519 τυραννικὰ
2873 2447 3201 2518 πράγματα.
3234 2449 3299 2500 "A
3322 2445 3422 2520 γὰρ
3447 2445 3541 2500 ἀπὸ
3571 2443 3670 2498 πολ·

2139 2530 2246 2584 λῶν
2269 2530 2400 2584 ἐτῶν
2424 2529 2576 2602 παρά
2607 2531 2858 2602 πατέρων
2887 2532 2980 2586 καὶ
3004 2532 3249 2588 πάππων
3270 2532 3362 2585 καὶ
3386 2522 3668 2586 ἐπιπάππων

2140 2615 2236 2669 καὶ
2267 2615 2378 2668 τῶν
2403 2614 2664 2687 ἀνωτέρω
2697 2617 3001 2687 προγόνων,
3033 2618 3130 2671 καὶ
3160 2616 3453 2687 φιλοσόφων
3487 2615 3569 2668 xal
3592 2617 3670 2686 ῥη-

2139 2700 2314 2772 τόρων
2378 2693 2520 2771 ἦσαν
2569 2699 2990 2772 παρειληφότες,
3031 2700 3212 2756 ταῦτα
3267 2699 3526 2755 ἐπείθοντο
3565 2699 3672 2752 ἀπο-

2141 2783 2334 2839 πτύειν
2349 2801 2366 2817 ο
2392 2783 2595 2855 καίπερ
2610 2781 2678 2857 ἦν
2693 2785 3126 2853 δυσκολώτατον,
3153 2787 3246 2840 καὶ
3272 2786 3452 2859 ἐτέραν
3465 2783 3672 2855 δέχεσθαι

2143 2867 2431 2941 συνήθειαν
2468 2868 2664 2940 καινὴν
2707 2869 3157 2938 ἐπεισελθοῦσαν,
3184 2871 3360 2926 καὶτὸ
3381 2870 3440 2942 δὴ
3474 2867 3674 2942 χαλεπώ-

2139 2971 2320 3027 τερον,
2343 2954 2477 3009 πολὺ
2501 2955 2560 3008 τὸ
2584 2953 2842 3008 ἐπίπονον
2858 2953 3110 3027 ἔχουσαν.
3141 2956 3344 3028 Ἀπῆγε
3366 2955 3465 3027 γὰρ
3481 2953 3671 3025 τρυφῆς.

2141 3039 2236 3094 καὶ
2262 3038 2460 3111 ἐνῆγεν
2485 3040 2566 3103 εἰς
2593 3038 2874 3109 νηστείαν·
2906 3039 3089 3110 ἀπῆγε
3137 3038 3566 3112 φιλοχρηματίας,
3601 3034 3675 3110 καὶ

2143 3123 2339 3194 ἐνῆγεν
2393 3124 2475 3188 εἰς
2519 3122 2948 3196 ἀκτημοσύνηνο
2997 3123 3219 3194 ἀπῆγεν
3266 3123 3551 3192 ἀσελγείας,
3600 3122 3676 3174 καὶ

2142 3207 2336 3279 ἐνῆγεν
2358 3207 2441 3271 είς
2464 3205 2848 3278 σωφροσύνην⁶
2873 3206 3056 3279 ἀπῆγε
3086 3205 3282 3278 θυμοῦ,
3304 3208 3395 3261 καὶ
3423 3205 3588 3276 ἐνῆγεν
3613 3204 3676 3268 εἰς

2144 3291 2428 3363 πραότητα
2449 3307 2464 3321 ο
2494 3291 2673 3363 ἀπῆγε
2703 3290 2924 3361 φθόνου,
2952 3291 3268 3366 καὶοένῆγεν
3292 3292 3370 3356 εἰς
3408 3285 3678 3360 φιλοφροσύ-

2143 3393 2242 3448 νην
2264 3391 2278 3406 ο
2312 3374 2495 3446 ἀπῆγε
2534 3375 2632 3446 τῆς
2660 3373 2926 3438 πλατείας
2973 3375 3095 3430 ὁδοῦ
3133 3377 3232 3431 καὶ
3268 3374 3574 3450 εύρυχώρου,
3603 3371 3678 3424 καὶ

2143 3457 2340 3530 ἐνῆγεν
2362 3459 2442 3522 εἰς
2467 3457 2569 3530 τὴν
2599 3458 2793 3529 στενὴν
2812 3459 2906 3512 καὶ
2926 3459 3298 3533 τεθλιμμένην
3346 3463 3435 3515 καί
3481 3459 3678 3528 ἀπόκρη·

2147 3560 2300 3614 μνον,
2339 3543 2435 3596 καὶ
2458 3541 2658 3616 ἐνῆγεν
2685 3541 2763 3606 ώς
2791 3542 3102 3614 τραφέντας
3131 3548 3199 3617 τῇ
3230 3545 3464 3617 πλατείᾳ.
3497 3544 3562 3596 Οὐ
3589 3540 3675 3611 γὰρ

2142 3625 2207 3698 δὴ
2237 3625 2431 3688 ἄλλους
2460 3624 2780 3698 ἀνθρώπους
2803 3625 2984 3680 λαϐὼν
3027 3627 3135 3693 ἔξω
3165 3629 3266 3700 τῆς
3291 3627 3584 3698 οἰκουμένης
3602 3624 3677 3677 καὶ

2143 3709 2244 3780 τῆς
2276 3709 2567 3783 συνηθείας
2594 3708 2820 3780 ταύτης,
2859 3710 2974 3764 ἀλλ’
3012 3712 3216 3778 αὐτοὺς
3250 3713 3480 3776 ἐκείνους
3505 3713 3611 3774 τοὺς
3631 3709 3677 3761 ἐν

2143 3793 2354 3854 τούτοις
2387 3793 2811 3858 κατασαπέντας
2842 3795 2936 3848 καὶ
2971 3795 3146 3867 πηλοῦ
3193 3795 3506 3868 γενομένους
3540 3793 3680 3864 μαλα-

2145 3876 2442 3948 κωτέρους,
2473 3875 2698 3941 τούτους
2729 3877 2985 3932 ἐκέλευσε
3028 3879 3126 3952 τὴν
3162 3881 3353 3953 στενὴν
3389 3881 3476 3934 καὶ
3498 3877 3681 3946 τεθλιμ·

2149 3959 2316 4030 μένην
2356 3959 2562 4012 ὁδεύειν
2599 3959 2739 4023 ὁδὸν.
2785 3962 2886 4032 τὴν
2928 3966 3190 4035 τραχεῖαν
3223 3965 3316 4018 καὶ
3347 3960 3584 4034 σκληρὰν,
3607 3956 3682 4012 καὶ

2144 4042 2350 4100 ἔπειθε.
2380 4044 2492 4098 Kal
2507 4043 2710 4110 πόσους
2733 4043 2949 4100 ἔπειθεν
2970 4064 2983 4113 ;
3015 4047 3076 4100 ού
3101 4045 3198 4101 δύο
3217 4048 3309 4102 καὶ
3332 4046 3456 4100 δέκα
3477 4042 3683 4099 καὶείκο·

2147 4143 2202 4179 σι
2228 4125 2320 4180 καὶ
2342 4126 2560 4193 ἑκατὸν,
2592 4127 2729 4183 ἀλλά
2754 4130 2967 4195 πάντας
2992 4131 3177 4202 σχεδὸν
3199 4132 3326 4195 τοὺς
3351 4131 3444 4203 τὴν
3471 4127 3682 4198 ὑφ’ἦλιον

2145 4209 2447 4274 οἰκοῦντας.
2481 4212 2592 4266 Kal
2628 4212 2717 4266 διά
2766 4212 2926 4268 τίνων
2953 4211 3174 4282 έπειθε;
3205 4215 3293 4269 διὰ
3325 4213 3598 4287 ἀνθρώπων
3624 4209 3684 4262 ἐν·

2144 4293 2302 4360 δεκα,
2358 4294 2769 4366 ἀγραμμάτων,
2820 4295 3066 4362 ἰδιωτῶν,
3115 4298 3426 4369 ἀγλώττων,
3472 4297 3682 4364 ἀσήμων.

2148 4377 2417 4449 πενήτων,
2448 4380 2510 4433 ού
2544 4380 2811 4452 πατρίδας
2835 4381 3090 4452 ἐχόντων,
3123 4382 3277 4456 [576]
3313 4384 3373 4438 ού
3412 4377 3684 4453 περιουσίας

2147 4463 2469 4534 Χρημάτων,
2514 4464 2576 4518 ού
2625 4465 2878 4539 σώματος
2917 4467 3167 4540 δύναμιν,
3216 4471 3276 4525 οὺ
3321 4469 3473 4540 δόξης
3497 4462 3683 4537 περιφά-

2147 4562 2326 4610 νειαν,
2355 4547 2416 4600 οὐ
2452 4548 2736 4617 προγόνων
2774 4548 3157 4625 λαμπρότητα,
3211 4553 3273 4606 οὐ
3321 4553 3487 4622 λόγων
3541 4549 3682 4618 ἰσχὺν.

2149 4629 2208 4682 ού
2232 4629 2515 4700 ῥητορείας
2544 4631 2845 4704 δεινότητα,
2876 4635 2935 4687 ού
2959 4635 3057 4706 τὴν
3083 4637 3190 4690 ἀπὸ
3216 4635 3462 4706 γνώσεως
3487 4645 3684 4706 προσται

2150 4712 2290 4778 σίαν,
2313 4710 2457 4765 ἀλλὰ
2481 4714 2695 4782 ἁλιέων,
2728 4720 3088 4786 σκηνοποιῶν,
3125 4718 3546 4791 ἐτερογλώσσων.
3578 4710 3682 4766 υῦδὲ

2146 4797 2256 4869 γὰρ
2285 4797 2556 4868 ὁμόφωνοι
2578 4801 2690 4862 τοῖς
2717 4802 3061 4872 πειθομένοις
3083 4799 3245 4876 ἦσαν,
3269 4803 3402 4858 ἀλλά
3427 4802 3568 4870 ξένην
3586 4793 3682 4850 τινὰ

2149 4881 2243 4934 καὶ
2269 4880 2734 4953 παρηλλαγμένην
2764 4883 2913 4956 παρά
2948 4887 3128 4951 πάσας
3151 4887 3252 4952 τὰς
3272 4885 3504 4957 γλώττας
3521 4895 3676 4947 κεκτη

2151 4963 2303 5034 μένοι
2329 4963 2531 5036 φωνὴν,
2568 4966 2668 5037 τὴν
2697 4967 2952 5039 Ἐϐραῖδα
2979 4971 3139 5040 λέγω,
3172 4972 3270 5026 καὶ
3295 4970 3360 5026 δι’
3389 4967 3553 5024 αὐτῶν
3569 4964 3676 5035 «gm-

2146 5047 2352 5118 δόμησε
2375 5047 2474 5120 τὴν
2505 5048 2833 5121 Ἐκκλησίαν
2863 5052 3087 5124 ταύτην,
3112 5053 3213 5126 τὴν
3247 5055 3356 5109 ἀπὸ
3377 5051 3602 5124 περάτων
3618 5042 3674 5100 εἰς

2149 5130 2364 5202 πέρατα
2401 5133 2726 5205 τεταμένην.

2221 5219 2308 5280 ιγ’.
2325 5213 2435 5268 Kal
2471 5215 2532 5268 οὐ
2562 5215 2722 5269 τοῦτο
2753 5216 2915 5288 μόνον
2943 5219 3062 5275 ἐστί
3084 5220 3143 5274 τὸ
3159 5215 3482 5292 θαυμαστὸν,
3504 5208 3680 5268 ἀλλ’ὅτι

2147 5298 2196 5350 οἰ
2230 5297 2440 5351 ἰδιῶται
2465 5297 2528 5370 δὴ
2558 5294 2701 5354 οὗτοι
2731 5303 2825 5356 καὶ
2847 5304 3076 5375 πένητες
3092 5304 3185 5359 καὶ
3205 5303 3377 5372 ὀλίγοι
3401 5298 3491 5355 καί
3514 5297 3676 5375 ἄσημοι

2149 5383 2244 5436 καλ⁸
2288 5382 2647 5456 ἀγράμματοι
2697 5385 2793 5440 καὶ
2845 5370 3084 5453 εὐτελεῖς
3118 5388 3214 5444 καὶ
3258 5370 3566 5458 ἑτερόφωνοι
3605 5370 3674 5426 καὶ

2148 5469 2642 5540 εὐκαταφρόνητοι,
2678 5471 2778 5543 τῆς
2825 5473 3149 5544 οἰκουμένης
3185 5472 3403 5542 ἀπάσης
3432 5467 3522 5538 τὴν
3562 5459 3674 5527 διδΡ¹

2150 5551 2316 5606 θωσιν
2343 5554 2796 5627 ἐγχειρισθέντες,
2820 5557 2915 5612 καὶ
2936 5557 3032 5611 ἐπὶ
3055 5557 3123 5612 τά
3146 5555 3322 5627 πολλῷ
3349 5546 3673 5611 δυσκολώτερα

2153 5638 2455 5710 πράγματα
2489 5640 2642 5710 ἄγειν
2663 5641 2843 5716 ,αὐτὴν
2871 5642 3274 5708 κελευσθέντες,
3311 5639 3423 5693 οὐδὲ
3439 5638 3490 5691 ἐν
3513 5628 3677 5700 εἰρήνῇ.
