3990 6198
325 187 433 245 829

315 314 578 384 amplexi.
609 312 724 370 Non
760 315 1101 372 crediderunt
1126 314 1295 372 Judaai
1314 357 1331 384 ,
1362 316 1702 373 crediderunt
1728 315 1911 372 Genti-

318 409 421 463 les.
449 407 601 475 Quod
633 407 804 476 ipsum
833 421 938 462 non
968 407 1183 463 silentio
1213 410 1630 478 prmtermissum
1657 419 1739 464 est
1773 427 1785 462 :
1817 408 1912 464 sed

320 498 489 552 David
516 497 729 567 quidem
757 498 886 552 dicit
916 516 930 552 :
957 495 1080 552 Filii
1105 499 1258 553 alieni
1285 501 1479 553 mentiti
1502 510 1617 554 sunt
1641 500 1784 566 mihi,
1818 500 1914 569 ﬁlii

314 589 480 642 alieni
508 589 768 641 inveterati
811 597 926 643 sunt
947 631 962 654 ,
1007 597 1054 643 et
1079 590 1486 644 clandicaverunt
1517 607 1549 644 a
1582 592 1770 645 semitis
1807 592 1912 644 suis

316 677 499 748 (Psat.
535 679 622 732 l7.
654 679 747 750 46)
779 695 794 732 :
825 679 1043 733 [lenias
1071 694 1198 734 vero
1233 697 1249 735 :
1277 679 1517 747 Domine,
1549 681 1660 751 quis
1699 681 1910 735 credidit

313 769 520 821 anditni
552 779 756 832 nostro,
803 779 849 823 et
887 769 1148 824 brachium
1176 769 1380 826 Domini
1424 772 1508 826 cui
1536 772 1810 826 revelatum
1837 783 1909 827 est

303 855 320 924 (
331 851 524 907 llesai.
549 851 638 906 55.
655 853 707 923 l)
727 852 751 908 ἵ
768 851 830 908 Et
849 869 1069 909 rursum
1095 872 1112 911 :
1135 853 1386 913 Inventus
1402 873 1519 913 sum
1541 859 1606 914 ab
1629 861 1697 916 iis
1713 864 1804 934 qui
1817 882 1898 921 me

299 961 407 998 non
439 941 748 1016 quwrebant
777 960 797 999 :
817 945 1127 1014 conspicuus
1152 946 1329 1017 factus
1341 966 1458 1004 sum
1487 951 1553 1006 iis
1569 954 1660 1024 qui
1685 970 1766 1011 me
1790 973 1894 1014 non

297 1039 706 1108 interrogabant
737 1039 946 1109 (Hesai.
977 1040 1066 1096 65.
1096 1043 1169 1108 l).
1203 1044 1383 1114 Atque
1412 1047 1464 1101 in
1493 1046 1613 1118 ipso
1637 1050 1757 1119 ejus
1793 1055 1893 1109 ad-

308 1138 483 1183 ventu
508 1129 808 1187 Chananma
837 1138 894 1187 et
917 1129 1246 1189 Samaritana
1290 1136 1482 1192 mulier
1523 1138 1902 1193 crediderunt:

306 1218 628 1274 sacerdotes
675 1227 853 1274 autem
899 1231 954 1277 et
1001 1223 1268 1294 principes
1326 1226 1525 1280 bellum
1580 1227 1905 1298 insidiasque

308 1308 614 1378 parabant,
659 1309 896 1381 aliosque
921 1313 1199 1383 abigebant
1222 1357 1237 1382 ,
1263 1324 1319 1370 et
1354 1330 1420 1371 ex
1447 1331 1712 1388 synagoga
1743 1319 1904 1388 pelle-

308 1399 446 1454 bant
471 1415 603 1467 eos,
643 1402 732 1472 qui
773 1403 827 1458 iu
877 1404 1049 1475 ipsum
1091 1407 1388 1463 crederent.
1435 1408 1512 1464 Ne
1541 1409 1700 1480 igitur
1727 1419 1778 1467 te
1804 1413 1902 1467 ista

307 1492 682 1548 conturbent:
713 1494 897 1551 multis
943 1496 1246 1567 huiusmodi
1290 1501 1551 1570 exemplis
1597 1504 1749 1573 plena
1795 1504 1904 1560 vita

307 1593 500 1638 nostra
523 1595 604 1640 est
627 1625 643 1651 ,
673 1593 782 1641 tum
809 1596 994 1644 nostro
1021 1599 1128 1645 tum
1159 1593 1429 1661 praeterito
1455 1603 1712 1665 tempore.
1753 1596 1901 1652 Alio—

303 1675 442 1743 quin
485 1691 650 1743 vero,
685 1676 732 1732 si
770 1693 877 1735 non
916 1695 1137 1748 omnes,
1181 1683 1332 1737 multi
1361 1692 1508 1740 certe
1535 1701 1600 1740 ex
1625 1685 1824 1743 Judaeis
1847 1695 1900 1744 et

303 1777 439 1824 tunc
485 1778 540 1824 et
582 1781 767 1827 nostro
810 1781 1050 1844 tempore
1087 1774 1448 1832 crediderunt.
1501 1777 1652 1846 Quod
1693 1779 1739 1835 si
1793 1795 1900 1836 non

301 1873 502 1915 omnes
547 1861 677 1916 nihil
710 1879 840 1919 sane
879 1879 1076 1920 novum
1106 1875 1198 1922 aut
1224 1867 1468 1925 mirabile
1499 1887 1513 1925 :
1543 1870 1666 1926 talis
1703 1871 1900 1942 quippe

298 1961 385 2006 est
415 1952 659 2024 ingratus
683 1956 927 2025 animus,
969 1958 1086 2014 talis
1112 1974 1266 2015 mens
1304 1961 1510 2017 ratione
1537 1977 1737 2034 vacua,
1781 1966 1898 2021 talis

297 2041 486 2097 anima
516 2042 670 2100 malis
697 2045 972 2103 alfectibus
1001 2058 1280 2118 occupata.

373 2130 746 2192 Preedictiones
768 2154 802 2192 α
824 2137 1024 2194 Christo
1047 2142 1264 2211 prolata:
1285 2144 1394 2214 ejus
1427 2146 1701 2214 potentiam
1730 2157 1898 2203 osten-

294 2223 452 2280 dunt.
477 2253 554 2268 —
589 2227 854 2286 Caeterum
880 2232 1002 2302 quia
1032 2234 1342 2304 prophetias
1368 2235 1437 2292 de
1478 2236 1691 2293 Christo
1736 2241 1896 2295 tantis

293 2324 463 2371 antea
492 2319 820 2389 temporibus
839 2336 869 2376 a
896 2322 1168 2392 prophetis
1194 2324 1497 2383 enuntiatus
1526 2329 1846 2398 protulimus
1875 2348 1890 2386 :

293 2422 398 2478 age
424 2410 479 2464 in
502 2412 735 2469 medium
761 2415 1046 2473 ail‘eramus
1065 2432 1178 2486 eas,
1200 2436 1320 2491 qua:
1348 2420 1414 2477 de
1434 2422 1526 2478 illo
1550 2438 1670 2480 cum
1699 2435 1892 2483 terram

293 2499 576 2570 circuiret,
598 2513 787 2560 etcum
805 2505 1109 2564 hominibus
1131 2524 1539 2569 conversaretur
1557 2515 1711 2571 editae
1729 2527 1852 2573 sunt
1876 2535 1892 2575 :

294 2599 355 2645 ut
389 2591 524 2649 hinc
551 2595 710 2650 etiam
734 2597 850 2667 ejus
895 2602 1183 2669 potentiam
1207 2603 1432 2660 ediscas.
1483 2605 1613 2662 Cum
1640 2609 1891 2666 advenis-

291 2691 380 2738 set
406 2683 605 2754 igitur,
634 2696 691 2743 et
719 2689 904 2746 salutis
935 2690 1208 2748 hominum
1230 2696 1499 2766 negotium
1525 2711 1706 2769 ageret
1729 2702 1889 2769 ,'tum

291 2789 491 2829 eorum
511 2817 528 2842 ,
559 2777 648 2847 qui
680 2787 805 2836 tunc
832 2781 886 2836 in
906 2783 1070 2850 vivis,
1098 2792 1208 2840 tum
1233 2787 1393 2842 etiam
1417 2804 1626 2855 eorum,
1657 2793 1747 2862 qui
1769 2801 1890 2863 post

292 2865 466 2921 futuri
514 2878 692 2937 erant,
745 2873 906 2928 variis
948 2873 1090 2931 illam
1131 2878 1305 2934 modis
1345 2883 1680 2950 procumbat.
1733 2884 1884 2953 Vide,

292 2972 528 3028 quaso,
590 2961 717 3032 quid
774 2963 949 3020 faciat.
1027 2967 1275 3026 Miracula
1321 2971 1472 3039 edit,
1532 2983 1587 3029 et
1637 2974 1882 3043 quaedam

289 3049 543 3119 pradicit
581 3052 753 3125 longis
794 3068 977 3126 postea
1018 3063 1348 3130 temporibus
1373 3074 1627 3121 eventura
1648 3108 1663 3134 ,
1694 3083 1757 3123 ac
1790 3085 1886 3138 per

292 3157 360 3197 ea
392 3159 519 3213 qua:
547 3155 670 3202 tunc
698 3149 894 3206 fiebant
913 3190 931 3216 ,
961 3153 1026 3208 iis
1047 3170 1169 3224 quae
1196 3155 1288 3211 diu
1313 3167 1496 3227 postea
1534 3159 1706 3215 futura
1735 3171 1888 3218 erant

285 3234 635 3294 auditoribus
681 3243 1032 3310 praesentibus
1071 3246 1228 3303 fidem
1269 3247 1472 3305 faciens
1501 3268 1516 3307 :
1543 3250 1732 3308 futuris
1756 3269 1889 3324 quo-

284 3340 397 3394 que
436 3342 509 3382 ex
541 3340 733 3386 eventu
762 3335 1163 3403 prmdictionum
1193 3339 1466 3398 credibilia
1512 3343 1743 3400 reddens
1782 3346 1886 3401 mi-

284 3420 474 3474 racula
530 3423 622 3479 illo
673 3433 916 3497 tempore
961 3431 1101 3486 edita
1150 3450 1165 3488 :
1211 3441 1374 3505 atque
1419 3449 1486 3492 ex
1533 3435 1634 3493 hac
1685 3438 1888 3509 duplici

284 3511 754 3576 demonstratione
793 3521 952 3579 tidem
991 3523 1193 3584 faciens
1237 3527 1340 3595 iis,
1384 3545 1504 3600 quae
1551 3529 1618 3586 ad
1662 3546 1883 3605 regnum

285 3606 658 3672 pertinebant.

360 3697 457 3752 ii.
487 3698 620 3756 Nam
648 3702 890 3774 duplices
925 3719 1078 3764 erant
1108 3709 1224 3780 ejus
1250 3711 1651 3782 praedictiones,
1701 3725 1757 3772 et
1801 3715 1884 3774 hat

281 3788 512 3857 quidem
552 3792 604 3846 in
642 3798 892 3863 praesenti
930 3799 1038 3854 vita
1083 3810 1354 3859 eventura:
1391 3814 1579 3872 erant,
1625 3807 1729 3863 illae
1756 3823 1884 3866 vero

283 3887 416 3948 post
459 3881 629 3952 ipsam
676 3891 1192 3948 consummationem
1225 3894 1449 3966 aliaeque
1488 3897 1715 3953 aliarum
1742 3899 1882 3955 veri-

281 3979 456 4029 tatem
506 3973 805 4034 luculenter
847 3984 1356 4040 comtuonstrabant.
1413 3987 1653 4059 Exempli
1697 4005 1875 4057 causa,

281 4076 415 4116 nam
442 4061 728 4122 obscurum
757 4069 955 4126 dictum
994 4073 1209 4142 planum
1239 4075 1413 4133 facere
1436 4086 1674 4149 satagam
1699 4067 1880 4146 {duo-

278 4152 465 4209 decim
497 4155 666 4224 ipsum
695 4159 939 4232 discipuli
983 4165 1344 4235 sequebantur
1371 4186 1385 4220 :
1415 4168 1707 4226 Ecclesiam
1751 4187 1879 4228 vero

279 4260 452 4303 nemo
480 4249 566 4304 vel
592 4265 651 4305 re
678 4252 762 4307 vel
789 4255 1002 4311 nomine
1041 4266 1243 4312 tantum
1273 4270 1531 4316 noverat:
1562 4277 1683 4316 nam
1710 4262 1880 4334 Syna-

278 4354 420 4410 goga
452 4340 675 4398 florebat
705 4345 896 4402 adhuc.
955 4347 1089 4417 Quid
1121 4352 1281 4420 igitur
1322 4354 1484 4420 dixit,
1517 4365 1571 4412 et
1599 4357 1728 4411 orbe
1769 4358 1881 4413 fere

283 4439 402 4486 toto
421 4433 478 4488 in
506 4433 772 4503 impietate
793 4438 1009 4495 detento
1035 4445 1317 4512 prmdixit?
1343 4446 1512 4517 Super
1533 4449 1665 4502 hanc
1685 4460 1880 4520 petram

277 4523 552 4593 ediﬁcabo
577 4525 856 4584 Ecclesiam
885 4547 1082 4601 meam;
1113 4544 1159 4589 et
1187 4547 1348 4606 pot-tte
1379 4538 1530 4610 inferi
1558 4556 1659 4594 non
1683 4557 1879 4612 prama-

277 4615 460 4670 lebunt
498 4617 736 4674 adversus
777 4637 890 4676 eam
937 4623 1150 4693 (Matth.
1183 4627 1270 4682 16.
1301 4628 1416 4699 l8).
1471 4630 1726 4686 Examina
1775 4631 1879 4688 hoc

275 4707 489 4764 dictum
516 4718 573 4765 ut
589 4711 735 4778 libet,
759 4721 812 4767 et
829 4716 1107 4772 veritatem
1135 4718 1250 4789 ejus
1269 4720 1621 4791 refulgentem
1647 4721 1875 4778 videbis.

281 4799 406 4855 Non
431 4802 576 4858 enim
603 4803 730 4860 illud
777 4807 952 4862 solum
997 4809 1275 4880 mirabile,
1319 4812 1460 4882 quod
1498 4827 1617 4870 eam
1660 4813 1714 4868 in
1760 4815 1880 4869 uni-

277 4906 448 4949 verso
477 4895 607 4951 orbe
645 4897 1021 4964 :edificaverit,
1068 4901 1167 4957 sed
1208 4904 1350 4972 quod
1389 4904 1637 4962 invictam
1669 4904 1876 4972 fecerit,

279 4996 338 5038 et
368 4994 446 5039 tot
465 4987 715 5056 agitatam
744 4989 900 5046 bellis
925 4992 1195 5048 Invictum.
1226 4993 1358 5050 Illud
1381 4994 1523 5050 enim
1554 5014 1568 5051 :
1601 4994 1775 5051 Porto:
1797 4999 1880 5051 in~

280 5075 384 5143 {eri
409 5093 511 5131 non
537 5080 882 5149 prcualebunl
904 5083 1144 5138 adversus
1171 5101 1311 5154 eant,
1343 5087 1581 5156 pericula
1607 5096 1732 5143 sunt
1758 5104 1878 5160 qua

280 5167 337 5219 in
383 5166 651 5224 infernum
680 5171 970 5228 deducunt.
1026 5174 1270 5230 Vidistin‘
1296 5176 1656 5247 praedictionis
1679 5181 1878 5235 verita-

280 5257 439 5311 tem?
502 5259 747 5317 Vidistin’
771 5274 994 5320 eventus
1036 5266 1238 5322 robur?
1268 5267 1506 5324 Vidistin‘
1529 5269 1693 5325 verba
1717 5269 1879 5327 rebus

281 5347 417 5418 ipsis
452 5349 685 5407 lucentia
711 5393 726 5418 ,
752 5363 808 5410 et
831 5355 938 5410 vim
964 5356 1373 5428 insuperabilem
1403 5359 1582 5416 omnia
1609 5360 1753 5416 nullo
1780 5377 1877 5418 ne-

282 5443 434 5509 gotio
479 5441 804 5501 facientem?
853 5446 965 5503 Etsi
992 5450 1136 5505 enim
1180 5450 1344 5506 breve
1370 5450 1569 5507 dictum
1609 5453 1682 5508 sit
1727 5453 1876 5520 illud,

281 5532 586 5603 didi/italia
614 5537 895 5594 Ecclesiam
917 5559 1078 5598 meam
1095 5585 1109 5611 ,
1137 5560 1206 5601 ne
1233 5545 1543 5618 simpliciter
1571 5558 1876 5617 prattereas,

287 5629 380 5684 sed
411 5627 468 5685 in
508 5641 688 5687 mente
722 5633 933 5692 revolve
959 5673 978 5705 ,
1025 5646 1080 5693 et
1116 5637 1286 5710 cogita
1329 5652 1585 5711 quantum
1613 5640 1681 5698 sit
1713 5652 1877 5700 totum

865 190 1137 248 CONTRA
1176 190 1455 250 ιυῡίεοδ
1494 194 1588 250 ΕΤ
1621 195 1889 253 GENTILI

2024 193 2210 264 QUOD
2245 197 2580 258 CHRISTUS
2617 203 2723 257 Sl‘l'
2764 203 2964 261 DtsUS.

3501 204 3606 259 8'50

2021 313 2208 371 orbem
2257 327 2362 373 tam
2390 319 2534 374 brevi
2567 327 2805 391 tempore
2837 319 3088 378 Ecclesiis
3116 320 3408 394 replevisse
3429 367 3442 388 ,
3481 332 3599 376 tan-

2021 415 2100 461 tas
2115 409 2442 464 convertisse
2467 420 2670 480 gentes,
2690 411 2897 482 populis
2912 412 3264 480 persuasisse,
3285 421 3346 469 ut
3365 420 3602 482 paternis

2018 496 2204 552 solutis
2234 498 2436 568 legibus
2482 500 2768 556 radicatam
2807 502 3247 559 consuetudinem
3280 503 3595 572 cvellerent,

2017 587 2304 659 voluptatis
2348 593 2719 662 tyrannidem,
2765 593 3015 663 nequitiae
3057 594 3162 650 vim
3192 608 3288 648 seu
3328 595 3598 664 pulverem

2016 679 2303 749 cjicerent,
2337 696 2457 737 aras
2479 724 2495 750 ,
2537 683 2773 753 templa,
2807 683 2945 738 idola
2971 725 2986 749 ,
3015 682 3266 756 mysteria
3293 725 3307 748 ,
3344 685 3594 754 profanas

2015 770 2421 840 solemnitales,
2473 773 2846 843 impurumque
2890 773 3155 838 nidorem,
3197 774 3347 844 quasi
3391 773 3596 829 fumum

2015 863 2295 932 quemdam
2324 864 2601 931 delerent;
2634 866 2828 935 ubique
2864 865 3049 920 altaria
3079 865 3400 930 excitarent,
3429 866 3482 919 in
3509 881 3594 922 re-

2012 955 2170 1025 gione
2190 954 2571 1022 Romanorum,
2594 955 3242 1027 Persarum,Scytharnm,
3267 955 3592 1023 Maurorum,

2015 1046 2259 1102 Indorum
2288 1064 2302 1101 :
2330 1046 2456 1116 quid
2482 1046 2598 1102 dico
2617 1049 2642 1101 ’ἐ
2663 1047 2744 1102 vel
2770 1055 2921 1101 extra
2947 1047 3132 1101 orbem
3169 1056 3428 1102 nostrum.
3461 1045 3592 1101 Nam

2012 1146 2067 1192 ct
2095 1137 2404 1191 Britannicae
2435 1138 2652 1204 insulas,
2697 1153 2816 1207 quae
2850 1146 2998 1192 extra
3031 1137 3131 1192 hoc
3158 1151 3304 1192 mare
3329 1137 3445 1192 sita:
3469 1149 3592 1192 sunt

2011 1235 2067 1282 ct
2108 1228 2159 1282 in
2207 1228 2323 1297 ipso
2351 1227 2598 1294 Oceano,
2636 1228 2742 1282 vim
2787 1228 2936 1282 verbi
2965 1237 3244 1284 senserunt
3272 1246 3286 1282 :
3315 1228 3423 1282 illic
3447 1228 3590 1283 enim

2010 1317 2265 1373 Ecclesia:
2289 1328 2342 1374 et
2369 1319 2553 1373 altaria
2575 1327 2755 1374 erecta
2783 1318 2957 1374 fuere.
2989 1319 3222 1375 Verbum
3260 1319 3387 1374 illud
3407 1360 3422 1384 ,
3450 1319 3591 1389 quod

2010 1416 2136 1464 tunc
2161 1409 2250 1464 ille
2276 1409 2525 1478 protulit,
2557 1409 2609 1464 in
2652 1409 2888 1464 omnium
2933 1409 3124 1464 animis
3167 1410 3458 1480 plumatum
3484 1415 3587 1473 est,

2009 1515 2104 1570 per
2127 1501 2365 1556 omnium
2395 1515 2487 1556 ora
2515 1500 2685 1556 fertur
2715 1518 2729 1555 :
2767 1509 2822 1556 et
2847 1509 2987 1556 terra
3007 1542 3023 1568 ,
3049 1511 3109 1556 ut
3135 1502 3206 1555 ita
3235 1500 3406 1556 dicam
3433 1542 3446 1563 ,
3473 1500 3591 1554 uni-

2007 1605 2181 1658 versa,
2207 1593 2372 1661 spinis
2391 1592 2594 1662 repleta
2611 1591 2894 1647 emundata
2920 1601 3021 1658 est,
3044 1606 3170 1662 ager
3191 1607 3353 1661 purus
3372 1589 3590 1646 effectus

2007 1692 2109 1749 est,
2133 1683 2449 1753 pietatisque
2473 1683 2676 1738 semina
2706 1683 2957 1753 suscepit.
3005 1683 3190 1752 Magna
3221 1697 3349 1736 sane
3369 1696 3456 1735 res
3482 1690 3587 1746 est,

2008 1787 2220 1842 magna,
2251 1773 2463 1844 inquam
2483 1814 2498 1841 ,
2531 1773 2639 1829 imo
2664 1789 2888 1828 summa:
2916 1772 3295 1843 magnitudinis
3315 1779 3370 1828 et
3395 1771 3589 1827 divinas

2005 1863 2216 1919 virtutis
2242 1873 2609 1934 argumentum
2643 1882 2658 1920 :
2683 1865 2896 1920 nemine
2924 1866 3106 1920 turbas
3128 1873 3412 1929 movente,
3457 1877 3591 1932 pace

2007 1967 2248 2020 summa,
2281 1955 2406 2010 licet
2443 1955 2600 2010 multi
2626 1955 3009 2012 conturbarcnt
3033 1963 3089 2010 et
3113 1969 3272 2009 nemo
3298 1953 3590 2009 reluctare-

2006 2053 2090 2100 tur
2110 2085 2127 2112 ,
2174 2045 2407 2115 potuisse
2449 2053 2654 2107 tantum
2682 2046 2868 2103 urbem
2905 2045 3186 2103 confestim
3209 2060 3241 2099 a
3269 2058 3430 2115 prava
3458 2043 3588 2098 tanti

2005 2135 2260 2204 temporis
2303 2137 2690 2192 consuetudine
2735 2136 2987 2202 liberari,
3033 2136 3085 2190 in
3113 2135 3275 2190 aliam
3301 2148 3427 2190 vero
3452 2147 3587 2189 con-

2001 2226 2333 2282 suetudinem
2369 2228 2525 2299 longe
2545 2227 2894 2284 difficiliorem
2918 2227 3138 2282 traduci.
3177 2225 3359 2297 Neque
3382 2235 3586 2280 tantum

1999 2321 2330 2381 consuetudo
2355 2321 2762 2389 adversabatur,
2795 2321 2890 2377 sed
2917 2322 3076 2377 etiam
3107 2320 3350 2391 voluptas
3373 2318 3587 2375 detine-

1999 2415 2122 2482 bat,
2168 2414 2276 2470 duo
2325 2415 2588 2486 tyrannici
2631 2415 2816 2470 obices
2843 2422 3013 2468 :‘nam
3057 2429 3176 2484 qua:
3220 2427 3252 2468 a
3297 2413 3585 2467 multorum

1997 2522 2258 2564 annorum
2297 2505 2561 2562 curriculo
2584 2521 2616 2563 a
2642 2505 2878 2576 patrihus
2899 2546 2914 2572 ,
2941 2505 3055 2560 avis
3078 2545 3093 2571 ,
3121 2505 3302 2560 abavis
3321 2546 3336 2572 ,
3365 2504 3584 2574 majori-

1997 2599 2097 2656 bus
2119 2639 2135 2666 ,
2169 2599 2500 2670 philosophis
2519 2607 2575 2655 et
2595 2598 2899 2655 rhetoribus
2924 2608 3276 2668 acceperant,
3306 2613 3370 2654 ea
3389 2611 3585 2668 respu-

1997 2704 2110 2756 ere,
2141 2703 2259 2760 quae
2286 2704 2374 2746 res
2401 2687 2685 2744 admodum
2717 2687 2947 2742 dillicilis
2970 2696 3088 2743 erat
3111 2727 3125 2753 ,
3154 2685 3503 2755 docebantur,
3529 2695 3586 2743 et

1995 2795 2186 2836 novam
2209 2781 2452 2850 accipere
2482 2777 2924 2835 consuetudinem
2945 2819 2962 2844 ,
3003 2792 3230 2849 eamque
3253 2819 3268 2843 ,
3296 2776 3438 2847 quod
3461 2792 3586 2848 gra-

1995 2873 2113 2928 vius
2147 2883 2303 2940 erat,
2335 2872 2489 2928 valde
2517 2871 2707 2928 duram
2733 2881 2788 2927 et
2812 2872 3117 2928 molestam.
3163 2870 3401 2926 Abduxit
3428 2885 3458 2926 a
3485 2885 3582 2926 vo-

1995 2966 2232 3036 luptate,
2277 2974 2334 3021 et
2361 2964 2568 3021 induxit
2609 2964 2667 3019 in
2710 2963 2972 3034 jejunium
3001 2981 3015 3016 :
3046 2963 3269 3019 abduxit
3305 2963 3374 3019 ab
3397 2978 3582 3020 amore

1994 3058 2372 3130 pecuniarum,
2419 3065 2476 3112 et
2511 3056 2718 3112 induxit
2753 3057 2807 3112 in
2854 3065 3252 3126 paupertatem;
3301 3056 3579 3113 abduxita

1992 3147 2207 3203 lascivia
2227 3189 2244 3215 ,
2282 3155 2339 3203 et
2362 3146 2567 3203 induxit
2591 3145 2644 3201 in
2674 3146 3078 3216 temperantiam
3102 3161 3115 3199 :
3139 3145 3358 3200 abduxit
3375 3146 3445 3200 ab
3473 3147 3574 3211 ira,

1990 3247 2047 3295 et
2070 3237 2278 3293 induxit
2304 3238 2359 3293 in
2383 3237 2847 3294 mansuetudinem
2877 3254 2892 3289 :
2923 3236 3145 3292 abduxit
3175 3236 3244 3291 ab
3267 3236 3482 3302 invidia,
3517 3245 3575 3292 et

1993 3330 2198 3387 induxit
2239 3330 2291 3386 in
2337 3330 2718 3402 benignitatem
2748 3347 2763 3384 :
2792 3327 3011 3387 abduxit
3037 3343 3067 3383 a
3100 3329 3184 3384 via
3214 3329 3320 3384 lata
3353 3337 3411 3385 et
3452 3343 3577 3400 spa-

1991 3424 2145 3490 tiosa,
2175 3433 2230 3479 et
2257 3422 2463 3479 induxit
2487 3425 2540 3479 in
2568 3431 2845 3494 angustam
2867 3464 2883 3490 ,
2923 3431 3123 3478 arctam
3150 3431 3204 3478 et
3233 3430 3575 3493 przeruptam,

1989 3514 2217 3581 induxit,
2267 3516 2481 3585 inquam
2506 3555 2522 3581 ,
2549 3522 2792 3570 assuetos
2819 3514 2917 3569 viae
2941 3513 3084 3569 lat-.e.
3135 3513 3250 3569 Non
3279 3514 3422 3570 enim
3443 3514 3577 3570 alios

1988 3605 2275 3676 assumpsit
2308 3605 2552 3662 homines
2579 3617 2728 3662 extra
2755 3605 3013 3661 mundum
3041 3613 3096 3661 et
3130 3605 3269 3661 hanc
3290 3614 3576 3662 consuetu-

1988 3697 2166 3754 dinem
2191 3699 2458 3763 viventes;
2489 3697 2584 3753 sed
2613 3711 2706 3753 eos
2736 3698 2876 3767 ipsos
2901 3696 2992 3766 qui
3029 3695 3140 3766 jam
3167 3697 3223 3751 in
3263 3711 3327 3751 ea
3350 3711 3574 3766 compuo

1990 3799 2245 3856 truerant,
2264 3799 2318 3846 ct
2341 3790 2454 3846 luto
2473 3789 2742 3846 molliores
2755 3797 2930 3857 erant,
2953 3788 3052 3844 hos
3066 3789 3227 3858 jussit
3254 3788 3307 3844 in
3325 3799 3571 3859 angusta.

1987 3897 2176 3953 aspera
2223 3893 2277 3938 et
2321 3890 2470 3938 arcta
2518 3880 2767 3937 incedere
2809 3880 2892 3934 via
2913 3921 2930 3948 ,
2985 3890 3042 3935 et
3090 3879 3143 3935 id
3181 3879 3443 3952 persuasit
3469 3880 3570 3935 eis.

1987 3976 2128 4044 Quot
2154 3973 2459 4031 hominibus
2502 3972 2555 4030 id
2597 3971 2904 4045 persuasit?
2953 3971 3069 4027 Non
3108 3972 3233 4037 uni,
3261 3971 3343 4027 vel
3362 3970 3568 4036 decem.

1984 4070 2069 4126 vel
2094 4069 2303 4141 viginti,
2331 4068 2413 4125 vel
2438 4076 2649 4124 centum
2673 4065 2998 4132 hominibus,
3019 4064 3116 4120 sed
3139 4063 3389 4120 omnibus
3403 4062 3572 4118 ferme

1985 4161 2086 4216 sub
2113 4161 2229 4216 sole
2270 4159 2649 4216 habitantibus.
2671 4149 2682 4196 ί
2703 4157 2941 4225 Quorum
2969 4170 3132 4226 opera
3169 4155 3224 4210 id
3264 4153 3570 4225 persuasit?

1987 4233 2242 4311 lindecim
2289 4267 2453 4322 Opera
2479 4251 2789 4318 hominum,
2821 4250 3190 4304 illiteratorum
3211 4289 3227 4316 ,
3259 4247 3569 4312 idiotarum,

1985 4345 2402 4416 ineloquentium
2424 4386 2439 4412 ,
2471 4341 2778 4414 ignobilium
2797 4383 2812 4408 ,
2843 4355 3153 4413 pauperum,
3185 4339 3375 4412 patria,
3405 4354 3569 4411 opum

1984 4434 2320 4492 facultatibus
2341 4475 2358 4502 ,
2410 4436 2605 4490 robore
2640 4433 2880 4503 corporis
2907 4472 2923 4498 ,
2967 4432 3150 4504 gloria:
3187 4431 3566 4504 praecellentia,

1983 4532 2194 4602 generis
2218 4527 2523 4600 splendore,
2549 4527 2602 4582 vi
2629 4527 2937 4594 verborum,
2970 4526 3262 4582 rhetorices
3285 4526 3566 4597 gravitate,

1983 4622 2218 4678 scientia:
2244 4621 2706 4678 commendatione
2741 4620 3065 4686 carentium;
3105 4619 3200 4675 sed
3228 4619 3568 4690 piscatorum,

1989 4716 2453 4772 tabernaculorum
2479 4713 2727 4786 Opificum
2745 4756 2760 4780 ,
2803 4712 2894 4785 qui
2923 4713 3147 4768 diversa:
3173 4712 3364 4783 linguae
3393 4721 3571 4770 erant.

1987 4805 2174 4876 Neque
2198 4807 2384 4863 eadem
2411 4807 2482 4862 illi
2503 4821 2606 4877 qua
2630 4805 2902 4861 auditores
2921 4805 3096 4875 lingua
3127 4803 3366 4858 instructi
3394 4801 3570 4869 erant,

1989 4898 2080 4954 sed
2101 4899 2376 4971 peregrina
2397 4907 2557 4969 atque
2570 4899 2638 4954 ab
2647 4898 2768 4953 aliis
2779 4895 3024 4951 omnibus
3040 4895 3254 4951 diversa
3267 4895 3443 4966 lingua
3455 4903 3569 4949 nte.

1986 4991 2201 5058 bantur,
2216 4991 2464 5047 nimirum
2481 4989 2756 5046 Hebraica.
2771 4989 2873 5045 Per
2884 4986 2982 5042 hos
2995 4986 3131 5042 hanc
3144 4985 3436 5041 Ecclesiam
3447 4984 3570 5040 mdi-

1989 5082 2186 5149 iicavit,
2213 5096 2332 5153 quae
2359 5097 2391 5137 a
2417 5081 2610 5136 finibus
2629 5094 2796 5151 usque
2822 5077 2888 5132 ad
2909 5077 3045 5133 ﬁnes
3071 5084 3226 5132 terra:
3244 5076 3599 5152 extenditurg

2056 5175 2147 5230 15.
2211 5173 2349 5228 Mira
2413 5171 2678 5243 Evangelii
2733 5171 3050 5242 propagatio.
3100 5197 3172 5210 -
3227 5168 3411 5239 Neque
3472 5167 3575 5224 hoe

1987 5264 2161 5320 solum
2207 5262 2450 5320 mirabile
2499 5271 2618 5325 est;
2668 5261 2764 5318 sed
2811 5261 2952 5332 quod
2995 5259 3215 5325 idiotze,
3264 5274 3571 5332 pauperes,

1987 5355 2175 5427 pauci,
2237 5355 2535 5426 ignobiles,
2592 5354 2825 5410 illiterati
2872 5369 2936 5409 ac
2987 5353 3150 5418 viles,
3206 5351 3424 5408 alterius
3465 5352 3571 5409 lin-

1991 5469 2140 5526 guae,
2181 5452 2640 5524 despicabilequ
2682 5450 2955 5516 homines,
2999 5448 3192 5519 quibus
3225 5447 3395 5503 totius
3425 5447 3577 5505 orbis

1990 5547 2295 5604 emendatio
2315 5546 2601 5602 commissa
2628 5545 2816 5611 fuerat,
2853 5543 3167 5614 jussumque
3183 5541 3355 5598 fuerat
3381 5539 3446 5595 ad
3471 5539 3574 5594 dif-

1999 5642 2218 5699 ﬁciliora
2241 5641 2412 5713 ipsum
2443 5638 2714 5698 traducere
2735 5681 2750 5709 ,
2787 5653 2893 5697 nou
2917 5635 3043 5696 illud
3067 5640 3117 5694 in
3144 5653 3277 5712 pace
3317 5633 3534 5693 fecerint
3557 5673 3581 5702 ι
