3990 6198
339 169 434 224 851

351 291 446 346 sed
491 288 788 346 innumeris
813 285 1046 356 undique
1073 285 1226 340 bellis
1249 283 1518 353 exagitati.
1551 281 1654 336 Per
1696 279 1933 350 singulas

350 384 547 454 quippe
582 392 766 453 gentes
805 388 860 436 et
897 379 1090 444 urbes,
1129 385 1184 433 et
1220 377 1346 446 quid
1387 376 1508 431 dico
1561 391 1652 445 per
1699 373 1936 443 singulas

354 484 542 543 gentes
571 481 626 527 et
653 471 848 526 urbes?
876 485 972 540 per
997 467 1232 538 singulas
1257 466 1416 522 etiam
1436 466 1624 520 domos
1645 465 1780 520 bella
1807 479 1936 520 con—

355 576 432 620 tra
461 567 602 635 ipsos
629 563 999 618 movebantur.
1049 561 1290 630 Ingressa
1324 574 1551 628 namque
1580 557 1842 622 doctrina,
1875 555 1936 610 fi-

355 654 589 724 liumque
614 668 643 706 a
671 661 820 721 patre
847 666 990 720 saepe
1017 650 1281 713 dividens,
1313 665 1500 704 nurum
1525 665 1556 704 a
1583 664 1771 712 socru,
1824 647 1935 701 fra-

355 756 492 801 trem
521 761 551 798 a
580 743 764 810 fratre,
795 759 1009 798 servum
1027 743 1307 810 adomino,
1333 742 1597 798 subditum
1620 757 1649 795 a
1673 741 1932 811 principe,

354 838 524 889 virum
552 835 618 889 ab
647 850 832 900 uxore,
863 849 1080 888 uxorem
1111 850 1140 888 a
1169 834 1301 898 viro,
1333 843 1534 903 patrem
1575 849 1604 887 a
1635 833 1795 897 filiis;
1827 847 1934 886 non

352 930 494 984 enim
521 927 677 983 simul
705 943 890 983 omnes
907 927 1229 994 credebant;
1259 926 1934 997 quotidianasinimicitias,

355 1023 490 1076 bella
519 1020 839 1092 frequentia,
882 1021 1025 1076 mille
1053 1030 1252 1076 mortes
1278 1021 1408 1090 ipsis
1454 1020 1773 1085 inducebat,
1820 1018 1938 1074 effi-

355 1113 634 1183 ciebatque
689 1121 748 1168 ut
803 1127 924 1168 sese
966 1122 1150 1167 mutuo
1192 1111 1342 1181 quasi
1388 1126 1702 1167 communes
1756 1110 1937 1166 hostes

354 1212 746 1260 aversarentur.
771 1203 985 1258 Etenim
1012 1218 1106 1258 eos
1144 1201 1412 1273 pellebant
1441 1201 1677 1256 universi
1702 1241 1718 1268 ,
1748 1215 1899 1272 reges
1917 1240 1934 1266 ,

351 1297 641 1369 principes,
671 1297 870 1362 idiotas,
902 1296 1076 1363 liberi,
1105 1295 1268 1362 servi,
1307 1293 1506 1364 populi,
1533 1295 1774 1349 civitates
1799 1311 1813 1348 :
1845 1308 1939 1348 ne-

355 1405 458 1458 que
487 1389 606 1443 illos
637 1397 862 1456 tantum,
893 1387 988 1443 sed
1025 1387 1167 1458 quod
1189 1387 1407 1458 gravius
1447 1395 1596 1453 erat,
1641 1386 1940 1458 neophytos

356 1481 411 1535 in
461 1481 600 1547 fide,
648 1495 783 1551 quos
829 1481 904 1536 illi
948 1480 1312 1536 instituebant.
1359 1480 1658 1536 Commune
1709 1494 1941 1549 namque

358 1574 554 1629 bellum
579 1582 634 1628 et
657 1573 966 1629 doctoribus
995 1581 1050 1628 et
1074 1571 1349 1642 discipulis
1368 1570 1717 1635 excitabatur,
1746 1570 1941 1641 quippe

357 1681 478 1719 cum
502 1665 742 1720 doctrina
775 1664 863 1719 illa
894 1669 946 1719 et
975 1665 1134 1734 regiis
1159 1663 1520 1718 sanctionibus
1559 1671 1614 1718 et
1653 1671 1941 1717 consuetu-

359 1756 492 1820 dini,
535 1764 591 1811 et
610 1755 843 1824 paternis
877 1755 1116 1809 moribus
1143 1754 1417 1808 adversari
1439 1753 1728 1808 videretur.
1759 1752 1941 1822 Siqui-

358 1848 480 1903 dem
508 1847 858 1902 hortabantur
887 1857 943 1902 ut
963 1848 1029 1903 ab
1058 1847 1211 1902 idolis
1239 1847 1578 1913 absisterent,
1607 1861 1728 1901 aras
1761 1845 1942 1915 despi-

357 1950 563 2006 cerent,
585 1957 718 2011 quas
753 1949 808 1996 et
847 1951 1024 2011 patres
1051 1949 1106 1995 et
1133 1940 1364 2011 majores
1408 1955 1594 1994 eorum
1645 1940 1940 2008 coluerant,

358 2033 428 2087 ab
459 2033 679 2101 impuris
707 2033 1044 2103 dogmatibus
1078 2032 1369 2097 resilirent,
1413 2033 1646 2088 riderent
1691 2033 1946 2088 solemni-

363 2131 519 2187 tates,
553 2123 875 2180 initiationes
895 2134 1232 2194 respuerent,
1263 2141 1384 2196 quae
1426 2124 1557 2196 ipsis
1579 2125 1808 2180 maxime
1837 2132 1947 2180 tre-

360 2213 551 2268 menda
580 2224 634 2270 et
657 2214 1012 2271 formidabilis
1042 2217 1399 2271 videbantur:
1455 2231 1554 2287 pro
1589 2216 1781 2287 quibus
1829 2217 1947 2271 anl-

364 2321 504 2360 mam
531 2305 663 2362 dare
690 2308 1021 2374 maluissent,
1049 2323 1209 2378 quam
1235 2323 1421 2364 eorum
1454 2309 1595 2363 dicta
1637 2308 1942 2376 admittere,

363 2407 417 2451 et
447 2399 502 2452 in
525 2407 707 2454 natum
736 2416 799 2454 ex
823 2400 985 2454 Maria
1013 2401 1258 2467 credere,
1287 2402 1378 2470 qui
1409 2401 1474 2456 ad
1501 2402 1744 2472 praesidis
1772 2403 1944 2458 tribu-

362 2489 446 2542 nal
468 2489 682 2554 ductus,
709 2491 877 2560 sputis
895 2489 1300 2556 dehonestatus,
1328 2492 1713 2563 innumeraque
1735 2509 1943 2564 passus,

363 2579 689 2638 exsecranda
712 2589 884 2635 morte
906 2581 1148 2647 affectus,
1175 2582 1520 2653 sepultusque
1545 2585 1944 2640 resurrexisset.

363 2670 622 2740 Quodque
665 2671 986 2740 stupendum
1031 2680 1186 2738 erat,
1231 2673 1500 2727 cruciatus
1542 2675 1792 2730 omnibus
1837 2676 1948 2730 noti

361 2773 537 2825 erant,
566 2762 771 2832 ﬂagella
798 2779 989 2835 nempe
1009 2807 1024 2830 ,
1051 2764 1285 2835 colaphi,
1309 2767 1650 2822 contumelia:
1666 2767 1777 2823 oris
1791 2778 1950 2839 sputo

367 2856 725 2925 dehonestati,
759 2858 946 2928 plagae,
974 2873 1103 2914 crux
1125 2900 1141 2927 ,
1188 2859 1433 2914 cachinni
1461 2861 1646 2928 multi,
1685 2863 1947 2919 comoedia

365 2950 614 3026 omnibus
637 2949 834 3017 oblata,
865 2951 1136 3021 sepultura
1158 2951 1310 3022 quasi
1340 2953 1524 3023 gratia:
1546 2952 1760 3026 nomine
1790 2955 1952 3025 impe-

366 3051 500 3098 Irata
526 3025 546 3109 ;¹
588 3043 681 3099 sed
707 3059 826 3114 quae
876 3045 943 3099 ad
985 3045 1434 3101 resurrectionem
1484 3025 1797 3117 spectabant
1840 3063 1946 3104 non

366 3134 530 3189 item:
562 3134 664 3189 illis
690 3135 832 3189 enim
877 3135 1008 3191 solis
1041 3145 1159 3205 post
1198 3137 1644 3192 resurrectionem
1681 3140 1946 3208 apparuit.

367 3226 618 3280 Attamen
647 3224 763 3279 hcce
785 3225 1014 3280 dicendo
1035 3225 1446 3294 persuadebant,
1473 3235 1528 3281 et
1553 3228 1629 3282 sic
1657 3228 1948 3284 Ecclesiam

316 3370 319 3373 .
366 3318 722 3372 :edificabant.
760 3317 876 3384 Quo
904 3326 1058 3386 pacto
1088 3326 1140 3371 et
1168 3333 1272 3387 qua
1315 3318 1565 3373 ratione?
1615 3317 1821 3374 Virtute
1860 3320 1948 3389 ju-

367 3410 582 3466 bentis:
616 3410 729 3480 ipse
751 3424 980 3478 namque
1006 3411 1143 3464 viam
1174 3413 1428 3480 parabat,
1460 3411 1574 3482 ipse
1607 3412 1785 3467 omnia
1810 3411 1952 3467 diffi-

367 3499 490 3552 cilia
507 3498 679 3553 facilia
695 3498 971 3554 reddebat.
997 3499 1108 3554 Nisi
1141 3501 1281 3555 enim
1307 3501 1484 3555 divina
1517 3501 1761 3572 quaedam
1780 3503 1950 3559 virtus

370 3588 485 3643 haec
502 3599 878 3658 perpetrasset,
907 3606 976 3646 ne
999 3591 1079 3647 vel
1107 3592 1419 3663 principium
1446 3592 1662 3662 quidem
1688 3603 1777 3649 aut
1793 3610 1955 3650 exor-

369 3680 515 3733 dium
548 3681 662 3734 hmc
692 3680 1021 3736 habuissent.
1041 3683 1158 3750 Quo
1187 3683 1328 3738 enim
1350 3684 1400 3738 id
1433 3684 1590 3739 modo
1609 3685 1724 3740 fieri
1749 3687 1952 3756 potuis-

369 3771 488 3825 set?
514 3771 710 3826 Verum
735 3773 780 3826 is
807 3773 896 3842 qui
914 3773 1144 3840 dixerat,
1186 3773 1304 3828 Fiat
1326 3776 1526 3840 ccelum,
1563 3785 1619 3832 et
1633 3791 1767 3846 opus
1794 3777 1952 3833 exhi-

369 3862 510 3917 buit:
542 3876 616 3928 et,
634 3864 885 3919 fundetur
907 3873 1070 3933 terra,
1096 3866 1210 3934 ejus
1223 3865 1570 3921 substantiam
1586 3867 1854 3937 produxit;
1873 3877 1948 3934 et,

370 3955 546 4011 luceat
577 3956 680 4022 sol,
717 3964 772 4011 et
795 3966 998 4011 astrum
1037 3956 1308 4022 ostendit;
1351 3959 1550 4028 quique
1575 3958 1752 4013 omnia
1787 3960 1951 4015 verbo

368 4057 621 4117 operatus
649 4057 754 4114 est,
786 4048 877 4105 ille
923 4049 1084 4104 etiam
1124 4049 1219 4104 has
1244 4049 1519 4116 Ecelesias
1559 4051 1836 4122 plantavit.
1883 4051 1952 4107 Et

371 4139 591 4217 verbum
614 4139 778 4208 illud,t
792 4139 1090 4217 1Ediﬁcabo
1111 4140 1394 4195 Ecclesium
1422 4125 1608 4207 meam:
1637 4142 1753 4199 lucc
1772 4144 1952 4199 omnia

369 4216 646 4300 operatum
674 4241 776 4286 est.
826 4216 973 4287 Talia
1018 4233 1216 4303 quippe
1258 4241 1383 4288 sunt
1419 4233 1581 4288 verba
1624 4234 1754 4301 Dei,
1787 4251 1952 4306 opera

367 4321 645 4388 exhibent,
663 4339 824 4392 opera
843 4323 1104 4379 mirabilia
1121 4335 1280 4395 atque
1302 4326 1585 4396 stupenda.
1609 4325 1738 4382 Nam
1766 4343 1952 4398 quem-

369 4414 657 4468 admodum
689 4415 859 4468 dixit:
890 4413 1144 4469 Germinet
1163 4425 1298 4469 terra
1333 4416 1537 4472 herbam
1562 4419 1685 4490 ι’ωηί
1708 4417 1868 4490 (Gen.
1893 4421 1946 4474 1.

370 4507 483 4575 11),
533 4515 588 4560 et
633 4506 811 4560 omnia
860 4522 986 4560 mox
1033 4507 1220 4562 hortus
1264 4508 1446 4578 fuere,
1489 4511 1666 4566 omnia
1705 4522 1948 4581 pratum,

370 4606 622 4668 terraque
678 4597 983 4652 mandatum
1051 4599 1324 4668 excipiens
1381 4602 1602 4657 infinitis
1662 4605 1953 4660 ornabatur

371 4688 598 4758 plantis;
636 4689 714 4743 sic
753 4697 808 4744 et
841 4703 984 4744 nunc
1022 4688 1110 4744 ubi
1150 4690 1302 4757 dixit,
1341 4691 1634 4761 zEdi/icabo
1669 4693 1950 4749 Ecclesium

373 4799 537 4836 meam
561 4824 575 4848 ,
611 4781 663 4836 id
707 4781 856 4836 nullo
900 4782 1113 4852 negotio
1143 4781 1337 4837 factum
1367 4793 1486 4839 est:
1519 4793 1678 4854 atque
1711 4787 1950 4857 tyrannis

371 4874 628 4929 adversus
669 4889 788 4929 eam
833 4874 1031 4929 bellum
1075 4875 1452 4938 excitantibus,
1501 4877 1756 4933 militibus
1801 4893 1950 4934 arma

371 4966 738 5032 moventibus,
746 4967 956 5038 populis
969 4967 1136 5022 instar
1153 4966 1288 5038 ignis
1301 4966 1615 5034 furentibus,
1629 4967 1951 5024 adversante

370 5058 782 5125 consuetudine,
812 5060 1083 5129 etiamque
1113 5058 1436 5127 rhetoribus,
1461 5060 1738 5130 sophistis,
1782 5059 1954 5114 diviti-

374 5149 498 5217 bus,
542 5150 747 5212 idiotis,
794 5151 1160 5222 principibus,
1200 5152 1320 5222 igne
1365 5159 1545 5207 tamen
1578 5151 1950 5208 vehementius

370 5241 591 5297 verbum
613 5243 799 5313 spinas
827 5243 1183 5312 consumpsit,
1205 5257 1364 5314 agros
1392 5245 1670 5314 purgavit,
1701 5245 1952 5315 praedica-

374 5335 534 5390 tionis
552 5335 849 5391 doctrinam
880 5335 1200 5391 seminavit:
1225 5350 1288 5390 ac
1317 5335 1442 5390 dum
1470 5352 1533 5391 ex
1563 5337 1626 5392 iis
1659 5338 1748 5408 qui
1784 5337 1952 5394 credi-

371 5427 563 5484 derant
591 5427 682 5483 alii
708 5428 761 5482 in
788 5442 1004 5484 carcere
1030 5426 1352 5493 habitarent,
1389 5429 1479 5482 alii
1511 5428 1564 5483 in
1587 5427 1835 5485 exsilium
1861 5431 1950 5487 ab-

373 5522 516 5575 ducti
545 5530 744 5584 essent,
768 5523 857 5576 alii
879 5521 1120 5592 pecuniis
1141 5521 1401 5586 mulctati,
1430 5520 1522 5575 alii
1565 5522 1760 5591 occisi,
1799 5531 1856 5579 et
1894 5525 1946 5579 in

374 5613 542 5670 frusta
560 5614 778 5683 concisi,
805 5615 891 5670 alii
908 5615 1027 5685 igne
1041 5614 1363 5685 consumpti,
1381 5615 1470 5672 alii
1489 5613 1720 5673 demersi
1742 5627 1942 5687 essent,

1083 170 1142 226 S.
1181 164 1454 225 JOANNIS
1490 159 1962 220 CllRYSOSTOMl
1992 159 2310 219 ARCHIEP.
2349 163 2890 225 CONSTANTINOP.

3520 169 3622 226 839.

2045 276 2134 330 alii
2162 291 2320 333 omne
2341 292 2508 347 genus
2535 281 2777 352 supplicii
2805 282 3070 348 subirent,
3117 283 3406 358 ignominia
3427 288 3625 355 allecti,

2044 369 2210 438 pulsi,
2253 371 2406 440 quasi
2449 385 2764 428 communes
2803 374 2986 430 hostes
3027 377 3260 449 undique
3289 379 3486 449 eiecti;
3533 382 3622 437 alii

2045 476 2269 517 numero
2317 463 2496 532 plures
2541 476 2921 535 accesserunt,
2965 486 3062 526 nec
3102 471 3262 527 modo
3303 489 3367 528 ex
3402 474 3628 530 aliorum

2044 553 2367 608 cruciatibus
2395 555 2562 610 nihilo
2585 558 2860 628 segniores
2888 571 3178 616 evaserunt
3202 562 3270 618 ad
3318 565 3477 619 fidem
3519 581 3627 620 sm.

2050 645 2407 714 plectendam,
2437 649 2529 703 sed
2554 651 2723 704 multo
2751 651 3039 708 alacriores
3069 655 3300 718 fuerunt,
3330 666 3385 712 et
3414 658 3466 712 in
3511 659 3631 729 pul-

2043 737 2226 790 chram
2257 736 2395 793 hanc
2416 747 2690 809 capturam
2735 742 3070 810 insilierunt;
3116 746 3300 816 sicque
3334 762 3366 800 a
3403 750 3635 818 piscato-

2044 827 2190 882 ribus
2239 829 2604 898 capiebantur,
2633 848 2740 886 non
2769 835 2940 889 coacti
2966 835 3060 890 sed
3086 847 3425 894 accurrentes
3444 880 3460 906 ,
3510 855 3625 911 gra-

2047 919 2278 990 tiamque
2298 921 2552 978 habentes
2577 924 2662 991 iis,
2685 926 2774 996 qui
2800 940 2858 980 se
2889 926 2940 980 in
2970 927 3105 983 hanc
3133 944 3246 984 rem
3263 929 3589 987 deducerent
3606 983 3622 1005 ,

2044 1027 2107 1067 ac
2117 1028 2238 1067 cum
2261 1015 2575 1085 sanguinum
2597 1026 2860 1074 torrentes
2882 1035 2946 1075 ex
2963 1020 3071 1090 jam
3090 1022 3430 1081 credentibus
3446 1040 3630 1081 erum-

2047 1114 2234 1174 pentes
2277 1118 2593 1175 cernerent,
2643 1110 2992 1168 ferventiores
3037 1113 3446 1188 fidentioresque
3488 1118 3630 1178 circa

2046 1195 2204 1252 ﬁdem
2235 1207 2406 1254 erant.
2431 1201 2672 1272 Cumque
2691 1217 2795 1258 non
2820 1213 3022 1259 tantum
3049 1205 3319 1277 discipuli,
3350 1209 3444 1264 sed
3471 1210 3633 1268 etiam

2046 1290 2305 1360 magistri,
2334 1291 2423 1345 alii
2452 1291 2634 1358 vincti,
2660 1294 2747 1353 alii
2782 1297 2952 1365 pulsi,
2991 1298 3080 1352 alii
3120 1299 3383 1355 verberati
3411 1311 3630 1366 essent,

2045 1381 2134 1435 alii
2162 1380 2376 1436 demum
2399 1383 2676 1440 innumera
2709 1395 3018 1456 paterentur
3047 1389 3183 1444 mala
3208 1432 3223 1458 ,
3251 1391 3501 1462 discipuli
3547 1405 3634 1447 ta-

2047 1489 2170 1529 men
2196 1485 2250 1530 et
2279 1475 2457 1546 plures
2493 1486 2548 1533 et
2591 1477 2943 1535 ferventiores
2984 1480 3201 1538 fiebant.
3243 1483 3400 1540 Certe
3437 1485 3638 1542 Paulus

2047 1565 2271 1622 clamat:
2305 1566 2392 1622 Ita
2416 1579 2469 1622 ut
2492 1569 2665 1641 plures
2694 1575 2914 1642 fratrum
2935 1572 2988 1626 in
3015 1571 3234 1630 Domino
3256 1615 3272 1642 ,
3323 1577 3640 1645 conﬁdentes

2047 1657 2259 1714 vinculis
2283 1659 2426 1728 meis,
2459 1660 2798 1719 abundantius
2817 1665 3060 1720 auderent
3088 1668 3198 1722 sine
3223 1669 3400 1723 timore
3428 1669 3639 1723 verbum

2049 1750 2183 1822 loqui
2214 1750 2469 1822 (Philipp.
2495 1755 2548 1808 1.
2581 1755 2718 1824 li):
2767 1764 2822 1811 et
2871 1757 2997 1812 alibi
3047 1772 3300 1813 rursum:
3340 1758 3441 1814 Vos
3496 1760 3638 1816 enim

2049 1842 2326 1897 imitatores
2343 1845 2464 1915 facti
2486 1846 2606 1899 estis
2635 1843 2982 1901 Ecclesiarum
3010 1846 3126 1915 Dei,
3153 1863 3266 1918 qua:
3303 1859 3420 1904 sunt
3448 1850 3501 1904 in
3526 1849 3638 1904 Ju-

2051 1935 2184 2000 dwa,
2211 1935 2332 2006 quia
2379 1937 2555 1991 eadem
2593 1940 2732 2008 passi
2760 1940 2880 1994 estis
2908 1949 2956 1994 et
2981 1957 3067 1995 vos
3099 1957 3132 1994 a
3156 1941 3522 1997 contribulibus
3552 1959 3640 1997 ve-

2049 2027 2185 2092 stris,
2209 2028 2632 2098 quemadmodum
2655 2040 2701 2084 et
2720 2031 2818 2100 ipsi
2834 2049 2864 2086 a
2878 2031 3094 2099 Judazis,
3121 2034 3206 2104 qui
3223 2033 3500 2089 Dominum
3518 2053 3643 2092 cru-

2051 2118 2339 2186 ci/ixerunt,
2368 2128 2415 2174 et
2440 2137 2530 2175 nos
2555 2121 2836 2192 impediunt
2864 2124 3001 2190 loqui
3024 2124 3252 2193 gentibus
3279 2167 3293 2192 ,
3341 2134 3396 2178 ut
3422 2127 3633 2181 salven-

2053 2217 2136 2261 tur
2166 2208 2240 2279 (1.
2265 2208 2445 2264 Thess.
2467 2210 2521 2264 2.
2555 2211 2642 2266 14.
2691 2212 2805 2283 lii).
2840 2210 2976 2267 Aliis
3003 2228 3218 2269 rursum
3261 2216 3502 2272 scribens
3559 2217 3644 2273 sic

2053 2299 2326 2370 loquitur:
2357 2299 2782 2357 Rememoramini
2807 2304 3044 2374 pristinos
3075 2304 3211 2372 dies,
3244 2307 3298 2359 in
3313 2307 3490 2376 quibus
3515 2309 3643 2362 illu-

2053 2390 2231 2444 minati
2251 2391 2465 2446 multum
2489 2402 2740 2447 certamen
2760 2395 3071 2450 sustinuistis
3097 2397 3407 2466 passionum,
3424 2399 3642 2454 scientes

2053 2481 2189 2535 vobis
2205 2482 2460 2536 meliorem
2479 2482 2812 2538 substantiam
2827 2485 2879 2539 in
2899 2485 3056 2550 aclis,
3069 2495 3117 2540 et
3139 2496 3419 2540 manentem
3447 2486 3641 2559 (Hebr.

2055 2572 2142 2627 l0.
2168 2572 2259 2630 32.
2281 2574 2393 2645 54).
2429 2573 2614 2630 Viden‘
2647 2576 3006 2646 praistantiam
3036 2579 3243 2632 virtutis
3285 2578 3398 2648 ejus
3441 2579 3534 2648 qui
3563 2587 3648 2633 ta-

2055 2665 2124 2719 lia
2153 2674 2405 2736 Operatus
2430 2667 2546 2724 est?
2577 2669 2709 2724 Nam
2735 2671 2823 2740 qui
2850 2679 2993 2725 tanta
3029 2671 3384 2740 patiebantur,
3415 2687 3523 2726 non
3551 2686 3646 2727 so-

2056 2757 2166 2812 lum
2197 2774 2303 2814 non
2327 2775 2470 2831 aegre
2493 2760 2734 2816 ferebant
2759 2764 2843 2817 vel
2869 2762 3207 2829 deficiebant,
3235 2763 3328 2818 sed
3352 2772 3408 2818 et
3431 2763 3646 2834 gaudeo

2055 2848 2202 2918 bant,
2233 2851 2549 2920 gestiebant,
2577 2853 2932 2908 exsultabant.
2952 2854 3019 2908 Et
3039 2854 3106 2910 de
3127 2854 3405 2925 discipulis
3421 2855 3643 2925 quidem

2054 2941 2184 2998 dicit
2218 2943 2328 3011 ille,
2359 2944 2500 3014 quod
2526 2945 2832 3001 facultatum
2866 2947 3280 3019 publicationem
3324 2963 3452 3004 cum
3483 2949 3646 3004 volu-

2055 3041 2203 3104 ptate
2234 3036 2668 3106 acceperint:de
2698 3039 2962 3109 magistris
3005 3054 3133 3094 vero
3182 3041 3353 3095 Lucas
3402 3041 3458 3096 in
3506 3041 3650 3098 libro

2055 3127 2284 3180 Actuum
2313 3127 2672 3196 aposwlorum
2690 3130 2764 3184 ait
2788 3131 2922 3198 (Act.
2941 3131 2994 3186 5.
3015 3129 3127 3202 41),
3147 3146 3241 3186 eos
3256 3147 3507 3187 reversos
3523 3147 3647 3188 esse

2053 3217 2348 3287 gaudentes
2370 3235 2402 3275 a
2428 3230 2718 3291 conspectu
2744 3223 2994 3290 concilii,
3023 3224 3276 3293 quoniam
3297 3223 3442 3295 digni
3475 3224 3646 3279 habiti

2057 3309 2264 3366 fuerant
2293 3327 2388 3381 pro
2413 3313 2627 3368 nomine
2650 3312 2851 3368 Christi
2877 3315 3253 3370 contumeliam
3288 3316 3417 3385 pati.
3448 3317 3526 3371 De
3552 3331 3647 3372 se-

2058 3401 2172 3471 ipso
2197 3417 2410 3458 rursum
2433 3403 2626 3459 Paulus
2652 3423 2664 3459 :
2696 3404 2926 3473 Gaudeo,
2955 3408 3047 3471 ait,
3075 3407 3130 3461 in
3155 3407 3477 3478 passionibus
3493 3408 3647 3473 meis,

2057 3502 2101 3546 et
2123 3493 2378 3564 udimpleo
2407 3511 2519 3564 quae
2543 3495 2724 3552 desunt
2747 3496 3154 3552 tribulationibus
3181 3497 3369 3553 Christi
3408 3499 3462 3551 in
3489 3515 3648 3552 carne

2057 3600 2167 3637 mea
2196 3584 2386 3655 (Calas.
2417 3587 2468 3641 1.
2502 3583 2568 3642 24
2603 3587 2641 3655 ).
2674 3587 2873 3658 Ecquid
2905 3588 3136 3655 miraris,
3165 3589 3307 3658 quod
3343 3588 3396 3643 in
3433 3590 3650 3658 passio-

2057 3676 2215 3732 nihus
2240 3677 2518 3748 gauderet,
2549 3679 2764 3750 quando
2789 3689 3018 3736 mortem
3045 3681 3321 3736 subiturus
3349 3695 3457 3736 non
3481 3682 3646 3736 modo

2055 3769 2353 3838 gaudebat,
2399 3771 2494 3826 sed
2521 3772 2680 3826 etiam
2706 3771 2998 3842 discipulos
3021 3774 3072 3827 in
3102 3773 3278 3844 gaudii
3310 3775 3645 3829 consortium

2058 3864 2298 3929 vocabat,
2347 3865 2488 3934 quod
2534 3874 2650 3920 erat
2697 3866 2859 3921 animi
2911 3881 3070 3938 supra
3117 3867 3335 3922 modum
3370 3868 3642 3924 laetantis:

2059 3952 2287 4023 Gaudeo,
2321 3957 2510 4026 inquit,
2543 3966 2590 4010 et
2632 3958 2958 4028 congratulor
2987 3960 3217 4014 omnibus
3255 3959 3392 4014 vobis
3415 3975 3435 4014 :
3467 3960 3648 4014 itidem

2058 4058 2102 4101 et
2121 4065 2205 4102 vos
2221 4049 2453 4119 gaudete,
2470 4059 2519 4104 et
2535 4051 2958 4121 congratulamini
2993 4053 3117 4106 mihi
3135 4051 3303 4123 (Phil.
3324 4053 3381 4106 2.
3407 4054 3496 4108 17.
3526 4054 3645 4122 18).

2060 4139 2126 4194 Ει
2155 4138 2281 4210 quid
2312 4138 2505 4194 factum
2533 4147 2636 4209 est,
2667 4141 2753 4196 dic
2782 4143 2934 4208 mihi,
2961 4142 3104 4213 quod
3135 4153 3284 4197 tanto
3310 4144 3508 4214 gaudio
3547 4161 3644 4200 re-

2061 4230 2235 4300 pletus
2265 4247 2324 4287 es
2351 4232 2375 4286 ?
2399 4229 2529 4303 Ego,
2559 4232 2750 4303 inquit,
2769 4236 2882 4304 jam
2909 4234 3120 4302 delibor,
3144 4245 3195 4290 et
3223 4245 3418 4305 tempus
3438 4236 3643 4290 resolu-

2057 4323 2207 4377 tionis
2237 4339 2362 4378 mea:
2386 4324 2540 4378 instat
2575 4323 2652 4395 (2.
2688 4324 2819 4379 Tim.
2847 4326 2901 4380 4.
2930 4325 3011 4397 6).

2130 4414 2215 4469 M.
2250 4413 2339 4470 Sic
2359 4414 2520 4486 igitur
2544 4431 2639 4486 per
2661 4417 2962 4483 universum
2985 4417 3170 4473 orbem
3195 4418 3484 4474 Ecclesiam
3511 4420 3649 4474 tedi-

2058 4505 2305 4561 ficabant.
2333 4507 2491 4578 Atqui
2523 4522 2589 4562 ne
2625 4508 2878 4576 parietem
2907 4508 3120 4578 quidem
3162 4525 3324 4564 unum
3359 4510 3644 4580 quisquam

2058 4599 2228 4670 possit
2254 4607 2531 4656 exstruere
2559 4599 2820 4669 lapidibus
2839 4609 2894 4654 et
2915 4601 3059 4655 calce
3081 4609 3256 4668 utens,
3281 4602 3326 4656 si
3345 4601 3647 4672 expellatur

2057 4701 2111 4747 et
2136 4691 2454 4762 impediatur
2482 4708 2496 4746 :
2525 4689 2580 4745 hi
2607 4707 2736 4747 vero
2762 4700 2838 4747 tot
2862 4691 3131 4747 Ecclesias
3159 4692 3351 4763 ubique
3378 4701 3642 4748 terrarum

2057 4785 2407 4850 mdificarunt,
2440 4785 2695 4854 percussi,
2729 4785 2911 4850 vincti,
2943 4785 3114 4855 pulsi,
3144 4785 3340 4855 fugati,
3371 4771 3641 4840 facultati-

2057 4877 2158 4933 bus
2185 4877 2440 4942 mulctati,
2467 4876 2715 4946 flagellati
2737 4918 2751 4943 ,
2779 4877 3001 4947 jugulati
3026 4917 3042 4943 ,
3073 4876 3339 4932 combusti
3363 4919 3380 4944 ,
3409 4878 3636 4933 demersi

2057 4979 2159 5019 una
2183 4978 2302 5019 cum
2325 4962 2618 5033 discipulis.
2643 4963 2708 5017 Et
2733 4962 3085 5027 :edificabant,
3111 4977 3215 5017 non
3241 4963 3525 5033 lapidibus,
3546 4963 3635 5018 scd

2056 5055 2332 5110 antmabus
2353 5063 2407 5110 et
2433 5055 2704 5120 institutis,
2729 5055 2867 5125 quod
2890 5055 3047 5125 plane
3071 5054 3338 5110 difficilius
3357 5065 3464 5122 est,
3481 5071 3633 5128 quam

2056 5147 2320 5217 lapidibus
2344 5159 2674 5204 construere.
2704 5147 2816 5202 Non
2845 5147 2988 5202 enim
3018 5163 3112 5218 par
3148 5157 3231 5203 est
3259 5163 3467 5207 murum
3505 5163 3630 5202 con-

2057 5249 2298 5304 struere,
2327 5249 2380 5294 et
2407 5237 2636 5292 animant
2671 5247 2818 5292 tanto
2847 5247 3086 5309 tempore
3111 5255 3141 5292 a
3166 5238 3499 5294 dzemonibus
3524 5238 3630 5308 agi-

2059 5340 2221 5386 tatam
2245 5331 2312 5385 ad
2338 5328 2755 5401 resipiscendum
2786 5329 3127 5399 persuadere,
3151 5336 3209 5381 ut
3231 5327 3298 5381 ab
3323 5328 3527 5383 insania
3553 5327 3629 5382 ills

2057 5424 2307 5488 desistat,
2335 5432 2391 5479 et
2413 5422 2480 5478 ad
2506 5431 2706 5478 tantam
2733 5422 3002 5493 perveniat
3028 5420 3454 5491 temperantiam.
3485 5422 3629 5477 Atta-

2057 5534 2179 5575 men
2207 5519 2308 5574 hoc
2327 5524 2614 5588 potuerunt
2632 5516 2758 5572 nudi
2779 5523 2833 5572 et
2852 5514 3042 5570 calceis
3060 5523 3325 5581 carentes,
3345 5529 3447 5570 una
3471 5511 3626 5569 induti

2058 5613 2232 5670 tunica
2261 5628 2352 5684 per
2378 5611 2685 5668 universum
2711 5609 2890 5667 orbem
2913 5608 3347 5664 circumeuntes:
3375 5607 3635 5667 habebant;
