3990 6198
267 267 372 323 853

267 408 418 462 enim
445 403 881 460 commilitantem
909 403 1026 474 ejus
1049 405 1298 460 virtutem
1319 447 1333 470 ,
1358 407 1446 476 qui
1475 407 1608 463 dixit
1636 425 1649 462 :
1680 409 1848 480 Super

265 497 399 550 llatae
425 505 617 566 petram
637 493 898 563 mdiﬁcabo
924 493 1200 550 Ecclesiae:
1225 512 1384 550 meam
1405 539 1420 563 ,
1448 507 1496 551 et
1520 509 1680 575 partes
1700 499 1848 571 inferi

265 603 369 640 non
395 583 732 652 praevalebunt
747 585 985 638 adversus
1011 601 1120 639 eam
1143 585 1352 657 (Matth.
1377 587 1463 642 Ifi.
1486 573 1846 658 18).;Numera

264 682 399 745 quot
425 676 633 745 tyranni
657 676 726 729 ab
750 675 842 729 illo
866 683 1106 744 tempore
1131 676 1385 732 adversus
1411 678 1844 736 illam‘i'nSIruxe-

269 777 394 822 runt
426 769 592 822 aciem
617 809 633 833 ,
663 775 792 838 quot
816 768 1153 838 gravissimas
1183 772 1614 841 persequutiones
1643 774 1843 828 excita-

269 867 398 914 runt
414 877 428 912 :
447 874 554 929 quo
571 860 626 912 in
646 870 787 914 statu
808 860 937 917 fides
959 860 1117 917 fuerit
1137 870 1248 916 toto
1273 864 1381 926 illo,
1405 864 1544 935 quod
1567 867 1838 935 praeteriit,

268 958 514 1019 tempore
537 965 549 1002 :
573 950 784 1020 quando
807 965 994 1006 recens
1023 953 1253 1020 plantata
1281 962 1396 1009 erat
1417 997 1431 1020 ,
1458 956 1670 1026 quando
1691 966 1840 1013 tene-

269 1039 444 1095 riores
465 1050 622 1095 erant
645 1040 916 1096 hominum
949 1051 1170 1099 mentes.

343 1133 432 1186 15.
457 1132 794 1203 Imperatores
815 1150 983 1190 omnes
1003 1147 1177 1190 contra
1199 1135 1507 1192 Christianos
1528 1139 1708 1194 bellum
1728 1145 1842 1213 [ru-

270 1230 378 1274 stra
393 1232 736 1292 susceperunt.
757 1253 830 1264 --
843 1224 1082 1280 Gentiles
1107 1239 1255 1281 erant
1281 1227 1649 1297 Imperatores,
1668 1232 1844 1302 Augu-

267 1321 403 1379 stus,
422 1313 687 1381 Tiberius,
703 1312 880 1380 Caius,
898 1315 1058 1382 Nero,
1078 1317 1452 1387 Vespasianus,
1471 1320 1638 1388 Titus,
1657 1329 1712 1376 et
1729 1332 1848 1392 post

269 1404 416 1457 illum
445 1419 632 1460 omnes
662 1419 826 1476 usque
852 1407 918 1461 ad
957 1415 1164 1477 tempus
1201 1409 1341 1464 beati
1378 1409 1706 1467 Constantini
1735 1414 1840 1469 Im-

269 1495 570 1563 peratoris;
597 1510 886 1567 omnesque
911 1497 1007 1562 illi,
1035 1499 1122 1552 alii
1147 1501 1340 1564 minus,
1369 1501 1456 1555 alii
1477 1501 1842 1559 vehementius

272 1584 565 1640 Ecclesium
603 1588 1008 1658 oppugnabant;
1035 1591 1406 1660 oppugnabant
1435 1602 1608 1649 tamen
1635 1608 1842 1651 omnes.

265 1676 423 1741 Quod
451 1676 494 1730 si
522 1678 608 1747 qui
635 1691 820 1732 eorum
847 1678 944 1733 visi
977 1688 1100 1734 sunt
1127 1681 1305 1736 mitius
1334 1696 1509 1753 agere,
1543 1682 1645 1740 hoc
1674 1686 1843 1755 ipsum

263 1780 448 1825 tamen
475 1770 616 1841 quod
642 1771 991 1841 Imperatores
1026 1774 1198 1844 palam
1219 1775 1271 1828 in
1298 1775 1563 1846 impietate
1584 1778 1840 1845 viverent,

263 1861 489 1914 materia
511 1859 766 1915 bellorum
789 1872 922 1928 erat,
941 1875 1061 1918 cum
1082 1865 1193 1930 alii,
1211 1865 1299 1934 qui
1321 1867 1448 1936 ipsis
1467 1865 1840 1935 adulahantur,

263 1951 490 2019 gratiam
519 1951 732 2006 illorum
760 1961 1034 2022 captantes
1061 1955 1306 2011 Ecclesia:
1338 1955 1532 2011 bellum
1563 1956 1842 2012 inferrent.

266 2045 521 2098 Attamen
553 2058 739 2098 omnes
768 2045 1068 2114 hujusmodi
1094 2047 1298 2102 insidia:
1327 2059 1484 2118 atque
1508 2050 1751 2104 incursus
1771 2049 1846 2103 fa-

263 2134 425 2189 cilius
459 2150 616 2205 quam
656 2151 864 2192 araneae
905 2137 1008 2192 tela
1042 2138 1281 2208 dissipati
1315 2150 1470 2208 sunt,
1496 2142 1651 2198 citius
1688 2157 1844 2213 quam

267 2224 446 2282 fumus
473 2227 632 2282 soluti
661 2237 805 2294 sunt,
841 2230 1077 2285 velocius
1109 2247 1266 2302 quam
1296 2233 1464 2302 pulvis
1500 2235 1844 2291 transierunt.

265 2315 400 2370 Nam
440 2331 562 2372 cum
600 2317 804 2374 insidiis
845 2321 953 2376 suis
991 2323 1246 2392 majorem
1287 2334 1577 2396 martyrum
1622 2327 1844 2383 chorum

260 2408 563 2476 eﬂ'ecerint,
585 2410 1020 2483 immortalesque
1047 2413 1163 2469 illos
1185 2414 1437 2471 Ecclesia:
1463 2417 1736 2474 thesauros
1761 2434 1846 2474 re-

266 2500 554 2569 liquerint,
583 2502 860 2558 columnas
902 2513 1060 2574 atque
1101 2514 1274 2561 turres
1298 2547 1313 2574 ,
1348 2507 1421 2562 illi
1465 2523 1570 2563 non
1609 2509 1845 2566 viventes

265 2590 463 2658 modo,
493 2591 587 2647 sed
625 2592 785 2648 etiam
826 2596 1058 2663 mortui,
1089 2597 1315 2668 posterls
1357 2613 1562 2669 magna:
1599 2600 1838 2655 utilitatis

265 2685 487 2738 materia
518 2682 638 2738 facti
662 2685 1065 2748 sunt.,Videsne
1092 2688 1194 2742 vim
1229 2689 1622 2759 praadiclionis?
1642 2688 1708 2743 Et
1727 2705 1845 2760 por-

267 2781 335 2826 te
357 2775 508 2845 inferi
535 2791 634 2829 non
661 2776 993 2845 prtevalebunt
1018 2777 1255 2833 adversus
1283 2796 1413 2834 eam.
1439 2781 1521 2836 Ah
1551 2781 1634 2836 his
1663 2781 1730 2836 de
1759 2781 1842 2836 fu-

267 2867 401 2921 turis
424 2867 606 2932 crede,
637 2869 834 2923 nullum
865 2869 978 2925 fore
1002 2871 1089 2940 qui
1115 2870 1355 2926 obsistat.
1379 2871 1434 2928 Si
1461 2873 1602 2928 enim
1629 2888 1748 2928 cum
1777 2887 1843 2928 ex

264 2960 451 3029 paucis
478 2951 790 3028 constaret,
820 2977 940 3016 cum
970 2977 1105 3017 nova
1132 2977 1219 3017 res
1246 2978 1364 3018 esse
1390 2963 1658 3019 videretur
1679 3007 1694 3030 ,
1721 2979 1844 3020 eum

265 3063 436 3118 nuper
459 3050 689 3119 plantata
708 3050 944 3106 doctrina
968 3061 1129 3116 esset,
1153 3067 1274 3107 cum
1301 3061 1378 3107 tot
1402 3053 1539 3108 bella
1562 3054 1837 3120 instarent,

264 3146 346 3195 tot
371 3141 605 3212 undique
639 3145 921 3198 commissa
948 3144 1127 3214 praelia
1163 3142 1292 3198 nihil
1322 3152 1642 3214 potuerunt,
1672 3159 1843 3216 neque

262 3233 691 3303 praevaluerunt;
731 3244 931 3304 quanto
980 3235 1149 3305 magis
1191 3249 1332 3290 nunc
1376 3249 1498 3289 cum
1541 3234 1842 3290 universam

263 3331 460 3378 terram
489 3331 746 3395 occupat,
778 3340 1096 3396 omnemque
1135 3325 1329 3392 locum,
1356 3334 1567 3382 montes
1587 3369 1602 3394 ,
1633 3327 1798 3383 saltus
1822 3367 1839 3394 ,

260 3415 464 3482 colles;
502 3417 697 3471 etenim
735 3425 792 3473 et
829 3419 996 3472 maria
1033 3426 1086 3473 et
1126 3426 1312 3489 gentes
1347 3419 1446 3474 sub
1485 3419 1600 3476 sole
1640 3420 1839 3491 positas

259 3519 451 3559 mnes
482 3506 861 3576 apprehendit;
892 3523 1014 3563 cum
1052 3508 1295 3579 impietas
1333 3510 1474 3580 apud
1508 3525 1704 3580 paucos
1729 3510 1838 3581 jam

259 3596 540 3662 obtineat,
582 3605 740 3668 atque
782 3613 922 3665 arze,
965 3601 1195 3669 templa,
1236 3600 1374 3656 idola
1413 3603 1591 3656 omnia
1633 3603 1839 3658 sublata

261 3685 479 3751 fuerint,
511 3686 642 3744 festa
667 3690 814 3756 item,
846 3690 1198 3759 initiationes,
1229 3691 1424 3759 fumus,
1453 3693 1609 3748 nidor
1632 3703 1684 3750 et
1710 3709 1839 3765 pro-

262 3777 401 3835 fana;
428 3781 728 3837 conciones.
771 3783 1048 3851 Quomodo
1078 3784 1237 3855 igitur
1265 3785 1385 3840 talis
1422 3795 1672 3856 tantaque
1710 3801 1797 3842 res
1820 3827 1836 3854 ,

262 3877 342 3923 tot
363 3868 560 3926 oblatis
588 3871 980 3941 impedimentis
1003 3915 1019 3940 ,
1052 3882 1158 3929 tam
1183 3876 1526 3945 conspicuum
1551 3876 1711 3932 linem
1741 3875 1838 3932 ha-

203 3949 210 3954 ’
262 3958 457 4026 buerit,
480 3968 534 4015 et
558 3961 755 4016 exitum
781 3963 987 4018 veritati
1017 3963 1175 4020 ﬁdem
1203 3963 1502 4033 facientem,
1526 3967 1627 4021 nisi
1651 3967 1834 4022 divina

260 4051 503 4122 quaedam
532 4061 586 4108 et
610 4054 805 4109 invicta
832 4055 998 4110 virtus
1023 4065 1163 4112 esset
1185 4057 1322 4126 ejus,
1345 4057 1434 4128 qui
1461 4059 1575 4113 hate
1597 4059 1839 4129 praedixit
1863 4079 1873 4090 ·

259 4151 313 4196 et
340 4138 600 4212 perfecit?
628 4144 794 4200 Nemo
820 4159 950 4202 sane
979 4147 1059 4201 his
1087 4148 1485 4215 contradixerit,
1517 4150 1620 4205 nisi
1647 4150 1828 4205 admo-

259 4232 386 4288 dum
419 4235 676 4302 insaniat,
709 4251 772 4290 ac
797 4247 973 4292 mente
1019 4247 1204 4308 captus
1239 4240 1327 4294 sit.
1363 4239 1544 4310 Neque
1578 4241 1692 4296 haec
1719 4249 1836 4297 tan-

260 4333 373 4380 tum
399 4367 415 4390 ,
444 4325 539 4381 sed
567 4326 726 4382 etiam
756 4328 856 4382 alia
884 4329 1130 4385 vaticinia
1158 4330 1272 4398 ejus
1308 4330 1554 4385 invictam
1584 4332 1835 4388 virtutem

258 4418 638 4487 pranuntiant.
667 4417 798 4473 Nam
822 4433 942 4474 cum
968 4422 1113 4476 omni
1135 4421 1356 4477 veritate
1383 4420 1552 4476 futura
1573 4424 1836 4493 pradixit,

263 4519 316 4563 et
352 4509 421 4563 ad
463 4509 622 4565 finem
652 4510 911 4577 deduxit,
944 4527 1116 4582 neque
1147 4513 1258 4568 fleri
1287 4522 1461 4584 potest
1486 4524 1544 4569 ut
1569 4514 1837 4585 quidpiam

261 4615 324 4654 ex
366 4600 526 4656 dictis
573 4601 687 4672 ejus
727 4603 952 4659 excidat.
1001 4604 1113 4659 Imo
1150 4605 1306 4660 citius
1343 4607 1534 4676 peribit
1569 4607 1756 4662 caelum
1784 4617 1839 4664 et

261 4701 424 4757 terra,
443 4705 601 4762 quam
627 4693 837 4764 aliquod
865 4695 1144 4750 verborum
1175 4704 1266 4751 aut
1292 4697 1687 4767 praedictionum
1714 4699 1830 4769 ejus

259 4783 380 4844 falsi
409 4791 681 4854 arguatur.
709 4785 860 4853 Quod
891 4788 1061 4857 ipsum
1103 4787 1192 4842 ille
1219 4797 1340 4843 ante
1377 4803 1554 4844 rerum
1590 4796 1837 4845 eventum

258 4886 548 4940 enuntians
568 4927 583 4952 ,
615 4885 693 4941 sic
734 4885 878 4941 clare
905 4883 975 4942 de
1002 4885 1176 4941 verbis
1203 4887 1314 4942 suis
1349 4887 1580 4959 loquitur
1607 4906 1619 4942 :
1647 4889 1839 4945 Caelum

258 4988 306 5033 et
343 4987 480 5032 terra
523 4978 834 5044 transibunt,
871 4977 1017 5032 verba
1060 4987 1225 5033 autem
1265 4995 1376 5032 mea
1416 4995 1518 5034 non
1559 4981 1839 5036 transibunt

258 5075 275 5139 (
303 5067 491 5122 lauti.
519 5067 609 5124 24.
637 5067 761 5143 55).
789 5067 950 5139 quue
969 5069 1091 5139 jure
1115 5069 1303 5124 merito
1331 5087 1346 5125 :
1373 5084 1477 5125 non
1506 5071 1647 5126 enim
1677 5071 1837 5128 verba

257 5172 468 5217 tantum
497 5170 641 5229 sunt,
674 5162 766 5217 sed
797 5163 887 5217 Dei
917 5163 1074 5217 verba
1094 5202 1110 5228 ,
1141 5177 1237 5233 per
1263 5176 1381 5232 qua:
1405 5177 1493 5218 res
1521 5162 1834 5218 conduntur.

254 5254 346 5310 Sic
375 5253 567 5309 celum
594 5252 739 5320 fecit,
771 5253 848 5310 sic
869 5262 1083 5320 terram,
1114 5268 1281 5319 mare,
1307 5252 1494 5320 solem,
1524 5255 1602 5309 sic
1626 5255 1838 5326 angelo-

258 5363 376 5403 rum
406 5347 621 5413 choros,
655 5348 732 5402 sic
757 5346 890 5401 alias
917 5345 1205 5402 invisibiles
1231 5345 1471 5409 virtutes,
1497 5345 1637 5416 quod
1662 5345 1839 5403 decla-

258 5455 384 5495 rans
412 5441 674 5511 prOpbeta
704 5437 914 5494 dicebat
938 5453 952 5491 :
983 5436 1010 5492 1
1015 5454 1103 5508 pse
1129 5437 1277 5505 dixit,
1309 5447 1355 5490 et
1384 5440 1521 5508 facta
1547 5445 1702 5504 sunt;
1731 5438 1838 5508 ipse

260 5531 542 5598 mandavit,
563 5539 610 5584 et
634 5539 800 5584 creata
823 5538 937 5583 sunt
959 5526 1125 5599 (Psal.
1155 5527 1276 5583 I48.
1303 5527 1358 5598 5)
1387 5545 1400 5582 :
1425 5527 1490 5582 de
1514 5528 1658 5582 omni
1680 5528 1834 5582 simul

259 5633 525 5688 creatura,
543 5631 653 5678 tum
676 5636 925 5694 superna,
948 5631 1056 5676 tum
1077 5619 1212 5676 infra
1228 5619 1414 5690 posita,
1442 5629 1549 5675 tum
1573 5619 1832 5684 sensibili,

272 5713 738 5772 tumintellectuali
759 5753 778 5780 ,
802 5722 912 5768 tum
939 5725 1192 5782 corporea
1213 5753 1229 5779 ,
1258 5721 1365 5767 tum
1396 5712 1703 5784 incorporea
1723 5753 1740 5779 ,
1769 5725 1830 5766 ea

841 285 1116 345 CONTRA
1152 283 1430 345 JUDA‘ZOS
1468 292 1555 348 ΕΤ
1591 293 1944 363 GENTILES,
1984 296 2167 366 QUOD
2203 300 2539 360 CHRISTUS
2576 305 2678 361 Sl'I‘
2719 307 2911 364 DEUS.

3417 309 3524 364 831

1955 415 2322 482 pronuntians.
2347 415 2474 471 Illud
2497 418 2652 488 igitur
2672 421 2738 476 de
2761 422 2991 478 Ecclesia
3015 425 3316 482 vaticinium
3343 439 3520 485 osten-

1951 503 2046 568 dit,
2067 513 2122 558 ut
2145 519 2300 572 supra
2330 506 2459 573 dixi,
2485 510 2740 577 veritatis,
2771 513 3136 584 providentia},
3161 516 3413 574 bonitatis
3431 533 3530 574 cus

1952 608 2130 663 neque
2153 595 2266 663 ejus
2291 598 2700 666 magnitudinem
2729 611 2784 656 et
2811 605 3206 659 excellentiam.

2023 683 2108 739 16.
2151 687 2262 753 Age
2299 701 2424 757 ergo
2463 697 2517 742 et
2557 691 2710 744 aliam
2751 695 3148 762 prmdictionem
3193 705 3520 765 tractemus,

1951 789 2070 844 qua:
2095 777 2207 831 sole
2237 777 2305 830 sit
2329 779 2541 846 clarior,
2572 781 2836 852 radiisque
2859 786 2974 853 ejus
2999 786 3346 856 splendidior,
3377 805 3524 860 qua:-

1949 881 2054 936 que
2082 875 2204 922 ante
2230 870 2464 925 omnium
2497 873 2680 926 oculos
2709 875 2809 929 sita
2830 917 2844 941 ,
2874 876 2939 930 ad
2978 893 3164 933 omnes
3193 878 3396 935 futuras
3423 897 3519 952 ge-

1950 959 2250 1012 nerationes
2275 961 2606 1026 extendatur,
2633 963 2769 1018 sicut
2796 976 2847 1020 et
2875 967 3034 1035 prior.
3063 967 3207 1024 Talia
3229 970 3368 1024 enim
3395 984 3520 1027 sunt

1953 1046 2200 1117 pleraque
2225 1050 2339 1118 ejus
2360 1053 2603 1107 vaticinia
2633 1071 2645 1106 :
2671 1070 2774 1109 non
2799 1056 2949 1111 brevi
2976 1068 3213 1129 tempore
3233 1064 3523 1117 terminan-

1951 1144 2067 1202 tur,
2099 1153 2268 1208 neque
2305 1140 2356 1193 in
2389 1157 2486 1195 una
2518 1145 2858 1212 generatione
2883 1147 3251 1216 complentur;
3280 1149 3373 1204 sed
3403 1166 3521 1207 om-

1950 1227 2107 1282 nibus
2136 1228 2436 1286 hominibus
2455 1273 2470 1298 ,
2501 1242 2609 1288 tum
2641 1236 2970 1305 viventibus,
3003 1249 3111 1294 tum
3145 1256 3268 1294 mox
3297 1241 3520 1310 futuris,

1953 1325 2063 1372 tum
2102 1321 2442 1388 sequentibus
2467 1364 2483 1390 ,
2514 1333 2567 1378 et
2595 1325 2683 1394 qui
2721 1341 2888 1396 usque
2915 1329 2980 1382 ad
3013 1333 3520 1388 consummationem

1950 1419 2125 1474 erunt,
2151 1413 2387 1467 veritatis
2406 1429 2516 1469 sua:
2536 1417 2773 1472 notitiam
2797 1421 3052 1488 praebent,
3076 1422 3520 1492 quemadmodum

1948 1508 2005 1554 et
2031 1503 2176 1570 prius
2205 1504 2526 1560 vaticinium.
2555 1507 2685 1563 Nam
2714 1525 2744 1564 a
2772 1525 2874 1579 qua
2906 1511 2992 1566 die
3019 1513 3214 1567 dictum
3243 1523 3325 1569 est
3354 1531 3523 1585 usque

1949 1590 2015 1644 ad
2043 1596 2552 1651 consummationem
2581 1600 2759 1655 saeculi
2787 1599 2935 1656 firma
2961 1602 3279 1673 immotaque
3304 1606 3521 1671 mansit,

1949 1681 2164 1749 ﬂorens,
2183 1685 2408 1756 fulgens,
2428 1688 2479 1742 in
2501 1689 2614 1744 dies
2633 1705 2898 1757 crescens,
2914 1694 3031 1764 plus
3052 1696 3256 1750 roboris
3277 1709 3519 1762 sumens,

1949 1780 2003 1827 et
2027 1774 2270 1840 Omnibus
2295 1778 2382 1846 qui
2412 1779 2479 1832 ab
2505 1779 2596 1833 illo
2615 1779 2703 1836 die
2723 1795 2887 1852 usque
2911 1783 2976 1837 ad
3006 1785 3212 1838 Domini
3235 1786 3517 1842 adventum

1948 1861 2106 1918 futuri
2155 1875 2279 1921 sunt
2324 1878 2583 1937 praestans
2606 1913 2621 1938 ,
2652 1881 2709 1926 ut
2746 1874 3005 1929 maximos
3035 1874 3156 1930 inde
3193 1878 3430 1942 fructus,
3468 1888 3524 1933 et

1949 1951 2269 2010 ineffabilem
2309 1958 2584 2015 utilitatem
2615 1962 2845 2031 capiant.
2871 1964 3002 2019 Nam
3027 1967 3116 2036 qui
3146 1975 3266 2022 ante
3308 1983 3440 2036 nos,
3470 1980 3523 2024 et

1947 2046 2037 2114 qui
2067 2055 2191 2101 ante
2218 2049 2335 2103 illos
2357 2091 2372 2117 ,
2405 2061 2458 2105 et
2487 2053 2575 2121 qui
2606 2052 2761 2124 longe
2789 2058 3030 2126 superius
3057 2059 3201 2113 fuere
3221 2100 3236 2124 ,
3265 2060 3382 2128 ejus
3410 2061 3520 2115 vir—

1951 2143 2524 2208 tutem-cognoverunt,
2548 2143 2684 2197 bella
2713 2144 2953 2200 videntes
2982 2147 3032 2201 in
3057 2163 3173 2202 eam
3202 2149 3518 2218 ingruentia,

1949 2225 2182 2294 pericula
2200 2267 2217 2293 ,
2245 2229 2496 2285 tumultus
2515 2271 2532 2298 ,
2563 2233 2814 2302 strepitus
2835 2273 2850 2299 ,
2876 2235 3066 2290 fluctus
3089 2276 3105 2302 ,
3133 2245 3475 2307 tempestates
3505 2257 3518 2293 :

1950 2316 2117 2386 ipsam
2154 2333 2281 2374 vero
2309 2334 2481 2391 neque
2507 2323 2586 2377 sic
2613 2324 2902 2396 submergi,
2932 2325 3091 2390 vinci,
3123 2327 3396 2398 superari,
3426 2339 3520 2384 aut

1947 2409 2244 2479 exstingui;
2273 2411 2368 2465 sed
2404 2411 2597 2468 florere
2617 2454 2632 2478 ,
2663 2427 2904 2470 crescere
2925 2457 2940 2483 ,
2971 2416 3036 2470 ad
3068 2418 3322 2487 majorem
3350 2419 3520 2474 subli-

1948 2500 2184 2556 mitatem
2208 2504 2358 2574 erigi.
2383 2504 2453 2560 Et
2476 2504 2579 2560 hoc
2599 2506 2922 2570 vaticinium,
2948 2508 3088 2578 quod
3115 2525 3255 2564 nunc
3279 2511 3521 2567 dicturus

1947 2605 2087 2657 sum,
2109 2592 2356 2648 idoneum
2383 2602 2464 2649 est
2489 2596 2553 2650 ad
2580 2595 2839 2652 dictorum
2859 2599 2966 2653 vim
2993 2607 3046 2654 et
3072 2601 3346 2656 veritatem
3373 2617 3521 2658 com-

1948 2682 2366 2740 monstrandam.
2403 2686 2678 2754 Quodnam
2721 2698 2802 2743 est
2841 2689 2969 2745 illud
3011 2691 3356 2747 vaticinium?
3389 2693 3520 2750 Cum

1947 2777 2216 2849 ingressus
2243 2780 2527 2844 aliquando
2551 2791 2690 2839 esset
2719 2785 2770 2839 in
2799 2784 3048 2856 templum
3075 2785 3370 2854 Iudaicum,
3395 2798 3521 2844 tunc

1946 2869 2161 2938 florens,
2187 2885 2323 2929 auro
2343 2873 2576 2944 fulgens,
2597 2887 2812 2932 necnon
2834 2874 3229 2946 pulchritudine
3259 2881 3521 2951 magnitu-

1945 2959 2173 3032 dineque
2212 2962 2552 3018 aedificiorum
2577 3005 2593 3032 ,
2630 2965 2728 3020 alia
2769 2981 2979 3037 quoque
3019 2969 3328 3025 instructum
3373 2973 3518 3028 omni

1943 3049 2151 3104 artificii
2183 3053 2526 3122 materizeque
2552 3056 2804 3109 varietate
2823 3096 2837 3121 ,
2865 3055 3178 3113 mirantibus
3206 3059 3478 3129 discipulis
3499 3103 3515 3125 ,

1944 3137 2068 3208 quid
2095 3139 2262 3193 dixit?
2282 3138 2467 3194 Nonne
2489 3141 2662 3196 videtis
2679 3146 2784 3196 hec
2808 3144 2976 3197 omnia
2993 3144 3020 3197 ?
3043 3147 3198 3200 Amen
3223 3146 3335 3200 dico
3357 3150 3519 3216 vobis,

1944 3244 2045 3282 non
2070 3231 2287 3284 manebit
2311 3231 2442 3300 lapis
2467 3247 2620 3301 super
2642 3231 2864 3302 lapidem
2889 3235 2907 3302 (
2931 3233 3117 3288 Matth.
3144 3223 3233 3290 θοι.
3261 3234 3297 3289 2
3317 3234 3336 3306 )
3353 3276 3369 3302 ,
3399 3239 3521 3309 ejus

1943 3319 2357 3377 destructionem
2385 3320 2613 3377 futuram
2639 3322 2911 3379 declarans
2932 3367 2945 3390 ,
2974 3325 3355 3382 desolationem
3375 3368 3392 3394 ,
3419 3341 3517 3380 va-

1942 3411 2174 3466 stitatem
2194 3453 2210 3476 ,
2237 3412 2442 3467 ruinam
2461 3456 2477 3480 ,
2509 3428 2627 3484 qua:
2651 3429 2792 3469 nunc
2815 3413 3158 3487 Jerosolymis
3187 3426 3269 3471 est
3295 3434 3309 3470 :
3338 3417 3514 3472 omnia

1943 3503 2082 3558 enim
2113 3502 2332 3559 aedificia
2362 3505 2445 3559 illa
2478 3509 2733 3576 prmclara
2762 3508 3150 3579 eonspicuaque
3175 3507 3345 3564 diruta
3370 3519 3514 3565 sunt.

1947 3592 2104 3649 Vides
2133 3593 2186 3649 in
2222 3604 2447 3666 utroque
2474 3611 2716 3667 magnam
2753 3607 2806 3652 et
2835 3598 3150 3654 ineffabilem
3181 3599 3297 3671 ejus
3323 3611 3513 3673 poten~

1943 3683 2090 3751 tiam,
2122 3684 2174 3739 in
2199 3699 2266 3740 eo
2289 3685 2430 3756 quod
2463 3701 2522 3741 se
2559 3688 2796 3743 colentes
2827 3689 3169 3746 aedificaverit
3203 3700 3257 3746 et
3289 3693 3516 3759 auxerit,

1941 3782 1996 3828 et
2019 3774 2072 3828 in
2099 3789 2163 3829 eo
2186 3775 2325 3844 quod
2347 3776 2589 3833 inimicos
2611 3793 2738 3833 suos
2763 3778 3146 3845 humiliaverit,
3172 3782 3513 3852 destruxerit,

1941 3865 2300 3935 radicitusque
2334 3868 2645 3923 sustulerit?
2681 3868 2953 3940 Nusquam
2991 3872 3134 3926 enim
3179 3871 3301 3928 huic
3341 3874 3515 3930 simile

1941 3955 2195 4024 templum
2223 3964 2340 4010 erat
2367 3965 2473 4011 tam
2500 3956 2711 4013 celebre
2732 3998 2750 4026 ,
2782 3967 2928 4014 tanto
2955 3961 3097 4015 cultu
3128 3962 3351 4032 insigne.
3382 3962 3513 4018 Nam

1941 4055 2197 4116 quotquot
2225 4046 2419 4118 ubique
2441 4051 2539 4118 per
2566 4049 2748 4104 orbem
2774 4059 2926 4104 erant
2951 4050 3149 4116 Judzei,
3177 4053 3335 4108 etiam
3365 4055 3417 4109 in
3449 4054 3511 4108 ti-

1940 4139 2095 4193 nibus
2135 4148 2290 4195 terra;
2319 4141 2496 4210 positi,
2525 4142 2658 4196 istuc
2682 4143 2806 4196 olim
2837 4142 3324 4211 proficiscebantur,
3348 4144 3508 4210 dona,

1941 4229 2161 4298 hostias,
2193 4231 2486 4287 oblationes
2504 4273 2522 4300 ,
2550 4233 2807 4303 primitias
2835 4241 2889 4288 et
2918 4233 3081 4287 multa
3109 4235 3207 4287 alia
3239 4234 3469 4289 ferentes
3493 4278 3508 4300 ,

1941 4320 2193 4390 orbisque
2229 4320 2426 4376 divitiis
2463 4323 2714 4392 templum
2752 4321 3098 4387 decorantcs,
3129 4336 3420 4394 omneSquc
3447 4339 3512 4379 eo

1943 4411 2173 4480 undique
2197 4411 2535 4467 confluebant
2562 4412 2728 4467 Judaei
2758 4411 2994 4467 advenas.
3023 4412 3239 4466 Multum
3268 4422 3384 4468 erat
3413 4415 3513 4468 loci

1941 4515 2156 4568 nomen,
2187 4509 2242 4556 et
2277 4517 2442 4572 usque
2478 4503 2544 4558 ad
2581 4513 2821 4557 estrema
2856 4501 3001 4557 orbis
3039 4512 3369 4572 pervenerat.
3409 4501 3513 4558 Sed

1944 4609 2104 4648 unum
2133 4593 2330 4649 Christi
2365 4595 2580 4650 verbum
2619 4595 2705 4649 illa
2742 4595 2915 4649 omnia
2947 4595 3142 4649 delevit
3165 4604 3217 4650 et
3245 4594 3512 4665 perdidit,

1941 4700 2005 4742 ac
2037 4695 2302 4758 tamquam
2333 4688 2604 4759 pulverem
2643 4686 2709 4742 de
2745 4687 2920 4742 medio
2955 4688 3182 4742 sustulit.
3213 4689 3288 4742 Ac
3317 4704 3421 4757 quo
3447 4703 3516 4742 ne

1939 4776 2136 4834 Iudaeis
2155 4779 2365 4849 quidem
2382 4779 2646 4845 omnibus,
2665 4777 2771 4834 imo
2785 4793 2884 4833 nee
2903 4775 3284 4841 sacerdotibus,
3304 4778 3397 4832 sed
3415 4779 3514 4831 soli

1941 4883 2149 4924 summo
2172 4869 2430 4925 sacerdoti
2457 4870 2656 4941 ingredi
2687 4870 2896 4936 licebat,
2922 4869 3077 4939 idque
3107 4868 3268 4922 semel
3296 4868 3347 4922 in
3372 4881 3515 4922 anno

1943 4968 2143 5015 tantum
2167 5005 2182 5029 ,
2212 4975 2332 5018 cum
2365 4963 2498 5018 stola
2523 5004 2538 5029 ,
2570 4962 2780 5018 coronis
2818 4969 2872 5015 et
2906 4961 3060 5014 mitra
3081 5000 3095 5025 ,
3126 4959 3334 5029 alioque
3360 4973 3513 5014 sacro

1941 5054 2290 5120 vestimento;
2326 5067 2464 5108 nunc
2490 5061 2542 5106 et
2567 5051 2775 5116 scortis,
2803 5058 2856 5104 et
2883 5048 3132 5105 mollibus
3159 5059 3212 5104 et
3235 5048 3515 5104 effemina-

1943 5144 2011 5199 tis
2037 5155 2092 5200 et
2113 5145 2333 5200 mellis
2354 5153 2500 5215 patet
2519 5144 2692 5199 aditus
2716 5143 2923 5197 nemine
2947 5141 3278 5212 prohibente.
3302 5140 3433 5195 Nam
3456 5151 3514 5196 ut

1944 5236 2162 5292 verbum
2195 5235 2318 5291 illud
2349 5235 2579 5302 advenit,
2611 5235 2787 5290 omnia
2815 5234 3010 5289 delevit
3037 5241 3090 5290 et
3115 5233 3323 5288 sustulit
3354 5250 3368 5285 :
3395 5241 3511 5288 tan-

1941 5335 2160 5396 tumque
2201 5326 2270 5381 de
2314 5325 2510 5396 templo
2550 5333 2829 5395 superest,
2874 5332 3125 5394 quantum
3161 5324 3292 5378 satis
3330 5332 3415 5378 est
3455 5331 3515 5378 ut

1941 5418 2271 5482 ostendatur,
2298 5415 2511 5473 ubinam
2540 5417 2791 5488 templum
2820 5415 2945 5472 olim
2976 5423 3137 5472 esset.

2009 5510 2177 5568 1ηάωὶ
2189 5513 2425 5584 templum
2435 5520 2715 5566 restaurare
2727 5523 2826 5562 non
2838 5506 3373 5578 pommus—Cogita
3387 5521 3518 5576 ergo

1940 5617 2154 5680 quanta:
2189 5616 2242 5663 et
2268 5606 2369 5662 hoc
2404 5605 2474 5660 sit
2513 5604 2739 5659 virtutis.
2771 5602 2977 5658 Etenim
3004 5601 3092 5670 qui
3122 5599 3248 5655 olim
3277 5607 3383 5654 tam
3415 5611 3512 5666 po-

1945 5709 2117 5756 tentes
2143 5708 2314 5765 erant,
2339 5698 2427 5769 qui
2455 5705 2638 5767 gentes
2663 5703 2716 5751 et
2743 5707 2896 5765 reges
2910 5689 3260 5762 superabant,
3276 5688 3367 5760 qui
3380 5687 3504 5743 abs-
