3990 6198
450 301 556 356 855

454 425 558 478 que
583 409 836 479 sanguine
863 407 1172 479 plerumque
1204 408 1509 478 vincebant,
1541 418 1842 482 tropzeaque
1868 412 2023 467 innu-

455 517 599 556 mera
625 515 757 555 nova
781 508 834 555 et
851 499 1180 554 admirabilia
1201 499 1494 569 erigebant,
1519 501 1572 555 hi
1594 502 1843 570 templum
1867 517 2029 557 unum

454 592 523 646 ab
548 592 638 645 illo
663 605 829 659 usque
858 590 923 644 ad
950 590 1052 644 hoc
1076 599 1282 660 tempus
1307 591 1570 645 aediﬁcare
1595 607 1698 645 non
1726 600 2028 661 potuerunt.

457 680 707 748 Quamvis
737 688 814 734 tot
839 695 991 750 reges
1018 679 1210 736 fuerint
1237 681 1324 750 qui
1355 681 1456 736 illis
1483 697 1638 751 opem
1667 682 1886 746 ferrent,
1917 691 2033 736 tan-

459 781 614 840 taque
637 769 914 836 multitudo
939 787 1031 839 per
1053 771 1236 826 orbem
1258 771 1466 836 dilfusa,
1491 780 1668 842 totque
1691 773 2032 842 pecuniarum

458 877 588 932 opes
615 862 884 917 adessent.
923 862 1106 917 Viden‘
1143 863 1409 932 quomodo
1447 879 1564 932 qua:
1601 864 1689 918 ille
1715 863 2032 929 aedificavit,

460 968 618 1008 nemo
638 953 917 1018 destruxit,
938 964 990 1009 et
1010 971 1124 1024 quae
1147 955 1234 1010 ille
1254 955 1532 1019 destruxit,
1553 970 1709 1009 nemo
1726 955 2034 1010 aediﬁcavit?

459 1043 761 1099 Edilicavit
781 1045 1072 1100 Ecclesium
1084 1086 1097 1110 ,
1114 1054 1168 1100 et
1189 1061 1344 1100 nemo
1366 1047 1530 1115 ipsam
1552 1045 1756 1101 destrur
1772 1063 1824 1102 re
1839 1046 1999 1116 possit
2017 1061 2033 1112 ;

459 1135 722 1191 destruxit
753 1136 1002 1205 templum
1027 1176 1042 1201 ,
1072 1146 1126 1191 et
1154 1153 1311 1192 nemo
1337 1138 1508 1207 ipsum
1535 1147 1836 1194 restaurare
1867 1139 2034 1206 valet,
2068 1176 2076 1186 .

464 1223 621 1293 idque
649 1233 752 1278 tam
779 1225 1029 1280 diuturno
1055 1235 1291 1295 tempore
1320 1245 1332 1280 :
1361 1228 1601 1297 quamvis
1631 1229 1772 1283 illam
1798 1229 2039 1283 destrue-

466 1330 523 1368 re
554 1317 892 1382 teutaverint,
924 1333 1027 1372 non
1056 1327 1274 1387 potuere
1305 1327 1515 1382 tamen;
1547 1320 1786 1388 quamvis
1813 1320 1913 1374 hoc
1939 1319 2036 1374 de-

467 1420 574 1459 nuo
599 1407 829 1461 excitare
856 1409 1028 1462 conati
1054 1411 1180 1474 sint,
1209 1409 1260 1464 id
1291 1408 1486 1464 frustra
1514 1411 1678 1465 moliti
1703 1421 1846 1466 sunt.

532 1495 771 1552 Julianus
822 1497 1066 1566 Apostata
1113 1499 1168 1552 id
1214 1503 1405 1570 [rustra
1445 1503 1667 1557 tentavit.
1695 1529 1765 1542 --
1815 1501 1870 1557 Id
1913 1517 2042 1558 vero

466 1590 780 1657 permissum
810 1589 905 1643 fuit
946 1604 1012 1645 ne
1037 1590 1127 1658 qui
1165 1590 1365 1646 diceret
1387 1632 1402 1658 ,
1426 1592 1468 1646 si
1499 1592 1552 1646 id
1585 1602 1837 1648 tentatum
1868 1605 2039 1660 esset,

467 1680 580 1734 fieri
624 1685 894 1750 potuisse:
925 1697 1051 1737 ecce
1096 1691 1462 1750 tentaverunt,
1505 1692 1558 1738 et
1603 1701 1709 1740 non
1737 1692 2041 1753 potuerunt.

466 1769 598 1823 Nam
639 1778 795 1825 mtate
839 1779 1020 1826 nostra
1048 1770 1376 1840 Imperator,
1413 1772 1504 1842 qui
1543 1787 1731 1828 omnes
1775 1773 2044 1850 impietate

467 1862 773 1930 superabat,
829 1869 879 1916 et
927 1861 1229 1918 facultatem
1274 1871 1398 1917 tunc
1437 1862 1583 1918 dedit
1621 1872 1678 1918 et
1730 1872 2044 1933 cooperatus

470 1959 574 2004 est.
624 1950 768 2020 Opus
810 1948 1058 2021 incepere
1083 1992 1096 2016 ,
1128 1966 1190 2006 ac
1233 1967 1299 2006 ne
1338 1953 1421 2006 vel
1448 1953 1722 2008 minimum
1762 1955 1896 2008 ultra
1923 1968 2046 2022 pro-

468 2041 616 2109 gredi
674 2052 927 2110 petuere;
957 2042 1050 2096 sed
1090 2042 1225 2112 ignis
1271 2057 1302 2096 a
1353 2041 1709 2098 fundamentis
1749 2044 2041 2110 exsiliens,

468 2143 654 2185 omnes
683 2131 900 2201 fugavit.
927 2132 1076 2199 Quod
1117 2140 1295 2191 autem
1321 2133 1618 2200 voluerint,
1661 2136 1760 2188 hoc
1796 2133 2044 2188 indicium

468 2231 588 2289 est,
633 2223 773 2294 quod
819 2223 1077 2278 hactenus
1105 2223 1446 2280 fundamenta
1493 2225 1687 2279 nudata
1737 2233 2040 2295 appareant,

469 2320 529 2366 ut
556 2312 734 2368 videas
755 2313 898 2383 ipsos
917 2313 1128 2384 quidem
1155 2313 1336 2371 fodere
1365 2315 1591 2384 coepisse
1612 2356 1630 2381 ,
1656 2315 1751 2370 sed
1782 2315 2046 2371 aediﬁcare

470 2419 575 2460 non
604 2405 838 2474 potuisse
860 2445 877 2471 ,
924 2406 1214 2462 obsistente
1254 2406 1450 2461 Christi
1475 2407 1761 2462 sententia.
1792 2405 2044 2474 Quamvis

469 2506 645 2549 autent
670 2496 779 2565 jam
825 2497 950 2550 olim
1001 2497 1327 2552 destructum
1374 2497 1560 2552 fuisset
1599 2498 1700 2553 hoc
1751 2499 2040 2566 templum,

470 2593 527 2638 at
556 2585 619 2639 iis
661 2596 780 2654 post
818 2601 986 2642 annos
1013 2589 1346 2657 septuaginta
1373 2588 1602 2643 reversis
1627 2628 1648 2656 ,
1694 2590 1868 2644 statim
1912 2589 2048 2644 exci-

473 2683 640 2729 tatum
686 2684 811 2741 est,
861 2683 922 2730 et
969 2678 1147 2745 priore
1193 2677 1522 2746 Splendidius
1570 2677 1684 2732 luit.
1715 2677 1868 2746 Quod
1917 2692 2047 2733 sane

473 2766 747 2835 proiihetze
795 2765 1072 2829 dixerant,
1115 2775 1168 2821 et
1218 2777 1501 2837 antequam
1548 2767 2047 2837 ﬁeretpraanuntia-

473 2863 614 2908 rant.
652 2854 800 2910 Nunc
827 2864 1002 2910 autem
1038 2857 1157 2927 plus
1185 2872 1340 2926 quam
1369 2857 1921 2927 quadringentesimus
1946 2873 2047 2913 an-

471 2961 573 3001 nus
599 2955 712 3013 est,
743 2957 794 3002 et
821 2947 961 3001 nulla
983 2949 1257 3017 cogitatio,
1295 2949 1435 3002 nulla
1467 2949 1790 3019 exspectatio
1819 2949 1897 3003 vel
1928 2964 2048 3020 spes

471 3050 580 3103 εει,
598 3037 724 3092 illud
755 3037 890 3091 ultra
922 3038 1318 3093 instaurandum
1347 3039 1724 3109 fore.Atqui,si
1747 3053 1852 3093 non
1871 3038 2048 3095 divina

475 3128 641 3181 virtus
668 3127 1048 3194 obluctaretur,
1066 3129 1190 3198 quid
1237 3130 1470 3184 obstaret
1494 3129 1519 3182 ?
1547 3131 1736 3184 Annon
1766 3144 1952 3200 magna
1971 3130 2048 3184 vis

481 3219 820 3286 pecuniarum
850 3232 1010 3286 penes
1032 3219 1147 3272 illos
1173 3219 1293 3274 est?
1313 3219 1502 3272 Annon
1523 3218 1590 3273 ab
1616 3218 1864 3273 omnibus
1894 3218 2048 3272 undi-

481 3324 584 3379 que
612 3310 803 3364 tributa
834 3309 1086 3379 colligens
1118 3309 1413 3378 patriarcha
1442 3313 1458 3341 ⁸
1485 3310 1774 3366 immensos
1813 3310 2048 3380 possidet

479 3401 802 3456 thesauros?
831 3403 1023 3455 Annon
1053 3401 1222 3455 audax
1251 3401 1339 3454 illa
1365 3401 1508 3456 natio
1551 3403 1670 3456 est?
1707 3416 1881 3460 annon
1945 3403 2048 3456 im-

479 3490 704 3560 pudens,
760 3491 1110 3556 contentiosa,
1161 3489 1461 3556 temeraria,
1507 3491 1805 3547 seditiosa?
1858 3494 2047 3548 Annon

479 3583 632 3636 multi
675 3591 797 3635 sunt
821 3582 875 3636 in
905 3581 1221 3637 Palmstina?
1259 3597 1437 3636 annon
1471 3583 1621 3637 multi
1653 3583 1708 3638 in
1757 3583 2051 3639 Phoenicia?

480 3689 655 3727 annon
687 3673 837 3728 multi
877 3673 1109 3743 ubique?
1147 3673 1425 3742 Quomodo
1468 3688 1595 3744 ergo
1625 3689 1729 3729 non
1769 3685 2053 3744 potuerunt

480 3779 643 3820 unum
678 3764 855 3819 denuo
891 3771 1202 3820 construere
1230 3765 1482 3835 templum
1502 3804 1517 3830 ,
1551 3767 1842 3835 praesertim
1871 3767 2052 3822 viden-

479 3866 560 3911 tes
605 3858 803 3911 cultum
845 3871 997 3911 suum
1039 3854 1162 3912 hinc
1219 3856 1414 3926 ubique
1460 3856 1751 3926 impediri,
1804 3857 2050 3912 Judaicos

481 3948 612 4003 ritus
657 3946 898 4014 aboleri,
936 3947 1226 4014 sacrificia,
1258 3947 1586 4013 oblationes,
1627 3958 1924 4018 catteraque
1952 3949 2048 4003 hu-

471 4037 704 4108 jnsmodi
735 4037 920 4106 legalia
948 4037 1014 4091 de
1056 4037 1232 4092 medio
1278 4038 1419 4104 tolli,
1447 4037 1768 4105 omninoque
1811 4038 2049 4092 cessare?

476 4127 659 4198 Neque
695 4127 837 4182 enim
891 4127 992 4182 illis
1021 4128 1102 4182 vel
1147 4142 1293 4182 aram
1321 4127 1554 4182 excitare
1578 4166 1594 4193 ,
1621 4125 1704 4181 vel
1734 4127 2047 4181 sacriﬁcium

479 4217 709 4282 offerre,
738 4217 822 4272 vel
872 4217 1070 4282 libare,
1115 4217 1202 4273 vel
1245 4231 1398 4273 ovem
1450 4217 1720 4286 imponere
1763 4225 1857 4271 aut
1897 4216 2050 4271 sufli-

483 4317 592 4362 tum
612 4347 628 4370 .
659 4307 745 4360 vel
772 4307 940 4377 legem
969 4307 1195 4362 recitare
1223 4346 1239 4372 ,
1268 4306 1352 4361 vel
1394 4305 1587 4361 festum
1629 4306 1900 4361 celebrare
1919 4347 1934 4374 ,
1965 4306 2050 4361 vel

480 4396 750 4466 quidpiam
776 4397 947 4452 simile
978 4397 1152 4453 facere
1179 4396 1369 4452 licebat
1391 4406 1539 4452 extra
1562 4397 1649 4452 illa
1671 4397 1876 4452 limina.

555 4481 642 4540 Π.
686 4485 826 4540 Sane
853 4501 972 4540 cum
1021 4486 1290 4557 Babylone
1341 4497 1554 4554 essent,
1585 4496 1638 4542 ct
1689 4488 1755 4542 ab
1809 4487 2051 4543 hostibus

481 4583 842 4644 cogerentur,
897 4583 956 4628 ut
1015 4575 1339 4644 psallerent,
1395 4592 1502 4631 non
1570 4578 2002 4646 obtemperarunt
2030 4619 2046 4643 ,

483 4680 660 4736 neque
710 4679 914 4720 morem
969 4676 1285 4736 gesserunt,
1329 4669 1533 4723 tametsi
1578 4669 1771 4738 captivi
1814 4677 1868 4724 et
1911 4669 2050 4725 servi

485 4765 677 4823 erant,
733 4755 1066 4826 dominisque
1114 4773 1172 4811 se
1214 4760 1526 4813 vexantibus
1593 4760 1864 4814 suberant.
1945 4760 2050 4816 Sed

485 4846 693 4903 etiamsi
737 4861 768 4900 a
818 4847 983 4916 patria
1018 4855 1072 4902 et
1112 4862 1142 4901 a
1195 4847 1438 4906 libertate
1477 4849 1836 4915 excidissent,
1885 4858 1941 4905 et
1983 4851 2050 4906 de

484 4938 594 5006 ipsa
651 4937 756 4991 vita
809 4936 1266 5007 periclitarentur,
1321 4947 1374 4992 et
1439 4938 1587 5008 quasi
1635 4938 1824 5008 laqueo
1892 4955 2051 4996 manu

544 5029 561 5059 ⁸
598 5028 917 5077 Patriarcbam
948 5029 1219 5090 Jndieorum
1259 5027 1394 5090 multi
1437 5031 1696 5090 scriptores
1734 5029 2050 5082 Ecclesiastici

477 5096 760 5137 memorant.
797 5090 1033 5152 Origenes
1053 5086 1103 5140 in
1126 5088 1373 5152 opusculo,
1406 5086 1711 5152 quod'nuper
1754 5094 1878 5152 typis
1912 5092 2052 5142 dedi-

477 5161 586 5213 mus
607 5156 712 5210 post
748 5149 1078 5213 I’rzeliminaria
1096 5149 1406 5213 ad‘Hexapla,
1425 5149 1540 5200 dicit
1570 5149 1758 5201 se'cum
1778 5149 2052 5204 'tiatriarcha

475 5209 746 5259 Judaeorum
765 5209 890 5260 Jullo
908 5224 1220 5264 congressum
1245 5209 1372 5262 esse.
1396 5209 1709 5261 Patriarcham
1733 5215 1849 5263 item
1870 5214 2055 5264 Judaeo-

476 5282 582 5337 rum
603 5278 872 5337 memorant
898 5271 1095 5337 (gyrillus
1124 5273 1345 5337 Jerosol.,
1366 5275 1710 5337 Hieronymus,
1745 5275 2054 5337 maximeque

477 5332 806 5397 Theodoretus
824 5332 941 5382 Dial.
968 5340 998 5382 ι.
1023 5346 1083 5382 ex
1109 5335 1245 5395 cujus
1263 5335 1402 5397 dictis
1424 5332 1640 5397 arguitur
1661 5336 1953 5385 l’atriarchas
1972 5332 2056 5385 llu-

475 5390 688 5440 dmorum
710 5407 766 5458 se
803 5408 862 5444 ex
891 5397 1124 5458 progenie
1147 5390 1332 5444 tiavidis
1357 5409 1466 5444 esse
1478 5390 1621 5458 'I'also
1655 5397 1925 5458 jactitasse.
1953 5405 2054 5446 Duo

478 5455 907 5520 enintaudaaoruni
945 5455 1238 5514 t’airiarcbte,
1265 5469 1467 5520 quorum
1490 5456 1614 5520 alter
1639 5455 1685 5505 in
1720 5459 1879 5506 indica
1901 5457 2054 5520 dege-

477 5513 576 5580 bat,
599 5514 724 5580 alter
747 5515 996 5580 Baliylone.
1021 5523 1090 5580 pe
1127 5513 1405 5568 Patriai‘chis
1435 5518 1704 5580 iudicet-um
1737 5527 1886 5580 agunt
1913 5519 1946 5565 ii
1969 5513 2052 5580 qui

477 5571 542 5640 de
563 5571 1109 5640 tudmorutn'repnblica
1143 5584 1430 5640 tractavere.
1466 5579 1580 5626 Vide
1617 5571 1889 5640 praesertim
1920 5571 2054 5628 Fcia-

481 5633 607 5699 ﬁum
631 5635 681 5699 in
704 5639 832 5699 notis
848 5637 907 5685 ad
924 5633 1269 5699 'Epipbanit‘m:
1297 5649 1349 5689 et
1369 5645 1463 5690 Jac.
1489 5633 1827 5690 Gothofrednm
1849 5641 1906 5690 ad
1937 5643 2050 5690 Cod.

475 5693 507 5743 ἰ
518 5694 944 5762 hcodosianum,1‘.
967 5693 1037 5760 π,
1061 5712 1108 5761 p.
1133 5698 1236 5748 313.

1115 270 1177 325 S.
1228 270 1510 327 JOANNIS
1548 272 2037 331 CIIIlYSOSTOMI
2077 276 2398 334 ARCIIIEP.
2441 278 2990 340 CONSTANTINOP.

3597 307 3701 362 8'56

2141 409 2373 464 hostium
2401 409 2794 479 detinerentnr,
2813 411 2944 480 jussi
2973 413 3237 468 canticum
3269 417 3485 484 organis
3509 429 3705 470 canere

2135 498 2213 552 sic
2239 498 2529 555 dicebant:
2564 499 2733 570 Super
2776 503 2989 570 [lumina
3029 501 3302 572 Babylonis
3341 505 3448 558 illic
3489 506 3710 560 sedimus

2135 597 2182 642 et
2223 590 2471 656 ﬂeuimus.
2515 591 2646 656 Quia
2702 593 3132 661 interrogaverunt
3169 611 3262 648 nos
3287 635 3302 660 ,
3355 595 3444 665 qui
3487 604 3709 658 captivos

2137 677 2385 733 duxerunt
2427 698 2517 734 nos
2539 722 2555 746 ,
2587 681 2735 735 verba
2758 685 3065 737 cantionum.
3110 685 3375 750 Quomodo
3403 690 3710 744 cantabimus

2137 771 2384 822 canticum
2429 769 2632 825 Domini
2667 772 2720 825 in
2759 782 2891 826 terra
2935 774 3103 828 aliena
3146 774 3328 844 (Psal.
3365 777 3486 832 156.
3524 780 3567 832 ι.
3595 781 3711 850 4)?

2137 858 2247 914 Nec
2297 871 2468 929 potest
2514 865 2792 931 quisquam
2843 863 3022 918 dicere
3073 865 3217 933 ipsos
3269 865 3338 919 ob
3390 883 3709 937 organorum

2142 954 2414 1022 penuriam
2437 969 2540 1006 non
2564 955 2821 1009 cecinisse
2847 973 2860 1008 :
2883 970 3094 1010 causam
3127 957 3267 1010 enim
3286 958 3359 1012 illi
3381 960 3714 1028 protulerunt

2141 1041 2380 1096 dicentes
2416 1060 2429 1096 :
2475 1042 2737 1106 Quomodo
2777 1044 3083 1099 cantabimus
3115 1047 3367 1100 canticum
3415 1048 3617 1104 Domini
3647 1052 3713 1104 in

2142 1140 2274 1185 terra
2319 1132 2530 1186 aliena?
2575 1132 2781 1203 Organa
2824 1149 2953 1189 vero
2991 1150 3156 1204 penes
3199 1151 3257 1190 se
3311 1137 3568 1193 habebant
3595 1157 3611 1193 :
3641 1139 3667 1193 1
3677 1159 3713 1194 η

2141 1225 2396 1289 salicibus,
2431 1225 2596 1290 aiunt,
2635 1227 2688 1280 in
2732 1228 2893 1280 medio
2913 1244 3082 1280 eorum
3106 1269 3123 1293 ,
3150 1229 3495 1299 suspendimus
3522 1248 3716 1300 organa

2145 1325 2340 1370 nostra.
2374 1315 2481 1372 Sed
2510 1332 2682 1385 neque
2719 1315 2962 1386 jejunare
2985 1317 3176 1372 licebat
3205 1319 3306 1373 illis
3328 1358 3344 1384 ,
3364 1319 3504 1388 quod
3532 1320 3716 1374 decla-

2144 1421 2270 1460 rans
2299 1406 2554 1477 propheta
2575 1406 2784 1461 dicehat
2825 1427 2838 1462 :
2872 1406 3135 1476 Numquid
3161 1409 3416 1478 jejunium
3445 1411 3717 1479 jejunastis

2146 1497 2269 1550 mihi
2295 1499 2444 1551 annis
2479 1499 2794 1568 septuaginta
2815 1538 2831 1563 ,
2882 1499 3002 1552 dicit
3027 1498 3276 1552 Dominus
3323 1499 3503 1571 (Zuclt.
3533 1503 3590 1557 7.
3615 1502 3716 1572 5)?

2145 1587 2296 1654 Quod
2319 1597 2497 1646 autem
2529 1589 2634 1658 illis
2661 1604 2760 1644 nec
2801 1589 3100 1644 sacriﬁcare
3128 1605 3227 1645 nec
3251 1590 3417 1645 libare
3442 1590 3523 1650 fas
3548 1601 3712 1657 esset,

2143 1677 2267 1731 audi
2320 1687 2429 1732 tres
2457 1693 2648 1746 pueros
2690 1677 2931 1733 dicentes
2960 1696 2974 1732 :
3010 1678 3129 1731 Non
3157 1689 3229 1734 est
3269 1680 3528 1751 princeps,
3561 1697 3720 1749 nequ

2144 1769 2390 1839 propheta
2413 1811 2428 1836 ,
2476 1786 2632 1840 neque
2677 1771 2814 1835 dux,
2843 1787 3002 1842 neque
3043 1771 3181 1824 locus
3229 1772 3297 1824 ad
3331 1772 3719 1840 sacriﬁcandum

2147 1875 2314 1912 coram
2341 1870 2388 1913 te
2406 1900 2422 1927 ,
2453 1870 2500 1913 et
2530 1861 2876 1917 inveniendum
2912 1861 3304 1915 misericordiam
3332 1861 3490 1932 (Dan.
3520 1864 3573 1917 ὅ.
3599 1863 3715 1932 38).

2146 1948 2262 2002 Non
2292 1949 2575 2016 dixerunt,
2605 1965 2710 2006 non
2737 1960 2818 2005 est
2866 1951 3152 2014 sacerdos;
3179 1951 3400 2006 aderant
3444 1953 3586 2007 enim
3627 1969 3718 2009 sa-

2148 2039 2432 2094 cerdotes:
2465 2040 2560 2095 sed
2604 2050 2661 2095 ut
2709 2041 2881 2096 discas
2931 2041 3000 2095 de
3047 2041 3163 2095 loco
3213 2051 3413 2096 tantum
3456 2042 3577 2112 agi,
3634 2052 3718 2096 to-

2149 2138 2362 2199 tamque
2401 2131 2572 2201 legem
2621 2145 2684 2185 ea
2719 2131 2771 2184 in
2823 2145 2884 2186 re
2911 2130 3218 2186 obstrictam
3265 2144 3408 2197 esse,
3449 2131 3714 2197 dicebant,

2150 2217 2271 2273 Non
2297 2229 2371 2273 est
2401 2221 2558 2274 locus.
2591 2222 2655 2275 Et
2697 2221 2822 2292 quid
2851 2221 2918 2275 de
2955 2221 3218 2276 sacriﬁcio
3259 2229 3313 2275 et
3350 2221 3418 2276 de
3468 2222 3719 2279 libatioue

2148 2308 2380 2380 loquor?
2418 2310 2495 2365 Ne
2523 2310 2737 2380 quidem
2787 2311 3010 2366 recitare
3059 2309 3228 2378 legem
3287 2310 3477 2364 licebat
3527 2313 3656 2380 ipsis
3702 2331 3716 2365 :

2148 2401 2291 2470 quod
2335 2383 2660 2470 exprobrans
2689 2403 2824 2457 alius
2875 2401 3130 2472 propheta
3172 2399 3420 2455 diccbat:
3471 2403 3537 2455 Et
3580 2404 3720 2475 lege-

2148 2501 2265 2548 runt
2289 2495 2413 2564 foris
2441 2494 2598 2564 legem
2622 2535 2636 2558 ,
2666 2504 2714 2546 et
2739 2496 3104 2549 advocaverunt
3135 2497 3498 2567 confessionem
3545 2498 3723 2568 (Amos

2149 2584 2202 2637 4.
2234 2583 2312 2649 5).
2341 2583 2460 2639 Non
2502 2585 2704 2640 Pascha
2725 2627 2740 2651 ,
2768 2601 2878 2643 non
2924 2587 3271 2644 Pcntecosten
3301 2631 3316 2655 ,
3365 2606 3473 2645 non
3520 2590 3722 2645 Scene-

2151 2673 2389 2744 pegiam,
2440 2690 2543 2730 non
2573 2676 2718 2732 aliud
2744 2677 2870 2747 quid
2910 2677 3088 2734 simile
3149 2681 3423 2736 celebrare
3458 2689 3721 2750 poterant.

2151 2767 2398 2821 Attamen
2423 2768 2522 2821 etsi
2564 2769 2808 2824 noverint
2843 2785 2902 2826 se
2947 2781 3165 2841 propter
3212 2774 3310 2827 loci
3337 2774 3722 2830 desolationem

2151 2857 2220 2912 ab
2273 2859 2354 2913 bis
2380 2861 2624 2916 omnibus
2656 2863 2898 2931 excludi,
2929 2873 2984 2920 et
3025 2880 3084 2920 se
3108 2906 3120 2929 ,
3162 2867 3207 2921 si
3256 2867 3382 2937 quid
3420 2882 3599 2923 eorum
3625 2883 3724 2938 ag-

2150 2949 2486 3019 grediantur,
2513 2952 2682 3023 legem
2708 2955 2998 3024 transgredi
3027 2971 3314 3026 poenasque
3341 2957 3555 3013 daturos
3577 2972 3719 3022 esse,

2153 3057 2256 3097 non
2289 3052 2508 3112 potuere
2541 3043 2713 3098 locum
2738 3084 2756 3113 ,
2803 3047 2854 3099 in
2901 3060 3006 3115 quo
3054 3046 3244 3101 licebat
3284 3048 3396 3101 haec
3436 3048 3612 3104 omnia
3641 3048 3724 3102 le-

2151 3133 2334 3204 gitime
2387 3131 2564 3189 facere
2590 3175 2606 3200 ,
2651 3136 2855 3206 erigere
2901 3145 2958 3192 et
3002 3147 3318 3193 restaurare.
3372 3137 3502 3192 Nam
3556 3138 3726 3192 virtus

2151 3223 2346 3281 Christi
2376 3267 2392 3292 ,
2421 3241 2543 3296 qua:
2591 3226 2888 3282 Ecclesiam
2926 3228 3238 3296 aediﬁcavit,
3277 3229 3463 3284 eadem
3503 3237 3557 3283 et
3598 3237 3728 3283 tem-

2156 3316 2299 3386 plum
2345 3317 2622 3372 destruxit.
2683 3319 2946 3388 Propheta
2990 3329 3134 3374 certe
3177 3319 3458 3390 praedixit,
3495 3328 3550 3375 et
3590 3335 3728 3374 ven-

2155 3417 2329 3464 turum
2356 3409 2624 3464 Christum
2653 3451 2668 3474 ,
2700 3409 2897 3481 ethaec
2920 3420 3280 3479 operaturum,
3307 3410 3513 3464 etiamsi
3543 3411 3588 3463 is
3607 3419 3731 3479 post

2153 3502 2506 3570 captivitatem
2556 3500 2750 3564 fuerit;
2802 3501 2922 3556 audi
2965 3500 3092 3572 quid
3147 3501 3338 3555 dicat:
3386 3500 3451 3553 Et
3501 3502 3554 3554 in
3590 3500 3729 3554 vobis

2155 3593 2517 3647 concludenlur
2548 3593 2727 3662 janute
2751 3634 2767 3658 ,
2809 3602 2855 3647 et
2895 3609 2997 3647 non
3037 3593 3332 3646 accendetur
3355 3593 3516 3645 altare
3561 3607 3730 3644 meum

2152 3685 2330 3754 gratis.
2391 3682 2514 3737 Non
2570 3693 2641 3738 est
2709 3684 2832 3736 mihi
2882 3685 3110 3738 voluntas
3167 3685 3220 3737 in
3266 3683 3436 3750 vobis,
3491 3685 3608 3753 quia
3661 3684 3728 3734 ab

2157 3777 2358 3831 Oriente
2390 3777 2512 3830 solis
2539 3792 2693 3846 usque
2719 3776 2787 3829 ad
2818 3776 3134 3830 Occidentem
3158 3789 3334 3828 nomen
3373 3791 3536 3827 meum
3570 3774 3732 3844 glori-

2153 3870 2354 3938 ]icatum
2398 3879 2471 3924 est
2502 3870 2555 3922 in
2578 3868 2804 3938 gentibus
2827 3908 2840 3932 ,
2861 3877 2908 3922 et
2934 3868 2984 3920 in
3019 3867 3155 3920 omni
3171 3866 3280 3919 loco
3310 3867 3563 3919 incensum
3599 3865 3732 3917 milii

2153 3959 2402 4026 olfertur,
2449 3967 2495 4012 et
2543 3959 2846 4028 sacriﬁcium
2886 3974 3069 4027 purum
3117 3955 3369 4025 (Malae/2.
3417 3954 3579 4009 Lit).
3609 3954 3731 4023 11).

2155 4052 2315 4106 Vides
2353 4051 2622 4121 quomodo
2649 4048 2928 4105 manifeste
2977 4058 3032 4103 et
3070 4047 3396 4103 Judaismum
3439 4046 3630 4114 ejecit,
3675 4055 3735 4100 et

2153 4142 2613 4204 Christianismum
2662 4139 2996 4208 eﬂ'ulgentem
3044 4136 3388 4201 monstravit,
3437 4145 3494 4189 et
3535 4134 3738 4202 ubique

2155 4242 2414 4288 terrarum
2441 4231 2726 4286 diffusum?
2751 4229 2935 4284 Cultus
2967 4244 3092 4284 vero
3122 4227 3377 4282 rationem
3403 4225 3536 4279 alius
3565 4225 3740 4293 signi-

2155 4325 2326 4381 ficavit
2355 4325 2438 4378 his
2458 4321 2725 4378 verbiszEt
2747 4321 3027 4375 adorabunt
3047 4337 3158 4374 eum
3183 4320 3517 4388 unusquisque
3535 4333 3599 4370 ea:
3621 4317 3738 4369 loco

2153 4434 2262 4483 suo,
2288 4427 2333 4473 et
2360 4418 2569 4471 servient
2597 4417 2643 4468 ei
2671 4414 2763 4469 sub
2786 4415 2917 4485 jugo
2939 4430 3037 4468 uno
3063 4413 3249 4484 (Soph.
3278 4413 3329 4466 5.
3353 4409 3438 4481 i0)
3470 4428 3482 4462 :
3508 4419 3565 4464 et
3593 4409 3737 4463 alius

2156 4510 2388 4563 iterum:
2430 4506 2580 4577 Virgo
2637 4505 2802 4559 Israel
2869 4505 3014 4574 lapsa
3069 4513 3141 4557 est
3164 4545 3180 4567 ,
3219 4518 3318 4555 non
3371 4509 3593 4569 resurget
3622 4515 3742 4550 am-

2155 4600 2288 4670 plius
2315 4597 2491 4666 (Amos
2519 4598 2572 4652 5.
2599 4597 2679 4666 2).
2709 4595 2893 4650 Daniel
2935 4604 3110 4669 autem
3164 4593 3278 4647 haec
3321 4591 3495 4646 omnia
3543 4599 3741 4658 aperte

2155 4699 2373 4746 narrat:
2399 4690 2645 4746 universa
2671 4701 2864 4756 nempe
2904 4685 3132 4741 tollenda
3159 4698 3312 4748 esse.
3358 4682 3590 4736 hostiam
3614 4721 3634 4747 ,
3659 4682 3736 4734 ti-

2153 4782 2378 4848 bamen,
2419 4780 2724 4836 unctionem
2749 4819 2765 4842 ,
2803 4777 3078 4848 judicium.
3124 4775 3315 4830 Verum
3337 4773 3451 4827 haac
3471 4813 3488 4838 ,
3520 4771 3746 4841 quando

2154 4879 2408 4930 adversus
2480 4872 2693 4927 Judaaos
2741 4883 3040 4925 sermonem
3111 4867 3487 4929 instituemus,
3539 4863 3748 4916 clarius

2155 4965 2430 5036 fusiusque
2483 4962 2883 5032 explicabimus.
2937 4959 3150 5014 Interim
3197 4971 3323 5011 vero
3370 4956 3420 5009 in
3465 4952 3737 5008 destinata

2159 5069 2438 5127 pergamus
2460 5055 2543 5108 via
2564 5094 2580 5120 ,
2611 5053 3004 5120 Centiliumque
3042 5049 3434 5104 contentionem
3478 5042 3741 5098 retunda-

2156 5164 2300 5203 mus.
2331 5146 2445 5202 Non
2495 5146 2588 5199 tibi
2613 5145 2720 5198 dixi
2749 5150 2986 5198 mortuos
3030 5140 3312 5194 suscitatos
3331 5178 3346 5201 ,
3377 5136 3460 5190 vel
3476 5136 3741 5204 leprosos

2158 5238 2440 5294 mundatus
2464 5277 2479 5302 ,
2529 5250 2596 5290 ne
2641 5234 2844 5288 diceres
2882 5233 2995 5285 haec
3035 5229 3310 5283 mendacia
3354 5241 3508 5291 esse,
3537 5225 3739 5278 fastum

2157 5339 2212 5384 et
2240 5327 2463 5382 fabulas.
2492 5324 2621 5392 Quis
2653 5323 2825 5379 vidit?
2867 5321 2986 5392 quis
3036 5318 3278 5372 audivit?
3307 5317 3471 5371 Iidem
3517 5313 3616 5383 ipsi
3643 5326 3744 5382 qni

2159 5425 2436 5472 narrarunt
2479 5416 2786 5473 cruciﬁxum
2835 5419 2887 5465 ct
2925 5409 3162 5480 colaphis
3191 5423 3386 5463 c:esum
3411 5448 3426 5472 ,
3458 5405 3529 5459 illi
3573 5403 3747 5458 etiam

2161 5509 2276 5565 hmc
2304 5494 2568 5563 dixerunt.
2597 5506 2701 5560 Cur
2749 5519 2876 5574 ergo
2907 5503 3007 5556 lidc
3050 5501 3238 5572 dignos
3281 5504 3332 5553 in
3389 5498 3492 5552 illis
3533 5507 3694 5566 putas
3724 5535 3747 5563 ,

2160 5600 2212 5654 in
2259 5599 2374 5653 istis
2419 5612 2545 5652 vero
2607 5596 2746 5649 dicta
2797 5593 3139 5663 reprehendis
3180 5590 3328 5661 quasi
3406 5588 3516 5642 hrec
3581 5596 3749 5651 gesta

2163 5707 2269 5748 non
2304 5690 2451 5745 sint?
2479 5688 2632 5759 Atqui
2660 5687 2702 5742 si
2741 5685 2806 5740 ad
2835 5683 3068 5754 magistri
3099 5681 3322 5750 gratiam
3353 5677 3470 5731 lucc
3500 5673 3751 5743 scripsit.
