3990 6198
289 318 408 376 835

290 425 732 500 περιγενόμενοι,
753 426 849 480 καὶ
881 420 1152 498 ἀναιμωτὶ
1176 421 1441 498 πολλαχοῦ
1472 420 1724 499 πολέμων
1744 446 1880 501 κρα-

286 518 586 589 τήσαντες,
617 516 710 570 καὶ
744 516 980 589 τρόπαια
1027 518 1198 589 μυρία
1239 517 1537 591 στήσαντες
1576 520 1740 574 καινά
1786 519 1882 574 καὶ

869 311 1147 370 CONTRA
1185 311 1477 370 JUDIEOS
1514 312 1605 369 ET
1640 311 2003 381 GENTILES,
2043 312 2234 382 QUOD
2272 311 2622 371 CHRISTUS
2661 312 2771 368 SIT
2813 310 3017 368 DEUS.

3450 311 3555 367 856

1987 425 2107 486 τῶν
2136 425 2417 500 ποταμῶν
2461 426 2821 494 Βαϐυλῶνος
2858 427 2987 481 ἐκεῖ
3027 425 3340 495 ἐκαθίσαμς
3356 442 3415 489 ν,
3461 423 3559 477 καὶ

1986 522 2389 592 ἐκλαύσαμεν,
2430 520 2517 575 ότι
2549 517 2944 587 ἐπηρώτησαν
2979 516 3139 586 ἡμᾶς
3173 518 3228 569 οὶ
3266 517 3563 585 αἰχμαλω-

287 608 602 682 παράδοξα,
634 600 783 662 οὗτοι
811 607 939 661 ναὸν
972 607 1070 663 ἕνα
1107 609 1168 674 ἐξ
1198 609 1409 663 ἐκείνου
1443 610 1604 683 μέχρι
1648 608 1747 682 τῆς
1784 612 1882 683 σή·
1915 661 1946 682 ε
1986 614 2308 679 τεύσαντες
2335 610 2493 682 ἡμᾶς
2524 612 2747 682 λόγους
2784 607 2970 677 ᾠδῶν.
3018 606 3149 674 Πῶς
3183 606 3413 676 ᾷσομεν
3446 605 3565 675 τὴν

289 717 470 772 μερον
504 698 858 770 οἰκοδομῆσαι
886 698 986 752 οὐκ
1015 699 1243 769 ῐσχυσαν
1265 719 1278 733 ο
1321 703 1417 755 καὶ
1464 701 1640 757 ταῦτα
1688 698 1879 755 τοσού-

288 805 410 846 των
435 786 705 863 βασιλέων
730 790 1039 860 γενομένων
1063 793 1156 846 καὶ
1190 794 1651 865 συμπραττόντων
1674 794 1877 860 αὐτοῖς,

288 878 399 937 καλ
428 882 665 954 πλήθους
692 882 947 936 τοσούτου
998 884 1143 938 κατά
1186 883 1284 957 τὴν
1329 884 1654 957 οἰκουμένην
1720 901 1881 955 κεχυ-

293 974 492 1047 μένου,
540 974 636 1028 xal
678 974 976 1046 χρημάτων
1030 976 1301 1031 τοσούτων
1346 977 1527 1041 αὐτοῖς
1574 976 1873 1048 παρόντων.

286 1062 457 1131 Εἶδες
493 1065 610 1130 πῶς
644 1065 788 1138 ἅπερ
828 1066 1200 1141 ᾠκοδόμησεν,
1258 1067 1434 1133 οὐδεὶς
1479 1068 1730 1134 καθεῖλε,
1784 1064 1879 1122 καὶ

288 1158 448 1229 ἅπερ
479 1158 748 1222 καθεῖλεν,
778 1158 953 1223 οὐδεὶς
992 1158 1369 1232 ᾠκοδόμησεν;
1415 1160 1744 1233 ᾭκοδόμησε
1777 1160 1879 1233 τὴν

299 1249 662 1320 Ἐκκλησίαν,
689 1250 785 1303 καὶ
818 1250 995 1316 οὐδεὶς
1032 1252 1203 1323 αὐτὴν
1243 1252 1493 1307 καθελεῖν
1541 1250 1745 1308 δύναιτ’
1772 1252 1839 1307 ἀν
1859 1266 1873 1281 ’

286 1342 566 1395 κατέλυσε
584 1341 676 1395 τὸν
698 1341 847 1410 ναδν,
882 1344 977 1397 καὶ
990 1344 1169 1408 οὐδεὶς
1197 1344 1361 1399 αὐτὸν
1384 1345 1688 1415 ἀναστῆσαι
1716 1343 1877 1398 δύνα-

283 1446 415 1496 ται,
450 1432 747 1487 καὶταῦτα
789 1435 847 1488 ἐν
884 1434 1063 1509 χρόνῳ
1094 1434 1238 1489 οὓτω
1293 1435 1510 1508 μακρῷ.
1560 1437 1753 1491 Καίτοι
1782 1433 1877 1491 xal

283 1522 509 1595 ταύτην
554 1520 802 1578 καθελεῖν
853 1526 1237 1597 ἐπεχείρησαν,
1290 1526 1405 1581 ἀλλ’
1464 1527 1566 1582 οὐκ
1620 1526 1873 1601 ῐσχυσαν⁸

286 1616 554 1669 κάκεῖνον
596 1615 896 1687 ἀναστῆσαι
955 1614 1312 1687 ἐσπούδασαν,
1358 1618 1477 1675 ἀλλ’
1528 1620 1630 1674 οὐκ
1688 1620 1876 1695 ἐδυνή-

287 1708 496 1779 θησαν.

370 1842 729 1919 Συνιχωρήθη
753 1843 811 1899 δέ
838 1845 936 1899 καὶ
961 1841 1119 1899 τοῦτο
1135 1885 1151 1910 ,
1190 1839 1277 1900 ἴνα
1318 1846 1505 1917 μηδεὶς
1530 1845 1626 1920 ἔχῃ
1652 1847 1831 1918 λέγειν
1855 1887 1873 1915 ,

283 1933 385 1988 ὃτι
415 1935 465 1986 εἰ
493 1934 855 2006 ἐπεχείρησαν
876 1974 891 2000 ,
925 1934 1149 2005 ίσχυσαν
1186 1935 1270 1990 ἀν.
1313 1936 1444 1990 Ἰδοὺ
1480 1937 1611 2006 γοῦν
1634 1939 1729 1992 καὶ
1750 1940 1877 1993 ἐπε-

284 2028 582 2105 χείρησαν,
625 2030 721 2083 καὶ⁸
762 2028 914 2082 οὐδὲν
951 2029 1311 2101 ἠδυνήθησαν.
1342 2029 1453 2083 Kal
1482 2028 1592 2101 γὰρ
1633 2029 1727 2082 ἐπὶ
1775 2027 1878 2099 τῆς

284 2120 494 2189 γενεᾶς
518 2121 617 2192 τῆς
648 2121 922 2192 ἡμετέρας
943 2122 971 2173 6
1008 2122 1216 2186 πάντας
1243 2122 1323 2186 εἰς
1348 2121 1601 2175 ἀσέϐειαν
1646 2123 1875 2192 νικήσας

289 2212 555 2285 βασιλεὺς
595 2214 687 2267 καὶ
734 2213 933 2268 ἔδωκεν
983 2212 1231 2279 ἐξουσίαν
1268 2209 1390 2268 τότε
1418 2213 1513 2268 καὶ
1544 2212 1871 2285 συνέπραξε,

286 2288 397 2361 καὶ
435 2306 532 2360 τοῦ
576 2307 737 2379 ἔργου
765 2289 993 2377 ἥψαντο,
1026 2308 1120 2361 καὶ
1149 2305 1272 2361 ούδέ
1321 2307 1517 2379 μικρὸν
1555 2306 1874 2379 προσελθεῖν

287 2398 666 2469 ἠδυνήθησαν,
694 2399 831 2454 ἀλλά
863 2399 976 2472 πῦρ
994 2400 1102 2453 ἀπὸ
1132 2398 1239 2452 τῶν
1270 2397 1535 2470 θεμελίων
1557 2398 1875 2471 ἐκπηδῆσαν

292 2491 511 2554 πάντας
537 2492 734 2556 αὖτοὺς
765 2492 1064 2564 ἀπήλασεν.
1105 2493 1229 2546 Ὀτι
1261 2493 1317 2546 δὲ
1348 2490 1747 2562 ἠϐουλήθησαν,
1780 2490 1874 2545 καὶ

293 2581 488 2636 τούτου
517 2583 716 2653 δεῖγμά
737 2585 882 2637 ἐστιν
913 2583 1017 2648 ἐως
1040 2582 1133 2637 τοῦ
1168 2583 1260 2638 νῦν
1299 2583 1369 2638 τά
1408 2583 1634 2655 θεμέλια
1654 2599 1875 2656 γυμνω-

291 2672 483 2739 θέντα,
520 2673 608 2727 ἵνα
654 2674 822 2745 εἰδῇς,
852 2675 934 2728 ὅτι
962 2674 1325 2746 ἐπεχείρησαν
1354 2675 1453 2745 μὲν
1493 2674 1874 2754 διασκάπτειν,

290 2764 648 2835 οἰκοδομῆσαι
673 2764 729 2819 δὲ
754 2766 854 2819 οὐκ
890 2766 1138 2835 ἴσχυσαν,
1176 2764 1279 2835 τῆς
1306 2766 1632 2835 ἀποφάσεως
1667 2766 1875 2839 ταύτης

289 2856 761 2928 ἀντιπραττούσης
792 2856 993 2920 αὐτοῖς.
1030 2856 1224 2910 Καίτοι
1252 2874 1316 2926 γε
1346 2858 1439 2910 καὶ
1470 2857 1570 2928 ήδη
1600 2858 1871 2930 κατελύθη

289 2947 324 3001 6
341 2947 472 3010 ναὸς
491 2939 664 3012 οὗτος,
682 2946 774 3000 καὶ
795 2946 932 3018 μετά
952 2946 1321 3018 ἐϐδομήκοντα
1335 2947 1428 3019 ἐτη
1447 2948 1869 3015 ἐπανελθόντων,

292 3038 505 3102 εὐθέως
530 3038 749 3110 ἀνέστη,
784 3039 878 3093 καὶ
919 3038 1294 3110 λαμπρότερος
1349 3038 1442 3093 τοῦ
1490 3040 1755 3112 προτέρου
1780 3040 1871 3110 γέ-

292 3144 455 3201 γονε·
485 3132 579 3185 καὶ
619 3130 837 3199 λέγουσι
872 3130 1065 3196 τοῦτο,
1097 3129 1248 3203 [581]
1295 3132 1390 3186 καὶ
1420 3133 1871 3203 προαναφωνοῦσι

295 3221 430 3292 πρὶν
462 3219 714 3290 γενέσθαι
752 3222 804 3275 οἰ
834 3223 1130 3293 προφῆται.
1172 3223 1287 3277 Νῦν
1314 3223 1372 3278 δὲ
1422 3224 1870 3296 τετρακοσιοστὸν

290 3312 417 3377 lto;
448 3313 720 3385 ὑπερέϐη,
762 3314 858 3368 καὶ
883 3314 1003 3368 οὐδὲ
1028 3314 1205 3369 ἔννοιά
1243 3333 1350 3379 τις,
1392 3316 1514 3370 οὐδὲ
1552 3316 1867 3387 προσδοκία,

289 3405 415 3459 οὐδὲ
442 3405 596 3469 ἐλπὶς
630 3404 725 3459 τοῦ
760 3405 1041 3475 φανεῖσθαι
1088 3407 1250 3461 πάλιν
1287 3408 1469 3462 αὐτόν.
1500 3395 1692 3462 Καίτοι
1723 3410 1777 3463 τί
1808 3410 1870 3465 τὸ

294 3497 506 3552 κωλῦον
528 3493 618 3570 ἦν.
643 3499 693 3552 εἰ
719 3498 794 3570 μὴ
820 3498 940 3555 θεία
960 3498 1187 3571 δύναμις
1210 3496 1279 3572 ἦν
1297 3503 1328 3573 ή
1349 3501 1779 3570 ἀντιπιπτούσας
1805 3502 1867 3557 06

289 3589 593 3661 χρημάτων
645 3592 932 3662 περιουσία
982 3592 1150 3665 πολλή
1188 3594 1318 3665 παρ’
1368 3595 1592 3662 αὐτοῖς;
1642 3596 1704 3649 06
1743 3596 1869 3661 τοὺς

289 3681 552 3737 ἁπάντων
597 3682 936 3754 πανταχόθεν
983 3684 1182 3755 φόρους
1231 3686 1478 3755 συνάγων
1530 3689 1559 3741 6
1600 3686 1869 3759 πατριάρ-

294 3787 401 3842 χης
423 3810 440 3834 ,
465 3770 730 3843 ἀπείρους
766 3770 1030 3843 κέκτηται
1060 3772 1405 3845 θησαυρούς;
1448 3774 1548 3829 οὐκ
1588 3776 1778 3848 ἰταμὸν
1805 3777 1867 3831 τὸ

291 3860 469 3925 ιθνος,
497 3861 601 3914 οὐκ
619 3861 992 3933 ἀναίσχυντον,
1020 3864 1081 3917 06
1122 3864 1441 3933 φιλόνεικον,
1473 3867 1533 3921 06
1562 3868 1864 3939 προπετὲς,

290 3950 357 4004 06
392 3950 793 4021 πολεμοποιόνς
835 3952 896 4006 06
938 3952 1123 4006 πολλοὶ
1162 3953 1303 4008 κατά
1332 3956 1432 4027 τὴν
1469 3956 1863 4030 Παλαιστίνην;

290 4041 358 4095 06
393 4041 574 4096 πολλοὶ
606 4044 748 4098 κατά
786 4042 887 4116 τὴν
920 4044 1203 4117 Φοινίκηνς
1232 4047 1292 4100 οὐ
1335 4048 1519 4102 πολλοὶ
1553 4051 1863 4121 πανταχοῦ;

294 4131 421 4197 Πῶς
451 4129 544 4188 οὖν
565 4135 668 4189 οὐκ
698 4134 922 4206 ίσχυσαν
954 4137 1050 4191 ἐνα
1072 4139 1375 4211 ἀναστῆσαι
1402 4141 1547 4207 ναὸν,
1572 4145 1665 4197 καὶ
1691 4144 1867 4199 ταῦτα

287 4222 528 4294 δρῶντες
578 4225 679 4295 τήν
740 4226 995 4300 λατρείαν
1044 4228 1226 4292 αὐτοῖς
1276 4230 1524 4285 ἐντεῦθεν
1587 4232 1864 4304 πανταχοῦ

289 4313 694 4386 πεπεδημένην,
722 4318 817 4371 καὶ
842 4319 913 4373 τά
948 4319 1211 4375 Ἰουδαῖκά
1244 4320 1340 4391 ἔθη
1362 4322 1731 4396 ἠφανισμένα,
1771 4327 1866 4381 καλ⁵

285 4403 361 4458 τά
386 4404 495 4458 τῶν
522 4405 741 4473 θυσιῶν,
763 4409 857 4462 καὶ
881 4409 951 4464 τά
992 4410 1101 4464 τῶν
1130 4413 1477 4485 προσφορῶν,
1525 4414 1621 4469 καὶ
1664 4415 1733 4470 τά
1757 4416 1865 4471 τῶν

289 4491 465 4547 ἄλλων
505 4496 613 4549 τῶν
658 4498 915 4554 τοιούτων
959 4500 1204 4573 νομίμων
1259 4504 1599 4577 ἀνῃρημένα,
1653 4524 1868 4562 πεπαυ-

295 4586 612 4660 phum“
644 4589 752 4665 γάρ
780 4592 973 4663 στῆσαι
1002 4592 1207 4665 βωμὸν,
1238 4595 1362 4649 οὔτε
1405 4595 1595 4652 θυσίαν
1644 4600 1864 4672 ἀνενεγ-

290 4681 432 4745 ub,
465 4681 527 4736 06
559 4684 798 4750 σπεῖσαι,
820 4684 880 4737 06
902 4685 1168 4756 πρόϐατον
1194 4686 1479 4754 ἐπιθεῖναι,
1498 4690 1561 4744 06
1593 4690 1861 4764 θυμίαμα,

284 4772 393 4825 οὐκ
442 4773 751 4843 ἀναγνῶναι
798 4775 981 4847 νόμον,
1015 4777 1114 4849 οὐχ
1145 4779 1338 4852 ἐορτήν
1391 4782 1720 4852 ἐπιτελέσαι,
1762 4785 1863 4841 οὐκ

282 4863 419 4917 ἀλλο
446 4881 501 4918 τι
535 4864 645 4918 τῶν
678 4866 937 4923 τοιούτων
986 4870 1171 4934 αὐτοῖς
1199 4872 1356 4937 ἐκτὸς
1402 4873 1514 4929 τῶν
1568 4876 1858 4951 προθύρων

279 4955 514 5012 ἐκείνοιν
534 4958 682 5031 ἐξῆν.

355 5092 444 5159 ιζ’.
460 5093 619 5149 Ἀλλά
638 5098 729 5152 καὶ
748 5100 805 5152 ἐν
819 5098 1099 5157 Βαϐυλῶνι
1115 5117 1245 5155 ποτε
1262 5105 1561 5175 γενόμενοι,
1578 5110 1675 5164 καὶ
1690 5081 1861 5179 ἀνατί
1885 5076 1913 5099 κ

275 5187 571 5259 καζόμινοι
596 5190 750 5263 παρά
784 5190 892 5244 τῶν
937 5190 1212 5264 πολεμίων
1251 5193 1506 5263 ψάλλειν,
1542 5198 1641 5252 οὐκ
1668 5194 1854 5266 εἶξαν,

272 5280 403 5335 οὐδὲ
450 5282 787 5353 ὑπήκουσαν,
823 5284 1159 5356 αἰχμάλωτοι
1207 5287 1301 5339 καὶ
1340 5286 1517 5341 δοῦλοι
1544 5288 1696 5353 ὄντες
1740 5294 1852 5355 τοῖς

272 5371 564 5436 δεσπόταις
611 5375 998 5428 κακοποιοῦσιν
1032 5374 1256 5440 αύτούς·
1293 5376 1431 5430 ἀλλά
1471 5378 1563 5430 xal
1597 5380 1853 5448 πατρίδος

272 5463 603 5526 ἐκπεσόντες
643 5465 738 5517 καί
786 5464 1116 5537 ἐλευθερίας,
1160 5467 1254 5520 καὶ
1311 5468 1438 5538 περὶ
1474 5466 1536 5520 τὸ
1580 5466 1679 5539 ζῇν
1717 5469 1850 5522 αὐτὸ

273 5551 696 5619 κινδυνεύοντες,
723 5557 816 5609 καὶ
841 5556 917 5620 ὡς
942 5558 1001 5610 ἐν
1032 5556 1173 5629 μέσῃ
1200 5557 1387 5627 παγίδι
1414 5561 1532 5621 ταῖς
1556 5559 1713 5630 χερσὶ
1739 5560 1848 5612 τῶν

268 5641 545 5699 λαϐόντων
572 5646 995 5718 ἀπειλημμένοι,
1032 5648 1375 5719 κελευόμενοι
1410 5651 1507 5721 τὴν
1534 5650 1677 5723 ᾠδήν
1702 5649 1847 5722 ᾅδειν

266 5734 487 5804 ἐκείνην
526 5738 736 5803 τὴνδιά
775 5741 882 5794 τῶν
929 5741 1195 5806 ὀργάνων.
1235 5743 1407 5805 οὕτως
1453 5744 1663 5809 ἔλεγον·
1711 5746 1841 5801 Ἐπί

634 5834 906 5895 Vnum.
954 5834 1070 5893 Gn.
1126 5833 1399 5893 MA'Izl.

1984 701 2150 771 ᾠδὴν
2201 702 2422 771 Κυρίου
2450 698 2550 755 ἐπὶ
2598 700 2712 771 γῆς
2744 700 3067 767 ἀλλοτρίας
3087 714 3107 761 ;
3151 697 3261 750 Kal
3296 695 3415 749 οὐδὲ
3450 697 3562 767 ἔχει

1984 812 2068 857 τις
2094 796 2289 860 εἰπεῖν,
2326 794 2408 847 ὅτι
2445 791 2536 846 διὰ
2573 792 2671 863 τὴν
2710 792 2943 865 ἀπορίαν
2975 790 3081 843 τῶν
3119 789 3363 862 ὀργάνων
3402 788 3564 841 τοῦτο

1986 885 2249 941 ἐποίουν(
2278 887 2374 939 καὶ
2405 885 2514 958 γὰρ
2545 885 2702 939 αὐτοὶ
2730 884 3006 938 τεθείκασι
3029 882 3125 954 τὴν
3158 880 3337 935 αἰτίαν
3382 880 3565 934 εἱπόιιι

1982 996 2075 1043 τες
2093 995 2107 1009 ’
2132 977 2269 1045 Πῶς
2290 976 2521 1047 ᾅσομεν
2550 976 2666 1045 τὴν
2686 975 2852 1045 ᾠδὴν
2873 975 3095 1044 Κυρίου
3115 972 3212 1027 ἐπὶ
3244 971 3359 1042 γῆς
3376 972 3563 1027 ἀλλο-

1982 1068 2185 1136 τρίας;
2216 1068 2327 1120 Kal
2354 1066 2425 1121 τά
2457 1066 2665 1138 ὄργανα
2710 1065 2767 1119 δέ
2806 1066 2923 1137 μετ’
2965 1063 3144 1119 αὐτῶν
3177 1058 3266 1134 ἦν.
3306 1063 3403 1115 Ἐν
3449 1061 3560 1132 γὰρ

1981 1160 2113 1227 ταῖς
2136 1158 2316 1227 ίτέαις
2335 1160 2405 1213 ὲν
2418 1159 2587 1230 μέσῳ
2602 1156 2801 1213 αὐτῶν
2815 1156 3232 1227 ἐκρεμάσαμεν
3246 1154 3317 1210 τὰ
3337 1156 3561 1225 ὄργανα

1980 1250 2171 1321 ἡμῶν,
2201 1252 2385 1324 φησίν.
2438 1250 2578 1305 Ἀλλ’
2610 1250 2733 1305 ούδέ
2773 1248 3032 1322 νηστείαν
3077 1246 3359 1319 νηστεύειν
3400 1246 3551 1317 ἐξῆν.

1982 1343 2095 1399 Καὶ
2120 1343 2278 1398 τοῦτο
2305 1344 2481 1417 δηλῶν
2507 1344 2693 1408 αὐτοῖς
2720 1345 2748 1397 6
2776 1343 3061 1415 προφήτης
3091 1341 3242 1411 ἔλεγε
3264 1358 3279 1373 ·
3314 1341 3414 1413 Μὴ
3458 1360 3558 1411 νη-

1981 1433 2193 1487 στείαν
2219 1432 2660 1502 νενηστεύκατέ
2681 1449 2784 1502 μοι
2818 1431 2922 1502 ἐτη
2945 1431 3375 1502 ἐϐδομήκοντα,
3397 1431 3563 1502 λέγει

1978 1525 2231 1594 Κύριος;
2260 1524 2383 1578 Ὅτι
2432 1522 2490 1577 δέ
2541 1523 2664 1579 ούδέ
2715 1522 2898 1588 θύειν,
2931 1524 3053 1578 οὐδὲ
3111 1521 3357 1578 σπένδειν
3408 1522 3557 1594 ἐξῆν,

1979 1617 2213 1672 ἄκουσον
2244 1616 2353 1671 τῶν
2374 1616 2541 1689 τριῶν
2579 1615 2785 1670 παίδων
2809 1615 3097 1686 λεγόντων,
3119 1617 3241 1672 Οὐκ
3262 1616 3436 1672 ἐστιν
3456 1617 3561 1685 ἆρ-

1979 1727 2123 1780 χων,
2158 1705 2301 1764 οὐδὲ
2328 1708 2661 1779 προφήτης,
2714 1706 2857 1764 οὐδὲ
2905 1708 3259 1780 ἡγούμενος,
3285 1707 3428 1763 οὐδὲ
3471 1707 3562 1762 τό-

1979 1821 2095 1879 πος
2129 1803 2236 1859 τοῦ
2263 1803 2573 1872 καρπῶσαι
2598 1801 2856 1856 ἐνώπιόν
2882 1816 3000 1856 σου
3026 1801 3128 1856 καί
3148 1800 3345 1870 εὑρεῖν
3362 1801 3557 1866 ἕλεος.

1980 1896 2096 1948 Οὐκ
2139 1890 2312 1960 εἶπεν,
2348 1895 2463 1949 Ούκ
2504 1894 2653 1949 ἔστιν
2694 1893 2892 1966 ἱερεὺς,
2924 1888 3187 1965 παρῆσαν
3216 1892 3323 1965 γάρ
3363 1893 3557 1964 ἱερεῖς·

1979 1984 2097 2040 ἀλλ’
2125 1986 2213 2040 ἵνα
2244 1985 2424 2058 μάθῃς
2449 1974 2617 2041 ὅτιτὸ
2637 1987 2745 2039 πᾶν
2770 1984 2864 2039 τοῦ
2896 1983 3062 2037 τόπου
3097 1979 3186 2055 ἦν,
3219 1982 3312 2037 καὶ
3339 1984 3372 2057 ή
3404 1996 3560 2053 νομο-

1979 2084 2132 2131 θεσία
2165 2081 2316 2133 πᾶσα
2336 2079 2454 2131 ἐκεῖ
2480 2077 2807 2141 συνεδέδετο,
2839 2070 3014 2140 εἶπεν,
3049 2076 3171 2129 Οὐκ
3190 2073 3323 2128 ἔστι
3350 2072 3554 2139 τόπος.

1979 2169 2091 2223 Kal
2125 2168 2177 2222 τί
2209 2169 2356 2239 λέγω
2383 2168 2533 2222 θύειν
2565 2168 2662 2222 καὶ
2713 2168 2996 2234 σπένδειν;
3030 2165 3152 2220 οὐδὲ
3190 2164 3378 2227 ἁπλῶς
3418 2164 3555 2217 ἀνα-

1979 2260 2181 2341 γνῶναι
2203 2260 2293 2315 τὸν
2312 2261 2476 2333 νόμον
2490 2261 2615 2333 ἐξῆν
2639 2260 2841 2325 αὐτοῖς’
2869 2261 2963 2314 xal
2985 2257 3291 2329 τοῦτόςποτε
3306 2255 3557 2326 ἐγκαλῶν

1977 2352 2165 2424 ἔτερος
2196 2353 2478 2425 προφήτης
2496 2353 2676 2424 ἔλεγεο
2706 2352 2813 2409 Kal
2829 2352 3182 2423 ἀνέγνωσαν
3202 2351 3319 2416 ἐξω
3344 2349 3553 2420 νόμον,

1979 2442 2077 2497 καί
2095 2442 2543 2499 ἐπεκαλέσαντο
2561 2444 2886 2515 ὁμολογίαν
2899 2462 2912 2476 υ
2928 2444 2989 2497 06
3006 2443 3209 2514 πάσχα,
3220 2442 3282 2496 06
3299 2458 3559 2513 πεντηκο-

1981 2534 2132 2605 στὴν,
2163 2534 2225 2589 o6
2251 2535 2650 2606 σκηνοπηγίαν,
2677 2536 2777 2589 οὐκ
2800 2535 2927 2589 ἀλλο
2950 2534 3058 2589 τῶν
3081 2535 3341 2590 τοιούτων
3372 2536 3556 2589 ἐπιτε-

1978 2625 2132 2680 λέσαι
2171 2625 2345 2680 οὐδέν.
2403 2627 2543 2681 Ἀλλ’
2581 2627 2728 2698 ὅμως
2780 2626 3002 2691 εἰδότες,
3038 2629 3120 2681 ὅτι
3151 2626 3325 2682 ταῦτα
3375 2625 3557 2681 πάντα

1978 2717 2301 2773 ἀπέκλεισεν
2329 2718 2516 2782 αὐτοῖς
2549 2720 2583 2790 ή
2623 2715 2772 2791 [582]
2800 2717 2894 2771 τοῦ
2926 2718 3093 2771 τόπου
3122 2720 3425 2791 ἐρήμωσις,
3451 2721 3556 2776 κάν
3597 2783 3605 2794 ι

1977 2809 2296 2883 ἐπιχειρῶσί
2346 2827 2478 2873 τισι,
2543 2809 2985 2882 παρανομοῦντες
3039 2810 3409 2883 ἐπιχειροῦσι,
3459 2813 3557 2868 καὶ

1975 2901 2131 2973 δίκην
2178 2901 2369 2955 τούτου
2401 2900 2656 2965 διδόασιν,
2696 2901 2798 2954 οὐκ
2835 2899 3062 2971 ἴσχυσαν
3087 2900 3180 2954 τὸν
3205 2901 3389 2967 τόπον,
3432 2895 3555 2973 ἐνῷ

1974 2994 2147 3048 ταῦτα
2170 2993 2348 3047 πάντα
2392 2991 2520 3064 ἐξῆν
2545 2991 2688 3046 κατὰ
2707 2992 2870 3063 νόμον
2902 2992 3260 3063 πράττεσθαι,
3310 2996 3555 3067 ἀναστῆ-

1978 3102 2069 3139 σαι
2095 3084 2190 3138 καὶ
2225 3084 2439 3155 στῆσαι.
2488 3083 2555 3136 Ἡ
2578 3083 2688 3155 γὰρ
2718 3082 2947 3151 δύναμις
2978 3085 3072 3138 τοῦ
3113 3085 3352 3158 Χριστοῦ
3377 3089 3411 3158 ή
3451 3088 3554 3160 τήν

1988 3177 2313 3249 Ἐκκλησίαν
2346 3176 2771 3249 οἰκοδομήσασα,
2798 3175 2937 3248 αῦτη
2964 3179 3059 3232 καὶ
3092 3177 3282 3233 τοῦτον
3309 3179 3550 3237 καθεῖλε.

1975 3269 2086 3324 Kal
2142 3272 2371 3341 προεῖπε
2401 3269 2497 3323 καὶ
2553 3267 2713 3322 τοῦτο
2757 3271 2786 3324 6
2825 3271 3130 3342 προφήτης,
3160 3270 3242 3326 ὅτι
3280 3271 3375 3326 καὶ⁵
3412 3290 3554 3345 παρ·

1974 3361 2130 3415 ἐσται
2172 3361 2201 3414 6
2237 3359 2473 3432 Χριστὸς
2522 3360 2618 3415 καὶ
2649 3358 2824 3415 ταῦτα
2852 3360 3169 3431 ἐργάσεται,
3199 3361 3379 3416 καίτοι
3408 3363 3553 3435 μετά

1972 3452 2072 3523 τήν
2105 3450 2480 3523 αἰχμαλωσίαν
2502 3451 2812 3523 γενόμενος.
2846 3452 3045 3506 Ἄκουε
3069 3452 3126 3507 δὲ
3170 3454 3265 3507 xal
3299 3454 3354 3507 τί
3380 3470 3549 3526 φησιο
3658 3476 3661 3481 ί

1974 3543 2085 3597 Kal
2131 3543 2216 3596 6r
2251 3542 2395 3613 ὑμῖν
2448 3542 3037 3612 συγκλεισθήσονται
3070 3544 3276 3612 θύραι,
3309 3543 3410 3599 καί
3436 3546 3552 3600 οὐκ

1974 3632 2267 3702 ἀνάψεται
2296 3631 2363 3686 τὸ
2392 3632 2828 3702 θυσιαστήριόν
2848 3652 2964 3702 μου
3001 3635 3251 3702 δωρεάν.
3283 3639 3405 3692 Οὐκ
3418 3639 3553 3694 ἐστι

1967 3741 2067 3793 μοι
2090 3725 2315 3793 θέλημα
2331 3724 2402 3777 ἐν
2424 3724 2585 3794 ὑμῖν,
2606 3724 2696 3779 ὅτι
2710 3725 2826 3779 ἀπὸ
2848 3723 3160 3780 ἀνατολῶν
3173 3726 3355 3796 ἡλίου
3372 3729 3551 3799 μέχρι

1972 3816 2227 3886 δυσμῶν
2245 3817 2311 3871 τὸ
2334 3817 2522 3887 ὄνομά
2549 3834 2664 3887 μου
2685 3817 3044 3883 δεδόξασται
3073 3820 3144 3873 ἑν
3166 3820 3291 3888 τοῖς
3319 3821 3549 3886 ἔθνεσι,

1973 3908 2073 3961 καὶ
2094 3907 2164 3961 ἐν
2192 3906 2372 3962 παντί
2414 3909 2575 3972 τόπῳ
2614 3908 2876 3978 θυμίαμὰ
2910 3926 3014 3979 μοι
3042 3909 3407 3981 προσάγεται
3447 3913 3550 3968 καί

1972 4002 2156 4057 θυσία
2190 4000 2438 4071 καθαρά.
2470 3996 2622 4065 Εἶδες
2649 4000 2766 4063 πῶς
2792 4000 2980 4071 σαφῶς
3007 4002 3100 4056 καὶ
3125 4001 3216 4056 τὸν
3241 4003 3549 4076 ἰουδαίσμδν

1972 4092 2215 4159 ἐξέϐαλε,
2242 4093 2337 4147 καὶ
2372 4093 2464 4146 τδν
2491 4089 2901 4163 χριστιανισμὸν
2949 4090 3115 4157 ἔδειξε
3152 4091 3545 4163 διαλάμποντα,

1972 4184 2064 4237 xal
2092 4181 2366 4253 πανταχοῦ
2391 4182 2492 4252 τῆς
2527 4182 2631 4252 γῆς
2669 4180 3064 4251 ἐκτεταμένον;
3096 4183 3204 4237 Kal
3227 4183 3319 4237 τὸν
3346 4184 3547 4255 τρόπον

1970 4272 2145 4343 δὲτῆς
2180 4272 2434 4344 λατρείας
2479 4271 2746 4343 ἐδήλωσεν
2776 4269 2963 4342 ἐτερος
2998 4272 3192 4325 πάλινσ
3226 4274 3340 4329 Kal
3368 4292 3550 4344 προσς

1971 4363 2354 4431 κυνήσουσιν
2408 4361 2568 4429 αὐτῷ
2620 4362 2875 4427 ἕκαστος
2897 4363 2966 4417 ἐκ
2989 4364 3095 4419 τοῦ
3115 4364 3302 4420 τόπου
3334 4367 3544 4435 αὐτοῦ,

1970 4453 2072 4508 καί
2096 4452 2541 4508 δουλεύσουσιν
2570 4451 2730 4519 αὐτῷ
2762 4454 2881 4507 ὑπὸ
2924 4452 3101 4524 ζυγύν
3129 4454 3239 4510 ἕνα
3259 4473 3273 4488 ο
3306 4458 3402 4511 καὶ
3428 4458 3549 4512 ἐτε-

1973 4562 2065 4618 ρος
2089 4544 2276 4598 πάλιν·
2307 4542 2605 4612 Παρθένος
2645 4542 2749 4598 τοῦ
2792 4542 3042 4613 Ἰσραὴλ
3084 4545 3430 4615 ἕσφαλλεν·
3469 4551 3545 4604 οὐ

1963 4639 2051 4709 μὴ
2081 4634 2316 4705 ἀναστῇ
2365 4635 2474 4691 ἔτι.
2530 4635 2639 4690 Καὶ
2696 4635 2726 4687 6
2758 4636 2957 4708 Δανιὴλ
3009 4636 3066 4690 δὲ
3096 4637 3282 4707 σαφῶς
3328 4639 3544 4695 ἅπαντα

1968 4730 2140 4785 ταῦτα
2169 4730 2456 4801 διηγεῖται,
2488 4729 2572 4781 ὅτι
2592 4726 2767 4782 πάντα
2797 4728 3115 4801 ἀρθήσεται,
3149 4730 3245 4783 καὶ
3270 4729 3430 4785 θυσία
3452 4734 3545 4786 καὶ

1970 4822 2198 4895 σπονδή,
2229 4822 2324 4875 καὶ
2355 4819 2563 4893 χρίσμα
2608 4819 2704 4874 κα¹ι
2737 4822 2932 4891 κρίμα.
2978 4819 3140 4874 Ἀλλά
3196 4820 3369 4875 ταῦτα
3407 4822 3540 4892 μὲν,

1967 4916 2129 4988 ήνίκα
2167 4916 2234 4969 ἀν
2270 4913 2407 4986 πρὸς
2446 4912 2731 4977 Ἰουδαίους
2762 4912 3031 4983 λέγωμεν,
3078 4913 3408 4985 σαφέστερον
3447 4916 3544 4967 καὶ

1966 5008 2256 5081 εὐρύτερον
2292 5006 2707 5078 ἀναπτύξομεν·
2756 5004 2894 5068 τέως
2926 5006 2984 5059 δέ
3026 5007 3126 5076 τῆς
3169 5007 3541 5079 προκειμένης

1967 5099 2219 5172 ἐχώμεθα
2241 5097 2508 5163 όδοῦ,τῶν
2525 5098 2764 5169 ἀνοήτων
2793 5096 3056 5167 Ἐλλήνων
3082 5097 3181 5170 τήν
3210 5097 3539 5167 φιλονεικίαν

1963 5189 2475 5263 διορθοῦντες.“οῦτε
2505 5190 2589 5244 σοὶ
2606 5190 2832 5261 νεκροὺς
2860 5184 3013 5242 εἷπον
3042 5190 3383 5261 ἐγερθέντας.
3413 5190 3539 5245 οὔτε

1962 5285 2194 5357 λεπροὺς
2226 5283 2673 5355 καθαρισθέντας.
2706 5284 2793 5336 ἵνα
2823 5284 2898 5354 μή
2924 5283 3107 5355 λέγῃς,
3127 5284 3309 5356 Ψευδῆ
3339 5284 3534 5351 ταῦτα,

1962 5378 2193 5448 κόμπος,
2224 5374 2419 5446 μῦθος,
2458 5374 2541 5437 τίς
2581 5370 2719 5439 εἶδες
2760 5373 2843 5435 τίς
2880 5374 3146 5446 ήκουσενς
3183 5376 3244 5429 Ol
3288 5376 3537 5442 είπόντες

1959 5470 2040 5522 ὃτι
2066 5465 2404 5538 ἐσταυρώθη,
2432 5465 2526 5519 καὶ
2560 5465 2654 5518 ἐπὶ
2684 5464 2889 5536 κόρρης
2920 5465 3134 5537 πληγάς
3153 5465 3362 5532 ἔλαϐεν,
3386 5464 3533 5523 οῦτοι

1957 5557 2131 5613 ταῦτα
2177 5557 2466 5628 εἰρήκασι’
2500 5553 2625 5617 Πῶς
2670 5548 2769 5609 οῦν
2823 5556 2883 5608 ἐν
2928 5556 3156 5620 ἐκείνοις
3189 5557 3534 5623 ἀξιοπίστους

1957 5642 2099 5703 εἶναι
2125 5646 2377 5718 νομίζων,
2411 5648 2469 5700 ἐν
2484 5644 2691 5710 τούτοις
2716 5645 3063 5720 ἐπιλαμϐάνῃ
3081 5648 3188 5701 τῶν
3203 5648 3529 5720 εἰρημένων,

1956 5741 2032 5805 ὡς
2062 5740 2122 5793 06
2145 5737 2555 5809 γεγενημένων;
2582 5738 2772 5792 Καίτοι
2804 5754 2867 5807 γε
2894 5739 2943 5791 εί
2972 5739 3107 5809 πρὸς
3142 5732 3303 5803 χάριν
3333 5732 3427 5790 τοῦ
3446 5734 3524 5789 δι-

3161 5837 3242 5896 20
