3990 6198
320 357 428 414 837

315 481 472 537 mm,
523 482 588 524 ac
621 477 835 525 temere
873 469 1177 540 frustraque
1213 469 1560 536 iactitarunt,
1597 483 1659 524 ea
1704 469 1902 524 tacuis-

319 569 462 622 sent,
508 573 628 630 qua:
657 561 824 615 tristia
855 561 1312 632 ignominiosaque
1355 559 1498 628 apud
1545 559 1740 614 multos
1795 558 1898 612 ba-

320 649 600 704 bebantur.
621 649 736 704 Jam
771 665 899 706 vero
919 651 993 705 illi
1018 650 1210 706 borum
1232 651 1511 706 veritatem
1540 649 1898 716 declarantes,

319 739 371 794 in
423 739 531 794 illis
559 739 796 795 maxime
832 741 1100 796 immorati
1125 750 1269 808 sunt,
1300 739 1585 808 omniaque
1623 738 1902 807 diligenter

314 829 636 899 copiOseque
667 838 1002 898 tractarunt,
1051 845 1152 888 nec
1180 847 1342 902 parvo
1376 845 1481 888 nec
1522 845 1714 899 magno
1761 845 1898 900 quo-

323 919 459 986 piam
520 921 877 987 praetermisso
903 961 920 988 ,
972 921 1068 977 sed
1111 922 1353 992 insignis
1394 932 1448 978 et
1494 920 1762 976 miraculis
1786 921 1902 991 plu-

320 1008 450 1062 rima
481 1016 817 1076 tacuerunt;
859 1011 917 1065 in
967 1011 1287 1068 cruciatibus
1315 1024 1491 1069 autem
1527 1021 1584 1066 et
1635 1011 1730 1076 iis,
1780 1027 1899 1082 qua:

321 1098 669 1169 ignominiosa
728 1101 1084 1170 videbantur,
1152 1104 1442 1174 plurimum
1501 1105 1850 1160 immorantes
1877 1143 1897 1172 ,

319 1189 495 1244 omnia
542 1205 728 1246 omnes
765 1200 1012 1248 accurate
1042 1203 1352 1248 narrarunt.
1382 1194 1578 1250 Verum
1612 1207 1741 1264 ergo
1769 1194 1900 1250 nihil

321 1279 510 1333 borum
540 1279 678 1350 apud
725 1289 776 1336 te
813 1296 1282 1353 commemorans,
1323 1285 1493 1356 signa,
1539 1287 1792 1356 inquam,
1846 1293 1902 1340 et

321 1371 575 1426 miracula
602 1413 618 1437 ,
647 1381 704 1426 ut
747 1387 811 1428 ex
866 1374 1157 1430 abundanti
1185 1390 1398 1431 omnem
1452 1375 1776 1445 impudentis
1802 1375 1903 1428 lin-

321 1477 440 1532 gua:
469 1462 701 1518 furorem
754 1479 1088 1534 compescam
1115 1505 1134 1534 ,
1181 1481 1244 1522 ea
1292 1481 1412 1537 qua:
1459 1483 1600 1522 nunc
1626 1467 1896 1531 videntur,

322 1570 446 1624 quae
486 1571 595 1624 pne
636 1556 873 1611 omnium
921 1559 1090 1612 oculis
1132 1559 1302 1628 posita
1375 1567 1498 1615 sunt
1527 1598 1544 1622 ,
1599 1573 1718 1629 qua:
1783 1559 1902 1615 solo

323 1644 581 1712 clariora,
610 1660 733 1716 quae
778 1647 974 1717 ubique
1015 1648 1069 1704 in
1116 1657 1230 1704 toto
1279 1649 1413 1705 orbe
1459 1649 1696 1720 dispersa
1719 1689 1736 1716 ,
1779 1664 1898 1720 qua:

321 1738 630 1789 universum
691 1747 952 1807 occupant
995 1738 1286 1806 mundum,
1339 1749 1614 1811 totamque
1656 1752 1898 1795 naturam

318 1825 626 1902 excedunt,
671 1835 818 1896 gesta
844 1868 858 1892 ,
899 1844 1017 1897 qua:
1046 1829 1203 1883 unius
1246 1829 1337 1884 Dei
1364 1839 1518 1896 sunt,
1548 1845 1632 1895 ea,
1660 1830 1894 1901 inquam,

318 1915 372 1968 in
418 1914 655 1969 medium
686 1915 898 1972 adduxi.
943 1916 1078 1984 Quid
1104 1916 1276 1984 dicis,
1315 1934 1422 1973 non
1463 1919 1733 1975 suscitavit
1760 1935 1900 1976 mor-

319 2003 487 2058 tuos?
513 2003 651 2059 Num
690 2003 818 2059 illud
861 2006 1021 2061 etiam
1064 2007 1243 2063 dicere
1293 2017 1479 2077 petes,
1527 2009 1796 2066 Ecclesias
1845 2011 1897 2065 in

321 2093 456 2148 orbe
517 2107 622 2148 non
674 2097 845 2150 esse?
894 2099 976 2151 An
1022 2096 1172 2154 dicas
1201 2098 1405 2153 insidiis
1458 2115 1562 2155 non
1639 2102 1899 2172 appetitas

322 2197 484 2250 esse,
535 2201 644 2240 non
681 2201 960 2257 superasse
1003 2202 1103 2244 nec
1149 2190 1421 2246 victoriam
1473 2193 1789 2263 reportare?
1831 2195 1902 2250 At

329 2275 773 2344 quemadmodum
812 2277 918 2334 dici
957 2295 1062 2335 non
1089 2289 1265 2351 potest
1297 2282 1466 2338 solem
1510 2293 1615 2339 non
1643 2299 1795 2354 esse,
1823 2286 1902 2343 sic

336 2379 504 2437 nequ
541 2368 661 2426 hac
698 2369 811 2426 dici
853 2379 1096 2443 possunt.
1126 2371 1269 2440 Quid
1316 2375 1494 2445 ergo?
1535 2375 1726 2432 Annon
1754 2374 1902 2450 rides

884 355 1162 413 CONTRA
1199 357 1484 418 JUDIEOS
1521 362 1609 418 ET
1649 360 2012 428 GENTILES,
2051 359 2242 428 QUOD
2281 354 2626 415 CHRISTUS
2664 351 2772 408 SIT
2806 350 3006 408 DEUS.

3464 345 3572 408 838

2005 466 2211 523 Iudaici
2260 466 2446 537 templi
2502 467 2709 521 ruinam
2756 467 2808 521 in
2860 467 3020 522 totius
3077 466 3223 522 orbis
3291 478 3578 537 conspecto

2003 557 2273 628 positam?
2309 557 2418 612 Cur
2461 571 2566 612 non
2620 565 2796 612 tecum
2850 557 2954 612 hoc
2999 568 3252 627 reputas:
3285 558 3386 612 nisi
3440 558 3581 614 Deus

2003 656 2184 713 esset,
2213 647 2455 717 Deusque
2483 647 2634 702 fortis
2659 686 2676 713 ,
2703 646 2971 718 quomodo
2996 649 3231 703 cultores
3259 647 3374 718 ejus
3400 651 3576 704 vexati

2003 748 2060 794 et
2080 738 2327 807 exagitati
2354 739 2425 792 ita
2468 747 2756 794 creverunt
2783 779 2798 803 ,
2829 738 2918 807 qui
2959 748 3136 793 autem
3165 738 3312 793 illutn
3367 741 3576 794 crucifi-

2003 837 2238 893 xerunt,
2289 837 2343 884 et
2401 828 2694 894 lzeserunt',
2765 829 2839 883 ita
2880 828 3072 898 deiecti
3139 837 3307 895 sunt,
3363 837 3421 883 ut
3471 839 3578 885 tota

2003 918 2274 990 republica
2321 934 2416 974 sua
2452 918 2800 986 exciderent,
2844 928 2900 973 et
2950 919 3100 988 vagi,
3156 933 3409 982 errones,
3454 934 3580 989 pro-

2001 1010 2113 1082 fugi
2135 1011 2493 1078 circumeant,
2524 1025 2622 1066 nec
2666 1011 3002 1081 quantumvis
3028 1011 3278 1066 diuturno
3338 1020 3581 1080 tempore

2000 1103 2312 1161 alterutrum
2354 1118 2540 1160 eorum
2579 1103 2810 1158 solutum
2839 1110 3205 1172 mutatumque
3257 1103 3378 1157 est?
3417 1103 3580 1172 Atqut

2001 1197 2257 1253 adversus
2275 1197 2574 1252 Romanum
2587 1195 2868 1266 imperium
2888 1194 2965 1261 bi,
2991 1194 3179 1258 Judaei,
3206 1195 3441 1264 inquam,
3470 1194 3583 1249 bel-

2002 1288 2112 1343 lum
2139 1295 2523 1358 susceperunt,
2568 1301 2718 1341 arma
2769 1295 3082 1350 moverunt,
3127 1284 3398 1354 multoque
3441 1293 3581 1338 tem-

2001 1392 2133 1448 pore
2175 1378 2302 1433 illud
2355 1386 2762 1447 oppugnarunt,
2805 1376 2911 1431 imo
2985 1374 3268 1445 aliquando
3314 1375 3580 1440 vicerunt,

2002 1483 2102 1523 nec
2145 1483 2305 1538 parva
2335 1469 2544 1539 negotia
2575 1469 2814 1524 fecerunt
2839 1467 3088 1538 Augustis
3117 1466 3255 1520 illius
3281 1463 3536 1534 temporis
3554 1479 3582 1523 ε

2003 1567 2144 1612 tanta
2192 1570 2345 1614 erant
2410 1560 2647 1628 potentia
2707 1559 2973 1614 instructi.
3029 1557 3414 1627 Attamen.qui
3461 1569 3583 1610 cum

2003 1656 2082 1704 tot
2107 1647 2518 1720 Imperatoribus
2543 1649 2682 1704 bella
2730 1657 3007 1720 gesserunt
3039 1688 3056 1713 ,
3097 1648 3189 1717 qui
3236 1655 3378 1702 tanta
3423 1661 3586 1716 pecu-

2000 1739 2212 1795 niarum
2245 1778 2262 1804 ,
2317 1755 2636 1808 armorum,
2699 1739 2928 1794 militum
3001 1740 3052 1792 vi
3119 1737 3423 1808 pollebant,
3493 1735 3586 1806 qui

1997 1832 2166 1887 duces
2213 1829 2524 1886 innumeros
2566 1831 2912 1900 repulerunt,
2955 1845 3118 1885 unum
3159 1831 3395 1885 excitare
3447 1826 3626 1882 κιαι-⁸

1995 1924 2150 1995 plum
2197 1935 2306 1975 non
2350 1929 2677 1991 potuerunt;
2725 1921 2820 1976 sed
2865 1933 3160 1993 synagogas
3213 1917 3425 1989 quidem
3488 1933 3587 1987 per

1999 2015 2160 2069 urbes
2185 2018 2501 2068 exstruxere
2542 2012 2770 2076 multas;
2802 2011 2974 2066 locum
3020 2024 3145 2064 vero
3173 2008 3322 2063 illum
3362 2007 3452 2078 qui
3483 2007 3586 2061 rei-

2004 2105 2228 2176 publicze
2279 2117 2390 2157 sua:
2434 2100 2636 2176 prabet
2662 2101 3031 2157 auctoritatem
3057 2140 3073 2166 ,
3102 2099 3192 2154 ubi
3228 2111 3440 2153 omnem
3464 2097 3587 2153 eul-

2003 2173 2114 2250 tum
2162 2173 2473 2265 persolvere
2526 2202 2948 2259 consueverant,
3019 2201 3178 2261 atque
3218 2187 3358 2246 unde
3403 2187 3587 2244 Judai-

2003 2297 2150 2340 smus
2169 2284 2543 2354 constituitur,
2576 2283 2715 2340 hunc
2734 2323 2750 2355 ,
2779 2282 2994 2355 inquam
3023 2323 3039 2352 ,
3066 2280 3242 2338 solum
3288 2279 3588 2337 instaurare

2005 2389 2111 2435 non
2149 2385 2456 2449 potuerunt.
