3990 6198
461 378 584 441 κείν
1141 389 1198 439 S.
1242 383 1528 440 JOANMS
1565 381 2055 438 CllllYSOSTOMl
2096 380 2412 436 ARCIIIEP.
2457 374 3003 434 CONSTANTINOP.
3541 380 3642 454 84οι

525 556 3614 606 Μῄηηη.-Μ

997 819 1116 906 ΙΝ
1222 814 1647 906 LIBROS
1725 810 2046 904 OCTO
2135 805 2615 898 CONTRA
2697 801 3185 895 JUD/EOS

1724 1099 2437 1213 MONITUM.

2067 1388 2141 1412 Ἦ

553 1570 662 1624 llas
711 1577 903 1623 contra
953 1566 1171 1622 Judtnos
1228 1564 1664 1620 concertationes
1723 1568 2046 1615 memoratas

479 1674 718 1727 vidimus
753 1671 892 1725 libro
920 1668 1272 1738 przec‘edeuti,
1301 1681 1408 1720 non
1441 1664 1597 1735 quasi
1623 1664 1737 1734 jam
1769 1663 2050 1717 institutas

449 1851 453 1855 .
483 1779 536 1830 et
569 1777 624 1828 in
652 1772 885 1841 publicis
909 1770 1262 1826 concionibus
1301 1768 1535 1833 habitas,
1585 1764 1679 1820 sed
1721 1764 1878 1833 quasi
1913 1777 2051 1832 prte—

484 1885 709 1944 paratas
741 1891 754 1926 :
791 1871 982 1925 Daniel
1010 1878 1209 1929 autem,
1249 1867 1428 1938 inquit
1464 1864 1909 1936 Cbrysostomus,
1942 1865 2052 1916 lucc

486 1974 664 2028 omnia
701 1982 875 2040 aperte
901 1978 1114 2032 narrat,
1149 1968 1387 2021 universa
1426 1981 1604 2033 nempe
1635 1963 1867 2017 tollenda
1918 1973 2050 2025 esse,

487 2074 736 2132 bestiam,
770 2070 1015 2132 libamen,
1045 2067 1362 2130 unctionem,
1387 2063 1673 2133 judicium.
1703 2061 1892 2116 Verum
1919 2061 2054 2128 Itwc,

487 2173 700 2242 quando
759 2171 1010 2222 adversus
1061 2164 1277 2219 Judwos
1344 2179 1633 2218 sermonem
1693 2163 2050 2226 instituemus,

491 2274 692 2328 clarius
729 2271 1000 2346 fusiusque
1056 2253 1476 2336 explicabimus:
1516 2262 1673 2316 Ἀλλὰ
1704 2262 1874 2316 ταῦτα
1936 2248 2060 2331 μὲνί

2151 1563 2336 1632 adjicit
2363 1561 2601 1619 Savilius
2627 1577 2746 1619 eam
2787 1579 2911 1635 qua!
2940 1565 3280 1631 inscribitur,
3317 1575 3486 1621 contra
3505 1563 3672 1639 eosqri

2152 1665 2207 1718 in
2261 1661 2521 1718 Paschale
2538 1665 2824 1734 jejunum:
2869 1681 2990 1736 quae
3039 1666 3094 1720 in
3119 1667 3288 1737 Regio
3327 1668 3476 1723 etiam
3515 1668 3670 1724 codice

2157 1764 2296 1819 1965
2347 1774 2469 1833 post
2528 1779 2627 1820 sex
2674 1774 2862 1820 contra
2909 1764 3130 1822 Judzeos
3179 1767 3425 1822 bomilias
3471 1767 3670 1825 locatur.

2157 1867 2420 1922 Octavam
2479 1867 2692 1934 deinde,
2751 1868 2902 1922 nullo
2933 1875 3117 1924 tamen
3176 1867 3418 1938 apposito
3458 1882 3674 1931 numero,

2159 1969 2302 2024 locat
2334 1969 2572 2024 Savilius
2596 1983 2739 2033 eam,
2765 1967 2853 2024 cui
2879 1968 3093 2034 titulus,
3120 1968 3316 2023 Contra
3345 1982 3431 2021 eos
3471 1967 3550 2037 qui
3592 1965 3678 2020 Juv

2160 2072 2396 2126 dworum
2413 2053 2683 2142 jejunium
2701 2071 2972 2142 jejunant.
3007 2069 3120 2128 Has
3147 2085 3275 2126 vero
3326 2070 3455 2125 duas
3501 2077 3680 2138 postre-

2160 2185 2279 2225 mas
2303 2171 2502 2226 Fronto
2527 2173 2756 2226 Ducams
2795 2170 2988 2241 procul
3029 2170 3099 2225 ab
3129 2170 3257 2224 aliis
3297 2177 3472 2223 contra
3501 2165 3688 2220 Iudaeos

2161 2271 2400 2327 homiliis
2433 2272 2485 2326 in
2518 2271 2769 2342 quintum
2795 2281 3002 2326 tomum
3030 2271 3325 2342 ablegavit.

2179 2417 2186 2421 .
2235 2373 2335 2428 Hic
2375 2388 2622 2444 magnam
2681 2372 2862 2429 cernis
2918 2372 3242 2427 varietatem
3307 2378 3459 2441 atque
3502 2365 3688 2423 ordinis

2165 2474 2657 2546 perturbationem,
2688 2488 2820 2528 casu
2865 2473 3046 2542 potius
3079 2487 3150 2543 qn
3168 2488 3256 2527 am
3294 2469 3512 2528 consilio
3557 2466 3692 2522 indu-

2167 2583 2332 2627 ctam.
2405 2569 2476 2626 Ut
2541 2585 2672 2625 vero
2723 2578 2928 2625 tantam
2999 2570 3302 2641 caliginem
3343 2568 3694 2624 discuteremus

2170 2693 2276 2732 non
2302 2691 2496 2747 parum
2547 2675 2926 2731 desudandum
2989 2673 3152 2729 nobis
3209 2673 3352 2740 fuit;
3403 2670 3506 2725 Deo
3548 2677 3698 2722 tamen

2177 2777 2362 2843 dante,
2389 2785 2443 2832 et
2475 2777 2654 2832 locum
2679 2784 2732 2831 et
2758 2776 3003 2831 ordinem
3028 2774 3309 2845 cujusque
3332 2788 3428 2828 nos
3447 2770 3704 2841 deprehen-

2184 2877 2332 2935 disse
2354 2886 2632 2947 putamus.
2665 2874 2906 2931 Primam
2938 2875 3121 2946 itaque
3174 2873 3544 2930 constituimus
3583 2879 3702 2930 eam,

2178 2995 2344 3050 quam
2372 2988 2426 3034 et
2463 2977 2636 3034 David
2670 2977 3017 3034 Ilteschelius
3049 2986 3104 3031 et
3129 2974 3348 3030 Fronto
3369 2973 3578 3027 Ducaus
3615 2965 3708 3037 pri-

2179 3096 2324 3135 mam
2354 3095 2606 3151 posuere,
2631 3078 2788 3148 cuius
2815 3077 3055 3140 initium,
3093 3074 3436 3146 Ἐϐουλόμην
3460 3071 3575 3140 ὑμῖν
3598 3067 3711 3120 ἀπο·

2182 3183 2406 3240 δοῦναιε
2444 3183 2740 3240 secundam
2776 3180 3025 3236 locamus
3056 3192 3216 3244 eam,
3263 3190 3382 3248 qua:
3422 3173 3496 3229 sic
3536 3165 3713 3237 incipit,

2195 3282 2260 3336 Ἡ
2311 3284 2408 3353 μὲν
2465 3278 2779 3351 παράνομος
2799 3279 2893 3332 καὶ
2920 3276 3247 3348 ἀκάθαρτος
3271 3317 3285 3343 ,
3312 3286 3467 3346 quam
3515 3263 3716 3322 Savilius

2185 3389 2378 3435 octavo
2413 3379 2534 3432 loco
2569 3377 2774 3448 posuit,
2809 3377 3016 3432 Fronto
3043 3373 3289 3431 Ducaaus
3317 3377 3488 3425 autem
3513 3364 3561 3418 in
3584 3357 3718 3429 quin-

2187 3490 2300 3536 tum
2343 3489 2550 3534 tomum
2578 3477 2885 3548 ablegavit:
2912 3476 3131 3531 tertiam
3158 3490 3301 3534 eam,
3349 3483 3466 3541 quae
3495 3463 3568 3521 sic
3602 3456 3715 3520 init.

2189 3580 2359 3634 Πάλιν
2407 3578 2565 3649 χρεία
2601 3595 2706 3643 τις,
2747 3591 2913 3646 quam
2955 3574 3199 3631 Savilius
3239 3570 3517 3642 septimam
3545 3556 3718 3632 posuit.

2191 3677 2342 3754 [5841
2381 3678 2610 3734 Duczeus
2651 3687 2830 3734 autem
2875 3677 2930 3730 in
2969 3676 3228 3746 quintum
3280 3682 3479 3727 tomum
3517 3658 3717 3734 reiecit:

2191 3790 2438 3854 quartam
2496 3783 2643 3837 illam
2679 3779 2838 3849 cujus
2893 3777 3152 3843 initium,
3215 3774 3384 3829 Πάλιν
3422 3771 3470 3824 οἱ
3514 3765 3721 3821 δείλαιοι»

2193 3901 2357 3956 quam
2389 3884 2592 3938 Fronto
2632 3881 2859 3936 Ducaeus
2886 3878 3213 3942 secundam,
3247 3873 3481 3930 Savilius
3525 3865 3725 3937 primam

2197 3985 2500 4042 constituit.
2528 3983 2790 4054 Reliquas
2826 3995 2956 4036 vero
2986 3983 3396 4048 consequenter
3439 3971 3643 4026 damus.
3682 3967 3730 4013 ιιι

2199 4087 2253 4142 in
2283 4085 2445 4141 editis
2468 4084 2725 4138 omnibus
2745 4082 3016 4137 habentur
3043 4096 3060 4146 ;
3090 4081 3168 4136 ita
3214 4088 3276 4134 ut
3324 4089 3446 4147 qua:
3490 4067 3632 4126 tertia
3663 4066 3733 4115 est

2199 4188 2340 4250 ιιι)υά
2393 4187 2681 4250 Ducaeum,
2715 4193 2771 4239 et
2801 4181 3042 4239 secunda
3112 4179 3258 4252 apud
3320 4173 3594 4231 Savilium.
3640 4164 3733 4233 jam

2199 4293 2391 4362 quinta
2426 4298 2681 4359 ponatur,
2714 4295 2770 4342 et
2797 4293 3088 4357 sequentes
3137 4281 3340 4338 eadem
3373 4268 3636 4332 varietatis
3661 4278 3735 4319 ra-

491 2376 654 2446 ἡνίκα
697 2373 762 2426 ἂν
799 2373 935 2444 πρὸς
954 2372 1080 2432 τοὺς
1104 2357 1388 2431 Ἰουδαίους
1420 2367 1698 2438 λέγωμεν,
1726 2365 1957 2446 carpsere
1969 2379 2058 2436 ρον

493 2477 587 2529 καὶ
616 2474 908 2546 εὐρύτερον
945 2471 1345 2542 ἁναπτύξομεν.
1389 2467 1540 2524 Hane
1569 2483 1698 2523 vero
1729 2478 2059 2538 postremam

495 2578 848 2632 .Iudaicorum
884 2574 1086 2630 rituum
1131 2570 1572 2642 reprobationem
1626 2569 2064 2637 solutioncmque

498 2681 807 2743 advenisse,
837 2676 977 2742 fuse,
1009 2684 1070 2730 ut
1108 2673 1385 2744 pollicitus
1411 2682 1549 2736 erat,
1583 2670 1926 2725 demonstrat
1975 2669 2064 2723 ille

501 2783 554 2834 in
594 2781 678 2835 bis
709 2787 900 2833 contra
931 2775 1146 2831 Judzros
1199 2773 1463 2835 homiliis,
1523 2771 1757 2825 maxime
1813 2784 1942 2822 vero
2012 2767 2064 2820 in

501 2883 746 2952 quinque
808 2880 1043 2944 ultimis,
1092 2879 1206 2943 ubi,
1259 2876 1480 2932 bomilia
1517 2889 1712 2943 nempe
1744 2871 1958 2941 quinta,
1999 2885 2066 2924 ex

508 2984 730 3038 llaniele
782 2983 1084 3053 prmsertim
1137 2981 1241 3035 hoc
1272 2986 1653 3049 argumentum
1689 2973 2064 3046 prosequitur.

510 3085 602 3141 llae
635 3095 816 3141 autem
857 3085 1097 3155 quinque
1123 3082 1326 3136 ultima:
1354 3094 1520 3143 anno,
1564 3085 1624 3133 ut
1662 3084 1938 3146 putamus,
1970 3073 2076 3128 387

509 3189 710 3244 habita:
743 3197 890 3242 sunt.
924 3186 1058 3241 Vide
1091 3187 1144 3239 in
1175 3183 1379 3238 Monito
1411 3178 1760 3252 praecedenti.

581 3291 942 3344 llomiliarum
977 3287 1110 3341 ordo
1160 3301 1268 3339 non
1316 3297 1458 3338 unus
1525 3282 1777 3350 idemque
1835 3276 2076 3342 occurrit

507 3401 621 3446 tam
654 3391 707 3442 in
737 3388 923 3453 editis,
973 3401 1138 3456 quam
1183 3385 1237 3436 in
1284 3380 1689 3449 manuscriptis.
1745 3375 1914 3430 David
1949 3372 2080 3429 Hm-

513 3489 775 3553 schelius,
825 3501 986 3556 quem
1028 3495 1248 3542 secutus
1288 3493 1373 3537 est
1419 3481 1623 3535 Fronto
1684 3476 1932 3542 Ducaeus,
1985 3489 2081 3531 sex

517 3601 915 3663 consequenter
944 3600 1135 3647 contra
1173 3588 1395 3644 Judaeos
1445 3585 1601 3656 ponit
1650 3579 1947 3644 bomilias;
1996 3578 2083 3632 ni-

516 3696 716 3750 mirum
747 3694 977 3764 primam
996 3707 1139 3758 eam,
1173 3706 1291 3758 quae
1321 3687 1532 3756 incipit,
1582 3681 1912 3752 Ἐϐουλόμην
1944 3681 2072 3750 ὑμῖν

515 3794 809 3850 ἀποδοῦναι
835 3813 847 3848 :
891 3793 1210 3859 secundam,
1240 3788 1408 3843 Πάλιν
1446 3788 1494 3839 οἱ
1537 3784 1758 3837 δείλαιοι
1787 3801 1802 3838 :
1827 3779 2040 3836 tertiam
2069 3815 2085 3842 ,

522 3897 692 3950 Πόθεν
715 3897 847 3967 ἡμῖν
866 3895 973 3966 ἄρα
999 3911 1012 3948 :
1043 3900 1318 3964 quartam,
1341 3889 1422 3942 Τὰ
1448 3885 1612 3957 Θηρίοι
1642 3883 1784 3948 ἓωςε
1816 3882 2088 3953 quintam,

519 3990 668 4065 ’Ἆρα
694 3996 852 4067 κόρον
883 3993 1103 4048 ἐλάϐετε
1129 4011 1142 4046 :
1169 3999 1399 4056 sextam,
1435 3985 1718 4058 Παρῆλοεν
1759 3985 1792 4055 ἡ
1843 3983 2088 4054 νηστεία.

521 4097 726 4154 Eodem
760 4107 941 4152 autem
973 4095 1083 4149 ritu
1110 4109 1190 4149 eae
1220 4093 1490 4148 habentur
1539 4088 1592 4142 in
1628 4084 1906 4150 erunibus,
1951 4097 2090 4153 quos

522 4197 934 4270 quatuordecim
966 4209 1197 4251 numero
1227 4193 1487 4254 vidimus,
1533 4185 1940 4255 manuscriptis,
1985 4197 2094 4237 uno

525 4305 754 4363 excepto
781 4297 970 4368 Regio,
997 4295 1161 4361 2900,
1192 4294 1287 4365 qui
1321 4292 1504 4363 priore
1527 4287 1912 4360 praetermissa,
1938 4290 2095 4353 cujus

529 4391 768 4462 itiiiium,
816 4395 1145 4475 Ἐϐουλόμην
1200 4395 1326 4465 ὑμῖν
1382 4390 1691 4459 ἀποδοῦναι,
1743 4406 1774 4446 a
1839 4386 2094 4450 secunda,

531 4500 693 4570 cujus
735 4496 1099 4569 primordium
1141 4504 1244 4562 est,
1281 4494 1452 4548 Πάλιν
1482 4495 1531 4547 οἱ
1583 4492 1827 4557 δείλαιοι,
1879 4487 2098 4543 initium

532 4605 704 4669 ducit,
772 4614 1004 4670 eamque
1054 4599 1287 4669 primam
1344 4595 1617 4659 inscribit,
1686 4602 1852 4662 atque
1905 4589 2096 4644 eodem

535 4713 725 4777 postea
758 4700 1084 4759 numerandi
1113 4697 1302 4754 ordine
1328 4695 1612 4768 procedit;
1644 4693 1716 4747 ita
1741 4702 1798 4746 ut
1818 4705 1934 4761 quae
1953 4695 2100 4742 sexta

537 4809 700 4866 estin
744 4804 1066 4861 recensione
1099 4816 1264 4872 supra
1313 4807 1366 4854 et
1400 4799 1456 4853 in
1499 4795 1761 4852 tredecim
1797 4789 2104 4847 manuscri-

541 4913 668 4984 ptis,
709 4909 901 4980 quinta
955 4905 1029 4960 ibi
1083 4909 1422 4959 numeretur.
1481 4897 1639 4952 Hunc
1684 4909 1816 4949 vero
1859 4891 2105 4946 ordinem

543 5013 717 5069 secuti
766 5010 931 5065 etiam
969 5015 1099 5062 sunt
1146 5002 1406 5058 Erasmus
1445 5008 1501 5055 et
1532 4996 1800 5052 Henricus
1850 4991 2105 5054 Savilius,

543 5114 638 5185 qui
669 5121 979 5182 postremus
1003 5109 1111 5162 illis
1139 5105 1383 5176 quinque
1412 5102 1654 5158 homiliis
1701 5114 1823 5154 eam
1879 5093 2111 5165 subjun-

546 5215 645 5284 git,
691 5225 814 5282 quae
849 5209 906 5264 in
946 5205 1338 5276 manuscriptis
1392 5203 1670 5266 omnibus,
1723 5214 1832 5254 uno
1883 5205 2112 5266 excepto

549 5315 744 5386 Regio,
804 5314 978 5384 prima
1013 5311 1246 5376 locatur,
1306 5321 1473 5376 quam
1525 5314 1703 5360 tamen
1750 5309 1955 5358 sextam
2002 5313 2112 5352 non

551 5418 804 5474 inscribit
836 5415 1096 5478 Savilius,
1125 5411 1284 5484 quasi
1334 5423 1486 5466 extra
1537 5421 1822 5462 numerum
1857 5403 2115 5473 positam.

551 5523 710 5580 Hunc
736 5535 903 5593 porro
926 5519 1174 5574 ordinem
1207 5531 1274 5572 ex
1335 5516 1508 5570 tribus
1565 5511 1946 5580 Mauuscriptis
1995 5521 2115 5562 mu-

556 5633 768 5678 tuatum
813 5637 873 5678 se
911 5635 1034 5676 esse
1078 5619 1418 5676 testiﬁcatur.

558 5725 775 5782 Judtcos
813 5725 1122 5794 septimam,
1174 5722 1327 5778 nullo
1377 5730 1554 5775 tamen
1592 5730 1821 5773 numero
1855 5721 2119 5777 notatam,

1481 5614 1588 5671 Sex
1638 5612 1878 5668 bomiliis
1932 5619 2122 5666 contra

2201 4394 2348 4447 tione
2381 4399 2757 4445 numerentur.

2274 4489 2431 4544 llunc
2464 4503 2630 4560 porro
2652 4502 2854 4543 novum
2888 4485 3138 4542 ordinem
3171 4497 3288 4538 non
3329 4488 3526 4537 temere
3566 4462 3740 4527 consti-

2209 4601 2385 4646 tutum
2426 4603 2546 4645 esse
2573 4586 2914 4659 probandum
2961 4583 3124 4640 nobis
3160 4579 3454 4638 incumbit.
3487 4575 3556 4628 De
3590 4567 3738 4639 prima

2205 4691 2365 4761 cujus
2411 4689 2647 4754 initium,
2708 4685 3040 4758 Ἐϐουλόμην
3094 4685 3230 4755 ὑμῖν
3281 4676 3586 4761 ἀποδοῦναι,
3623 4663 3744 4724 nulla

2207 4795 2311 4848 erit
2351 4790 2600 4862 quaestio,
2648 4790 2693 4844 si
2727 4798 2957 4844 caeteras
3017 4800 3140 4841 eam
3180 4783 3345 4853 sequi
3399 4778 3588 4834 debere
3618 4779 3744 4824 com-

2210 4903 2598 4948 monstrcmus.
2626 4891 2862 4945 Primam
2903 4887 3068 4958 igitur
3090 4883 3386 4939 homiliam
3416 4873 3599 4934 habuit
3625 4872 3745 4940 pust-

2211 5012 2372 5066 quam
2409 4993 2708 5050 certamina
2749 4999 2937 5047 contra
2984 4989 3292 5042 Anomteos
3339 4995 3520 5041 orsus,
3567 4977 3744 5035 una‘l“e

2213 5100 2322 5170 jam
2347 5096 2532 5151 habita
2564 5093 2848 5156 concinne,
2880 5088 3218 5144 instantibus
3245 5083 3563 5139 Judaeorum
3608 5066 3743 5125 feriis.

2217 5168 2594 5265 Scenopegia,
2640 5191 2902 5263 jejuniis,
2958 5189 3158 5258 quibus
3209 5177 3514 5239 Christiani
3566 5168 3745 5242 quidam

2217 5296 2566 5361 Antiocbeni,
2599 5294 2798 5365 partim
2842 5288 3142 5361 spectandi,
3200 5287 3404 5356 partim
3464 5283 3616 5336 etiam
3667 5284 3748 5324 ulla

2178 5393 2182 5397 ’
2217 5398 2533 5462 celebrandi
2576 5407 2738 5465 atque
2762 5391 3045 5466 jejunandi
3088 5402 3286 5451 causa,
3345 5386 3598 5439 interesse
3640 5367 3755 5424 sole‘

2218 5509 2373 5570 bant,
2405 5501 2534 5557 huic
2565 5499 2654 5554 ille
2684 5495 2876 5551 morbo
2901 5499 2960 5546 ut
3002 5490 3337 5549 mederetur,
3371 5467 3754 5541 concertationis

2218 5615 2410 5663 contra
2449 5603 2750 5658 Anommos
2815 5610 3038 5652 cursum
3098 5588 3418 5658 intercepit,
3462 5595 3525 5638 ac
3572 5572 3755 5632 Judzeos

2221 5705 2652 5773 Judteorumque
2702 5712 2964 5770 sequaces
3025 5692 3255 5750 adortus
3302 5695 3405 5744 cst.
3459 5681 3512 5737 ld
3565 5665 3758 5738 contigit
