3990 6198
326 267 453 327 859⁸

326 406 476 450 anno
507 381 636 445 586,
696 385 761 433 ut
790 373 1031 429 disimus
1064 371 1120 424 in
1156 366 1360 423 Monito
1400 363 1468 427 sd
1498 359 1783 429 ,bomilias
1828 356 1897 408 De

326 476 868 557 incompreltensibili,
897 481 952 528 et
981 485 1048 525 ex
1081 483 1206 523 mox
1232 464 1478 527 dicendis
1525 460 1741 530 planius
1772 456 1897 510 erit.

1347 236 1717 307 ADVERSUS
1753 231 2059 293 JUDxEOS.
2101 259 2166 270 —-
2207 221 2550 282 MONITUM.

3447 216 3477 268 8
3494 218 3572 284 toﬁ

2006 351 2162 421 quasi
2196 351 2436 409 incertus
2462 347 2583 421 ejus
2625 346 2766 401 situs
2801 353 2964 408 esset,
2995 342 3048 395 in
3080 340 3330 411 quintum
3368 347 3571 399 tomum

2003 453 2368 522 ablegaverat.

331 590 449 653 Qua
478 555 609 638 vero
648 576 776 633 anni
809 578 1129 642 tempestate
1161 568 1275 621 bare
1307 559 1623 619 COIICiOIIaI‘l
1654 556 1898 626 eruperit,

2075 563 2313 619 Tertiam
2353 562 2731 616 incunctanter
2756 556 3012 629 ponimus
3058 555 3339 609 homiliam
3396 555 3447 615 in
3479 569 3575 609 eos

331 692 452 758 ipse
477 683 641 754 paulo
672 686 797 751 post
829 675 1047 731 initium
1082 669 1320 725 homilire
1358 666 1546 735 primae
1578 660 1903 717 testiﬁcatur

331 789 418 843 his
450 782 681 840 verbis:
740 776 960 849 Ἐορταὶ
1006 772 1115 826 τῶν
1178 769 1380 823 ἀθλίων
1426 766 1520 820 καὶ
1539 760 1901 832 ταλαιπώρων

336 886 610 943 Ἰουδαίων
636 880 889 955 μέλλουσι
912 873 1300 949 προσελαύνειν
1345 869 1586 938 συνεχεῖς
1615 864 1707 919 καὶ
1732 861 1900 916 tuat-

319 991 496 1062 ληὶωι,
552 987 610 1040 αἱ
651 983 972 1051 σάλπιγγες.
1019 979 1075 1031 αἱ
1113 972 1499 1046 σκηνοπηγίαι,
1543 969 1601 1023 αἱ
1633 967 1899 1038 νηστεῖαι.

318 1088 503 1143 Ferit:
559 1086 869 1140 miserorum
905 1089 1064 1149 atque
1113 1088 1533 1131 azrumnosorum
1588 1068 1900 1124 Judworum

317 1192 593 1247 continua:
628 1195 679 1241 et
726 1186 1022 1255 frequentes
1073 1180 1297 1244 instant,
1335 1177 1494 1240 tubaz,
1554 1173 1899 1242 scenapegiw,

314 1289 552 1361 jejunio.
597 1284 694 1340 His
727 1293 944 1338 notatur
976 1281 1119 1336 haud
1153 1279 1318 1334 dubie
1348 1277 1554 1333 mensis
1595 1274 1735 1329 Tisri
1784 1274 1901 1331 sive

317 1388 664 1460 September,
698 1385 859 1454 cujus
884 1383 1099 1438 decimo
1123 1380 1317 1450 quinto
1336 1378 1425 1433 die
1447 1375 1738 1446 incipiebat
1768 1372 1898 1428 Sce-

320 1488 575 1557 uopegia,
611 1501 708 1540 seu
759 1482 960 1539 festum
1008 1478 1538 1535 Tabernaculorum.
1581 1476 1680 1531 lllo
1716 1485 1896 1531 autem

323 1599 510 1640 mense
540 1583 695 1652 plura
734 1580 876 1650 apud
917 1579 1135 1633 Judteos
1168 1575 1531 1649 occurrebant
1554 1575 1710 1637 festa.
1731 1591 1893 1646 quam

325 1688 379 1742 in
404 1684 657 1754 quolibet
683 1681 994 1738 aliototius
1028 1683 1180 1746 anni,
1224 1691 1283 1735 ut
1331 1679 1517 1735 videas
1555 1678 1699 1748 apud
1750 1676 1898 1730 Bux-

320 1779 552 1846 tort‘um,
615 1778 966 1833 Leusdenum
999 1787 1055 1833 et
1104 1777 1263 1844 alios,
1294 1777 1441 1847 quod
1477 1776 1639 1831 etiam
1696 1776 1901 1830 indicat

317 1881 748 1952 Chrysostomus
793 1894 918 1933 cum
960 1878 1094 1933 dicit
1145 1879 1391 1949 συνεχεῖς
1443 1876 1536 1931 καὶ
1580 1876 1893 1946 ἐπάλληλοι.

325 1983 481 2039 Hanc
537 1982 944 2038 solemnitatum
1004 1980 1370 2051 frequentiam
1430 1980 1639 2050 aliquot
1700 1979 1898 2035 diebus

320 2081 1172 2152 antevertisseChrysostomum
1225 2096 1350 2135 cum
1415 2078 1697 2150 praemissa
1729 2082 1893 2134 verba

319 2183 631 2247 declarant,
668 2190 782 2237 tum
817 2196 943 2235 mox
975 2179 1251 2236 all‘ereuda
1300 2178 1683 2235 testiﬁcantur.
1711 2176 1894 2244 Quare

325 2299 515 2341 mense
573 2282 823 2354 Augusto
871 2282 1103 2352 primam
1157 2279 1438 2335 homiliam
1498 2278 1757 2334 habuisse
1805 2278 1893 2332 vi-

317 2384 499 2440 detur.

389 2495 703 2552 Secundam
737 2494 1043 2559 homiliam,
1081 2510 1199 2550 eam
1245 2508 1461 2563 nempe,
1500 2509 1620 2563 qua:
1649 2493 1727 2550 sic
1752 2493 1893 2548 inci-

319 2599 419 2671 pit,
464 2598 531 2651 Ἦ
579 2597 678 2669 μὲν
723 2597 1041 2669 παράνομος
1086 2597 1181 2650 καὶ
1223 2594 1551 2665 ἀκάθαρτος,
1584 2594 1771 2650 decem
1799 2602 1896 2648 aut

324 2700 579 2771 pluribus
608 2697 814 2768 elapsis
849 2713 880 2752 a
911 2698 1089 2767 prima
1133 2695 1329 2751 diebus
1382 2695 1594 2759 habuit,
1650 2695 1895 2765 quinque

318 2799 516 2854 diebus
545 2775 672 2852 ante
699 2810 863 2866 quam
889 2793 1201 2849 Iudaeorum
1229 2791 1501 2863 jejunium
1546 2792 1783 2857 adesset,
1837 2797 1898 2845 ut

318 2898 399 2952 sic
438 2897 557 2965 ipse
607 2895 848 2951 declarat
894 2894 1095 2957 initio,
1134 2892 1195 2947 ἸΙ
1255 2894 1352 2964 μὲν
1414 2888 1507 2947 οὖν
1575 2892 1894 2964 παράνομος

319 2996 499 3051 αὐτῶν
524 2995 748 3066 νηστεία
780 2994 917 3066 μετά
955 2994 1117 3048 πέντε
1143 2993 1327 3047 λοιπὸν
1350 2993 1564 3065 ἡμέρας
1584 2993 1890 3061 ὲφίσταταυ

320 3096 433 3167 ἐγὼ
470 3096 531 3150 δὲ
575 3097 682 3168 πρὸ
704 3095 839 3150 δέκα
875 3096 1098 3168 ἡμερῶν
1125 3095 1160 3166 ἢ
1188 3094 1283 3148 καὶ
1322 3094 1583 3149 πλειόνων
1607 3092 1895 3165 προλαϋὼν

321 3197 671 3268 ἐποιησάμην
716 3195 817 3267 τὴν
863 3194 1222 3267 παραίνεσιν,
1281 3193 1421 3248 ὥστέ
1494 3190 1896 3261 ἀσφαλίσασθαι

318 3298 447 3360 τοὺς
473 3296 740 3366 ἀδελφοὺς
787 3296 915 3360 τοὺς
963 3294 1295 3367 ὑμετέρους*
1348 3293 1695 3365 Illegitimum
1733 3294 1897 3361 igitur

319 3399 555 3466 ipsorum
580 3396 851 3467 jejunium
868 3408 982 3465 post
1013 3397 1239 3467 quinque
1264 3397 1377 3451 dies
1419 3396 1660 3465 deinceps
1688 3394 1893 3459 instat;

319 3508 373 3552 at
401 3516 497 3570 ego
526 3508 658 3562 ante,
680 3502 857 3554 decem
886 3501 999 3553 dies
1033 3500 1112 3554 vel
1156 3499 1333 3568 plures
1372 3499 1787 3554 cohortationem
1826 3498 1896 3552 ad

320 3615 409 3653 vos
435 3599 624 3665 Itabui,
652 3610 708 3655 ut
742 3601 935 3669 fratres
971 3609 1169 3654 vestros
1199 3601 1592 3667 prtemunirem.
1644 3598 1721 3653 Ne
1768 3612 1898 3652 vero

322 3700 543 3755 dubites
565 3698 711 3755 hanc
735 3700 909 3770 ipsam
934 3714 1054 3755 esse
1077 3714 1243 3769 quam
1265 3698 1559 3754 secundam
1585 3706 1775 3753 contra
1802 3694 1829 3750 Ι
1837 3713 1898 3750 ιι-

322 3798 471 3854 datos
505 3798 717 3866 habuit,
738 3800 863 3855 vide
894 3800 1174 3870 quomodo
1213 3799 1288 3855 ibi
1311 3799 1380 3855 de
1417 3800 1593 3869 prima
1642 3799 1900 3869 loquatur

323 3913 475 3953 num.
501 3899 537 3953 5
560 3917 574 3953 :
600 3900 722 3953 Οὐκ
744 3900 981 3972 ἤκουσας
1030 3902 1090 3955 ὲν
1109 3904 1175 3972 τῇ
1192 3901 1690 3973 προτέρᾳδιαλέξει
1711 3902 1899 3972 σαφῶς

323 3998 705 4066 ἀποδείξαντος
732 4003 868 4071 ἡμῖν
890 4001 990 4056 τοῦ
1012 4001 1194 4071 λόγου,
1229 4003 1312 4057 ὅτι
1344 4003 1440 4057 καὶ
1464 4000 1564 4068 τὰς
1599 4001 1778 4073 ψυχὰς
1798 4003 1899 4056 αὑ-

323 4098 418 4162 τὰς
451 4085 564 4154 τῶν
621 4101 887 4156 Ἰουδαίων
915 4103 1155 4167 καὶτοὺς
1184 4104 1384 4168 τόπους
1408 4104 1467 4157 ὲν
1496 4095 1579 4166 οἷς
1617 4101 1902 4171 συλλέγον-

322 4214 413 4255 ται
469 4198 725 4269 δαίμονες
778 4200 1139 4270 κατοικοῦσι;
1202 4199 1327 4257 Non
1386 4201 1586 4255 audisti
1634 4202 1687 4257 in
1732 4200 1902 4270 priori

324 4301 572 4355 concione
597 4317 757 4371 quant
809 4302 952 4355 clare
986 4302 1151 4372 fuerit
1180 4303 1416 4357 oratione
1454 4302 1898 4367 demonstratum,

326 4401 470 4469 ipsas
503 4401 713 4456 animos
746 4401 1082 4468 Judworum,
1113 4413 1162 4457 et
1191 4400 1311 4458 loca
1336 4402 1426 4457 ubi
1453 4412 1836 4474 congregantur
1867 4421 1901 4458 a

326 4501 653 4560 damonisz
709 4504 987 4559 habitari?
1040 4503 1094 4561 ld
1127 4520 1282 4572 vero,
1343 4522 1537 4577 nempe
1587 4514 1643 4562 et
1689 4509 1904 4566 animus

328 4607 667 4672 Judaorum,
701 4615 757 4663 et
795 4607 914 4665 loca
960 4610 1279 4665 eorumdem
1310 4626 1342 4665 a
1371 4611 1714 4669 daemonibus
1748 4613 1904 4669 habi-

326 4709 454 4773 tari,
486 4708 787 4779 conspicua
816 4717 870 4764 et
904 4709 1025 4766 fuse
1063 4710 1259 4780 probat
1309 4713 1402 4769 ille
1448 4714 1673 4772 bomilia
1724 4715 1901 4785 prima

324 4820 507 4865 contra
534 4810 759 4867 Judwos
789 4828 920 4868 num
952 4810 1007 4878 6,
1038 4813 1112 4868 ita
1144 4823 1205 4869 ut
1228 4823 1379 4870 certo
1406 4816 1610 4873 certius
1633 4818 1724 4884 sit,
1756 4817 1902 4872 illam

323 4924 446 4964 esse
483 4918 671 4964 contra
707 4908 933 4965 Judwos
960 4909 1217 4981 primam,
1248 4912 1390 4966 hanc
1412 4927 1542 4968 vero
1574 4912 1903 4968 secundam.

325 5023 491 5079 quam
526 5008 777 5065 dolemus
822 5008 890 5063 ad
930 5024 1031 5063 nos
1087 5008 1335 5063 mutilam
1384 5010 1714 5077 devenisse;
1766 5010 1905 5065 nihil

327 5119 477 5167 certe
513 5126 624 5167 non
652 5112 890 5183 egimus,
923 5121 983 5167 ut
1026 5127 1147 5167 eam
1178 5121 1382 5166 sariam
1410 5120 1465 5167 et
1489 5121 1686 5168 tectam
1711 5114 1901 5168 edere-

329 5228 455 5270 mus
482 5232 496 5269 :
529 5230 628 5285 per
657 5231 851 5271 omnes
877 5214 1051 5271 ferme
1082 5216 1315 5284 Europa:
1360 5214 1718 5270 bibliothecas
1762 5214 1906 5270 ami-

329 5333 520 5373 corum
556 5333 725 5389 opera
747 5333 868 5373 eam
899 5319 956 5374 in
994 5317 1384 5388 manuscriptis
1434 5316 1679 5388 perquiri
1715 5317 1895 5373 homi-

329 5416 457 5474 liam
478 5420 826 5477 curavimus:
846 5420 940 5475 sed
969 5419 1174 5475 frustra
1200 5434 1416 5475 cessere
1435 5428 1666 5474 conatus
1685 5434 1901 5477 omnes.

335 5516 485 5573 lianc
505 5517 815 5583 homiliam,
842 5527 902 5573 ut
924 5534 1089 5587 supra
1111 5517 1370 5584 diximus,
1392 5516 1632 5573 Savilius
1655 5526 1904 5574 octavam

335 5624 620 5684 posuerat,
659 5615 864 5675 Fronto
892 5625 1079 5674 autem
1135 5617 1366 5675 Ducaeus
1404 5616 1599 5689 procul
1623 5616 1706 5679 ab
1759 5616 1904 5687 aliis,

2003 667 2101 739 qui
2125 667 2301 736 primo
2348 662 2559 720 Pascha
2599 663 2871 734 jejunant,
2906 661 3065 730 cujus
3109 660 3320 713 initium
3355 679 3368 715 :
3405 658 3577 712 Πάλιν

2001 768 2159 840 χρεία
2188 786 2270 832 τις
2295 766 2567 835 ἀναγκαία
2619 767 2711 820 καὶ
2749 764 3183 833 κατεπείγουσα,
3225 763 3332 818 τῶν
3382 762 3574 834 πρώην

2002 870 2305 943 εἰρημένων
2339 869 2437 940 τὴν
2459 866 2778 921 ἀκολουθίαν
2820 865 3123 936 διακόψασα
3149 905 3164 927 ,
3201 866 3338 937 πρὸς
3375 867 3574 936 ἑαυτὴν

2001 972 2303 1033 ἐπισπᾶται
2330 971 2419 1024 τὸν
2449 969 2626 1037 λόγον,
2653 968 2747 1021 καὶ
2778 968 2885 1021 τῶν
2924 967 3059 1038 πρὸς
3101 968 3226 1031 τοὺς
3267 968 3576 1039 αἱρετικοῖλς

2000 1073 2149 1143 ἡμᾶς
2178 1072 2379 1140 ἀπάγει
2410 1069 2820 1141 παλαισμάτων.
2887 1069 3077 1139 Ἡμεῖς
3120 1070 3219 1141 μὲν
3262 1070 3376 1139 γὰρ.
3413 1071 3575 1124 πάλιν

2002 1173 2129 1246 περὶ
2161 1173 2258 1243 τῆς
2282 1172 2375 1228 τοῦ
2405 1172 2739 1241 Μονογενοῦς
2759 1172 2915 1243 δόξης
2936 1172 3279 1242 διαλεχθῆναι
3310 1174 3447 1243 πρὸς
3477 1173 3577 1245 τὴν

2002 1274 2271 1347 ὑμετέραν
2301 1275 2522 1346 ἀγάπην
2566 1275 3087 1346 παρεσκευαζόμεθα
3141 1277 3196 1330 Id
3236 1288 3340 1343 est,
3375 1277 3578 1330 Rursus

2002 1375 2354 1429 necessarium
2381 1372 2650 1443 quoddam
2677 1384 2726 1427 et
2795 1390 2984 1443 urgens
3055 1375 3347 1445 negotium,
3392 1391 3580 1429 eorum

1998 1497 2117 1553 qua:
2170 1493 2333 1548 nuper
2355 1478 2497 1532 dicta
2537 1487 2660 1533 sunt
2721 1478 2905 1532 seriem
2960 1479 3341 1547 interrumpens
3387 1479 3455 1532 ad
3492 1497 3576 1534 se-

1998 1582 2170 1651 ipsum
2201 1580 2496 1633 orationem
2520 1580 2772 1645 traducit,
2797 1588 2844 1631 et
2872 1597 2906 1632 α
2930 1582 3189 1658 ειιδιεεριὶι]¹
3212 1597 3331 1634 cunt
3367 1581 3580 1636 Ιιιισηιίη

2004 1682 2079 1733 eis
2110 1678 2485 1733 certaminibus
2521 1679 2674 1733 hodie
2696 1696 2790 1734 nos
2814 1680 3054 1737 abducit.
3077 1681 3218 1736 Nam
3247 1699 3340 1738 nos
3360 1685 3578 1754 quidem

2006 1797 2192 1851 rursus
2211 1782 2273 1833 de
2304 1779 2571 1850 Unigeniti
2596 1779 2763 1852 gloria
2789 1785 2943 1836 verba
2970 1783 3144 1852 facere
3162 1785 3231 1837 ad
3260 1785 3578 1840 eharitatem

2000 1892 2220 1939 uestram
2259 1882 2437 1950 parati
2473 1898 2704 1935 eramus.
2741 1881 2836 1935 llis
2890 1898 3054 1953 porro
3077 1884 3316 1940 declarat
3344 1901 3406 1941 sc
3458 1887 3578 1955 jam

2000 1984 2243 2041 secundo
2312 1983 2673 2039 llomiliarum
2729 1998 2923 2041 contra
2980 1988 3277 2046 Anommos
3339 2004 3565 2045 cursum

1999 2082 2383 2152 interpellare,
2437 2087 2584 2153 quod
2653 2100 2712 2138 se
2762 2084 2943 2154 primo
2993 2084 3189 2142 fecisse
3228 2087 3369 2142 dixit
3414 2087 3583 2143 initio

1998 2185 2284 2240 humiliter
2341 2194 2526 2240 contra
2577 2185 2813 2240 Indicos.
2878 2184 3093 2240 Etenim
3149 2202 3276 2242 cum
3332 2188 3565 2257 primatu

1997 2293 2190 2340 contra
2217 2286 2513 2342 Anomacos
2555 2288 2670 2342 sive
2698 2288 2765 2342 de
2794 2288 3335 2359 incomprehensibili
3364 2289 3567 2343 oratio-

1997 2403 2119 2444 nem
2156 2389 2454 2455 habuisset,
2504 2404 2728 2447 cursum
2767 2390 2963 2446 sistere
3019 2399 3245 2446 coactus
3296 2398 3399 2455 est,
3456 2404 3564 2443 non

1996 2492 2161 2548 modo
2200 2500 2261 2546 ut
2286 2500 2477 2547 contra
2510 2489 2732 2548 Iudaeos
2762 2500 3127 2558 concertaret,
3173 2492 3321 2562 quod
3353 2491 3573 2547 duabus

1996 2590 2239 2647 homiliis
2267 2591 2542 2660 praestitit,
2575 2592 2668 2648 sed
2698 2602 2758 2648 ut
2788 2602 2970 2663 patres
3004 2592 3271 2663 quosdam
3304 2591 3567 2662 spiritua-

1998 2689 2094 2754 les,
2135 2689 2218 2745 sic
2252 2689 2364 2752 ille,
2419 2690 2513 2760 qui
2542 2691 2894 2748 Antiochiam
2950 2704 3215 2749 venerant
3267 2695 3562 2764 exciperet,

1997 2805 2064 2847 ac
2098 2801 2286 2862 postea
2313 2804 2665 2851 occurrentes
2712 2794 2913 2850 multas
2958 2802 3258 2866 martyrum
3304 2795 3563 2852 solemni-

1996 2900 2136 2953 tates
2175 2893 2500 2949 celebraret.
2528 2893 2651 2961 His,
2684 2896 2931 2966 inquam,
2956 2897 3215 2953 omnibus
3259 2897 3574 2973 interpella-

1996 3007 2085 3050 tus
2110 3003 2197 3049 est
2247 3011 2275 3049 a
2307 3007 2487 3066 erepta
2545 3006 2731 3051 contra
2767 2997 3065 3052 Anomteos
3110 3013 3323 3068 pugna,
3376 2999 3451 3053 ita
3508 3009 3568 3055 ut

1996 3111 2105 3150 non
2138 3096 2412 3152 modicum
2447 3096 2709 3165 temporis
2734 3097 3084 3152 intervallum
3127 3097 3295 3154 fuerit
3337 3101 3571 3169 primam

1996 3199 2139 3259 inter
2162 3198 2446 3254 homiliam
2474 3207 2669 3257 contra
2707 3198 3006 3256 Anomoeos
3045 3210 3101 3257 et
3133 3201 3372 3256 tertiam.
3427 3201 3564 3257 Cum

1997 3306 2180 3353 autem
2212 3296 2447 3366 primam
2480 3305 2674 3352 contra
2730 3295 2951 3353 Iudaeos
2986 3298 3265 3353 homiliam
3320 3299 3575 3356 habuerit:

1997 3398 2452 3469 menseAugusto
2482 3397 2610 3453 anni
2647 3398 2777 3463 386,
2832 3408 2894 3454 ut
2947 3416 3111 3471 supra
3168 3402 3431 3467 diximus,
3485 3420 3570 3459 sco

1999 3503 2235 3559 cundam
2289 3517 2419 3559 vero
2479 3502 2701 3557 ineunte
2752 3502 2974 3558 circiter
3010 3502 3340 3574 Septembri,
3372 3506 3569 3573 decem,

1996 3606 2075 3663 ait
2109 3606 2218 3669 ille,
2235 3621 2297 3659 ac
2309 3604 2546 3673 pluribus
2561 3604 2741 3660 diebus
2761 3613 2887 3675 post
2908 3606 3163 3676 primam,
3180 3622 3429 3677 magnam
3446 3607 3585 3679 Sep:

1999 3704 2234 3760 tembris
2267 3713 2475 3774 partem
2517 3704 2873 3773 insumpserit
2922 3704 3075 3777 [εδει
3106 3687 3583 3777 excipiendisillis-

1999 3803 2239 3875 patribus
2291 3802 2696 3872 spiritualibns,
2751 3817 2816 3858 ac
2873 3803 3216 3863 celebrandis
3273 3813 3575 3875 martyrmn

2002 3905 2484 3971 solemnitatibus,
2554 3919 2885 3975 rursumque
2958 3906 3265 3976 Septembri
3346 3918 3583 3964 exeunte

2003 4025 2194 4067 mense
2232 4025 2470 4080 pugnam
2505 4024 2633 4065 cum
2668 4010 2956 4079 Anomaiis
2990 4011 3373 4080 resumpserit,
3406 4026 3576 4082 quam

2001 4114 2199 4171 iterum
2230 4094 2317 4167 vel
2362 4111 2604 4168 nondum
2665 4121 2862 4168 exacto
2902 4110 3233 4182 Septembri,
3286 4114 3372 4168 vel
3423 4114 3580 4169 initio

2002 4212 2257 4272 Octobris
2293 4213 2670 4278 intermiserit,
2705 4220 2957 4283 urgente,
2988 4221 3050 4268 ut
3080 4212 3170 4267 ille
3197 4211 3296 4279 ait,
3332 4213 3579 4268 necessi-

2002 4327 2113 4375 tate
2146 4325 2207 4372 ut
2265 4323 2459 4372 contra
2491 4313 2710 4369 Judaeos
2770 4314 2969 4369 iterum
2999 4321 3278 4369 certamen
3333 4312 3578 4370 haberet.

2002 4422 2085 4476 An
2109 4433 2241 4475 vero
2274 4426 2399 4488 post
2435 4413 2732 4471 secundam
2766 4421 2956 4469 contra
3010 4414 3312 4472 Anomoeos
3361 4415 3582 4471 concio-

2002 4527 2127 4568 nem
2166 4511 2308 4566 hanc
2339 4507 2554 4565 tertiam
2589 4514 2778 4561 contra
2809 4503 3030 4562 Iudaeos
3057 4506 3330 4573 habuerit,
3358 4521 3426 4562 an
3456 4515 3582 4577 post

2002 4607 2218 4663 tertiam
2250 4604 2335 4660 vel
2367 4611 2493 4674 post
2519 4610 2796 4672 quartam,
2830 4601 2887 4657 id
2922 4602 3085 4672 plane
3120 4602 3392 4661 incertum
3446 4612 3575 4661 est:

2004 4715 2179 4777 neque
2213 4705 2315 4761 hac
2338 4704 2416 4760 de
2453 4717 2513 4759 re
2542 4700 2824 4773 quidpiam
2879 4702 3015 4759 certi
3049 4705 3217 4760 statui
3271 4718 3433 4775 posse
3492 4704 3580 4759 vi.-

2002 4806 2184 4862 detur.

2073 4905 2154 4962 Ne
2183 4916 2364 4963 autem
2395 4908 2537 4966 hanc
2562 4909 2780 4966 tertiam
2807 4916 3000 4966 contra
3028 4904 3258 4963 ,Judazos
3296 4902 3582 4960 homiliam

2004 5010 2099 5065 diu
2136 5018 2259 5081 post
2299 5010 2672 5080 Septembrem
2704 5011 3130 5071 constituamus,
3179 5006 3467 5077 prohibere
3504 5006 3584 5057 vi-

2005 5114 2166 5169 detur
2225 5113 2656 5184 Chrysostomus
2723 5111 2946 5166 humilia
3000 5108 3056 5163 in
3115 5108 3259 5163 diem
3331 5103 3581 5159 Natalem

2005 5215 2229 5281 Christi,
2260 5230 2427 5285 quam
2456 5215 2644 5273 habuit
2672 5228 2819 5270 anno
2844 5212 2972 5277 586,
3005 5211 3093 5266 die
3125 5209 3385 5280 vigesima
3414 5208 3582 5279 quin-

2009 5323 2060 5375 ta
2106 5312 2469 5369 Decembris:
2507 5312 2731 5383 Tempus
2788 5321 2963 5366 autem
3018 5321 3131 5364 tum
3185 5318 3321 5374 crat,
3380 5307 3585 5376 inquit,

2009 5417 2130 5488 [esti
2166 5415 2647 5473 Tabernaculorum
2668 5424 2717 5471 et
2739 5413 2967 5485 ieiunii:
2994 5412 3089 5466 hoc
3126 5411 3267 5466 enim
3301 5409 3397 5464 illa
3427 5408 3583 5463 verba

2012 5515 2113 5571 sibi
2144 5516 2349 5583 volunt,
2377 5513 2672 5571 Humiliate
2701 5514 2916 5568 animas
2942 5518 3172 5577 vestras,
3218 5508 3371 5579 idque
3423 5524 3454 5560 a
3485 5507 3587 5560 ,Ιιιρ

2008 5618 2138 5676 dicis
2172 5619 2312 5685 circa
2331 5617 2707 5707 ﬁnem‘ntensis
2735 5614 2983 5686 Gorptazi,
3033 5614 3087 5669 id
3113 5624 3209 5680 cst,
3240 5610 3587 5695 Septembris,
