3990 6198
462 250 559 307 8M

459 369 602 438 quod
647 379 694 425 et
756 388 843 428 vos
886 374 1187 439 testamini,
1245 375 1627 431 celebrabatur.
1697 375 1844 431 Tum:
1892 377 2030 430 enim

459 468 652 524 multos
668 471 1005 540 prolixosque
1038 489 1303 528 sermones
1350 483 1533 527 contra
1561 473 1781 530 Juda'os
1824 477 2031 530 insum-

456 570 682 637 psimus,
736 571 1092 636 importunum
1145 590 1329 626 eorum
1387 571 1655 643 jejunium
1699 585 2027 630 accusantes.

460 661 538 723 Eo
571 671 753 737 igitur,
789 680 850 724 ut
882 687 982 726 nos
1007 675 1416 738 constituimus,
1473 685 1714 745 tempere
1760 677 1859 730 has
1911 686 2021 731 tres

456 775 647 820 contra
678 763 900 822 Iudaeos
926 772 1222 827 conciones
1251 773 1459 828 habuit.
1505 773 1688 845 Neque
1739 791 1918 832 tamen
1955 781 2026 832 ita

457 881 645 920 mense
680 865 982 935 Septembri
1016 869 1228 924 habitas
1279 873 1411 926 dicit
1475 875 1572 930 has
1626 877 1824 931 multas
1853 879 2017 947 proli-

454 981 664 1037 xasque
701 970 978 1038 homilias,
1012 981 1073 1026 ut
1101 974 1303 1028 nullam
1337 985 1482 1039 ante,
1515 978 1716 1032 nullam
1738 987 1857 1048 post
1890 978 2027 1048 Sep-

456 1070 724 1126 tembrem
797 1074 1187 1141 pronuntiarit.
1225 1074 1356 1130 Nam
1403 1093 1525 1131 cum
1558 1079 1656 1143 ait,
1712 1090 1835 1132 tum:
1885 1081 2026 1133 enim

455 1170 650 1224 mullos
685 1173 1022 1244 prolixosque
1061 1191 1324 1230 sermones
1355 1187 1539 1230 cantm
1574 1177 1791 1232 Judtzos
1840 1179 2030 1232 habui-

452 1288 591 1332 mus,
619 1281 834 1343 tempus
874 1274 1092 1330 circiter
1127 1286 1378 1340 annotat,
1411 1293 1588 1348 neque
1623 1279 1876 1334 homilias
1903 1281 2028 1337 illas

453 1389 646 1429 omnes
677 1390 862 1431 mense
915 1373 1220 1446 Septembri
1255 1378 1702 1436 circumscribit:
1738 1396 1845 1434 non
1876 1381 2025 1438 enim

453 1475 594 1528 solet
620 1474 1048 1546 Chrysustomus
1077 1487 1230 1534 tanto
1261 1479 1520 1550 scrupulo
1539 1488 1697 1537 notas
1716 1489 2022 1551 temporum

452 1573 796 1644 consignare,
865 1582 927 1629 ut
987 1577 1189 1645 passim
1249 1577 1848 1635 ohservavimus.Cum
1893 1595 2030 1637 vero

453 1672 604 1738 dicit,
659 1673 854 1728 ntultos
912 1675 1250 1745 prolixaeque
1297 1693 1596 1744 sermones,
1643 1677 1892 1742 πολλοὺς·
1921 1680 2024 1734 καὶ

455 1772 700 1841 μακροὺς
743 1771 952 1840 λόγως,
980 1773 1080 1833 has
1105 1782 1217 1835 tres
1239 1773 1493 1828 homilias
1518 1775 1758 1830 indicare
1787 1775 2022 1842 videtur,

454 1869 735 1939 etiamque
789 1869 1042 1927 fortassis
1085 1871 1244 1936 alias,
1285 1888 1408 1943 quae
1463 1873 1666 1943 injuria
1715 1884 2028 1946 temporum

455 1971 874 2027 interciderint:
916 1987 1111 2043 parum
1163 1973 1309 2028 enim
1343 1973 1555 2035 abfuit,
1605 1975 1738 2046 quin
1788 1977 2027 2032 secunda

452 2073 620 2127 etiam
647 2073 868 2130 humilia
902 2076 1144 2144 perierit,
1176 2084 1367 2146 utpote
1395 2093 1518 2148 quae
1567 2077 1624 2133 in
1653 2094 1766 2134 uno
1815 2088 2027 2136 tantum

453 2168 678 2236 Codice,
721 2187 1030 2245 magnaque
1081 2174 1167 2230 sui
1203 2186 1357 2246 parte
1415 2177 1606 2233 mutila
1661 2187 1874 2250 reperta
1927 2181 2020 2238 sit.

452 2267 569 2324 huc
605 2286 736 2325 vero
785 2283 996 2328 certum
1042 2274 1258 2330 videtur
1285 2277 1494 2346 aliquot
1539 2293 1603 2333 cx
1641 2278 1710 2334 iis
1762 2295 1900 2350 quas
1937 2283 2026 2339 hic

455 2381 748 2435 metuont,
783 2375 1041 2432 homiliss
1086 2376 1433 2433 intercidisse
1464 2399 1476 2434 :
1527 2395 1652 2433 nam
1690 2378 1744 2434 in
1779 2383 1885 2436 line
1915 2390 2026 2438 ter-

453 2469 542 2525 tia:
569 2472 703 2527 dicit
726 2491 741 2528 :
775 2473 1234 2540 Quemadmodum
1257 2476 1754 2546 demonstravimus,
1782 2496 1899 2533 cum
1924 2481 2024 2534 Ioue

452 2575 518 2628 de
549 2591 605 2629 re
639 2578 797 2630 multi
827 2578 1000 2631 habiti
1059 2579 1254 2647 fuerint
1285 2595 1318 2631 a
1352 2595 1433 2633 me
1471 2594 1753 2648 sermones,
1799 2581 2026 2645 πολλοὺς

447 2673 702 2746 ἀνήλωσα
757 2676 990 2746 heroos
1047 2694 1156 2733 non
1193 2678 1274 2733 sic
1300 2679 1605 2744 locuturus,
1639 2680 1685 2734 si
1733 2679 1872 2736 duos
1900 2689 2025 2736 tan-

451 2782 566 2826 tum
604 2775 708 2829 hac
737 2775 804 2830 de
835 2792 894 2831 re
922 2793 1206 2834 sermones
1245 2778 1544 2833 habuisset.
1577 2776 1682 2832 Sed
1714 2794 1846 2834 cave
1864 2790 2024 2851 putes

449 2888 574 2930 cum
610 2874 886 2933 Frontone
915 2879 1114 2934 Ducam
1149 2880 1404 2935 humilius
1448 2881 1692 2950 quinque
1733 2893 2024 2952 sequentes

448 2972 537 3030 his
566 2974 945 3047 Chrysostomi
979 2979 1183 3044 verbis,
1215 2979 1400 3051 longos
1444 2981 1783 3053 prolixosque
1825 3000 2024 3039 sermo-

450 3090 568 3136 nes,
594 3075 939 3147 significari:
999 3079 1121 3136 illas
1179 3081 1454 3151 siquidem
1508 3082 1700 3137 habuit
1756 3083 1848 3138 diu
1903 3094 2026 3154 post

449 3173 741 3234 llomiliam
775 3178 834 3235 in
857 3177 1107 3236 Natalem
1150 3180 1391 3247 Domini,
1426 3199 1573 3239 anno
1611 3183 1719 3238 586
1756 3183 2022 3254 habitam,

452 3275 599 3332 unde
633 3288 887 3347 excerpts
921 3279 1010 3334 illa
1038 3280 1203 3334 verba
1240 3290 1390 3346 sunt,
1437 3293 1498 3337 ut
1530 3299 1654 3337 mox
1693 3299 1870 3354 neque
1915 3287 2024 3339 du-

447 3372 554 3430 hiis
582 3377 923 3445 argumentis
963 3377 1142 3447 palam
1178 3377 1468 3436 faciemus.

521 3485 714 3542 Restat
743 3495 804 3541 ut
841 3487 1170 3558 quihusdam
1203 3506 1232 3545 a
1285 3491 1632 3550 Tillemontio
1668 3493 1812 3550 circa
1861 3495 2025 3566 hujus

447 3586 693 3642 humilia
763 3594 980 3656 tempus
1032 3591 1326 3660 propositis
1401 3591 1584 3649 dubiis
1639 3609 2018 3650 occurramus.

448 3687 602 3754 Quod
644 3688 720 3742 ait
753 3688 1182 3761 Chrysostomus
1230 3692 1284 3747 in
1336 3691 1441 3749 hac
1488 3693 1736 3759 homilia,
1783 3695 2019 3764 primum

448 3790 590 3845 diem
621 3788 956 3861 Azymorum
998 3791 1102 3848 hoc
1131 3807 1279 3847 anno
1308 3793 1550 3850 incidere
1573 3794 1626 3849 in
1656 3794 2021 3863 Dominicam,

449 3890 504 3945 id
532 3892 722 3962 utique
759 3907 909 3947 anno
939 3893 1045 3950 387
1071 3894 1327 3966 contigit.
1353 3893 1463 3952 Nec
1507 3897 1633 3954 inde
1663 3907 1846 3954 tamen
1885 3899 2024 3955 infe-

446 4007 541 4047 ras
563 3993 758 4047 eodem
793 4008 940 4050 anno
974 3994 1103 4060 587,
1133 3996 1352 4066 qualem
1393 4013 1751 4056 numeramus
1783 4016 1815 4056 s
1844 4001 2021 4071 prima

449 4087 691 4148 Ianuarii
723 4091 844 4157 die,
877 4093 1284 4162 pronuntiatam
1316 4094 1488 4151 fuisse
1527 4095 1668 4152 hanc
1697 4097 1976 4154 homiliam
2002 4117 2017 4154 :

446 4205 574 4248 nam
615 4201 980 4264 prater-quam
1013 4195 1160 4266 quod
1201 4210 1232 4250 a
1261 4195 1567 4268 Septembri
1621 4214 1812 4256 mense
1844 4215 2024 4257 annus

451 4294 507 4348 in
560 4291 806 4348 Ecclesia
871 4293 1058 4350 Graeca
1116 4296 1450 4362 inchoatur,
1497 4298 1636 4354 nihil
1679 4298 2021 4371 frequentius

449 4395 592 4464 apud
621 4395 845 4452 Gnaeos
869 4396 1061 4454 Patres
1102 4409 1156 4453 et
1189 4399 1488 4469 scriptores
1533 4409 1622 4456 est
1650 4416 1815 4471 quam
1873 4402 2020 4474 quod

447 4494 553 4549 hoc
577 4510 723 4549 anno
751 4510 866 4549 rem
893 4499 1211 4568 quampiam
1242 4515 1536 4557 occurrere
1562 4501 1770 4568 dicant,
1799 4501 2022 4572 quando

450 4592 517 4646 ad
550 4607 663 4647 rem
696 4594 883 4650 minus
921 4611 1086 4665 quam
1122 4599 1289 4655 unius
1317 4601 1445 4655 anni
1479 4603 1716 4671 spatium
1751 4604 2021 4659 intercuro

446 4695 543 4751 rit.
583 4696 948 4762 Quamobrem
976 4698 1180 4766 optime
1201 4699 1402 4754 dixerit
1433 4718 1575 4756 anno
1603 4704 1728 4771 586,
1762 4703 2010 4775 Septem-

450 4799 534 4854 bri
569 4815 779 4866 mense,
806 4796 1236 4871 Chrysostomus
1262 4803 1496 4874 primum
1523 4805 1666 4860 diem
1687 4807 2019 4878 Azymorum

453 4902 560 4959 hoc
593 4919 740 4960 anno
773 4904 1088 4961 inciderein
1116 4905 1260 4961 diem
1294 4906 1656 4978 Dominicam,
1683 4912 1916 4982 loquens
1945 4913 2015 4969 de

448 5005 620 5080 primo
646 5005 734 5061 die
763 5005 1100 5078 Azymorutn
1140 5007 1270 5062 anni
1340 5008 1471 5065 587.
1529 5007 1718 5082 itaque
1762 5013 1807 5068 si
1855 5013 2020 5070 Tille—

451 5105 712 5172 montlus,
772 5108 865 5176 qui
912 5108 1074 5177 paulo
1115 5117 1242 5163 ante
1283 5107 1772 5181 Quadragesimam
1817 5115 1898 5170 vel
1959 5117 2024 5183 in,

447 5203 564 5268 ipsa
587 5203 1012 5272 Quadragcsima
1055 5205 1181 5259 anui
1208 5205 1310 5260 587
1349 5207 1490 5262 hanc
1535 5208 1840 5266 institutam
1893 5227 2016 5268 esse

446 5305 761 5358 concionem
801 5306 1155 5375 probabiliter
1187 5309 1504 5373 existimat,
1547 5311 1648 5367 hac
1694 5312 2019 5386 Chrysosto-

450 5404 519 5454 Illi
553 5403 807 5474 loquendi
845 5408 1054 5460 ratione
1080 5409 1304 5470 nitatur,
1328 5423 1359 5462 a
1387 5423 1557 5481 scopo
1585 5411 1744 5480 plane
1773 5415 2014 5469 aberrat.

446 5503 606 5558 Aliud
636 5507 779 5562 eruit
807 5519 1190 5576 argumentum
1213 5524 1279 5565 ex
1303 5510 1390 5566 his
1410 5513 1610 5578 verbis,
1633 5515 1731 5580 τὰς
1757 5516 1855 5586 μὲν
1879 5517 2018 5573 ταύ-

440 5620 542 5666 τας
576 5606 808 5678 ἡμέρας,
851 5608 946 5662 Im
985 5609 1054 5664 40
1081 5611 1215 5675 dies,
1275 5611 1478 5683 quibus
1510 5614 1824 5684 suspicatur
1865 5614 2014 5672 indi-

1168 258 1226 314 S.
1261 259 1543 320 JOANNIS
1578 245 2061 316 CIIRYSOSTOMI
2096 244 2416 311 ARCiliEP.
2454 250 2998 313 CONSTANTINOP.

3556 272 3642 328 ω

2135 374 2245 430 cari
2295 373 2349 428 in
2424 372 2543 442 ipsa
2609 368 3048 442 Quadragesima
3098 370 3336 431 habitam
3400 377 3641 442 homiliam

2052 497 2080 504 ··
2131 475 2326 531 fuisse.
2351 471 2467 529 Non
2523 473 2739 528 videtur
2784 480 2965 528 autem
3023 471 3155 529 hinc
3189 474 3310 544 plus
3341 480 3544 535 subsidii
3575 499 3646 537 re-

2067 585 2091 618 ε
2130 573 2316 629 ferre:
2349 589 2474 628 nam
2534 573 2621 628 his
2662 572 2958 644 signiﬁcari
3007 582 3215 645 potest,
3247 574 3343 631 hos
3389 578 3449 632 de
3478 580 3646 647 quibus

2127 677 2350 744 loquor,
2404 688 2510 729 non
2541 685 2747 738 autem,
2809 674 2910 729 hos
2955 675 3009 729 in
3054 675 3256 745 quibus
3302 691 3558 732 versamur
3592 682 3648 736 4'0

2128 773 2265 828 dies.
2295 773 2457 828 Certe
2485 772 2616 828 huic
2668 772 2914 843 opinioni
2967 773 3228 841 refragari
3281 776 3478 832 videtur
3502 779 3649 851 Chry-

2126 883 2408 930 sostomus
2436 891 2560 930 cum
2595 873 2752 930 initio
2786 873 2952 944 hujus
2993 875 3232 930 humilia:
3271 875 3396 931 dicit
3444 893 3498 932 se
3541 895 3651 934 con-

2127 973 2348 1027 cionum
2388 982 2582 1030 contra
2633 973 2932 1030 Anomtnos
2972 977 3170 1031 seriem
3213 976 3386 1032 denuo
3430 979 3655 1050 interpels

2096 1070 2241 1125 .larc
2268 1072 2410 1140 cOgi,
2453 1080 2508 1126 et
2553 1087 2620 1126 ex
2671 1074 2836 1127 modo
2885 1073 3131 1129 ordiendi
3178 1074 3398 1140 iudicat,
3428 1092 3483 1132 se
3535 1078 3655 1133 hanc

2127 1172 2344 1225 tertiam
2396 1173 2714 1229 concionem
2769 1183 2958 1230 contra
3007 1173 3258 1240 Jndaeos,
3307 1178 3507 1234 modico
3551 1189 3655 1248 post

2125 1268 2422 1325 secundam
2450 1271 2636 1342 elapso
2663 1282 2906 1343 tempore
2948 1275 3228 1341 habuisse,
3273 1292 3390 1346 quae
3440 1279 3651 1332 secunda

2128 1372 2183 1427 in
2221 1387 2464 1428 mensem
2501 1373 2876 1444 Septembrem
2926 1376 3070 1430 haud
3101 1378 3266 1432 dubie
3295 1377 3580 1443 referenda.
3607 1389 3656 1434 ut

2125 1487 2293 1542 supra
2327 1472 2586 1529 vidimus.
2618 1474 2680 1528 Et
2709 1489 2842 1530 sane
2865 1490 2989 1531 cum
3015 1475 3434 1548 Chrysostomus
3463 1478 3656 1533 homilia

2126 1574 2183 1630 in
2215 1575 2304 1631 die
2339 1573 2514 1630 Natali
2543 1576 2747 1633 Christi
2778 1578 2907 1631 anni
2939 1577 3046 1633 586
3079 1577 3226 1633 dicat
3257 1594 3317 1633 se
3344 1595 3517 1636 mense
3564 1583 3657 1634 cir-

2125 1677 2265 1732 citer
2293 1678 2602 1748 Septembri
2632 1680 2836 1736 multos
2862 1679 3215 1750 prolixosque
3243 1697 3514 1735 sermones
3548 1697 3660 1736 cun-

2128 1785 2209 1831 tra
2234 1775 2456 1832 Iudaeos
2491 1778 2820 1847 instituisse,
2853 1781 3246 1852 congruentius
3289 1780 3342 1835 iu
3377 1780 3500 1835 illud
3527 1780 3661 1836 circi-

2127 1884 2210 1931 ter
2272 1886 2488 1947 tempus
2551 1878 2694 1934 hanc
2753 1879 2968 1932 tertiam
3033 1879 3320 1933 humilium
3372 1878 3661 1948 rejicimus,

2124 1987 2417 2048 postquam
2481 1979 2568 2034 vel
2628 1979 2925 2035 secundam
2980 1989 3173 2034 contra
3227 1981 3549 2043 Anomteos,
3591 1983 3662 2036 vel

2125 2076 2287 2130 aliam
2321 2092 2389 2132 ex
2419 2078 2777 2148 sequentibus
2809 2079 3076 2134 habuerat
3107 2097 3122 2134 :
3159 2095 3272 2134 non
3305 2080 3444 2134 enim
3477 2089 3662 2134 constat

2126 2193 2376 2249 quaenam
2410 2195 2474 2235 ex
2505 2179 2617 2235 illis
2649 2179 2793 2233 hanc
2822 2178 3036 2233 tertiam
3083 2187 3280 2234 contra
3321 2176 3526 2233 Iudaeos
3550 2194 3665 2248 pra-

2125 2283 2374 2340 ccsmerit.
2405 2281 2484 2336 Ad
2521 2282 2639 2337 hac
2692 2297 2826 2336 vero
2880 2281 2925 2336 si
2986 2281 3039 2336 in
3067 2281 3492 2354 Quadragesima
3545 2283 3666 2336 hane

2126 2383 2411 2438 homiliam
2443 2382 2644 2437 dictam
2699 2381 2869 2438 fuisse
2903 2389 3232 2448 statuamus,
3299 2400 3362 2439 ea
3413 2384 3512 2439 erit
3542 2381 3669 2449 Qua-

2124 2483 2436 2555 drngesima
2463 2481 2608 2538 haud
2641 2483 2803 2537 dubie
2829 2481 2959 2536 anni
2991 2482 3097 2537 587
3123 2499 3138 2549 ;
3175 2481 3231 2537 in
3271 2482 3360 2538 illa
3391 2498 3511 2538 vero
3539 2481 3662 2548 Qua-

2124 2584 2434 2655 dragesima
2488 2599 2708 2639 cursum
2773 2584 3119 2638 homiliarum
3167 2593 3362 2640 contra
3400 2583 3670 2640 Anommos

2126 2684 2492 2755 interceperit,
2526 2693 2586 2738 ut
2620 2685 2760 2740 haue
2781 2691 2973 2738 contra
3003 2681 3223 2739 Judmos
3274 2684 3507 2739 haberet.
3537 2681 3666 2748 Quo-

2125 2781 2290 2836 modo
2321 2790 2501 2836 autem
2543 2781 2660 2836 haec
2706 2782 2997 2836 convenire
3028 2782 3246 2850 possint
3295 2783 3348 2836 in
3377 2781 3669 2851 Quadrage-

2123 2881 2317 2936 simam
2351 2882 2480 2938 anni
2520 2881 2650 2949 387,
2683 2895 2779 2952 per
2809 2897 2974 2952 quam
3006 2889 3175 2936 totam
3209 2883 3286 2938 de
3318 2882 3507 2937 statuis
3530 2895 3670 2936 ever.

2125 2981 2202 3037 sis
2249 2983 2614 3038 eoncionatus
2640 2979 3070 3054 Chrysostomus
3123 2991 3235 3046 est,
3275 2992 3407 3039 tunc
3461 2991 3594 3037 totus
3622 2981 3672 3034 in

2123 3083 2499 3141 describendis
2539 3084 3001 3155 deplorandisque
3048 3082 3512 3140 Antiocheam-um
3541 3082 3668 3137 cala-

2124 3186 2431 3250 mitatibus,
2460 3185 2660 3256 quibus
2691 3185 2958 3240 medicam
3012 3199 3242 3240 manum
3281 3185 3558 3240 admovere
3587 3197 3670 3238 co-

2126 3287 2361 3342 nabatur
2379 3286 2405 3340 ἳ
2429 3284 2598 3354 Cujus
2630 3285 2935 3354 argumenti
2956 3283 3064 3339 vim
3088 3297 3149 3340 ut
3173 3287 3377 3341 melius
3408 3283 3668 3352 intelligas.

2123 3384 2440 3440 consideres
2474 3383 2656 3450 velim,
2721 3383 2776 3437 in
2807 3383 3234 3455 Quadragesima
3287 3383 3417 3440 anni
3459 3383 3554 3437 587
3585 3382 3672 3434 bo-

2125 3485 2304 3540 milias
2333 3484 2524 3556 viginti
2554 3493 2608 3539 et
2635 3499 2801 3538 unam
2832 3484 3047 3541 habitas
3087 3484 3284 3550 fuisse,
3332 3501 3452 3556 quae
3499 3483 3668 3536 etiam-

2126 3601 2257 3640 num
2291 3593 2607 3656 supersunt,
2641 3593 2878 3653 totaeque
2908 3585 2961 3638 ln
3006 3585 3363 3653 deplorandis
3405 3581 3669 3639 Antioche-

2125 3687 2211 3742 nis
2236 3686 2639 3742 calamitatibus
2667 3693 2974 3750 versantur,
3010 3684 3065 3737 in
3093 3699 3405 3754 earumque
3455 3679 3670 3737 exordiis

2125 3794 2186 3839 ut
2239 3785 2538 3855 plurimum
2585 3783 2654 3842 de
2703 3782 3136 3854 praecedentibus
3200 3783 3445 3838 homiliis
3493 3781 3669 3851 agitur.

2125 3883 2515 3952 Quamobrem,
2550 3883 2598 3940 si
2637 3884 3024 3940 controversia
3081 3882 3148 3938 de
3205 3884 3383 3954 gloria
3425 3878 3672 3951 Uuigcniti

2123 3997 2179 4044 et
2228 3995 2421 4045 contra
2477 3987 2776 4044 Anomteos
2839 3997 2970 4044 tunc
3025 3986 3356 4056 viguissent,
3389 3997 3443 4042 et
3477 3985 3520 4041 si
3574 3985 3673 4037 haec

2124 4098 2318 4145 contra
2341 4086 2561 4143 Judteos
2592 4095 2725 4142 tunc
2774 4087 2957 4142 habita
2991 4085 3207 4150 fuisset,
3262 4088 3315 4141 id
3349 4087 3403 4140 in
3458 4082 3673 4155 quodam

2121 4190 2392 4261 prommio
2429 4189 2574 4244 haud
2607 4188 2774 4244 dubie
2804 4197 3209 4244 memoraturus
3253 4197 3396 4243 erat.
3447 4187 3525 4240 Ad
3574 4185 3674 4238 haec

2124 4307 2256 4348 vero
2288 4292 2415 4363 quis
2474 4300 2647 4362 putet,
2699 4290 2754 4346 in
2819 4291 3079 4346 extremis
3131 4291 3396 4361 periculis
3450 4297 3505 4343 et
3534 4284 3674 4340 malis

2122 4405 2377 4450 versante
2405 4393 2649 4458 civitate,
2679 4393 3129 4465 Cbrysostomum
3175 4403 3373 4446 contra
3403 4390 3674 4444 Anomueus

2121 4502 2178 4552 et
2201 4494 2420 4552 Judaos
2447 4495 2853 4552 controversias
2891 4493 3186 4556 excitasse,
3223 4509 3347 4562 qua:
3379 4490 3674 4546 auditorum

2121 4605 2178 4653 ct
2203 4595 2374 4652 otium
2407 4604 2463 4651 et
2491 4595 2734 4652 sedatam
2762 4603 2998 4649 mentem
3038 4593 3413 4664 postulabant.

2192 4705 2348 4779 [586]
2381 4703 2564 4778 Longe
2596 4704 2952 4761 diﬂiciliorem
3007 4705 3169 4760 aliam
3203 4713 3393 4760 movet
3435 4698 3674 4774 quaestio.

2121 4823 2243 4862 nem
2272 4805 2678 4872 Tillemontius,
2731 4821 2854 4875 quae
2887 4820 3042 4859 suam
3095 4805 3302 4875 pariter
3333 4813 3387 4859 et
3444 4811 3670 4856 nostram

2121 4908 2450 4965 sententiam
2481 4907 2727 4976 impetat,
2759 4922 2990 4978 quaeque
3024 4905 3347 4973 hujusmodi
3389 4914 3490 4959 est.
3517 4901 3674 4969 Hujus

2076 5047 2078 5049 ›
2121 5008 2359 5064 homilim
2389 5009 2579 5066 titulus
2604 5018 2706 5075 est,
2734 5010 2830 5072 Εἰς
2857 5011 2982 5071 τοὺς
3021 5008 3092 5062 τὰ
3139 5007 3336 5078 πρῶτα
3379 5007 3558 5074 πάσχα
3591 5017 3672 5069 νηο

2124 5109 2432 5174 στεὺοντας,
2467 5108 2534 5163 In
2555 5125 2641 5164 eos
2667 5109 2757 5178 qui
2793 5109 2963 5176 primo
2992 5107 3199 5161 Pascha
3224 5107 3500 5175 jejunum.
3531 5097 3671 5168 Quod

2120 5220 2302 5266 autem
2339 5211 2443 5266 hoc
2476 5211 2594 5281 ipso
2622 5225 2766 5266 anno
2815 5210 2872 5276 ii,
2903 5209 2996 5277 qui
3047 5206 3364 5262 Judaaorum
3419 5201 3671 5258 calculum

2118 5309 2173 5364 in
2203 5309 2468 5366 Paschate
2507 5311 2894 5380 sequebantur,
2929 5311 2982 5364 in
3015 5311 3136 5381 ipso
3170 5307 3444 5364 Paschate
3467 5305 3670 5376 jejuna-

2117 5413 2225 5468 turi
2252 5423 2457 5478 essent,
2504 5414 2584 5470 sic
2615 5415 2860 5470 declarat
2912 5413 3347 5484 Chrysostomus
3399 5423 3552 5465 num.
3601 5403 3669 5458 5:

2121 5511 2257 5567 Ecce
2282 5527 2506 5585 namque
2553 5515 2756 5585 primus
2788 5516 2899 5568 dies
2946 5515 3266 5582 Azymorum
3321 5511 3420 5563 hoc
3457 5520 3589 5560 anno
3623 5502 3670 5554 in

2117 5611 2458 5668 Dominiesm
2482 5614 2622 5668 diem
2673 5613 2877 5681 incidit,
2923 5623 2973 5668 et
2997 5613 3204 5667 omnino
3235 5623 3443 5664 necesse
3467 5614 3565 5672 est;
3617 5603 3669 5652 ιιι
