3990 6198
259 227 379 284 ser
1290 227 1658 286 ADVERSUS
1694 225 2008 287 lUDrEOS.
2043 260 2114 276 -—
2145 231 2487 290 HONITUM.

260 357 372 403 tota
407 346 1073 421 hebdomadajejunemus,
1101 359 1149 404 et
1189 366 1308 405 cum
1363 347 1552 407 Passio
1611 360 1834 420 prater-

256 449 407 512 ierit,
438 457 489 502 et
515 464 650 503 crua:
678 450 950 505 advenerit
980 460 1030 504 et
1053 452 1381 517 resurrectio,
1424 467 1517 506 nos
1543 451 1714 505 adhuc
1744 452 1833 522 je-

248 543 510 612 junantes
549 566 880 606 maneamus.
921 551 991 605 Et
1026 567 1379 622 saepenumero
1415 553 1558 607 istud
1609 555 1832 617 accidit,

263 662 324 704 ut
359 662 480 722 post
545 669 772 718 crucem,
830 662 948 720 post
1009 657 1464 724 resurrectionem,
1510 657 1834 712 Itebdomada

261 755 497 806 nondum
530 753 796 815 absoluta.
819 755 1083 825 jejunium
1117 758 1462 814 observemus.
1493 757 1617 814 llaec
1647 769 1834 815 contra

260 867 360 906 eos
395 853 688 920 dicuntur,
723 857 813 923 qui
851 857 1122 926 jejunium
1159 857 1390 916 Iudaico
1439 877 1594 917 more
1645 877 1833 916 serva-

261 953 419 1018 bant,
462 955 670 1026 quique
721 958 1016 1026 aliquando
1055 960 1108 1014 in
1151 962 1271 1030 ipso
1321 961 1589 1016 Paschate
1618 961 1834 1031 jejuna-

261 1054 419 1119 bant,
465 1056 688 1126 quando
742 1061 953 1115 scilicet
1005 1060 1320 1117 Judaaorum
1355 1063 1597 1117 calculus
1628 1060 1836 1118 Pascha

263 1157 585 1228 assignabat
619 1169 746 1228 post
773 1157 1214 1217 Christianorum
1238 1163 1466 1218 Pascha.
1506 1163 1660 1219 Tunc
1692 1164 1836 1218 enim

262 1257 568 1316 Christiani
601 1261 680 1316 illi
715 1262 808 1331 qui
837 1260 1071 1320 Iudaico
1102 1264 1204 1320 ritu
1235 1264 1504 1336 jejunium
1527 1265 1835 1330 servabant,

264 1361 363 1415 illo
400 1361 488 1416 die
517 1361 845 1432 jejunabaut
871 1380 982 1434 quo
1035 1365 1212 1422 cmteri
1272 1365 1569 1422 Christiani
1629 1363 1839 1423 Pascha

261 1460 634 1517 celebrarent.
681 1461 849 1533 Atqui
913 1466 1214 1520 secundum
1266 1465 1502 1522 Tabulas
1549 1465 1838 1536 paschales

266 1577 418 1617 anno
499 1562 604 1618 387
697 1563 908 1621 Pascha
953 1567 1142 1622 incidit
1174 1568 1226 1622 in
1265 1568 1338 1622 25
1383 1568 1604 1638 Aprilis,
1647 1583 1839 1637 nempe

265 1679 435 1735 quam
465 1664 776 1720 tardissime
802 1676 978 1736 potest
999 1683 1328 1724 occurrere:
1380 1669 1654 1739 quomodo
1709 1684 1840 1739 ergo

265 1773 528 1835 poterant
564 1766 669 1818 hoc
705 1779 850 1819 anno
881 1764 1232 1822 Judaizantes
1271 1767 1344 1822 illi
1384 1768 1436 1822 in
1467 1766 1730 1824 Paschate
1753 1769 1839 1840 je-

260 1863 636 1934 junare,cum
700 1860 910 1916 Pascha
964 1861 1278 1917 Juda‘orum
1332 1879 1610 1932 nunquam
1669 1863 1842 1933 possit

266 1966 414 2020 ultra
441 1963 514 2019 25
547 1965 754 2035 Aprilis
775 1965 1112 2020 occurrere?
1139 1966 1332 2036 lugens
1355 1981 1489 2020 sane
1511 1963 1800 2020 ditlicultas
1823 1980 1838 2029 ;

264 2072 361 2128 sed
398 2088 520 2142 quae
559 2082 738 2126 tamen
767 2079 948 2128 certas
978 2072 1242 2142 temporis
1275 2080 1431 2126 notas
1476 2086 1505 2126 a
1539 2071 1698 2126 nobis
1749 2086 1842 2126 su-

264 2188 366 2243 pra
410 2172 618 2243 positas
649 2179 893 2228 evertere
921 2180 1176 2242 nequeat.
1219 2169 1353 2227 Nam
1408 2179 1588 2226 utrum
1625 2185 1840 2239 semper

263 2273 596 2327 Antiocheni
628 2272 941 2326 invariabili
995 2272 1114 2341 lege
1142 2269 1636 2325 Alexandrinorum
1696 2269 1840 2324 circa

263 2370 475 2427 Pascha
515 2370 734 2426 Domini
765 2372 1040 2428 calculum
1073 2371 1247 2426 secuti
1284 2371 1412 2434 sint,
1447 2371 1498 2425 id
1541 2387 1673 2426 sane
1731 2387 1841 2426 non

264 2487 443 2542 usque
465 2472 602 2528 adeo
632 2472 793 2528 nobis
854 2481 1195 2541 compertum
1221 2481 1348 2528 est:
1401 2479 1566 2542 atque
1627 2470 1841 2526 etiamsi

263 2588 488 2643 semper
515 2575 689 2630 secuti
721 2573 868 2639 sint,
919 2589 988 2628 an
1039 2573 1310 2628 aﬂlrmare
1355 2587 1648 2642 possumus
1689 2587 1843 2626 nun-

263 2691 428 2742 quam
469 2690 714 2730 errorem
767 2675 821 2729 in
862 2675 1074 2731 calculo
1110 2673 1493 2730 intercidisse?
1544 2671 1703 2728 Certe
1756 2669 1842 2726 fa-

264 2785 453 2830 tentur
542 2774 647 2829 viri
709 2775 1051 2830 calculorum
1107 2774 1450 2844 paschalium
1520 2757 1842 2844 peritissimi

261 2891 514 2931 errorem
551 2875 825 2932 interdum
856 2877 908 2929 in
967 2876 1195 2932 calculis
1249 2875 1564 2946 hujusmodi
1619 2876 1842 2932 contin-

263 2993 417 3046 gere,
455 2991 558 3031 nec
592 2975 777 3031 multis
820 2975 1022 3031 abhinc
1080 2975 1244 3030 annis
1294 2975 1611 3045 contigisse,
1667 2989 1846 3044 neque

261 3085 446 3130 tutum
480 3090 697 3145 semper
731 3090 854 3130 esse
881 3084 1042 3130 notas
1072 3074 1357 3145 paschales
1383 3075 1510 3131 aliis
1533 3085 1842 3144 temporum

260 3176 411 3230 notis
440 3185 793 3245 anteponere.
827 3173 972 3229 Sane
1007 3183 1158 3230 tanta
1199 3175 1416 3229 videtur
1467 3189 1692 3240 eorum,
1723 3190 1845 3246 quae

259 3293 430 3346 supra
459 3277 728 3345 diximus,
763 3278 1016 3342 ﬁrmitas,
1052 3280 1310 3351 utpOtius
1346 3294 1412 3333 ex
1439 3279 1848 3348 computatione

260 3387 456 3432 nostra
489 3384 680 3431 contra
709 3375 980 3431 calculum
1009 3375 1321 3446 paschalem
1353 3375 1647 3446 ejusmodi,
1681 3393 1845 3448 quam

261 3495 331 3535 ex
363 3479 583 3535 calculo
613 3478 858 3551 paschali
882 3488 1074 3536 contra
1104 3479 1568 3549 computationem
1597 3489 1843 3536 nostram

259 3585 450 3640 liceat.

343 3698 474 3755 Hac
504 3699 574 3755 de
606 3698 784 3754 tribus
813 3695 1089 3768 prioribus
1117 3707 1309 3752 contra
1339 3695 1560 3751 Judaos
1583 3696 1842 3752 homiliis.

265 3801 528 3872 Quinque
588 3815 722 3856 vero
775 3809 1068 3870 sequentes
1138 3799 1233 3854 diu
1292 3807 1417 3870 post
1472 3798 1845 3854 intermissam

267 3901 511 3972 priorem
542 3899 810 3955 adversus
847 3901 1068 3955 eosdem
1112 3897 1576 3955 concertationem
1633 3899 1848 3956 habitas

271 4001 446 4059 fuisse
481 3999 794 4055 subindicat
835 4001 951 4071 ipse
990 3999 1418 4071 Chrysostomus
1453 4001 1608 4054 initio
1639 4011 1849 4070 quarta:

268 4099 356 4157 his
383 4101 567 4156 verbis
596 4119 609 4155 :
648 4098 854 4155 Rursus
897 4099 1131 4170 infelices
1167 4099 1251 4153 illi
1293 4101 1699 4172 mortaliumque
1731 4118 1847 4156 om-

268 4203 416 4257 nium
477 4203 764 4256 miserrimi
832 4202 1013 4257 Judtei
1059 4203 1362 4274 jejunaturi
1425 4212 1595 4259 sunt:
1659 4221 1844 4264 rursus

270 4303 476 4361 Christi
505 4322 714 4378 gregem
762 4307 1066 4362 muniamus
1115 4323 1318 4361 necesse
1355 4317 1456 4363 est.
1515 4306 1620 4364 Sed
1662 4317 1846 4378 aperte

273 4404 518 4462 declarat
542 4393 774 4463 ‘homilia
799 4415 950 4463 sexta
985 4423 1138 4464 num.
1171 4407 1205 4462 6
1231 4425 1244 4463 :
1280 4405 1421 4472 Quid
1449 4416 1625 4462 autent
1657 4407 1846 4477 loquor

3385 239 3514 296 863‘

1938 349 2004 404 de
2035 353 2372 419 prwdonibus
2399 355 2424 407 .’
2470 352 2716 423 Profecto
2764 356 2913 410 scitis
2947 372 3124 411 omnes
3165 374 3226 411 ac
3276 361 3514 423 memini,

1939 455 2152 524 quando
2177 457 2320 526 apud
2351 473 2446 510 nos
2483 459 2727 512 scelerati
2751 459 2968 529 quidam
3015 468 3064 514 et
3095 461 3510 530 priestigiatores

1938 562 2147 607 statuas
2176 557 2433 625 principis
2458 555 2777 627 dejecerunt,
2808 576 2911 628 quo
2946 569 3100 628 pacto
3125 575 3228 612 non
3273 559 3354 612 illi
3387 571 3512 613 tun--

1940 663 2048 706 tum
2079 658 2168 725 qui
2221 657 2428 725 {acinus
2451 660 2572 712 ausi
2623 659 2856 728 fuerant,
2891 661 2982 714 sed
3023 669 3276 730 quotquot
3314 661 3513 729 simpli-

1941 757 2072 809 citer
2104 768 2391 826 pra'sentes
2427 763 2689 830 conspecti
2722 773 2892 826 erant,
2923 765 3172 831 quoniam
3202 761 3512 816 videbuntur

1942 855 2052 910 illis
2101 859 2368 920 assentiri,
2429 859 2483 913 in
2533 859 2795 929 judicium
2835 861 3036 929 abrepti
3096 859 3358 929 simulque
3391 875 3514 912 cum

1941 956 2051 1011 itlis
2067 930 2293 1012 abducti
2331 970 2563 1013 extremo
2589 962 2846 1030 supplicio
2875 963 2979 1016 sint
3029 962 3226 1031 aﬂ’ecti.
3263 959 3360 1014 Hic
3399 975 3512 1014 meo

1944 1069 2208 1115 moratam
2243 1060 2492 1116 videmus
2520 1061 2666 1116 illam
2694 1062 3038 1133 tragoediam,
3067 1078 3187 1132 quae
3212 1077 3310 1132 per
3341 1069 3509 1115 totam

1945 1161 2430 1232 Quadragesimam
2473 1163 2601 1216 anui
2663 1162 2768 1216 587
2828 1163 3120 1218 occasione
3178 1163 3512 1232 dt-jcctarum

1945 1271 2253 1320 statuarum
2281 1263 2588 1319 Antiochia:
2618 1265 2860 1320 exhibita
2892 1277 2996 1333 est,
3022 1267 3088 1322 de
3119 1281 3222 1338 qua
3266 1266 3514 1334 pluribus

1948 1364 2104 1417 initio
2143 1364 2275 1418 tomi
2338 1364 2638 1434 sequentis.
2677 1364 2802 1420 [hec
2858 1382 3022 1436 porro
3080 1379 3232 1424 sexta
3290 1368 3512 1422 homilia

1947 1466 2131 1520 habita
2176 1467 2278 1522 fuit
2317 1469 2436 1539 ipso
2480 1469 2674 1540 jejunii
2727 1469 3041 1526 Iudaeorum
3095 1473 3206 1537 die,
3272 1481 3334 1528 ut
3400 1473 3516 1542 ipse

1946 1565 2375 1637 Chrysostomus
2413 1570 2547 1625 dicit
2574 1572 2626 1625 in
2665 1572 2770 1627 ﬁne
2799 1590 2812 1626 :
2846 1581 3042 1642 quarta
3071 1573 3260 1627 decem
3300 1573 3516 1628 circiter

1945 1664 2140 1722 diebus
2171 1677 2298 1722 ante
2340 1668 2655 1738 jejunium:
2694 1673 2887 1742 quinta
2939 1674 3279 1740 intermedio,
3340 1686 3398 1728 ut
3448 1690 3515 1729 ex

1946 1766 2194 1821 ordiendi
2223 1769 2387 1824 modo
2419 1770 2608 1840 liquet,
2634 1780 2920 1840 tempore:
2967 1774 3218 1844 septima,
3279 1774 3514 1829 nondum

1947 1865 2198 1922 absoluto
2250 1867 2563 1925 Judaeorum
2607 1870 2786 1926 festo:
2829 1881 3021 1928 octava
3079 1883 3205 1944 post
3248 1873 3522 1944 jejunium

1946 1975 2001 2019 et
2023 1963 2218 2020 festum
2246 1982 2260 2030 ;
2297 1965 2370 2020 ita
2403 1975 2464 2021 ut
2492 1982 2558 2021 ex
2588 1965 2967 2039 Chrysostomi
3002 1971 3182 2026 verbis
3227 1971 3372 2026 clare
3407 1973 3521 2026 col-

1944 2061 2149 2134 ligatur
2187 2081 2310 2118 eum
2353 2066 2566 2134 minus,
2607 2083 2771 2137 quam
2829 2069 3018 2139 viginti
3068 2071 3278 2126 dierum
3319 2071 3518 2138 Spatia,

1945 2163 2191 2233 quinque
2217 2172 2521 2233 postremas
2549 2175 2741 2221 contra
2779 2163 2996 2221 Iudaeos
3027 2165 3279 2221 homilias
3327 2167 3518 2224 absol-

1946 2264 2111 2319 visse.
2147 2260 2260 2319 line
2285 2264 2354 2320 de
2403 2280 2463 2320 re
2497 2265 2789 2322 dimcultas
2825 2267 2969 2322 nulla
3012 2269 3248 2324 suboriri
3315 2280 3517 2341 potest.

1949 2361 2145 2418 Utrum
2177 2375 2355 2420 autem
2388 2381 2532 2420 anno
2560 2367 2687 2432 387,
2717 2368 2906 2422 eodem
2945 2378 3262 2424 recurrentc
3281 2369 3518 2440 jejunio,

1948 2466 2109 2537 cujus
2146 2482 2314 2522 causa
2373 2477 2482 2523 tres
2532 2468 2745 2540 priores
2787 2468 3043 2522 homilias
3083 2483 3230 2523 anno
3268 2471 3519 2538 proximo

1948 2567 2236 2633 habuerat,
2273 2569 2370 2624 has
2414 2570 2658 2639 quinque
2722 2571 3016 2626 conciones
3049 2571 3380 2642 instituerit,
3413 2574 3519 2630 etsi

1949 2683 2059 2723 non
2091 2668 2316 2739 perinde
2344 2677 2554 2724 certum
2595 2668 2864 2735 videatur,
2901 2671 3128 2726 omnino
3174 2681 3356 2728 tamen
3397 2691 3522 2745 pro-

1951 2768 2132 2824 babile
2157 2779 2280 2824 est:
2311 2771 2364 2824 in
2395 2769 2590 2824 harum
2621 2771 2820 2841 quippe
2871 2773 3219 2828 homiliarum
3285 2777 3521 2834 decursu

1951 2878 2256 2939 martyrum
2289 2869 2585 2925 memorias
2625 2884 2918 2927 occurrere
2957 2873 3090 2929 dicit
3141 2885 3366 2934 sanctus
3423 2880 3523 2935 do-

1953 2977 2092 3033 ctor,
2125 2970 2589 3038 quemadmodum
2613 2982 2668 3025 et
2707 2971 2760 3025 in
2793 2973 3070 3041 prioribus
3101 2974 3207 3030 illis
3237 2978 3521 3034 concinni-

1946 3072 2049 3127 bus
2071 3073 2198 3127 anni
2233 3073 2368 3136 586,
2401 3091 2540 3144 quas
2589 3091 2776 3130 mense
2806 3077 3024 3130 circiter
3079 3078 3382 3145 Septembri
3420 3081 3522 3135 ha-

1948 3171 2138 3226 buisse
2191 3189 2250 3228 se
2306 3174 2648 3229 testiﬁcatur.
2705 3173 3040 3246 Videturque
3095 3177 3521 3249 Chrysostomus

1945 3273 2238 3330 Iudaicum
2299 3275 2594 3341 morbum,
2662 3274 3102 3332 Christianorum
3155 3279 3519 3348 quorumdam

1948 3377 2148 3431 animis
2185 3375 2362 3432 adhuc
2386 3380 2704 3441 haerentem,
2734 3378 2820 3432 cui
2863 3379 3126 3434 medicam
3163 3395 3327 3434 manu
3375 3395 3525 3437 anno

1945 3476 2052 3532 386
2081 3477 2417 3543 admoverat,
2440 3492 2584 3534 anno
2610 3477 2776 3533 etiam
2809 3479 3118 3549 insequenti
3163 3480 3384 3551 penitus
3419 3498 3517 3537 cu-

1949 3595 2071 3634 rare
2106 3579 2370 3643 voluisse,
2394 3580 2682 3651 ipsumque
2711 3581 2952 3636 bomilia:
2973 3592 3184 3651 quartas
3213 3583 3522 3647 exordium,

1949 3680 2152 3736 Rursus
2207 3681 2387 3739 λιιάωὶ
2414 3683 2718 3753 jejunaturi
2773 3695 2917 3748 sunt,
2977 3685 3224 3740 eamdem
3278 3687 3522 3755 proxime

1949 3795 2324 3841 recurrentem
2383 3783 2509 3840 anni
2556 3794 2939 3856 tempestatem
3008 3801 3238 3857 prorsus
3293 3788 3509 3856 signiti-

1950 3903 2075 3944 care
2104 3888 2340 3947 videtur.

2022 4002 2537 4074 interpretationem
2575 3999 2825 4060 Latinam
2867 4004 3060 4074 primae
3091 4003 3331 4058 homilize
3361 4003 3522 4057 ador-

1951 4105 2106 4160 navit
2137 4103 2308 4160 David
2343 4102 2714 4170 Htescbelius,
2742 4101 2998 4161 secunda:
3027 4115 3081 4159 et
3126 4104 3299 4159 tertia:
3347 4103 3523 4158 homi-

1952 4205 2038 4260 liaa
2064 4203 2267 4262 Fronto
2301 4205 2547 4273 Ducaaus,
2572 4208 2812 4278 quinque
2841 4207 3203 4276 posteriorum
3239 4203 3521 4268 Erasmus,

1951 4321 2092 4377 quas
2116 4307 2599 4378 interpretationes
2623 4308 2833 4378 aliquot
2864 4307 2919 4361 in
2961 4307 3096 4364 locis
3135 4308 3450 4362 emendatas
3490 4319 3523 4358 ο

1953 4408 2174 4478 regione
2213 4407 2385 4464 Graeci
2417 4418 2596 4465 textus
2629 4409 2933 4480 posuimus.
