3990 6198
499 232 606 291 865

1172 228 1233 284 S.
1266 225 1546 285 JOANNIS
1585 203 2071 286 CHRYSOSTOMI
2105 226 2422 286 ARCHIEP.
2457 225 2998 285 CONSTANTINOP.
3584 235 3668 296 ιιι

515 529 3660 572 W

1399 869 1814 962 SANCTI
1908 833 2329 962 PATRIS
2417 867 2855 964 NOSTBI

497 1269 1615 1490 JOANNIS
1720 1251 3678 1541 CHRYSOSTOMI,

1326 1797 1926 1862 ARCHIEPISCOPI
1995 1797 2942 1863 CONSTANTINOPOLITANI

809 2153 1639 2287 ADVERSUS
1727 2155 2365 2286 JUD/EOS
2459 2155 3408 2288 ORATIONES.

1068 3069 1262 3111 ORATIO
1299 3069 1477 3108 ΡιιικΑ.

570 3191 621 3243 1.
650 3189 799 3256 Quod
832 3191 1090 3258 reliquum
1117 3199 1232 3245 erat
1257 3190 1492 3244 materia:
1513 3229 1526 3254 ,
1555 3188 1621 3243 de
1649 3202 1751 3258 qua
1782 3201 1950 3255 nuper
1979 3201 2075 3240 vo-

497 3279 578 3333 bis
606 3280 831 3334 disserui
857 3321 870 3344 ,
906 3279 1071 3333 Deum
1096 3281 1452 3349 comprehendi
1481 3297 1578 3333 non
1611 3295 1754 3348 posse
1780 3295 1798 3334 :
1829 3278 1879 3332 id
1914 3278 2072 3333 hodie

493 3368 771 3423 absolvere
796 3377 850 3421 et
873 3368 1154 3422 dilucidius
1178 3369 1369 3422 docere
1393 3368 1656 3422 volebam.
1683 3368 1755 3422 De
1777 3368 1876 3423 hoc
1891 3369 2030 3422 enim
2052 3410 2067 3435 ,

497 3460 762 3526 przeterita
800 3458 885 3511 die
923 3459 1187 3512 dominica
1215 3500 1230 3524 ,
1268 3467 1470 3512 tantum
1501 3458 1784 3512 verborum
1813 3500 1828 3527 ,
1861 3467 2071 3529 tamque

495 3547 711 3614 c0piose
755 3547 1009 3609 fecimus,
1054 3547 1320 3616 productis
1366 3547 1592 3614 llesaia,
1632 3548 1866 3625 Davide,
1912 3559 2070 3619 atque

495 3637 658 3690 Paulo
689 3636 928 3692 testibus.
961 3637 1091 3691 Nam
1117 3638 1222 3702 ille,
1255 3637 1635 3692 Generationem
1663 3639 1775 3710 ejus
1800 3639 1910 3709 quis
1929 3654 2071 3692 enar-

493 3727 622 3780 rabil
652 3726 854 3796 (llesai.
897 3729 983 3784 55.
1017 3728 1126 3800 8)?
1170 3730 1463 3795 clamabat;
1504 3728 1592 3783 hic
1633 3731 1777 3800 quod
1823 3743 2067 3798 compre-

497 3819 653 3872 hcndi
686 3836 787 3873 non
817 3833 1011 3890 posset,
1043 3823 1238 3890 gratias
1269 3821 1368 3892 ipsi
1391 3837 1554 3891 agens
1575 3862 1592 3889 ,
1623 3820 1906 3890 Conﬁtebor
1945 3821 2066 3887 tibi,

493 3912 740 3975 dicebat,
789 3913 906 3980 quia
949 3911 1233 3965 terribiliter
1276 3913 1630 3982 magniﬁcatus
1671 3927 1722 3966 es
1761 3927 1781 3964 :
1822 3911 2074 3965 mirabilia

491 4018 646 4069 opera
667 4012 753 4054 tua
783 4001 964 4072 (Psal.
990 4002 1110 4057 158.
1141 4003 1207 4056 14
1229 4002 1269 4072 ).
1302 4001 1369 4056 Ει
1396 4015 1628 4067 rursum,
1660 4000 1910 4054 Mirabilis
1936 4003 2073 4071 facta

490 4102 564 4146 est
588 4093 795 4146 scientia
820 4103 906 4146 tua
934 4110 996 4146 ea:
1023 4110 1131 4159 me;
1161 4098 1444 4165 confortata
1467 4102 1572 4160 est,
1600 4101 1647 4146 et
1672 4109 1772 4146 non
1807 4101 1980 4163 potero
2006 4093 2074 4146 ad

489 4200 600 4236 eam
638 4181 811 4254 (Ibid.
839 4200 885 4236 υ.
913 4184 1005 4253 6).
1035 4184 1103 4236 At
1129 4183 1321 4238 Paulus
1347 4199 1450 4239 non
1478 4183 1545 4237 ad
1572 4183 1740 4252 ipsam
1769 4183 1860 4237 Dei
1889 4197 2071 4238 essen-

492 4278 618 4330 tiam
647 4277 980 4346 respiciebat,
1003 4277 1094 4331 sed
1123 4277 1188 4330 ad
1216 4277 1332 4346 ejus
1353 4277 1630 4331 dumtaxat
1655 4274 2069 4345 providentiam:

489 4367 615 4435 quin
647 4367 805 4436 hujus
833 4369 991 4421 etiam
1020 4370 1278 4440 particula
1323 4369 1495 4422 solum
1521 4407 1536 4432 ,
1569 4382 1726 4437 quam
1753 4367 1805 4421 in
1836 4365 2070 4436 gentium

492 4456 769 4510 vocatione
807 4458 1254 4523 demonstrasset,
1288 4468 1566 4527 percepta,
1593 4458 1755 4512 veluti
1783 4465 1988 4512 vastum
2017 4463 2072 4511 et

490 4549 810 4601 iuuuensum
839 4563 984 4601 mare
1009 4550 1364 4618 conspicatus,
1389 4551 1466 4603 sic
1491 4548 1853 4604 exclamabat:
1885 4546 1929 4602 0
1949 4546 2068 4600 alti-

489 4636 610 4689 tudo
641 4637 925 4691 divitiarum
967 4648 1012 4691 et
1048 4641 1304 4707 sapientia:
1329 4649 1373 4692 et
1401 4640 1616 4694 scientiae
1644 4640 1735 4694 Dei
1760 4641 1781 4694 !
1808 4657 1959 4712 quam
1985 4640 2066 4694 in-

485 4727 779 4781 scrutabilia
814 4737 928 4782 sunt
956 4728 1155 4798 judicia
1197 4730 1338 4799 ejus,
1369 4738 1415 4782 et
1452 4730 1814 4800 investigabiles
1841 4732 1933 4784 via:
1961 4731 2070 4800 ejus

487 4822 506 4890 (
534 4820 680 4874 Rom.
709 4821 794 4875 il.
819 4821 888 4874 33
913 4821 954 4890 ).
980 4822 1152 4891 Atque
1181 4820 1282 4876 hoc
1306 4822 1436 4876 satis
1459 4821 1925 4877 demonstrationis
1949 4836 2069 4877 esse

485 4920 696 4981 poterat
737 4927 751 4964 :
791 4926 890 4980 ego
921 4926 1044 4965 \ero
1083 4926 1188 4965 non
1221 4909 1593 4979 prophetarum
1631 4910 1948 4965 testimoniis
1993 4911 2064 4965 fui

485 5012 767 5059 contentus
786 5045 800 5068 ,
831 5019 933 5059 non
966 5005 1017 5058 iu
1048 5002 1356 5073 apostolicis
1380 5002 1589 5056 substiti
1621 5018 1635 5066 ;
1675 5002 1768 5056 sed
1800 5003 1850 5055 in
1881 5003 2066 5056 caelum

483 5094 700 5150 ascendi
718 5135 733 5160 ,
760 5095 981 5149 chorum
1016 5094 1325 5165 angelorum
1354 5093 1504 5148 vobis
1532 5093 1844 5159 monstravi,
1872 5093 1958 5163 qui
1987 5091 2068 5147 di-

483 5199 662 5245 ceret:
693 5188 868 5243 Gloria
897 5189 948 5241 in
973 5188 1233 5242 altissimis
1261 5187 1397 5252 Deo,
1427 5196 1472 5240 et
1495 5187 1546 5239 in
1578 5195 1710 5239 terra
1732 5201 1833 5255 pax
1853 5228 1868 5253 ,
1897 5186 1947 5238 in
1970 5186 2064 5239 Ito-

483 5280 697 5334 minibus
736 5279 1096 5350 beneplacitum
1135 5278 1295 5350 (Luc.
1337 5279 1390 5332 2.
1424 5278 1550 5349 14).
1595 5277 1854 5332 Audiistis
1896 5277 2063 5332 Sera-

485 5369 628 5437 phim
659 5384 842 5423 rursus
865 5385 985 5425 cum
1015 5379 1231 5439 stupore
1259 5378 1313 5424 et
1339 5368 1562 5424 horrore
1584 5369 1889 5433 clamitare,
1925 5368 2065 5422 San-

484 5470 592 5512 ctus
611 5501 624 5523 ,
651 5472 881 5525 sanctus,
922 5471 1124 5514 sanctus
1161 5460 1409 5514 Dominus
1435 5461 1737 5514 exercituum
1767 5477 1784 5514 :
1811 5462 1960 5529 plena
1991 5471 2063 5514 est

551 5555 564 5582 ι
603 5557 649 5598 tu
673 5565 759 5600 sex
797 5551 1019 5600 Houulias
1057 5560 1222 5602 contra
1248 5551 1439 5601 Judaeos
1471 5553 1676 5602 vidimus
1711 5552 1850 5601 Codd.
1894 5555 2067 5602 Regios

486 5613 1277 5677 1819._ea0._uss.196s1973.
1311 5613 1463 5665 2900:
1488 5613 1618 5669 com.
1659 5614 1768 5675 σω.
1802 5613 1920 5677 248.
1953 5613 2064 5676 364.

483 5671 596 5733 639,
619 5673 755 5733 5035,
782 5674 897 5723 3001
928 5687 941 5723 :
967 5676 1106 5725 uois].
1127 5673 1235 5724 363.

2182 3038 2344 3091 omnis
2366 3046 2498 3092 terra
2521 3039 2683 3109 gloria
2709 3040 2816 3110 ejus
2837 3037 3038 3111 (Hesai.
3065 3038 3116 3093 6.
3144 3036 3224 3109 5).
3263 3038 3450 3094 Addidi
3474 3048 3526 3094 et
3553 3037 3724 3093 Cius-u-

2181 3125 2292 3181 bim
2329 3127 2652 3192 clamantes,
2692 3127 2963 3183 Benedicta
2985 3129 3144 3200 gloria
3171 3127 3386 3183 Domini
3419 3130 3478 3183 de
3514 3129 3612 3185 loco
3637 3128 3730 3197 ejus

2186 3213 2406 3286 (Ezech.
2436 3211 2615 3284 3.12).
2639 3207 2844 3268 Tresin
2883 3218 3059 3280 terris,
3081 3217 3308 3272 totidem
3335 3219 3385 3272 in
3407 3218 3543 3272 cazlis
3568 3225 3728 3282 testes,

2181 3308 2247 3362 ad
2273 3309 2362 3362 Dei
2393 3308 2724 3378 majestatem
2751 3310 3019 3379 perveniri
3044 3307 3182 3363 baud
3214 3325 3376 3380 posse
3402 3308 3729 3365 ostenderant.

2181 3398 2407 3453 Proinde
2429 3407 2573 3454 certa
2602 3414 2794 3468 magno
2821 3414 2941 3454 cum
2970 3399 3226 3469 applausu
3261 3401 3421 3454 fiebat
3443 3400 3740 3452 demonstra-

2180 3489 2288 3554 tio;
2319 3487 2582 3543 theatrum
2607 3489 3000 3545 incalescehat:
3029 3499 3198 3545 coetus
3231 3491 3529 3544 auditorum
3554 3488 3732 3541 inllam-

2180 3577 2440 3632 mabatur.
2473 3577 2654 3648 Neque
2682 3593 2810 3633 vero
2838 3594 2938 3648 ego
2974 3593 3059 3634 me
3086 3578 3296 3633 laudari
3325 3579 3627 3645 gaudebam,
3652 3573 3734 3629 sed

2180 3667 2460 3722 Dominum
2506 3683 2682 3723 meum
2723 3667 2966 3724 laudibus
2989 3669 3275 3724 cumulari.
3311 3667 3441 3724 Nam
3483 3666 3736 3736 applausus

2178 3766 2338 3828 atque
2374 3757 2490 3812 laus
2527 3758 2625 3812 ista
2655 3758 2968 3837 animorum
2982 3767 3286 3813 vestrorum
3325 3759 3378 3813 in
3417 3759 3575 3813 Deum
3603 3769 3733 3809 amo-

2181 3863 2296 3903 rem
2323 3848 2835 3904 commonstrabant.
2861 3847 2930 3903 Et
2954 3847 3412 3918 quemadmodum
3451 3847 3616 3909 servi,
3653 3843 3736 3897 he-

2177 3955 2294 3994 rum
2321 3941 2528 3995 sincere
2548 3949 2811 4007 amantes,
2833 3940 2973 3995 hunc
2994 3941 3194 3995 laudari
3222 3942 3267 3994 si
3295 3941 3528 4001 audiant,
3546 3938 3740 4008 flagrant

2179 4030 2443 4087 desiderio
2469 4031 2584 4100 ejus
2603 4031 2691 4100 qui
2721 4031 2993 4100 przedieat,
3023 4031 3143 4102 quia
3171 4030 3293 4086 heri
3329 4045 3512 4085 amore
3536 4028 3735 4083 ardent:

2177 4121 2242 4175 ad
2271 4120 2512 4176 eumdem
2544 4121 2702 4176 etiam
2731 4121 2945 4176 modum
2972 4135 3066 4175 vos
3087 4121 3324 4175 maxime
3357 4129 3484 4174 tunc
3504 4115 3734 4188 a'pplausa

2175 4228 2412 4269 amorem
2441 4229 2562 4282 erga
2589 4213 2867 4268 Dominum
2892 4213 3018 4267 satis
3040 4212 3380 4267 declarastis.
3400 4211 3641 4264 Volebam
3666 4203 3739 4274 igi-

2177 4312 2264 4358 tur
2282 4311 2336 4358 et
2353 4302 2512 4358 hodie
2536 4302 2587 4356 in
2611 4310 2880 4357 certamen
2899 4301 3028 4355 illud
3053 4301 3406 4356 descendere.
3441 4299 3568 4355 Nam
3594 4297 3635 4352 si
3657 4308 3737 4349 ve-

2175 4395 2347 4450 ritatis
2377 4395 2556 4449 hostes
2581 4393 2726 4447 nulla
2752 4393 2892 4462 capit
2926 4392 3144 4446 satietas
3173 4393 3545 4445 conviciorum
3584 4391 3632 4442 in
3659 4387 3734 4439 be

2175 4485 2400 4541 neficum
2427 4504 2440 4539 :
2470 4488 2637 4540 multo
2660 4485 2829 4554 magis
2852 4499 2947 4538 nos
2971 4483 3282 4552 inexplebili
3307 4482 3595 4553 cupiditate
3619 4476 3740 4532 cele-

2173 4577 2360 4633 brandi
2389 4577 2552 4631 Deum
2580 4575 2942 4630 universorum
2972 4572 3162 4628 ardere
3184 4572 3365 4628 decet.
3401 4571 3506 4627 Sed
3532 4568 3646 4639 quid
3672 4565 3738 4618 fa-

2173 4667 2310 4722 ciam
2334 4667 2357 4720 ?
2386 4667 2534 4721 Alius
2554 4666 2896 4737 gravissimus
2915 4663 3133 4719 morbus
3155 4662 3357 4733 linguae
3380 4672 3571 4717 nostra:
3595 4653 3739 4712 medi-

2171 4759 2348 4813 cinam
2375 4757 2596 4828 ﬂagitat,
2625 4755 2842 4810 morbus
2867 4755 2921 4809 in
2944 4753 3196 4809 Ecclesiae
3213 4767 3451 4822 corpore
3481 4750 3674 4804 insitus.
3701 4743 3738 4797 ls

2173 4850 2322 4920 prius
2349 4857 2432 4903 est
2469 4846 2734 4902 tollendus
2763 4863 2778 4912 ;
2814 4845 2936 4900 dein
2969 4853 3278 4899 exterarum
3318 4856 3448 4897 cura
3489 4835 3733 4909 gerenda:

2174 4941 2319 5010 prius
2341 4938 2778 5004 domesticorum,
2806 4946 2988 5007 postea
3012 4943 3397 4990 extraneorum
3426 4929 3654 4985 habenda
3673 4931 3739 4978 Cal

2179 5033 2337 5087 ratio.

2250 5121 2522 5176 Christiani
2541 5120 2748 5191 quidam
2777 5117 3072 5172 Antioclteni
3096 5115 3403 5170 Judworum
3441 5113 3577 5185 [estis
3602 5110 3733 5162 inter-

2172 5221 2394 5266 erant.-
2409 5211 2632 5279 Quinam
2650 5218 2732 5264 est
2768 5209 2981 5263 morbus
2998 5208 3097 5262 iste
3115 5207 3137 5260 τ
3166 5203 3646 5260 Εριιίωιυάτοοτυηι
3663 5193 3736 5249 mi-

2171 5316 2411 5357 serorum
2442 5309 2600 5370 atque
2629 5312 3050 5354 mrumnosorum
3093 5295 3364 5350 continuse
3387 5305 3438 5348 et
3464 5293 3736 5359 frequentes

2172 5395 2401 5448 inStant:
2425 5393 2609 5458 Tubar,
2638 5390 2982 5460 Scenepegize
3002 5427 3018 5453 ,
3042 5385 3247 5457 Jejunia
3274 5402 3287 5436 :
3319 5393 3376 5439 et
3411 5381 3559 5437 mulli
3587 5372 3732 5432 nostri

2172 5484 2394 5555 ordinis,
2422 5484 2596 5554 quise
2626 5483 2899 5537 nobiscum
2938 5481 3134 5535 sentire
3162 5477 3373 5541 dicunt,
3418 5473 3603 5545 partim
3632 5481 3736 5536 Spo-

2177 5583 2374 5629 ctatum
2422 5575 2537 5629 illas
2578 5573 2736 5628 ferias
2778 5571 3062 5643 prodeunt,
3103 5567 3297 5639 partim
3325 5567 3487 5622 etiam
3525 5575 3621 5616 uua
3661 5570 3737 5610 ce-

2171 5665 2402 5733 lebrant,
2429 5681 2531 5721 una
2554 5664 2798 5736 jejuuant
2828 5681 2841 5719 :
2878 5678 3034 5734 quam
3065 5672 3278 5732 pravam
3321 5650 3738 5713 consuetudinem
