3990 6198
199 345 305 402 815

194 487 337 526 nunc
362 471 431 526 ab
459 469 691 524 Ecclesia
714 467 831 523 volo
857 483 1058 524 arcere.
1078 468 1205 522 Nam
1225 469 1382 523 verba
1411 480 1592 523 contra
1621 473 1767 524 Ano-

188 578 368 616 mmos
420 564 524 616 alio
573 575 809 630 tempore
858 561 966 616 fieri
1015 571 1291 630 poterunt,
1338 576 1440 616 nec
1485 562 1772 632 quidquam

190 652 374 706 damni
429 662 644 720 propter
699 666 900 704 moram
949 651 1180 714 facietis;
1235 651 1540 704 Juda-orum
1595 661 1769 705 autem

193 745 388 797 morbo
417 754 690 809 correptos
726 743 822 795 nisi
846 742 953 810 jam
981 743 1372 806 curaverimus,
1395 744 1519 796 dum
1553 758 1659 811 prae
1690 742 1769 796 lo-

191 836 345 890 ribus
385 835 594 887 illorum
637 833 779 887 ferite
809 849 1074 902 prOpeque
1099 833 1310 898 adsunt,
1337 849 1524 886 vereor
1552 849 1616 886 ne
1642 835 1772 887 forte

198 926 416 996 quidam
468 926 830 992 intempestiva
871 925 1252 978 consuetudine
1299 939 1588 992 magnaque
1626 925 1775 993 igno-

196 1017 369 1070 rantia
391 1016 598 1069 illorum
624 1014 866 1082 nequitiae
886 1021 1160 1066 eonsortes
1184 1017 1328 1074 fiant,
1352 1023 1508 1079 atque
1524 1012 1772 1079 deinceps

195 1104 392 1159 frustra
423 1104 488 1158 de
515 1103 606 1164 his
623 1105 781 1156 verba
809 1103 1081 1156 faciamus.
1104 1103 1158 1156 Si
1187 1104 1325 1154 enim
1351 1103 1479 1154 nihil
1508 1102 1772 1155 audiendo

198 1195 359 1249 hodie
386 1211 504 1249 cum
534 1197 637 1250 illis
667 1196 968 1262 jejunarint,
1001 1204 1304 1264 perpetrato
1329 1204 1566 1262 peccato,
1601 1209 1774 1247 reme-

193 1283 343 1338 dium
375 1283 570 1337 frustra
596 1283 980 1337 adhibebimus.
1006 1284 1176 1348 Quare
1203 1283 1266 1336 ad
1302 1282 1770 1352 pra'occupandutu

193 1377 462 1445 impellor.
491 1376 629 1430 Idem
659 1377 815 1430 etiam
857 1375 1050 1430 medici
1080 1377 1130 1427 itt
1163 1375 1470 1444 urgentibus
1499 1383 1553 1427 et
1578 1374 1771 1427 acutis-

190 1467 348 1520 simis
370 1468 570 1520 morbis
591 1469 894 1532 observant,
923 1481 1054 1535 quos
1077 1467 1218 1535 prius
1243 1480 1428 1520 curare
1456 1464 1768 1518 instituunt:

188 1557 414 1611 omnino
457 1567 632 1612 autem
683 1559 784 1612 hoc
830 1568 1098 1612 certamen
1145 1558 1303 1626 priori
1345 1565 1427 1610 est
1463 1566 1769 1626 cognatum.

189 1647 336 1717 Quia
367 1649 505 1702 enim
539 1650 781 1720 impietas
801 1638 1103 1704 Iudaeorum
1131 1657 1184 1702 et
1212 1649 1586 1702 Anomteorum
1613 1645 1773 1700 affine

187 1741 321 1810 quid
357 1739 537 1799 habet.
567 1743 861 1792 certamina
903 1739 1058 1792 etiam
1091 1754 1249 1797 nunc.
1273 1737 1534 1806 prioribus
1559 1736 1768 1801 affinis,

189 1832 354 1884 nobis
382 1845 503 1886 sese
523 1829 770 1884 olferunt.
803 1829 932 1883 Nam
962 1829 1102 1898 quod
1129 1827 1294 1881 ,Ιυάπεί
1321 1829 1522 1881 crimen
1552 1826 1770 1894 objicie-

191 1921 345 1985 bant,
381 1921 518 1974 idem
549 1921 812 1974 intentant
847 1935 1056 1988 quoque
1096 1921 1358 1973 Anomaei.
1387 1918 1523 1986 Quid
1558 1918 1768 1972 crimini

189 2005 399 2059 dabant
450 2007 572 2059 illi?
611 2009 763 2070 Quod
796 2007 1050 2062 Christus
1085 2008 1250 2061 "Cliti!
1290 2006 1502 2059 Pati-em
1537 2007 1765 2067 diceret,

189 2110 360 2164 seque
392 2097 568 2164 ipsum
601 2095 689 2150 Dei
723 2098 982 2166 aequalem
1021 2097 1220 2150 faceret
1265 2095 1447 2166 (Joan.
1481 2111 1532 2151 v.
1569 2095 1677 2166 18).
1713 2094 1767 2148 id

187 2187 245 2239 in
278 2187 488 2241 crimen
522 2188 689 2241 etiam
732 2189 786 2242 hi
833 2189 1061 2241 trahunt
1098 2207 1112 2242 :
1153 2189 1280 2256 qttin
1314 2193 1495 2257 potius
1529 2203 1636 2240 non
1661 2195 1770 2239 tra-

191 2277 354 2344 hunt,
387 2278 480 2332 sed
515 2278 721 2334 dictum
759 2279 988 2352 ejusque
1021 2281 1350 2333 sententiam
1396 2278 1600 2342 delent,
1642 2277 1770 2333 licet

187 2382 305 2423 non
343 2384 534 2428 manu.
561 2379 616 2424 at
642 2371 978 2431 cogitatione
998 2377 1163 2432 atque
1195 2371 1399 2425 animo.

261 2457 321 2512 2.
361 2456 544 2526 Neque
591 2473 720 2512 vero
765 2459 1061 2523 miremini,
1104 2458 1246 2528 quod
1293 2458 1502 2513 .ludreos
1545 2457 1768 2513 miseros

189 2548 442 2603 dixerim.
470 2549 678 2603 Revera
711 2551 850 2603 enim
889 2549 1067 2604 miseri
1097 2559 1403 2618 suntatque
1440 2549 1765 2615 τρι-1111111031,

190 2643 280 2710 qui
312 2650 388 2694 tot
417 2642 551 2696 bona
573 2640 777 2694 cmlitus
792 2641 889 2694 sibi
919 2641 970 2694 in
993 2655 1178 2694 manus
1203 2641 1370 2694 delata
1400 2641 1765 2710 repudiarunt,

188 2729 482 2799 deditaque
509 2744 670 2797 opera
698 2730 1014 2798 rejecernnt.
1044 2729 1204 2783 Ortus
1237 2739 1320 2783 est
1347 2730 1450 2782 iliis
1479 2731 1775 2783 matutinus-

189 2821 410 2890 jnstititn
444 2821 545 2885 soi,
573 2831 630 2874 et
658 2821 754 2890 ipsi
792 2820 1004 2890 quidem
1027 2863 1040 2883 ,
1070 2821 1231 2875 radiis
1261 2822 1505 2888 repulsis.
1537 2821 1588 2874 in
1621 2829 1768 2875 tene-

189 2913 302 2968 bris
339 2913 529 2968 sedent
558 2931 570 2966 :
603 2923 658 2967 at
695 2929 788 2966 nos
823 2915 905 2967 bis
943 2914 1179 2967 inuutriti
1213 2915 1383 2968 lucem
1424 2915 1488 2967 ad
1527 2929 1622 2968 nos
1667 2914 1764 2982 ipsi

188 3006 573 3074 pertraximus,
620 3007 923 3073 errorisque
951 3006 1174 3074 caligine
1213 3005 1416 3058 libi-rati
1448 3019 1649 3058 sumus.
1686 3003 1765 3056 illi

186 3095 386 3149 radicis
413 3103 610 3149 sanctze
651 3097 782 3148 rami
809 3104 992 3158 erant,
1025 3095 1115 3147 sed
1146 3094 1292 3148 fracti
1319 3102 1442 3147 sunt
1476 3093 1647 3164 (Rom.
1676 3094 1760 3146 11.

187 3185 277 3242 16.
308 3183 402 3257 17)
431 3205 444 3239 :
473 3201 572 3240 nos
598 3201 701 3239 non
730 3201 940 3240 eramus
970 3186 1163 3240 radicis
1201 3186 1479 3254 participes
1499 3227 1514 3249 ,
1557 3195 1610 3240 et
1652 3187 1761 3239 fru-

185 3288 331 3330 etum
361 3276 572 3344 pictatis
601 3276 835 3329 tulimus.
863 3275 937 3330 illi
963 3275 1246 3346 prophetas
1274 3277 1340 3328 ab
1367 3277 1581 3330 ineunte
1609 3284 1764 3330 tetate

121 3347 134 3358 ’
185 3366 466 3435 legerunt,
503 3374 556 3419 et
585 3367 874 3434 prophetiis
911 3368 1239 3420 enuntiatum
1267 3367 1406 3420 cruci
1438 3366 1717 3420 afﬁxcruut
1746 3383 1760 3422 :

183 3471 307 3516 nos,
348 3457 438 3524 qui
489 3455 620 3508 nihil
662 3455 730 3510 de
777 3456 945 3510 sacris
984 3455 1150 3510 literis
1203 3455 1572 3520 audieramus,
1624 3456 1764 3511 hunc

184 3545 362 3612 ipsum
393 3544 748 3598 adoravimus.
796 3545 920 3598 ideo
968 3545 1145 3599 miseri
1188 3546 1282 3608 illi,
1314 3547 1434 3616 quia
1478 3551 1633 3600 missa
1662 3547 1761 3600 sibi

186 3634 355 3698 bona,
387 3635 508 3688 aliis
531 3635 857 3703 rapientibus
883 3644 1044 3704 atque
1071 3637 1134 3690 ad
1163 3653 1282 3690 sese
1313 3637 1759 3707 pertrahcntibus,

186 3726 288 3794 ipsi
308 3727 509 3795 reptile:
526 3736 637 3780 unt.
662 3729 736 3783 Ac
759 3727 830 3781 illi
859 3729 1068 3798 quidem
1090 3730 1152 3781 ad
1177 3730 1399 3783 filiorum
1423 3731 1759 3800 adoptionem

189 3817 388 3879 vocati,
424 3818 475 3869 in
522 3832 679 3872 canes
704 3817 1092 3887 degenerarunt
1123 3837 1136 3873 :
1172 3836 1286 3887 nos,
1320 3822 1407 3891 qui
1449 3837 1609 3878 canes
1644 3839 1759 3878 era-

191 3920 332 3966 mus.
363 3906 574 3960 brutam
625 3918 861 3962 naturam
888 3910 1060 3964 divina
1091 3913 1253 3980 gratia
1289 3928 1483 3968 exuere
1511 3923 1666 3984 atque
1694 3914 1759 3968 ad

189 3995 421 4049 ﬁliorum
461 3999 714 4051 honorem
741 4000 1028 4053 ascendere
1065 4003 1349 4068 potuimus.
1382 4002 1530 4056 Unde
1562 4005 1660 4057 hoc
1695 4004 1758 4058 li-

187 4086 354 4155 quet?
381 4084 503 4138 Non
525 4098 596 4139 est
622 4087 824 4152 bonum,
856 4091 1020 4158 inquit
1052 4090 1363 4144 Chanantem
1380 4092 1642 4157 Christus,
1669 4111 1760 4162 pa-

189 4191 304 4227 rtem
328 4177 554 4243 ﬁliorum
573 4193 768 4245 rapere.
792 4188 839 4230 et
857 4179 1046 4232 catellis
1067 4180 1276 4248 objicere
1295 4181 1499 4248 (Matth.
1529 4184 1609 4239 15.
1627 4185 1717 4254 26)
1742 4202 1756 4237 :

190 4263 314 4320 illos
339 4263 498 4329 filios,
530 4282 593 4320 ex
633 4267 878 4336 gentibus
913 4283 1038 4321 vero
1065 4271 1340 4331 oriundos,
1369 4286 1530 4326 canes
1560 4288 1761 4327 nuncu-

188 4369 341 4424 pens.
371 4356 584 4422 Verum,
611 4373 712 4427 quo
739 4359 895 4413 modo
924 4361 994 4412 sit
1017 4361 1256 4416 inversus
1285 4364 1419 4417 ordo
1437 4405 1452 4428 ,
1485 4366 1623 4430 vide,
1656 4368 1758 4420 illi-

185 4462 294 4513 que
319 4461 502 4512 anes,
521 4463 620 4501 nos
645 4448 798 4503 liberi
826 4447 950 4504 facti
967 4451 1150 4505 simus.
1189 4451 1359 4507 Videte
1373 4469 1537 4519 canes,
1566 4455 1632 4510 de
1655 4457 1758 4511 illis

186 4538 263 4589 ait
301 4536 521 4600 Paulus,
553 4539 712 4593 videte
735 4541 895 4594 malos
923 4539 1208 4610 operarios.
1233 4546 1762 4606 videtecoucist'onem.

189 4621 310 4677 Nos
327 4623 466 4676 enim
499 4640 682 4678 sumus
703 4624 1055 4681 circumcisio.
1075 4624 1526 4706 (Philipp.3.2.5).
1571 4636 1756 4692 Cernis

181 4716 457 4782 quomodo
486 4717 635 4771 liberi
662 4719 807 4786 prius
829 4734 991 4774 canes
1017 4725 1320 4778 evaserint?
1351 4726 1505 4780 Visne
1529 4742 1755 4796 cognos-

169 4818 330 4868 cere,
351 4805 439 4872 qui
472 4821 571 4859 nos
593 4808 860 4862 ecanihus
889 4810 978 4864 lilii
1007 4811 1125 4866 facti
1156 4815 1360 4868 simus?
1387 4816 1637 4886 Quotquot
1655 4835 1754 4871 au-

173 4903 284 4946 tem
308 4907 601 4964 receperunt
631 4914 766 4963 eum,
791 4898 982 4969 inquit,
1015 4903 1148 4954 dedit
1173 4905 1244 4956 eis
1275 4915 1585 4973 potestatem,
1619 4909 1750 4976 ﬁlios

170 4984 278 5036 [Iri
301 4987 410 5051 ﬁeri
440 4986 613 5056 (Joan.
650 4990 700 5044 1.
739 4991 849 5059 1'2).
879 4990 1018 5044 Nihil
1051 4993 1164 5046 istis
1193 4997 1465 5060 miserius,
1497 5001 1585 5065 qui
1621 5017 1750 5055 nus-

163 5091 338 5142 quam
383 5092 485 5130 non
527 5078 684 5131 saluti
731 5093 842 5132 sua:
888 5081 1103 5135 adversi
1145 5097 1382 5137 currunt.
1431 5087 1560 5141 Dum
1609 5092 1748 5144 enim

166 5165 351 5231 legem
379 5168 580 5219 servari
611 5169 878 5236 oportuit,
908 5174 1284 5224 conculcarunt
1317 5191 1328 5225 :
1363 5175 1446 5228 illa
1480 5194 1614 5232 nunc
1637 5195 1750 5233 ces-

161 5265 360 5317 sante,
394 5257 737 5322 pertinaciter
781 5259 1021 5313 eamdem
1063 5262 1193 5314 tueri
1241 5266 1582 5320 contendunt.
1615 5268 1748 5336 Quid

165 5345 205 5409 it
229 5346 310 5398 sis
333 5356 492 5414 queat
521 5347 880 5402 miserabilius
910 5364 1050 5415 esse,
1077 5355 1164 5420 qui
1196 5370 1297 5404 nou
1328 5360 1748 5424 transgressione

165 5435 367 5498 «vitam,
396 5436 491 5490 sed
517 5446 571 5490 et
605 5438 976 5494 observatione
1019 5441 1148 5510 legis
1191 5443 1351 5497 Deum
1392 5448 1748 5502 exacerbauit?

165 5525 304 5578 Ideo
343 5526 481 5581 Dura
511 5532 731 5596 ceruice,
765 5531 952 5599 inqttit,
1000 5543 1044 5585 et
1088 5535 1430 5589 iucircumeiso
1472 5540 1620 5592 corde
1661 5558 1746 5593 vos

190 5633 372 5679 smper
398 5619 619 5686 Spiritui
649 5631 822 5674 sancto
851 5623 1078 5676 resistitis
1099 5624 1231 5688 (Aet.
1262 5626 1312 5679 7.
1340 5627 1430 5694 51)
1456 5645 1467 5680 :
1504 5645 1605 5682 non
1628 5632 1743 5683 vio-

170 5705 339 5761 laudo
384 5711 526 5780 leges
569 5711 863 5778 dumtaxat,
893 5711 986 5768 sed
1027 5723 1081 5768 et
1122 5715 1486 5788 intempestive
1528 5736 1740 5778 servare

1441 357 1800 418 ADVERSUS
1835 359 2137 419 JUDEOS.
2177 358 2220 416 l.
2929 386 3003 402 --

3348 368 3454 427 846

1881 474 1996 531 illas
2024 478 2304 549 cupiendo.
2331 479 2455 538 Duri
2477 484 2704 553 cervice,
2726 485 2893 557 probe
2915 488 2993 545 sic
3012 503 3104 547 eos
3129 494 3448 565 appellavit:

1882 581 1984 618 non
2011 569 2152 621 enim
2183 568 2368 638 jugum
2397 570 2590 628 Christi
2615 586 2910 644 portarunt,
2938 579 3061 635 licet
3088 597 3253 640 suave
3273 598 3447 654 esset,

1879 668 1975 707 nec
2027 656 2311 725 quidquam
2355 662 2532 715 oneris
2580 672 2671 717 aut
2719 667 2976 722 molestia:
3025 669 3267 728 haberet.
3318 675 3450 732 Nant

1878 740 2065 795 Discite
2097 761 2127 796 a
2154 761 2248 808 me,
2279 747 2465 816 inquit,
2488 752 2604 820 quia
2635 754 2766 807 utilis
2808 771 2948 824 sum,
2977 767 3022 810 et
3042 759 3244 816 humilis
3268 766 3442 834 corde,

1874 842 1947 893 et,
1980 832 2163 886 Tollite
2179 836 2362 905 jugum
2391 855 2553 894 meum
2595 859 2745 913 super
2771 861 2854 898 vos
2874 887 2888 910 ,
2926 850 3042 918 quia
3064 852 3248 922 jugum
3284 832 3447 910 meum

1876 937 2024 975 suave
2051 935 2142 988 est,
2166 935 2211 977 et
2238 943 2362 979 onus
2391 946 2552 984 meum
2575 933 2678 986 leve
2707 934 2918 1002 (Matth.
2953 939 3038 993 11.
3068 941 3158 996 29.
3188 945 3302 1015 30).
3332 947 3446 1002 Non

1878 1011 2166 1068 tolerarunt
2205 1025 2397 1082 tamen,
2427 1020 2495 1073 ob
2521 1023 2744 1076 cervicis
2772 1025 3016 1082 duritiem
3047 1047 3062 1085 :
3091 1011 3271 1103 neque
3290 1039 3447 1092 modo

1876 1114 1979 1152 nou
2010 1104 2321 1169 tolerarunt,
2349 1109 2443 1162 sed
2468 1120 2519 1164 et
2537 1112 2908 1184 confregerunt
2935 1129 2987 1173 et
3010 1133 3282 1191 ruperunt.
3314 1126 3445 1181 Nam

1880 1191 1923 1243 A
1951 1195 2154 1260 sterttlo,
2189 1197 2376 1265 inquit,
2409 1205 2698 1273 confregisti
2712 1207 2898 1276 jugum
2926 1219 3102 1276 luunt;
3127 1217 3308 1283 rupiin
3335 1219 3445 1272 rin-

1874 1282 1988 1376 cula
2018 1293 2103 1335 tua
2128 1285 2334 1350 (.lerem.
2361 1288 2414 1340 ‘12.
2437 1290 2526 1344 20.
2555 1293 2665 1346 uide
2688 1303 2732 1347 et
2761 1296 2812 1349 5.
2839 1297 2892 1351 5.
2917 1299 3031 1352 item
3050 1299 3196 1355 Psal.
3223 1302 3275 1356 2.
3300 1320 3347 1357 v.
3365 1306 3441 1376 '5).

1874 1371 1987 1426 Non
2021 1374 2166 1428 Pauli
2193 1377 2306 1431 haec
2327 1389 2451 1433 sunt
2478 1382 2635 1436 verba
2656 1426 2670 1452 ,
2703 1386 2794 1440 sed
2823 1389 3076 1458 propheta
3105 1393 3331 1460 clamat,
3353 1371 3444 1466 ju-

1872 1477 1993 1530 gutu
2033 1475 2087 1518 et
2127 1467 2330 1521 vincula
2383 1470 2586 1539 imperii
2632 1486 2784 1531 notas
2824 1477 3046 1534 dicens:
3088 1483 3207 1550 quia
3247 1485 3444 1542 Christi

1874 1552 2166 1609 dominium
2213 1557 2380 1612 Judzei
2425 1574 2758 1631 respuerant,
2805 1582 2924 1621 cum
2973 1570 3215 1628 dicerent
3261 1593 3275 1630 :
3321 1575 3445 1631 Non

1874 1643 2114 1736 liabetttus
2152 1665 2350 1719 regem,
2395 1653 2490 1704 nisi
2520 1653 2764 1709 Caesarem
2806 1657 2983 1724 (Joan.
3028 1662 3112 1718 19.
3146 1666 3255 1736 15).
3299 1665 3445 1722 Con-

1872 1731 2072 1802 fregisti
2098 1734 2304 1806 jugum,
2333 1739 2575 1808 dirupisti
2611 1744 2897 1810 vinculum,
2944 1763 2974 1800 e
2998 1764 3163 1820 regno
3191 1731 3445 1810 crciorum

1874 1825 2099 1894 teipsum
2125 1828 2347 1896 ejeeisti,
2377 1840 2428 1883 et
2458 1836 2703 1900 potestati
2736 1836 2980 1892 humanae
3009 1842 3304 1912 subjecisti.
3338 1847 3445 1902 Ve-

1872 1915 1962 1969 lim
1996 1917 2080 1972 hic
2108 1920 2233 1973 mihi
2275 1923 2580 1978 consideres
2602 1967 2614 1988 ,
2642 1941 2799 1995 quam
2830 1929 3012 1984 solerti
3061 1935 3339 2005 aenigmate
3367 1937 3446 1993 ef-

1871 2004 2130 2062 frenatum
2185 2011 2393 2065 illorttm
2459 2017 2693 2070 animum
2747 2019 3075 2089 significarit.
3134 2004 3248 2080 Non
3300 2030 3445 2084 enim

1870 2096 2060 2166 inquit,
2083 2099 2264 2169 jugum
2295 2102 2552 2171 dejecisti,
2576 2106 2669 2159 sed
2698 2108 3027 2179 confregisti.
3048 2115 3187 2184 quod
3215 2126 3294 2169 est
3319 2117 3446 2171 bru-

1871 2194 2042 2239 torum
2069 2190 2396 2257 animalium,
2421 2207 2711 2263 eorumque
2739 2199 3066 2265 petulcorum
3095 2203 3298 2269 vitium,
3322 2222 3444 2274 qua:

1870 2272 2080 2328 frenum
2124 2289 2416 2346 respuunt,
2465 2281 2854 2355 imperiumque
2893 2287 3210 2345 detrectant.
3247 2272 3439 2350 Verum

1868 2363 2008 2418 unde
2055 2365 2168 2420 iure
2205 2367 2310 2421 illis
2355 2368 2618 2426 durities?
2668 2373 2745 2428 Ex
2795 2379 3010 2446 crapula
3058 2389 3112 2433 et.
3157 2381 3438 2439 ebrietate.

1868 2452 1995 2518 Quis
2041 2454 2114 2508 ait
2163 2455 2296 2510 hoc?
2338 2456 2456 2528 ipse
2501 2460 2694 2516 Moses.
2745 2463 2969 2520 Comedit
3019 2467 3215 2538 Israel,
3268 2482 3315 2526 et
3357 2490 3448 2528 rit--

1868 2545 2030 2612 pictus
2079 2555 2126 2599 et
2187 2548 2526 2619 impiuguatus
2571 2562 2677 2618 est,
2737 2564 2784 2609 et
2847 2560 3177 2616 reculcitravit
3230 2565 3442 2620 dilectus

1868 2633 2042 2703 (Deut.
2063 2637 2152 2691 59..
2181 2641 2293 2710 15).
2313 2640 2769 2708 Quemadmodum
2784 2649 2924 2702 enim
2951 2652 3241 2707 animantia
3264 2655 3438 2724 bruta,

1869 2724 2109 2778 uberiore
2133 2728 2323 2794 pabulo
2353 2731 2580 2785 distenta
2601 2773 2615 2795 ,
2647 2735 2815 2805 magis
2841 2736 3146 2793 refractaria
3176 2751 3334 2812 atque
3361 2744 3442 2799 in-

1866 2813 2065 2868 domita
2098 2817 2248 2882 fiunt,
2277 2828 2332 2873 et
2367 2836 2537 2890 neque
2561 2823 2742 2893 jugum
2763 2865 2778 2888 ,
2824 2841 2923 2880 nec
2962 2826 3198 2895 frenum,
3229 2848 3326 2886 nec
3347 2849 3442 2888 au-

1866 2905 1993 2972 riga:
2050 2921 2263 2960 manum
2314 2908 2486 2963 ferunt
2532 2928 2545 2964 :
2595 2912 2663 2965 ita
2708 2921 2763 2967 et
2808 2917 3032 2986 populus
3078 2918 3327 2975 Judaicus
3372 2939 3448 2979 ex

1865 2994 2120 3050 ebrietate
2165 3006 2219 3051 et
2267 2999 2425 3053 nimia
2458 3002 2697 3069 corporis
2738 3005 2998 3060 obesitate
3033 3008 3098 3061 ad
3140 3018 3448 3066 extremam.

1865 3087 2230 3155 prmcipitatus
2254 3091 2530 3156 malitiam,
2560 3092 2806 3156 iasciviit,
2839 3110 3013 3164 neque
3040 3098 3233 3152 Christi
3250 3101 3448 3170 jnguut.

1863 3178 2172 3245 acceptavit,
2198 3193 2368 3247 neque
2395 3179 2652 3235 doctrina:
2677 3193 2910 3238 aratrum
2932 3186 3101 3240 duxit.
3131 3188 3279 3255 Quod
3301 3192 3435 3246 alius

1864 3270 2021 3322 etiam
2051 3269 2303 3339 propheta
2336 3272 2674 3328 subindicans
2710 3275 2882 3330 dixit:
2928 3276 3070 3333 Sicut
3098 3282 3252 3334 vitula
3288 3293 3445 3338 oestro

1865 3362 2050 3429 percita
2075 3362 2279 3415 insaniit
2313 3361 2478 3417 Israel
2504 3364 2655 3436 (Osee
2699 3368 2756 3421 4.
2811 3369 2919 3439 16).
2961 3371 3107 3426 Alius
3151 3373 3292 3439 ipsos
3333 3373 3427 3428 Vi-

1865 3454 2022 3505 tulum
2046 3469 2146 3506 non
2162 3454 2390 3506 edoctum
2405 3456 2725 3527 ferrcjugum
2746 3461 2955 3515 vocavit
2975 3460 3164 3532 (Jerem
3200 3465 3287 3517 51.
3320 3466 3431 3536 18).

1863 3544 2006 3598 Talia
2029 3561 2156 3601 vero
2180 3546 2332 3601 bruta
2360 3549 2666 3614 animantia,
2687 3550 2753 3605 ad
2776 3567 2966 3622 operas
2992 3555 3187 3624 inepta,
3223 3555 3288 3609 ad
3323 3573 3434 3613 ma-

1861 3637 2115 3691 ctaudum
2140 3649 2259 3691 sunt
2284 3648 2426 3708 apta.
2452 3640 2602 3706 Quod
2634 3641 2716 3695 his
2742 3645 2900 3696 etiam
2918 3646 3105 3698 accidit
3134 3664 3147 3698 :
3175 3663 3292 3700 nam
3311 3664 3431 3704 cum

1863 3726 1960 3795 ipsi
1994 3742 2111 3781 sese
2159 3728 2223 3780 ad
2250 3730 2586 3796 operatioucs
2614 3731 2832 3786 inutiles
2859 3734 3169 3796 redderent,
3203 3739 3288 3805 qui
3319 3753 3432 3791 ma-

1861 3826 2133 3873 ctarentur
2149 3822 2254 3890 apti
2287 3821 2512 3875 luerunt.
2531 3821 2704 3888 Quare
2727 3823 2968 3878 Christus
2987 3827 3166 3888 etiatu,
3193 3825 3432 3882 Inimicos

1861 3927 1996 3964 meos
2021 3911 2157 3977 illos,
2189 3913 2376 3982 inquit,
2400 3915 2484 3983 qui
2511 3914 2774 3968 noluerunt
2816 3931 2892 3968 me
2915 3933 3122 3987 regnare
3147 3919 3197 3970 iu
3227 3935 3305 3982 se,
3333 3923 3430 3971 ad-

1862 4003 2024 4055 ducite
2068 4004 2165 4056 huc
2206 4043 2222 4069 ,
2249 4014 2296 4058 et
2339 4015 2554 4058 mactate
2601 4007 2718 4059 illos
2774 4005 2922 4077 (Luc.
2967 4008 3052 4062 19.
3097 4009 3212 4080 97).
3256 4009 3428 4075 Τ11111,

1861 4091 2064 4154 Judaee.
2093 4095 2370 4163 oportebat
2409 4105 2460 4148 te
2487 4097 2760 4164 jejunare,
2814 4112 2933 4152 cum
2961 4099 3188 4153 ebrietas
3235 4101 3348 4153 istis
3377 4110 3436 4161 te

1859 4182 2013 4235 malis
2041 4183 2294 4245 afficeret,
2323 4200 2440 4237 cum
2475 4186 2795 4253 impietatem
2820 4197 3023 4254 pareret
3047 4188 3282 4255 crapula,
3319 4205 3443 4244 non;

1855 4272 1984 4344 jam.
2017 4273 2165 4327 Nunc
2191 4275 2332 4328 enim
2355 4275 2613 4344 jejunium
2643 4284 2726 4329 est
2757 4277 3182 4345 intempestivum
3212 4289 3258 4332 et
3290 4279 3438 4331 abo-.

1859 4363 2184 4416 minandutn.
2215 4365 2329 4431 Quo
2350 4366 2604 4418 auctore?
2636 4365 2843 4428 llesaia,
2871 4367 2962 4434 qui
2987 4382 3119 4420 voce
3145 4367 3283 4421 edita
3314 4369 3422 4421 cla.

1860 4463 1969 4508 mat
1995 4471 2009 4507 :
2052 4452 2172 4507 Non
2201 4456 2294 4508 hoc
2317 4456 2569 4524 jejunium
2599 4457 2743 4527 elegi.
2775 4457 2909 4523 Quid
2948 4459 3060 4514 ita?
3089 4460 3218 4525 Quia
3260 4462 3310 4513 iu
3331 4465 3444 4532 ju-.

1859 4544 1992 4599 dicio
2018 4556 2064 4599 et
2092 4563 2289 4616 pugnas
2315 4549 2590 4616 jejuuatis,
2633 4559 2679 4601 et
2708 4550 2962 4618 percutitis
2999 4568 3166 4622 pugno
3203 4552 3446 4609 subditos.

1859 4635 2059 4706 (Πρωὶ.
2081 4638 2168 4692 58.
2204 4639 2257 4691 4.
2287 4639 2365 4707 5).
2398 4638 2546 4704 Quod
2587 4640 2664 4705 si,
2687 4655 2806 4692 cum
2852 4640 3088 4707 pulsares
3115 4656 3442 4710 conservos,~

1856 4725 2172 4783 detestabile
2202 4738 2346 4782 tttum
2385 4729 2482 4782 fuit
2517 4730 2808 4798 jejunium,
2839 4731 3062 4784 Domino
3109 4733 3205 4785 abs
3232 4743 3282 4788 te
3313 4751 3436 4787 tua-.

1854 4828 2018 4882 ctato,
2045 4830 2315 4887 acceptum
2347 4819 2434 4887 qui
2466 4817 2654 4874 fuerit?
2676 4837 2775 4890 qua
2807 4822 3041 4874 ratione?

1926 4908 2123 4978 Jejunii
2168 4910 2408 4974 fructuasi
2462 4911 2660 4962 modus.
2707 4939 2779 4950 —
2824 4911 2996 4971 Eum,
3046 4911 3132 4978 qui
3179 4910 3374 4979 jejunat
3402 4953 3437 4978 ,_

1858 4999 2208 5066 compositum
2238 5014 2355 5052 esse
2379 4999 2550 5063 decet,
2581 5001 2886 5063 contritum,
2919 5000 3243 5053 ltumiliatum
3264 5043 3279 5062 ,
3314 5018 3439 5062 non,

1855 5087 1928 5140 ira
1957 5087 2159 5141 ebrium
2186 5105 2200 5140 :
2241 5097 2294 5141 et
2320 5103 2608 5142 conservos
2653 5089 2864 5158 pulsas?
2889 5089 3023 5143 Olim
3065 5091 3220 5159 igitur
3258 5092 3306 5144 iu
3330 5092 3428 5160 ju-.

1854 5180 1988 5233 dicia
2016 5190 2069 5233 et
2096 5195 2296 5248 pugnas
2319 5180 2623 5247 jejunarunt
2649 5198 2660 5232 :
2691 5197 2832 5234 nunc
2861 5183 2924 5232 ad
2967 5183 3306 5250 petulantiam
3339 5193 3418 5234 at-

1853 5289 1955 5340 que
1993 5282 2284 5325 extremam
2321 5271 2804 5340 intemperantiam,
2835 5272 2959 5324 dum
3005 5273 3158 5327 nudis
3199 5274 3431 5342 pedibus.

1850 5364 1903 5416 in
1934 5362 2044 5415 foro
2070 5362 2476 5429 saltant,jcjunii
2503 5362 2711 5431 quidem
2739 5373 3014 5432 pra'tcxtu,
3039 5363 3128 5417 sed
3151 5364 3432 5418 ebriorum

1850 5470 2017 5507 more.
2049 5453 2180 5506 Audi
2205 5469 2310 5522 qtto
2332 5463 2484 5522 pacto
2519 5455 2766 5521 propheta
2784 5455 3026 5522 jejuuare
3047 5455 3245 5522 jubcat.
3282 5457 3426 5508 Sum.

1787 5581 1809 5614 ί
1847 5546 2062 5611 eti/irate
2090 5545 2363 5613 jejuuium,
2391 5545 2580 5614 inquit,
2615 5561 2718 5597 non
2749 5561 2865 5600 cum
2908 5546 3149 5614 tripudiis
3176 5547 3424 5602 celebras

1848 5645 1897 5689 te
1927 5653 1938 5688 :
1975 5635 2251 5688 Pra'dirate
2283 5636 2492 5700 cultum,
2521 5649 2815 5706 rongrrgate
2851 5655 2989 5690 senes
3022 5638 3162 5706 (Joel
3215 5639 3264 5693 1.
3302 5640 3413 5703 14).

1847 5728 1912 5780 At
1958 5727 2008 5781 hi
2037 5727 2228 5782 choros
2263 5727 2496 5781 mollium
2540 5738 2764 5799 cogunt,
2797 5731 3188 5798 colluvictuquc
3219 5743 3415 5799 stupro
