3990 6198
468 301 573 360 8ὶῖ

470 430 860 501 inquinatarum
892 424 1206 488 mtdierum;
1237 421 1504 477 theatrum
1531 420 1835 481 universum
1864 428 1916 474 et
1947 417 2036 471 lto-

468 521 643 575 mines
664 517 902 572 scenicos
930 513 993 569 ad
1020 504 1352 583 Sj'nagngam
1383 510 1692 580 pertrahunt
1713 550 1727 575 ,
1756 523 1877 562 nam
1907 517 2041 561 mter

467 608 733 663 theatrum
754 614 808 659 et
832 605 1066 674 ipsorum
1095 602 1426 673 Synagogam
1454 598 1582 653 nihil
1618 601 1857 653 interest.
1886 596 2041 667 Equi-

466 696 587 752 tlem
613 696 749 762 scio,
777 692 891 749 fore
914 693 1001 763 qui
1032 710 1115 745 me
1146 690 1458 745 temeritatis
1478 699 1719 759 arguant,
1738 688 1877 758 quod
1907 687 2045 741 inter

468 786 733 842 theatrum
773 794 934 854 atque
972 782 1302 855 Synagogam
1342 779 1629 849 quidquam
1664 778 1919 832 interesse
1946 790 2042 831 ne-

468 877 667 946 garim,
686 884 742 931 at
764 889 863 944 ego
889 873 1009 928 illos
1026 872 1261 927 audaciae
1276 869 1594 935 condemno,
1626 869 1678 923 ni
1707 868 1777 921 ita
1795 869 2042 922 sentiant.

471 967 692 1032 Damna,
712 964 758 1020 si
780 981 845 1019 ex
861 980 946 1019 me
963 964 1147 1020 isthaac
1166 961 1449 1033 pronuntio
1467 976 1485 1027 ;
1504 960 1586 1015 sin
1599 958 1871 1031 propheta:
1887 957 2046 1013 verba

465 1048 611 1125 dico,
636 1056 964 1112 enuntiatum
986 1055 1241 1125 approba.

539 1148 593 1203 5.
616 1128 784 1213 Multi,
811 1144 922 1200 scio
941 1184 957 1212 ,
987 1152 1296 1200 reverentur
1328 1141 1569 1209 Judzeos,
1599 1155 1890 1212 eorumque
1919 1141 2050 1196 ritus

466 1237 760 1294 hodiernos
782 1246 1003 1293 censent
1025 1249 1145 1292 esse
1167 1234 1454 1301 honestos;
1484 1249 1591 1305 quo
1620 1234 1735 1304 ipso
1767 1233 1835 1288 ad
1874 1234 2052 1303 perni-

466 1329 671 1384 ciosam
701 1328 856 1382 istam
876 1325 1181 1396 opinionem
1210 1324 1465 1379 radicitus
1489 1323 1815 1379 evellendam
1838 1324 2049 1379 incitor.

467 1417 668 1489 Negavi
697 1416 905 1473 theatro
936 1414 1225 1487 quidquam
1266 1421 1523 1484 przcstare
1558 1412 1928 1483 Synagogam;
1955 1411 2053 1467 ad-

468 1509 662 1565 ducam
694 1506 969 1577 prophette
1000 1505 1359 1562 testimonium
1387 1522 1401 1558 :
1428 1520 1533 1559 non
1576 1513 1699 1558 sunt
1730 1502 1899 1559 Judaei
1929 1518 2054 1573 pro-

472 1598 649 1669 phetis
670 1597 772 1653 ﬁde
788 1596 1078 1667 digniores.
1102 1595 1239 1662 Quid
1261 1595 1418 1665 igitur
1443 1593 1570 1650 ille?
1592 1591 1761 1647 Frons
1787 1594 2057 1649 meretricis

473 1691 612 1761 facta
623 1699 695 1745 est
707 1690 795 1744 tibi
811 1689 1030 1753 ;desiisti
1041 1687 1322 1742 erubescere
1335 1687 1474 1757 apud
1489 1703 1659 1741 omnes
1673 1685 1884 1757 (Jerem.
1904 1686 1958 1741 '5.
1977 1684 2055 1757 5).

481 1781 519 1838 U
529 1782 578 1836 bi
600 1796 727 1836 vero
740 1791 973 1836 scortum
987 1780 1338 1849 prostituitur,
1357 1778 1568 1833 is‘locus
1585 1786 1667 1833 est
1688 1778 2056 1849 prostibulum.

480 1874 591 1929 lmo
618 1887 725 1928 non
756 1871 1105 1942 prostibulum
1133 1871 1408 1926 dumtaxat
1446 1872 1814 1940 theatrumque
1845 1879 1929 1925 est
1954 1869 2057 1940 Sy-

478 1979 701 2035 nagoga,
730 1978 913 2018 verum
933 1962 1091 2017 etiam
1121 1962 1373 2031 spelunca
1398 1961 1682 2027 latronum,
1709 1969 1764 2015 et
1784 1959 2060 2014 latibulum

482 2057 733 2114 ferarum.
757 2054 887 2110 Nam
917 2053 1157 2124 spelunca
1186 2053 1380 2124 hyaenae
1413 2056 1550 2123 facta
1592 2061 1666 2106 est
1693 2048 1835 2116 mihi,
1868 2050 2056 2121 inquit,

481 2148 661 2199 domus
705 2154 868 2200 vestra
914 2143 1026 2213 (Id.
1071 2144 1124 2198 7.
1164 2143 1253 2213 11)
1303 2161 1316 2198 :
1358 2157 1457 2198 nec
1496 2141 1807 2212 simpliciter
1846 2141 2059 2206 bestize,

483 2236 577 2291 sed
628 2235 814 2291 bestia:
859 2234 1101 2305 impune.
1141 2235 1212 2288 At
1263 2247 1473 2290 rursum
1496 2272 1512 2298 ,
1561 2231 1816 2299 Dereliqui
1860 2230 2064 2285 domum

482 2342 668 2394 meum,
714 2325 913 2384 deserui
955 2325 1281 2380 hereditatem
1318 2340 1482 2379 meam
1527 2322 1636 2391 (Id.
1660 2323 1747 2378 12.
1794 2323 1869 2394 7).
1913 2322 2065 2391 Quod

485 2420 530 2474 si
559 2419 702 2474 Deus
727 2417 1092 2488 dereliquerit,
1124 2434 1244 2488 quae
1271 2418 1458 2473 salutis
1484 2432 1609 2488 spes
1632 2417 1870 2488 reliqua?
1896 2416 1951 2474 Si
1973 2418 2066 2474 de-

484 2509 716 2564 seruerit
739 2511 900 2577 Deus,
933 2510 1082 2565 locus
1125 2511 1215 2565 ille
1254 2509 1312 2565 ﬁt
1353 2510 1607 2566 habitatio
1645 2510 1968 2566 dtemonum.
1996 2512 2067 2566 At

484 2598 703 2652 omnino
729 2614 788 2654 se
811 2614 1020 2670 quoque
1043 2599 1211 2655 Deum
1236 2600 1462 2659 adorare
1480 2601 1681 2657 dicunt.
1710 2601 1817 2657 Sed
1843 2603 1983 2657 absit
2005 2611 2067 2657 ut

487 2687 589 2743 hoc
640 2687 917 2743 dicamus:
952 2703 1109 2744 nemo
1132 2688 1349 2746 Judaeus
1389 2691 1554 2746 Deum
1584 2691 1791 2747 adorat.
1836 2692 1965 2759 Quis
1990 2693 2066 2748 ait

489 2776 734 2834 hoc?Dei
758 2777 948 2834 Filius.
975 2778 1037 2833 Si
1061 2780 1193 2833 enim
1228 2778 1434 2834 Patrem
1460 2796 1624 2835 meum
1648 2783 1889 2849 nossetis,
1917 2792 1963 2837 et
1991 2799 2069 2838 me

486 2868 696 2923 nossetis
723 2883 743 2922 :
767 2885 924 2938 neque
943 2885 1056 2923 vero
1072 2886 1149 2924 me
1166 2870 1338 2936 nostis,
1360 2886 1449 2924 nec
1465 2869 1669 2924 Patrem
1680 2870 1740 2942 (J
1742 2888 1861 2927 oan.
1879 2874 1934 2928 8.
1955 2874 2067 2944 l9).

487 2959 640 3026 Quod
670 2960 1029 3015 testimonium
1056 2960 1159 3017 hoc
1187 2962 1291 3017 ﬁde
1317 2962 1526 3033 dignius
1550 2962 1806 3018 adducam
1827 2965 1854 3019 ?

500 3124 505 3127 _
558 3050 837 3126 Synagoga
883 3051 1186 3107 Iudaeorum
1219 3054 1528 3108 diversorum
1565 3054 1976 3111 dwmonium.—
2013 3058 2069 3114 Si

486 3139 699 3195 Patrem
748 3156 853 3197 non
898 3153 1122 3210 norunt,
1166 3144 1360 3199 Filium
1406 3145 1814 3213 cruciﬁxerunt,
1843 3146 2072 3216 Spiritus

486 3231 739 3287 auxilium
761 3234 1090 3303 repulerunt.
1120 3234 1238 3304 quis
1259 3235 1434 3290 locum
1456 3234 1614 3290 istum
1637 3251 1755 3292 esse
1769 3236 2070 3292 daemonum

487 3321 838 3378 diversorium
868 3324 1138 3378 afﬁrmare
1184 3339 1292 3379 non
1338 3324 1515 3379 ausit?
1553 3324 1669 3380 Non
1707 3326 1962 3382 adoratur
2002 3328 2072 3383 ibi

489 3411 653 3479 Deus,
686 3410 863 3465 absit:
894 3412 989 3466 sed
1030 3411 1343 3468 idololatrize
1380 3413 1632 3483 deinceps
1666 3415 1812 3470 locus
1842 3426 1925 3471 est
1954 3432 1969 3470 :
2020 3424 2074 3472 et

492 3507 665 3555 tatiien
692 3500 852 3569 aliqui
878 3501 983 3554 illis
1015 3509 1278 3570 tamquam
1307 3504 1553 3558 sacrariis
1593 3504 1887 3560 adhaerent.

562 3587 791 3643 Historia
814 3589 906 3643 viri
934 3590 1207 3645 Christiani
1240 3593 1495 3647 mulierem
1524 3593 1575 3647 in
1595 3594 1754 3648 azdem
1780 3594 2074 3650 Judworum

491 3680 559 3733 ad
576 3679 861 3751 jurandum
889 3681 1079 3736 intrare
1106 3685 1348 3754 cogentis.
1374 3685 1636 3755 —Atque
1661 3684 1775 3742 haec
1805 3702 1910 3742 non
1936 3702 2070 3743 con-

489 3771 714 3843 iecturis
750 3771 1009 3828 adductus
1044 3773 1193 3840 dico,
1226 3774 1321 3830 sed
1349 3774 1462 3846 ipsa
1486 3775 1705 3832 edoctus
1726 3779 2071 3848 experientia.

492 3859 625 3915 Nam
666 3870 790 3915 ante
817 3860 916 3917 hoc
961 3863 1213 3930 triduum,
1246 3864 1374 3919 mihi
1416 3865 1636 3932 credite,
1678 3882 1784 3922 non
1823 3870 2072 3937 mentior,

493 3959 789 4005 matronam
806 3951 1086 4020 quamdam
1110 3952 1410 4020 honestam,
1426 3956 1726 4024 ingenuam,
1751 3958 2067 4025 modestam,

496 4048 556 4093 et
584 4038 796 4094 ﬁdelem
833 4039 970 4109 vidi,
995 4056 1153 4111 quam
1193 4042 1353 4098 homo
1381 4044 1595 4113 quidam
1633 4045 1894 4116 impurus,
1922 4049 2075 4104 stoli-

499 4126 637 4194 llus,
686 4129 934 4199 opinione
979 4130 1344 4199 Christianus,
1402 4131 1561 4206 (talia
1608 4136 1751 4191 enim
1792 4138 2074 4194 audentem

498 4220 766 4276 sincerum
814 4221 1175 4278 Christianum
1233 4238 1338 4279 non
1391 4225 1676 4299 dixerim),
1731 4228 2075 4285 llebrreorum

500 4312 670 4368 mdem
719 4313 950 4378 intrare.
996 4315 1173 4387 ibique
1212 4316 1581 4387 jusjurandum
1624 4320 1692 4375 de
1717 4320 1942 4391 negotiis
1975 4322 2077 4379 sibi

503 4404 867 4460 controversis
894 4404 1022 4462 dare
1047 4407 1289 4478 cogebat.
1321 4407 1391 4464 Ut
1426 4424 1552 4464 vero
1582 4409 1671 4465 illa
1697 4425 1853 4481 opem
1883 4412 2076 4482 implo-

498 4493 670 4561 rabat,
694 4503 748 4549 et
774 4496 875 4549 vim
902 4498 1212 4552 sceleratam
1242 4499 1452 4554 amoliri
1480 4501 1756 4571 cupiebat;
1782 4503 1883 4558 sibi
1907 4503 2073 4572 enim,

502 4598 622 4652 quae
663 4583 964 4639 divinorum
996 4590 1370 4657 mysteriorum
1416 4590 1680 4660 particeps
1723 4586 1860 4647 facta
1899 4603 2074 4659 esset,

502 4672 651 4728 illum
681 4673 855 4729 locum
874 4674 1022 4730 adire
1043 4675 1190 4731 nefas
1214 4692 1334 4734 esse
1358 4697 1371 4733 :
1399 4679 1646 4736 incensus
1666 4696 1763 4752 ego
1786 4682 1898 4738 zelo
1918 4692 2078 4753 atque

500 4763 696 4819 ardens
720 4765 957 4830 surrexi,
998 4780 1095 4820 nec
1132 4765 1272 4820 illam
1299 4781 1458 4836 porro
1498 4768 1564 4823 ad
1593 4771 2077 4839 prtevaricationem

502 4855 640 4911 trahi
666 4871 782 4911 sum
808 4871 1016 4926 passus,
1038 4857 1311 4927 eripuiqne
1330 4859 1397 4913 ab
1418 4859 1592 4928 iniqua
1620 4861 1718 4915 ista
1739 4861 2074 4919 abductione.

504 4947 696 5006 Postea
719 4963 862 5013 eum,
896 4948 987 5017 qui
1025 4956 1258 5002 traxerat
1289 4948 1456 5014 illam,
1487 4947 1887 5006 Christianusne
1912 4962 2076 5021 esset,

503 5039 707 5108 rogavi.
745 5038 841 5093 Cui
872 5039 1144 5093 conﬁtenti
1181 5039 1411 5110 graviter
1445 5040 1631 5104 institi,
1662 5039 1960 5098 fatuitatem
1987 5059 2080 5100 ex-

505 5129 766 5198 prohrans
808 5138 1210 5200 extremamque
1252 5130 1604 5199 dementiam,
1637 5140 1692 5188 et
1730 5132 1894 5189 asinis
1932 5135 2077 5190 illum

501 5220 787 5290 quidquam
830 5230 1082 5289 prmstme
1110 5221 1333 5291 negavi,
1364 5222 1411 5277 si
1452 5220 1718 5278 Christum
1766 5238 1826 5281 se
1853 5225 2078 5284 adorare

505 5309 797 5377 prolitens,
830 5308 895 5364 ad
936 5306 1278 5377 Judazorum,
1320 5312 1408 5381 qui
1450 5312 1621 5382 ipsum
1658 5315 2077 5385 cruciﬁxissent,

502 5397 785 5465 speluncas
815 5413 1130 5468 quemquam
1178 5399 1431 5455 traheret.
1463 5401 1833 5474 Productoque
1871 5405 2079 5477 longius

468 5515 476 5525 -
507 5500 759 5542 sermone
783 5487 1009 5557 primum
1038 5504 1255 5558 prorsus
1275 5504 1379 5544 non
1403 5490 1563 5547 licere
1585 5492 1765 5562 jurarc
1782 5535 1798 5562 ,
1820 5511 1991 5566 neque
2013 5497 2080 5553 ad

504 5576 877 5647 jusjurandum
898 5595 1216 5651 quemquam
1243 5581 1466 5637 incitare
1485 5622 1501 5649 ,
1529 5598 1595 5639 ex
1619 5599 1771 5641 sacro
1796 5586 2080 5659 Evangelio

506 5663 719 5733 (Matth.
751 5666 807 5725 5.
851 5667 947 5739 δι)
971 5668 1145 5726 docui.
1174 5671 1402 5738 Deinde,
1435 5687 1542 5729 non
1570 5674 1779 5733 ﬁdelem
1813 5687 1865 5735 et
1898 5679 2076 5736 initia-

1209 312 1263 367 S.
1303 306 1579 365 JOANNIS
1606 305 2075 393 CIIBYSOSTOMI
2114 305 2429 362 ARCUIEP.
2472 304 3002 361 CONSTANTINOP.

3613 295 3731 352 818

2149 428 2295 484 tam,
2343 418 2470 488 quin
2507 433 2678 489 neque
2724 433 2882 484 eum,
2936 417 3027 488 qui
3066 415 3298 471 nondum
3344 418 3413 472 sit
3452 417 3723 485 initiatus,

2146 508 2199 563 in
2220 508 2375 563 istam
2394 509 2764 564 necessitatem
2783 507 3094 564 trahendum
3120 507 3303 564 fuisse.
3329 509 3608 578 Postquam
3628 510 3727 564 diu

2148 598 2481 669 multumque
2528 598 2777 669 loquutus
2816 600 3050 653 animum
3095 597 3213 669 ejus
3261 598 3331 652 ab
3375 614 3559 653 errore
3602 601 3725 669 opi-

2150 689 2326 744 nionis
2353 689 2594 756 liberavi,
2621 705 2835 744 causam
2862 689 3162 744 sciscitatus
3190 704 3330 753 sum,
3362 704 3459 743 cur
3490 688 3729 744 Ecclesia

2152 779 2339 834 relicta
2364 782 2433 834 ad
2470 779 2777 834 Judaeorum
2813 779 3039 850 collegia
3082 779 3226 834 illam
3264 779 3502 834 traxerit.
3545 781 3607 833 At
3637 781 3733 834 ille

2154 870 2352 925 multos
2381 869 2481 925 sibi
2509 870 2707 926 dixisse
2736 869 3039 939 inquiebat,
3067 869 3457 940 jusjurandum,
3489 870 3628 940 quod
3655 871 3729 925 ihi

2151 961 2386 1029 daretur,
2414 962 2580 1032 magis
2603 960 2987 1017 formidandum
3007 976 3146 1017 esse.
3166 962 3245 1018 Ob
3272 977 3389 1032 qua:
3416 962 3737 1031 ingemisce-

2152 1055 2295 1119 bam,
2340 1053 2521 1123 iraque
2566 1052 2907 1119 incendebar,
2943 1052 3198 1122 deinceps
3235 1067 3421 1108 rursus
3464 1052 3737 1107 ridebam.

2154 1142 2389 1198 Cernens
2422 1144 2563 1198 enim
2606 1143 2803 1197 diaboli
2840 1143 3088 1201 astutiam
3108 1185 3125 1209 ,
3157 1143 3418 1213 ingemui,
3445 1144 3589 1214 quod
3626 1143 3736 1198 ho-

2154 1233 2383 1290 minibus
2401 1233 2452 1288 id
2471 1234 2790 1304 persuadere
2816 1244 3025 1304 posset:
3048 1233 3379 1289 considerata
3400 1250 3524 1289 vero
3542 1249 3740 1291 eorum

2155 1323 2246 1394 qui
2271 1324 2641 1394 deciperentur
2675 1324 2953 1389 socordia,
2999 1324 3257 1379 excandui
3284 1343 3298 1379 :
3328 1334 3385 1380 et
3419 1327 3741 1382 eorundem

2157 1423 2356 1485 quanta
2400 1426 2541 1471 esset
2586 1418 2816 1471 amentia
2856 1432 3065 1471 mecum
3113 1429 3402 1486 reputans,
3446 1418 3557 1472 risi.
3605 1418 3743 1474 llaec

2158 1503 2312 1560 vobis
2340 1505 2448 1561 dixi
2474 1515 2526 1560 et
2554 1507 2801 1573 narravi,
2828 1509 2951 1578 quia
2976 1508 3155 1562 animo
3191 1523 3311 1577 erga
3338 1522 3432 1563 eos
3451 1549 3464 1571 ,
3491 1509 3580 1578 qui
3604 1508 3739 1562 talia

2159 1604 2215 1650 et
2238 1606 2547 1666 perpetrant
2580 1606 2634 1652 et
2661 1599 3040 1667 esperiuutur,
3070 1598 3198 1652 estis
3227 1598 3379 1666 plane
3420 1598 3741 1664 inhumano,

2161 1701 2261 1741 nec
2286 1687 2569 1757 quidquam
2591 1688 2654 1743 iis
2679 1690 2961 1745 moremini
2984 1707 3002 1746 :
3022 1691 3172 1761 sique
3190 1690 3407 1746 fratrem
3431 1692 3745 1761 quempiam

2161 1786 2399 1832 vestrum
2433 1777 2488 1833 in
2532 1778 2834 1848 bujusmodi
2879 1789 3152 1850 peccatum
3198 1780 3434 1836 incidere
3475 1781 3750 1849 videatis.

2166 1866 2436 1935 alienam,
2481 1884 2587 1923 non
2629 1871 2900 1942 propriam
2951 1872 3306 1927 calamitatem
3349 1888 3466 1929 esse
3508 1874 3750 1928 ducitis.

2166 1954 2382 2026 Vosque
2401 1960 2667 2013 accusanti
2690 1970 2936 2031 purgatos
2952 1962 3288 2027 existimatis,
3311 1962 3533 2017 dicendo
3556 1982 3568 2017 :
3593 1964 3756 2032 Quid

2167 2045 2296 2101 mihi
2323 2061 2467 2101 curae
2503 2050 2620 2104 est?
2647 2065 2765 2119 quae
2801 2051 2937 2105 ratio
2977 2052 3253 2107 mihicum
3290 2053 3381 2107 illo
3406 2056 3757 2109 communis?

2164 2138 2294 2206 Qua:
2319 2140 2480 2197 verba
2514 2142 2736 2211 capitale
2773 2144 2951 2197 odium
2984 2144 3038 2198 in
3075 2144 3316 2202 homines
3354 2155 3402 2200 et
3445 2148 3759 2202 satanicam

2164 2230 2527 2286 crudelitatem
2556 2243 2765 2288 sonant.
2796 2234 2931 2300 Quid
2971 2236 3069 2299 ais,
3106 2235 3266 2290 homo
3303 2252 3420 2291 cum
3462 2239 3553 2301 sis,
3580 2239 3751 2306 ejus-

2165 2320 2393 2392 demque
2430 2332 2632 2378 natura:
2661 2325 2959 2395 particeps,
2989 2327 3255 2396 quinimo,
3287 2328 3331 2381 si
3363 2337 3557 2382 naturae
3580 2344 3760 2384 eom-

2165 2415 2349 2470 munio
2389 2414 2615 2470 dicenda
2652 2424 2766 2480 est,
2808 2418 2894 2471 cui
2936 2433 3098 2471 unum
3142 2429 3300 2486 eaput
3340 2429 3422 2474 est
3461 2420 3765 2487 Christus;

2171 2502 2353 2560 dicere
2369 2504 2556 2573 audes,
2589 2505 2720 2560 nihil
2746 2507 2838 2561 tibi
2864 2523 2982 2561 cum
3022 2508 3276 2563 membris
3314 2511 3417 2565 tuis
3441 2525 3556 2564 esse
3586 2526 3769 2565 eom-

2167 2595 2375 2650 mune?
2423 2595 2699 2663 Quomodo
2751 2597 2911 2667 igitur
2955 2596 3224 2652 Christum
3274 2599 3520 2653 Ecclesia:
3573 2611 3771 2671 caput

2168 2684 2480 2740 conﬁteris?
2501 2685 2634 2741 Nam
2660 2696 2818 2756 caput
2838 2698 3023 2742 natura
3055 2690 3230 2743 omnia
3257 2690 3485 2745 membra
3504 2691 3770 2759 copulat,

2169 2783 2225 2830 et
2249 2775 2316 2829 ad
2366 2790 2425 2831 se
2473 2776 2754 2847 diligenter
2781 2780 3084 2843 convertit,
3132 2781 3464 2851 colligatque.
3514 2781 3568 2835 Si
3608 2782 3773 2837 nihil
3857 2823 3865 2829 .

2173 2867 2265 2922 tibi
2312 2883 2595 2925 commune
2644 2880 2725 2925 est
2763 2886 2881 2927 cum
2936 2872 3173 2927 membro
3224 2881 3342 2938 tuo,
3393 2888 3563 2941 neque
3604 2887 3759 2928 cum

2171 2959 2338 3015 fratre
2383 2958 2510 3030 quid
2561 2976 2841 3016 commune
2884 2970 2967 3016 cst
2997 2962 3128 3028 tibi,
3175 2976 3345 3032 neque
3385 2971 3543 3033 caput
3580 2962 3775 3019 habes

2172 3049 2463 3106 Christum.
2493 3050 2660 3106 Judaei
2698 3066 2794 3107 vos
2821 3061 3086 3122 tamquam
3133 3053 3382 3121 parvulos
3416 3067 3604 3122 pueros
3634 3063 3775 3108 ιντ-

2173 3150 2324 3208 rent,
2377 3152 2435 3196 et
2480 3157 2587 3196 non
2635 3142 3075 3198 animadvertitis.
3121 3142 3253 3198 Nam
3303 3144 3777 3214 quemadmodum

2174 3231 2410 3301 parvulis
2454 3230 2558 3286 illis
2598 3232 2750 3286 multi
2791 3233 3034 3287 scelerati
3068 3233 3207 3287 servi
3252 3234 3423 3289 larvas
3459 3237 3780 3292 ostendunt

2177 3321 2441 3376 terribiles
2467 3330 2519 3375 et
2545 3321 2823 3384 ridiculas.
2856 3339 2974 3393 qua:
3008 3332 3193 3378 natura
3236 3340 3341 3378 non
3367 3333 3490 3379 sunt
3532 3329 3777 3391 terrori.

2175 3410 2271 3465 sed
2316 3411 2645 3480 simplicibus
2683 3412 2873 3467 animis
2917 3413 3051 3468 tales
3094 3413 3357 3481 videntur,
3394 3429 3783 3485 magnumque

2174 3502 2340 3556 risum
2373 3511 2589 3557 movent
2618 3520 2632 3557 :
2662 3503 2741 3557 sic
2769 3502 2939 3557 Judaei
2975 3504 3213 3559 rudiores
3237 3504 3564 3559 Christianos
3588 3506 3783 3564 larvis

2174 3594 2285 3650 suis
2326 3594 2593 3649 territant.
2649 3595 2928 3662 Quomodo
2971 3597 3112 3651 enim
3166 3598 3409 3652 terricula
3457 3600 3564 3652 sint
3607 3603 3781 3668 apud

2176 3683 2320 3753 ipsos
2343 3699 2424 3748 ea,
2453 3700 2571 3754 quae
2592 3700 2785 3756 magno
2809 3686 3073 3742 dedecore
3098 3695 3151 3741 et
3172 3687 3281 3742 risu
3306 3688 3461 3757 plena
3481 3729 3497 3751 ,
3523 3704 3781 3761 qtae-lue

2178 3772 2454 3827 hominum
2491 3774 2930 3844 impingcntiutn,
2970 3789 3091 3830 cum
3120 3776 3407 3846 ignominia
3434 3777 3780 3846 rejectorum

2177 3874 2232 3919 et
2259 3864 2625 3920 danmatorum
2651 3866 2812 3921 sunt?

2246 3957 2300 4011 4.
2329 3956 2517 4011 Nostra
2557 3957 2697 4013 haud
2743 3967 2866 4013 sunt
2910 3960 3035 4014 talia
3068 3976 3082 4013 :
3114 3958 3206 4014 sed
3250 3974 3431 4014 revera
3473 3960 3774 4025 terribilia,

2176 4056 2231 4104 et
2272 4047 2507 4104 horroris
2547 4050 2723 4120 plena.
2763 4049 2865 4107 Ubi
2906 4053 3049 4106 enim
3095 4052 3235 4107 Deus
3276 4059 3357 4107 est
3403 4052 3488 4121 qui
3530 4053 3665 4109 vita:
3707 4070 3778 4109 ac

2176 4140 2322 4195 necis
2362 4148 2674 4208 potestatem
2716 4141 2893 4207 habet,
2921 4142 2968 4197 is
3002 4141 3252 4196 locus’est
3279 4142 3771 4215 terribiliswault.

2177 4232 2267 4288 10.
2311 4231 2404 4302 28)
2432 4250 2446 4286 :
2479 4233 2568 4288 ubi
2612 4248 2886 4289 sermones
2933 4233 3192 4289 habentur
3234 4234 3422 4289 inﬁniti
3469 4236 3541 4290 de
3586 4241 3774 4306 poenis

2177 4322 2415 4387 aeternis,
2443 4322 2510 4377 de
2534 4323 2837 4379 fluminibus
2882 4323 3082 4393 igneis,
3129 4324 3197 4379 de
3239 4335 3496 4380 venenato
3535 4342 3766 4395 verme,

2177 4411 2244 4468 de
2273 4412 2494 4467 vinculis
2534 4414 2705 4482 rumpi
2750 4414 2963 4478 nesciis,
2987 4413 3054 4469 de
3093 4412 3330 4469 tenebris
3384 4418 3765 4476 exterioribus

2180 4502 2200 4573 (
2222 4501 2306 4557 1d.
2337 4502 2428 4557 22.
2461 4504 2530 4558 15
2554 4504 2593 4574 ).
2643 4503 2721 4558 llli
2760 4519 2888 4559 vero
2936 4503 3066 4557 nihil
3108 4503 3292 4559 horum
3332 4520 3399 4557 ne
3441 4508 3769 4561 somniando

2182 4594 2395 4665 quidem
2427 4596 2630 4661 sciunt,
2663 4595 2833 4650 ventri
2861 4594 3058 4663 dediti,
3090 4597 3438 4665 praesentibus
3466 4598 3759 4662 inhiantes,

2180 4687 2357 4755 porcis
2381 4687 2650 4757 hircisque
2677 4686 2844 4741 nihilo
2864 4687 3110 4743 meliores
3131 4702 3237 4758 pne
3256 4689 3471 4742 lascivia
3489 4689 3764 4760 nimiaque

2143 4806 2155 4825 ο
2180 4777 2413 4847 crapula.
2450 4776 2666 4847 llocque
2695 4793 2857 4832 unum
2894 4789 3111 4843 norunt,
3137 4779 3312 4834 ventri
3357 4778 3589 4844 servire,
3634 4781 3760 4835 ebrii

2180 4883 2318 4935 esse,
2351 4883 2446 4938 pro
2470 4868 2809 4925 saltatoribus
2831 4870 3102 4935 contundi,
3129 4886 3225 4941 pro
3251 4872 3451 4941 aurigis
3469 4874 3755 4929 vulnerari.

2181 4959 2427 5014 llaeccine
2469 4969 2591 5014 sunt
2626 4960 2806 5030 gravia
2833 4969 2888 5016 et
2912 4961 3207 5016 terribilia?
3237 4961 3367 5028 Quis
3394 4962 3500 5017 hoc
3529 4962 3751 5018 dixerit!

2184 5050 2335 5107 Unde
2376 5065 2503 5121 ergo
2541 5052 2693 5106 nobis
2727 5051 2840 5105 visa
2887 5058 3010 5105 sunt
3057 5052 3467 5119 terribilia,nisi
3492 5062 3551 5108 et
3579 5065 3756 5110 servos

2182 5140 2466 5210 ignominia
2491 5149 2721 5206 notatos,
2744 5140 2935 5210 quibus
2962 5141 3105 5195 nulla
3130 5149 3214 5196 est
3235 5143 3489 5212 loquendi
3518 5145 3749 5203 libertas,

2181 5231 2378 5301 quique
2398 5230 2557 5285 domo
2584 5232 2738 5286 herili
2764 5232 3095 5300 exciderunt,
3127 5234 3318 5288 terrori
3342 5249 3467 5289 esse
3494 5222 3647 5291 dicas
3671 5236 3759 5298 iis,

2182 5321 2270 5390 qui
2314 5330 2441 5376 sunt
2487 5322 2728 5377 honorati
2752 5331 2807 5377 et
2833 5322 3074 5379 libertate
3117 5326 3375 5379 utuntur?
3413 5325 3614 5381 Verum
3648 5328 3770 5384 tunc

2182 5426 2287 5464 non
2306 5412 2374 5464 ita
2388 5427 2447 5467 se
2467 5411 2683 5477 habent,
2701 5425 2803 5466 non
2827 5413 2897 5467 ita
2918 5428 3046 5470 sane
3060 5429 3119 5470 se
3140 5415 3414 5472 habent.Si
3429 5418 3644 5487 quidem
3659 5432 3769 5473 nec

2182 5516 2435 5569 caupona:
2473 5503 2635 5572 regiis
2669 5502 2807 5557 aulis
2839 5503 3108 5574 digniores
3130 5514 3289 5571 sunt;
3314 5506 3441 5577 quin
3467 5508 3773 5563 diversorio

2182 5593 2370 5663 quovis
2413 5594 2561 5651 locus
2596 5595 2890 5666 Synagoga:
2922 5596 3270 5653 «inhonestior
3310 5608 3413 5654 est.
3453 5599 3572 5654 Non
3614 5598 3768 5653 cutim

2186 5682 2473 5750 latronum,
2519 5699 2690 5756 neque
2731 5701 3025 5759 cauponam
3070 5688 3400 5760 simpliciter,
3426 5690 3521 5747 sed
3562 5691 3775 5746 dmo-
