3990 6198
226 277 336 334 8S9

230 415 364 455 num
406 408 490 456 est
533 395 809 453 habitatio.
839 395 951 452 lmo
999 410 1103 450 non
1152 390 1443 467 Synagoga:
1487 395 1679 457 solum,
1723 392 1818 449 sed

226 492 365 562 ipsa:
388 490 548 545 etiam
574 487 878 543 Iudaeorum
905 488 1095 542 anima:
1127 503 1141 540 :
1168 486 1309 556 quod
1336 484 1591 539 orationis
1610 484 1820 554 epilogo

228 579 475 636 conabor
498 579 884 634 demonstrare.
909 577 1084 646 Quare
1109 592 1202 632 vos
1228 576 1431 642 hortor,
1459 585 1514 631 ut
1540 575 1695 646 hujus
1721 593 1818 647 po-

235 674 507 729 tissimum
549 669 948 740 disceptationis
988 669 1356 724 memineritis.
1404 667 1522 724 Non
1565 669 1708 724 enim
1753 667 1820 723 ad

225 763 669 830 ostentationem,
700 775 872 832 neque
916 770 1131 831 propter
1174 760 1484 831 applausurn
1517 774 1658 814 nunc
1681 758 1818 813 dici-

229 872 360 911 mus
386 873 400 910 :
428 855 522 912 sed
551 865 604 910 ut
633 853 941 911 medeamur
965 853 1158 908 animis
1185 853 1396 909 ve5tris.
1435 851 1566 908 Nam
1596 852 1715 922 quis
1741 859 1824 906 est

231 948 391 1002 vobis
411 959 591 1004 sermo
611 945 968 1001 excusationis
1003 945 1268 1015 reliquus,
1300 946 1344 1000 si
1375 945 1427 1000 in
1460 953 1602 998 tanta
1649 943 1819 999 medi-

231 1054 424 1093 eorum
450 1037 606 1106 cepia
630 1036 790 1105 aliqui
820 1034 1116 1105 aegrotent?

311 1129 485 1199 Major
506 1145 624 1198 pars
651 1127 787 1181 urbis
815 1127 1096 1180 Antiochia
1121 1126 1406 1181 Christiana
1432 1135 1558 1179 erat.
1580 1155 1652 1166 —
1675 1125 1820 1179 Duo-

233 1220 415 1275 decim
462 1228 613 1274 erant
651 1218 900 1290 apostoli.
929 1226 983 1274 et
1007 1218 1312 1273 universum
1343 1217 1595 1271 mundum
1623 1217 1824 1272 allexe-

233 1322 368 1368 runt
394 1330 409 1366 :
441 1311 610 1380 major
654 1325 777 1380 pars
801 1311 948 1366 urbis
971 1320 1055 1366 est
1078 1310 1405 1378 Christiana,
1435 1319 1488 1364 et
1511 1307 1684 1364 adhuc
1703 1307 1823 1379 qui-

231 1405 365 1460 dam
420 1403 606 1462 morbo
649 1401 906 1457 .ludaismi
965 1401 1231 1456 laborant.
1281 1402 1344 1455 Et
1387 1415 1487 1471 qua
1550 1414 1649 1454 nos
1709 1400 1826 1455 sani

231 1495 552 1549 defensione
575 1491 820 1548 utemur?
849 1493 996 1562 Digni
1028 1507 1158 1548 sane
1196 1492 1354 1548 etiam
1393 1491 1578 1561 aegroti
1608 1491 1677 1545 illi
1703 1501 1826 1546 sunt

232 1585 467 1642 crimine
509 1601 522 1638 :
563 1583 658 1639 sed
705 1599 876 1652 neque
922 1599 1020 1638 nos
1057 1597 1307 1637 vacamus
1353 1583 1545 1652 culpa,
1597 1582 1725 1652 ipsis
1772 1583 1823 1638 in

235 1675 433 1731 morbo
456 1675 729 1745 neglectis.
751 1674 848 1728 Vix
879 1675 1019 1728 enini
1046 1689 1108 1729 ac
1137 1690 1204 1730 ne
1235 1674 1318 1728 vix
1345 1674 1557 1744 quidem
1588 1675 1631 1728 si
1660 1675 1826 1730 multa

237 1779 429 1824 nostra
455 1783 580 1823 cura
610 1768 930 1832 fruerentur,
955 1767 1150 1822 inﬁrmi
1179 1782 1297 1823 esse
1327 1777 1624 1837 pergerent.
1643 1767 1820 1834 Quare

237 1860 539 1928 anticipans
581 1858 695 1913 hcce
721 1873 861 1912 nunc
891 1858 1028 1923 dico,
1059 1868 1115 1912 ut
1142 1857 1364 1927 quilibet
1386 1865 1621 1912 vestrum
1660 1867 1826 1910 attra-

239 1949 336 2003 hat
365 1949 603 2013 fratrem,
633 1950 792 2003 etiam
819 1947 864 2002 si
891 1947 1178 2002 necessitas
1208 1945 1524 2016 imponenda
1553 1947 1640 2012 sit,
1667 1947 1826 2001 etiam

242 2041 290 2096 si
338 2041 423 2095 vis
460 2039 717 2105 facienda,
747 2040 906 2095 etiam
946 2039 990 2094 si
1025 2040 1360 2094 contumeliis
1397 2047 1451 2093 et
1486 2039 1828 2094 contentione

246 2133 404 2189 fuerit
430 2145 564 2204 opus
596 2150 611 2187 :
640 2147 852 2187 onmem
895 2139 1108 2187 moveto
1145 2129 1398 2202 lapidem,
1429 2130 1599 2200 ipsum
1627 2139 1684 2185 ut
1711 2129 1829 2184 dia-

247 2225 353 2279 boli
390 2224 580 2294 laqueo
605 2223 826 2288 eximas,
870 2222 1169 2292 liberesque
1197 2236 1228 2275 a
1257 2221 1577 2276 commercio
1617 2234 1823 2284 eorum,

246 2315 335 2386 qui
379 2314 651 2370 Christum
692 2314 808 2369 neci
852 2313 1131 2369 dederunt.
1159 2313 1214 2369 Si
1246 2314 1454 2368 videres
1481 2313 1532 2368 in
1559 2313 1674 2368 foro
1703 2313 1824 2369 duci

245 2407 548 2476 quempiam
574 2404 640 2460 ad
681 2405 1017 2476 supplicium,
1064 2404 1269 2459 calculo
1303 2403 1450 2474 justo
1495 2403 1826 2470 damnatum,

247 2497 448 2567 tibique
488 2497 709 2552 liberum
752 2503 894 2551 esset
935 2493 1004 2549 de
1049 2494 1314 2550 carniﬁcis
1363 2493 1612 2549 manibus
1655 2495 1828 2563 ipsum

246 2603 454 2656 rapere,
486 2602 660 2641 annon
691 2585 900 2657 quidvis
929 2583 1153 2650 faceres,
1188 2595 1246 2639 ut
1269 2583 1656 2640 abduceretur?
1679 2584 1830 2640 Nunc

247 2695 364 2732 eum
395 2694 586 2734 cernas
615 2677 826 2732 fratrem
855 2686 999 2731 tuum
1027 2692 1133 2731 non
1157 2692 1184 2728 a
1212 2675 1419 2742 lictore,
1445 2675 1538 2732 sed
1565 2691 1594 2729 a
1619 2675 1830 2731 diabolo
1854 2724 1858 2728 .

251 2772 316 2826 ad
344 2770 658 2842 perditionis
701 2770 1007 2825 barathrum
1037 2780 1220 2824 contra
1243 2768 1330 2840 jus
1359 2778 1413 2824 et
1439 2769 1516 2823 fas
1545 2768 1716 2831 trahi,
1744 2767 1829 2823 vel

248 2865 542 2931 symbolam
572 2865 807 2934 gravaris
833 2864 982 2926 dare,
1010 2879 1113 2934 qna
1163 2862 1334 2933 ipsum
1381 2861 1668 2932 iniquitatis
1709 2862 1830 2916 vin-

247 2959 366 3010 culo
405 2957 626 3010 eximas.
661 2955 726 3010 Et
766 2953 1032 3024 quomodo
1069 2952 1223 3008 venia
1253 2951 1327 3006 sis
1355 2951 1577 3022 dignus?
1594 2949 1699 3006 Sed
1729 2965 1823 3004 va-

249 3052 442 3106 lentior
480 3061 531 3104 te
571 3057 674 3115 est,
711 3055 763 3102 et
789 3047 1075 3117 potentior.
1127 3045 1251 3100 Mihi
1298 3043 1470 3113 ipsum
1512 3041 1822 3097 ostendito:

249 3140 541 3210 perieulum
586 3139 776 3209 capitis
815 3137 1006 3192 subibo
1043 3135 1238 3207 potius,
1268 3149 1427 3206 quam
1454 3143 1510 3188 nt
1537 3133 1707 3202 patiar
1736 3146 1826 3186 sa-

247 3245 458 3285 croruin
505 3228 652 3283 illum
708 3226 909 3297 ingredi
955 3226 1253 3292 vestibula,
1295 3225 1341 3280 si
1386 3223 1730 3294 pertinaciter
1777 3223 1831 3278 in

249 3321 525 3392 proposito
568 3319 842 3374 manserit.
867 3317 1004 3386 Quid
1044 3317 1186 3373 enim
1219 3315 1314 3371 tibi
1342 3330 1463 3370 cum
1490 3315 1678 3375 libera.
1707 3328 1829 3369 eum

244 3411 448 3467 caelesti
491 3409 786 3465 Jerusalem
825 3406 1144 3462 commune?
1189 3403 1441 3476 Delegisti
1491 3414 1828 3471 terrestrem;

243 3518 366 3556 eum
398 3516 461 3554 ea
516 3499 714 3554 servitu
745 3515 759 3553 :
789 3513 908 3552 nam
935 3503 990 3551 et
1026 3496 1138 3565 ipsa
1181 3511 1304 3551 cum
1347 3495 1469 3550 ﬁliis
1509 3494 1620 3550 suis
1663 3495 1832 3550 servit

245 3592 544 3650 secundum
577 3589 817 3661 Apostoli
845 3589 1004 3644 verba
1031 3587 1228 3659 (Galat.
1255 3589 1309 3642 4.
1329 3587 1445 3659 25).
1465 3587 1682 3658 Jejunas
1708 3603 1830 3642 cum

244 3681 490 3738 Iudaeis?
518 3682 732 3750 Depone
777 3681 953 3735 soleas
997 3695 1210 3751 quoque
1261 3693 1381 3733 eum
1426 3679 1562 3745 istis,
1580 3689 1634 3734 et
1676 3679 1831 3734 nudis

247 3777 296 3828 in
327 3777 446 3829 foro
472 3774 692 3842 pedibus
717 3773 927 3828 ambula
973 3775 1238 3844 particeps
1282 3771 1516 3828 indecori
1559 3783 1742 3844 gestus
1776 3781 1831 3828 et

247 3869 382 3921 risus
413 3882 623 3920 eorum.
650 3865 762 3920 Hoc
804 3865 944 3921 haud
993 3866 1167 3920 facere
1207 3865 1400 3936 gesties
1429 3883 1443 3920 :
1476 3865 1640 3935 pudet
1663 3865 1827 3932 enim,

245 3966 300 4011 et
329 3957 528 4010 rubore
549 3955 888 4010 suﬂ'underis.
908 3953 1025 4010 Jam
1055 3954 1287 4024 gestibus
1315 3969 1500 4009 eorum
1523 3955 1600 4008 uti
1625 3953 1786 4024 pudet
1813 3971 1829 4011 :

248 4047 540 4116 impietatis
569 4059 696 4100 vero
721 4045 1030 4100 earumdem
1061 4045 1235 4099 socius
1264 4059 1382 4099 esse
1410 4059 1514 4099 non
1536 4044 1830 4100 erubescis.

245 4139 386 4203 Quid
433 4145 612 4190 autem
645 4136 812 4190 venite
836 4134 1164 4205 impetrabis,
1196 4149 1316 4188 eum
1344 4134 1418 4188 sis
1446 4134 1830 4189 semichristia-

247 4228 383 4282 nus?
424 4226 478 4281 In
506 4226 694 4297 capitis
733 4225 1021 4280 discrimen
1068 4225 1216 4296 prius
1259 4225 1534 4292 adducar,
1580 4225 1783 4280 credite
1812 4267 1829 4292 ,

247 4334 409 4389 quam
452 4320 617 4372 ullum
662 4317 956 4372 istiusmodi
985 4318 1171 4372 morbo
1199 4331 1510 4387 oppressum
1542 4317 1826 4386 negligam,

249 4411 304 4465 si
326 4409 548 4474 videro;
571 4409 653 4464 sin
680 4424 765 4464 me
795 4408 998 4476 latebit,
1035 4408 1174 4467 Deus
1199 4409 1414 4463 omnino
1431 4408 1689 4479 ignoscet.
1710 4408 1833 4463 llzec

249 4513 437 4554 secum
463 4501 687 4569 quisque
728 4499 887 4554 etiam
931 4507 1164 4554 vestrum
1211 4505 1438 4568 reputet,
1466 4512 1567 4554 nec
1605 4513 1717 4552 rem
1762 4498 1833 4552 ita

248 4591 428 4645 levem
453 4590 706 4660 quasique
722 4590 894 4644 obiter
913 4589 1198 4644 curandam
1222 4589 1506 4644 existimet.
1528 4587 1643 4644 Non
1664 4597 1836 4645 atten-

247 4681 410 4734 distis
438 4679 561 4748 quid
581 4682 634 4734 in
659 4693 808 4734 sacra
836 4679 1033 4751 Synaxi
1060 4679 1323 4734 Diaconus
1353 4678 1579 4734 subinde
1604 4679 1835 4735 clamet?

245 4773 358 4827 Alii
382 4773 511 4828 alios
538 4772 725 4826 noscite
751 4787 770 4826 :
795 4771 1063 4843 quomodo
1092 4772 1145 4826 in
1173 4772 1360 4827 fratres
1393 4771 1631 4828 studiose
1659 4771 1834 4842 inqui-

244 4862 404 4918 rendi
438 4863 738 4918 facultatem
762 4862 908 4917 vobis
931 4862 1199 4933 praebeat?
1231 4863 1373 4918 Idem
1390 4863 1442 4917 in
1462 4863 1564 4918 illis
1587 4863 1832 4918 observa.

242 4955 303 5008 Si
334 4967 496 5023 quem
523 4954 769 5024 cognoris
785 4953 1144 5024 judaizantem
1164 4995 1179 5019 ,
1204 4953 1493 5023 prehende,
1517 4963 1698 5008 notum
1731 4954 1832 5020 fac,

241 5058 320 5098 ne
335 5043 477 5096 idem
494 5043 606 5114 ipse
620 5058 829 5114 quoque
847 5044 1134 5114 perieulum
1152 5043 1363 5098 subeas.
1375 5043 1504 5098 Nam
1516 5054 1569 5098 et
1585 5044 1636 5098 in
1649 5044 1837 5099 castris

242 5145 580 5198 exterorum,
610 5135 654 5188 si
684 5135 800 5204 quis
849 5136 1001 5191 miles
1034 5132 1463 5205 deprehendatur
1491 5136 1835 5190 barbarorum

243 5227 645 5297 Persarumque
675 5225 867 5293 fautor,
899 5243 1004 5282 non
1031 5228 1145 5296 ipse
1169 5227 1342 5282 solum
1369 5225 1540 5295 capite
1567 5227 1833 5296 periclitao

242 5331 358 5380 tur,
386 5317 484 5372 sed
531 5319 750 5388 quilibet
790 5318 906 5388 ejus
931 5318 1006 5374 rei
1053 5321 1319 5384 conscius,
1343 5331 1443 5372 nec
1465 5316 1587 5371 duci
1633 5317 1837 5371 exerci-

242 5427 335 5468 tus
367 5416 518 5470 illum
549 5415 798 5486 prodens.
831 5417 962 5472 Cum
991 5417 1148 5489 igitur
1172 5426 1227 5472 et
1255 5429 1348 5471 vos
1369 5415 1486 5471 sitis
1517 5412 1714 5472 Christi
1740 5432 1836 5472 ex-

244 5507 484 5570 ercitus,
531 5506 744 5564 curiose
787 5522 849 5562 ac
893 5506 1174 5578 diligenter
1217 5506 1498 5576 inquirite,
1547 5521 1672 5560 num
1719 5507 1838 5575 quis

244 5596 548 5667 alienigena
581 5600 731 5654 vobis
749 5600 813 5656 sit
835 5599 1122 5666 admixtus,
1149 5600 1370 5671 ejusque
1400 5613 1595 5654 nomen
1615 5598 1834 5666 deferte,

244 5703 359 5744 non
385 5702 446 5744 ut
469 5690 799 5751 occidames.
826 5692 969 5748 velut
1007 5691 1117 5760 illi;
1146 5704 1314 5760 neque
1343 5700 1399 5746 ut
1431 5705 1584 5760 pretia
1633 5691 1833 5760 suppli-

1445 280 1798 338 ADVERSUS
1835 279 2134 339 JUD.~EOS.
2177 283 2216 338 l.

3397 295 3504 350 850

1927 395 2078 450 ciove
2103 393 2397 451 afficiamus
2421 415 2436 453 :
2458 397 2552 453 sed
2585 410 2836 457 uterrore
2868 409 3024 472 atque
3045 401 3314 471 impietate
3333 402 3508 473 ipsum

1925 483 2230 549 liberemus,
2282 487 2595 558 penitusque
2641 501 2883 544 nostrum
2932 490 3235 547 reddamus.
3275 492 3425 561 Quod
3457 494 3508 550 si

1926 577 2126 642 nolitis,
2167 576 2502 648 scientesque
2549 579 2752 645 celetis,
2803 583 3018 638 easdem
3046 601 3173 650 vos,
3218 601 3349 655 quas
3397 587 3505 653 illi,

1928 682 2112 737 poenas
2137 668 2355 724 daturos
2370 685 2509 732 esse.
2536 673 2698 741 probe
2725 673 2891 728 nostis
2917 717 2931 733 .
2960 675 3157 735 Paulus
3177 677 3506 751 (Rom.l.32)

1926 761 2124 815 etenim
2155 777 2259 816 non
2287 777 2382 817 eos
2423 764 2615 828 solum,
2646 766 2734 834 qui
2779 766 2918 820 mala
2965 776 3290 837 perpetrant,
3319 783 3506 824 verum

1927 862 1982 907 et
2021 852 2403 923 approbatores
2459 869 2630 925 pmute
2668 867 2724 911 et
2758 858 3018 927 supplicio
3055 858 3288 928 snbjicit.
3333 859 3510 930 Atque

1927 946 2086 999 etiam
2117 945 2830 1020 propheta(Psalm.49.18)
2862 963 2964 1004 non
2997 948 3141 1005 fures
3169 960 3392 1019 tantum,
3411 952 3510 1008 sed

1927 1046 1981 1092 et
2025 1053 2144 1092 cum
2189 1039 2290 1092 illis
2331 1049 2606 1094 currentes
2651 1041 2823 1096 eidem
2875 1056 3046 1112 pinna:
3087 1043 3302 1110 addicit,
3350 1045 3510 1114 idque

1928 1132 2139 1186 merito.
2170 1131 2299 1187 Nam
2323 1135 2410 1202 qui
2436 1135 2647 1204 culpam
2693 1135 2912 1191 alterius
2950 1139 3194 1193 conscius
3233 1138 3426 1194 occulit
3453 1147 3509 1195 et

1929 1222 2077 1292 tegit,
2104 1223 2357 1293 majorem
2401 1225 2474 1278 illi
2518 1225 2608 1280 dat
2647 1228 2906 1282 socordize
2935 1243 3140 1296 ansam,
3169 1239 3326 1300 atque
3349 1244 3511 1286 secu-

1931 1314 2131 1369 riorem
2159 1315 2211 1369 in
2240 1316 2634 1371 committendis
2661 1317 2869 1372 delictis
2896 1318 3092 1374 reddit.

2000 1403 2054 1458 5.
2086 1404 2278 1458 Verum
2309 1405 2374 1460 ad
2402 1417 2636 1475 ingratos
2675 1423 2862 1460 rursus
2891 1407 3240 1462 redeundum.
3270 1407 3511 1480 Cogitate

1930 1493 2107 1563 igitur,
2135 1494 2445 1565 quibuscum
2474 1495 2507 1549 ii
2538 1497 2917 1550 commercium
2961 1495 3212 1562 habeant,
3244 1499 3332 1569 qui
3371 1513 3514 1554 nunc

1928 1588 2176 1657 jejunanl
2201 1607 2213 1642 :
2240 1603 2361 1641 cntn
2386 1589 2454 1642 iis
2477 1592 2566 1656 qui
2588 1591 2916 1654 clamarnnt,
2939 1588 3224 1660 Cruciﬁge,
3248 1590 3502 1659 cruci/iga

1933 1679 2085 1749 (Luc.
2106 1678 2421 1747 25,21";qui
2438 1681 2712 1742 dixerunt,
2735 1681 2964 1751 Sanguis
2987 1682 3100 1749 ejus
3132 1697 3288 1748 super
3313 1688 3501 1744 nos,et

1929 1771 2236 1840 superﬁlios
2259 1769 2700 1834 nostros(Matth.
2742 1770 2833 1825 27.
2863 1772 2952 1828 23.
3000 1772 3116 1842 ἓῦ.)
3138 1770 3504 1842 Siquityran-

1929 1859 2074 1914 nidis
2098 1860 2363 1914 all‘eetata:
2379 1861 2707 1915 reidanmati
2745 1870 2951 1924 essent,
2973 1860 3219 1930 nunquid
3241 1860 3504 1916 accedere

1927 1959 1984 2006 et
2017 1966 2323 2006 sermonem
2347 1967 2469 2006 cum
2491 1951 2598 2007 illis
2613 1950 2869 2007 conferre
2889 1951 3161 2008 auderes?
3192 1950 3310 2006 Non
3341 1951 3500 2022 equi-

1925 2038 2048 2095 dem
2068 2047 2220 2110 puto.
2252 2041 2448 2094 Annon
2476 2041 2644 2111 igitur
2664 2043 2990 2107 absurdum,
3021 2057 3116 2098 eos
3137 2042 3232 2111 qui
3258 2043 3311 2095 in
3329 2041 3503 2096 homi-

1925 2144 2048 2186 nem
2085 2131 2386 2200 peccarint,
2419 2139 2528 2184 tam
2563 2131 2810 2187 studiose
2841 2132 3066 2202 fugere;
3092 2148 3214 2188 cum
3241 2132 3309 2186 iis
3341 2145 3496 2198 vero,

1923 2219 2015 2290 qui
2034 2221 2417 2276 contumeliosi
2437 2221 2492 2276 in
2516 2223 2696 2293 ipsum
2718 2221 2887 2278 Deum
2911 2222 3154 2282 fuerunt.
3176 2223 3498 2278 societatem

1932 2307 2067 2363 inire
2097 2324 2112 2362 :
2139 2316 2192 2362 et
2233 2307 2544 2362 cruciﬁxum
2590 2307 2874 2361 adorantes
2899 2347 2916 2374 ,
2966 2321 3085 2361 cum
3132 2307 3196 2361 iis
3237 2307 3327 2377 qui
3372 2307 3518 2364 cruci

1931 2397 2078 2452 illum
2105 2397 2324 2453 afﬁxere
2351 2397 2566 2452 feriari?
2591 2397 2744 2466 Quod
2769 2413 2873 2452 non
2901 2397 3184 2454 dementiae
3210 2398 3400 2464 solum,
3421 2398 3518 2455 sed

1931 2497 2184 2542 extremae
2209 2487 2367 2541 etiam
2395 2494 2477 2542 est
2498 2487 2736 2541 insanim.
2765 2485 3025 2553 Quoniam
3074 2501 3203 2542 vero
3248 2487 3519 2543 nonnullis

1932 2579 2208 2652 Synagoga
2230 2595 2440 2650 quoque
2460 2579 2773 2635 venerabilis
2799 2580 2948 2634 locus
2964 2579 3191 2648 videtur,
3214 2581 3518 2637 necessario

1933 2686 2100 2742 pauca
2122 2671 2281 2726 etiam
2300 2679 2484 2724 contra
2503 2670 2618 2724 illos
2634 2669 2878 2726 dicenda.
2900 2670 3004 2725 Cur
3018 2671 3158 2726 enim
3177 2671 3352 2726 locum
3372 2670 3520 2726 illum

1935 2761 2288 2827 veneramini,
2304 2761 2392 2830 qui
2410 2761 2851 2825 contemnendus,
2880 2760 3287 2826 abominandus,
3307 2770 3362 2816 et
3377 2761 3529 2822 unde

1934 2853 2277 2908 resiliendum
2323 2852 2508 2908 esset?
2546 2853 2677 2918 Lex,
2723 2853 2920 2922 inquis.
2963 2855 3198 2924 reposita
3239 2853 3311 2910 ibi
3336 2863 3443 2924 est,
3465 2862 3524 2909 et

1933 2942 2052 2995 libri
2082 2941 2396 3012 prophetici.
2447 2941 2582 3010 Quid
2629 2941 2778 2996 tum?
2821 2942 3038 2999 Librine
3078 2943 3399 3011 istiusmodi,
3428 2941 3530 3000 ubi

1933 3043 2075 3097 sunt,
2104 3034 2222 3088 loco
2261 3035 2596 3089 sanctitatem
2641 3033 2955 3090 cenferunt?
2997 3035 3364 3107 Nequaquam.
3409 3037 3522 3108 Ego

1932 3139 2062 3180 vero
2085 3124 2154 3179 ob
2182 3123 2284 3180 hoc
2311 3125 2482 3195 ipsum
2515 3125 2682 3195 magis
2706 3125 2794 3180 odi
2815 3125 3147 3196 Synagogam
3171 3141 3521 3198 aversorque,

1933 3216 2073 3286 quod
2101 3214 2386 3286 prophetas
2413 3215 2644 3284 habent,
2673 3232 2774 3273 nec
2818 3217 2884 3272 iis
2919 3217 3144 3274 credunt
3173 3236 3186 3272 :
3215 3219 3400 3275 literas
3435 3233 3523 3275 sa-

1933 3320 2051 3361 cras
2073 3308 2272 3376 legunt,
2292 3321 2390 3362 nec
2407 3307 2710 3362 testimonia
2738 3316 3016 3378 acceptant
3041 3327 3055 3363 :
3077 3308 3220 3380 quod
3243 3308 3522 3367 hominum

1933 3408 2017 3455 est
2063 3413 2221 3470 supra
2271 3398 2486 3454 modum
2535 3399 2931 3469 injuriosorum.
2973 3400 3106 3456 Nam
3131 3400 3252 3468 ,dic
3288 3400 3441 3468 mihi,
3474 3401 3527 3459 si

1934 3492 2296 3547 venerabilem
2328 3491 2634 3562 quemdam,
2663 3491 2946 3563 insignem,
2975 3501 3135 3564 atque
3159 3492 3422 3548 illustrem
3441 3493 3524 3548 vi-

1934 3601 2052 3639 rnm
2075 3585 2128 3639 in
2154 3599 2448 3653 cauponam
2493 3584 2636 3650 duci,
2677 3595 2769 3639 aut
2806 3585 2858 3640 in
2884 3585 3190 3656 speluncam
3231 3585 3521 3654 latronum,

1934 3686 2118 3747 postea
2157 3677 2512 3740 contumeliis,
2552 3677 2891 3744 verberibus,
2924 3688 3084 3748 atque
3134 3679 3342 3748 injuriis
3380 3679 3523 3738 afﬁc‘!

1933 3770 2188 3824 extremis
2234 3783 2486 3824 cerneres
2523 3786 2536 3823 :
2579 3767 2962 3825 admirandane
3010 3770 3103 3824 tibi
3148 3784 3388 3841 caupona
3427 3779 3525 3826 aut

1933 3862 2184 3931 spelunca
2221 3859 2508 3923 videretur,
2551 3874 2616 3915 eo
2653 3859 2795 3928 quod
2841 3861 3125 3930 prazclarns
3152 3861 3242 3916 ille
3269 3876 3524 3932 magnus-

1935 3969 2038 4022 que
2085 3953 2228 4007 intus
2273 3951 2500 4016 steterit,
2531 3959 2586 4007 et
2615 3953 3004 4008 contumeliose
3041 3961 3298 4010 tractatus
3332 3953 3528 4009 fuerit?

1933 4043 2048 4098 Non
2085 4043 2317 4098 arbitror
2341 4042 2625 4113 equidem;
2655 4043 2749 4098 sed
2779 4043 2878 4098 hac
2923 4043 3034 4112 ipsa
3065 4043 3132 4099 de
3171 4059 3331 4100 causa
3375 4044 3530 4100 illam

1934 4136 2265 4206 potissimum
2287 4133 2494 4189 odisses
2510 4143 2888 4202 aversatusque
2904 4148 3072 4188 esses.
3093 4133 3233 4188 Idem
3263 4133 3522 4204 judicium

1933 4225 2000 4280 de
2024 4225 2299 4296 Synagoga
2329 4233 2467 4280 esto.
2493 4223 2626 4278 Nam
2661 4224 2945 4293 prophetas
2981 4232 3035 4278 et
3077 4222 3293 4295 Moysen
3337 4238 3521 4280 secum

1936 4315 2058 4370 illuc
2080 4316 2449 4384 importarunt,
2482 4327 2590 4368 non
2617 4321 2674 4366 ιιι
2697 4312 3042 4378 honorarent,
3065 4313 3159 4367 sed
3186 4324 3242 4368 ut
3267 4312 3523 4383 injuriose

1934 4421 2161 4478 eumque
2182 4405 2466 4476 ignominia
2489 4411 2794 4460 tractarent.
2817 4403 2951 4458 Cum
2972 4403 3113 4458 enim
3136 4418 3231 4459 eos
3249 4403 3521 4460 Christum

1939 4497 2173 4561 novisse,
2197 4504 2252 4550 et
2269 4495 2339 4550 de
2359 4495 2477 4565 ejus
2500 4494 2730 4550 adventu
2757 4492 3046 4564 quidquam
3077 4493 3276 4550 dixisse
3305 4501 3520 4564 negent,

1937 4605 2039 4660 qua
2071 4589 2274 4660 majore
2297 4588 2487 4658 injuria
2513 4596 2711 4658 queant
2737 4595 2953 4642 sanctos
2970 4585 3089 4640 illos
3109 4585 3344 4652 afﬁcere,
3363 4601 3527 4656 quam

1938 4681 2272 4746 accusando,
2321 4695 2476 4736 suum
2517 4680 2661 4750 ipsos
2703 4678 2984 4732 Dominum
3027 4677 3317 4743 ignorasse,
3346 4677 3522 4731 etim-

1938 4767 2152 4839 pietatis
2192 4765 2368 4821 socios
2394 4763 2730 4819 asserendo?
2759 4763 2937 4830 Quare
2964 4761 3084 4816 ideo
3111 4760 3277 4830 magis
3299 4769 3354 4814 et
3378 4759 3523 4830 ipsos

1938 4869 1993 4916 et
2018 4859 2347 4930 Synagogam
2389 4857 2686 4922 oderimus,
2716 4855 2858 4926 quod
2887 4856 2944 4910 in
2968 4862 3182 4908 sanctos
3221 4852 3344 4906 illos
3385 4852 3523 4907 adeo

1937 4951 2356 5034 debacchentur.
2375 4947 2443 5003 At
2464 4947 2590 5018 quid
2605 4947 2672 5002 de
2688 4946 2836 5000 libris
2854 4959 2918 5000 ac
2934 4943 3064 5000 locis
3079 4943 3200 4998 dico
3216 4942 3240 4996 ?
3255 4941 3521 5012 Tempore

1938 5042 2408 5115 persequutionum
2437 5038 2715 5095 carniﬁces
2739 5051 2962 5107 corpora
2991 5045 3280 5106 martyrum
3305 5042 3517 5101 tenent,

1942 5134 2193 5198 lacerant,
2221 5130 2442 5202 flagellis
2470 5128 2680 5184 caedunt
2711 5145 2725 5181 :
2753 5142 2878 5181 num
2920 5126 3078 5197 igitur
3105 5137 3292 5180 manus
3331 5138 3519 5180 eorum

1940 5233 2136 5280 sancta:
2159 5265 2176 5290 ,
2225 5221 2369 5293 quod
2406 5229 2699 5292 martyrum
2738 5233 2962 5288 corpora
3022 5217 3345 5274 tenuerint?
3377 5215 3522 5275 Nihil

1941 5320 2133 5372 minus.
2163 5315 2278 5371 .lam
2327 5326 2538 5380 manus,
2566 5327 2685 5382 qua:
2725 5322 3027 5366 sanctorum
3067 5325 3288 5380 corpora
3333 5319 3521 5366 tenue-

1942 5422 2084 5476 runt,
2103 5409 2276 5480 impia:
2297 5414 2534 5474 manent,
2548 5405 2668 5461 ideo
2689 5405 2868 5475 utique
2882 5403 3020 5475 quod
3039 5403 3200 5474 impie
3214 5412 3518 5469 tenuerunt;

1941 5515 1994 5562 et
2022 5507 2079 5564 ii.
2102 5504 2191 5574 qui
2217 5503 2410 5573 scripta
2445 5508 2749 5557 sanctorum
2781 5507 3006 5554 tractant
3023 5511 3144 5552 cum
3166 5496 3354 5565 injuria
3373 5537 3390 5561 ,
3413 5510 3522 5551 non

1942 5597 2118 5650 minus
2141 5609 2298 5664 quam
2323 5591 2600 5648 carniﬁces
2629 5598 2920 5661 martyrum
2948 5601 3168 5660 corpora
3189 5626 3205 5652 ,
3232 5583 3527 5640 venerandi

1945 5696 2221 5760 propterea
2251 5683 2443 5744 erunt?
2471 5683 2661 5741 Annon
2690 5689 2948 5740 extremae
2963 5666 3066 5736 ho'c
3082 5674 3242 5732 fuerit
3263 5671 3526 5734 insaniae?
