3990 6198
482 244 579 301 851

483 374 536 430 Si
568 372 709 427 enim
738 381 936 424 tantum
985 367 1153 429 abest,
1182 365 1214 418 ii
1241 363 1406 417 sancti
1434 371 1490 416 ut
1518 362 1664 424 ﬁant,
1706 358 1795 427 qui
1836 367 2056 423 corpora

483 464 646 531 impie
692 469 992 520 tcmterunt,
1021 468 1077 509 ut
1114 453 1282 522 magis
1319 454 1477 506 etiam
1523 451 1864 518 polluantur:
1898 444 2063 499 multo

485 556 661 608 minus
684 551 873 618 scripta
900 550 1013 602 siue
1042 548 1142 601 lide
1172 547 1304 601 lceta
1328 544 1612 598 lectoribus
1636 534 2066 639 tttng-Ittlm-pl‘Qd-

484 660 603 700 esse
630 650 895 714 poterunt.
928 641 1036 694 lloc
1087 640 1256 708 ipsum
1296 636 1453 706 igitur
1482 633 1698 702 majoris
1736 630 1851 684 illos
1880 629 2064 696 impie-

490 736 613 789 tatis
652 732 947 791 convincit.
993 730 1155 784 libros
1182 744 1246 783 eo
1273 725 1495 781 censi-lio
1540 723 1830 791 possidere.
1875 718 2054 820 Neque

486 824 628 879 enim
660 832 859 878 tantum
886 828 1211 873 mererentur
1227 817 1447 877 crimen,
1467 815 1509 868 si
1543 811 1911 882 prephetarum
1930 811 2065 863 scri-

490 914 594 984 ptis
631 913 958 973 earuisscnt;
1003 923 1106 963 n0n
1151 918 1256 960 tam
1302 903 1491 973 impuri
1529 910 1583 957 et
1618 898 1820 971 profani
1864 903 2062 963 essent,

489 1003 587 1058 nisi
617 1002 777 1055 libros
823 1000 1093 1069 legissent.
1137 996 1289 1052 Nunc
1328 995 1467 1049 nulla
1497 992 1624 1062 ipsis
1649 990 1856 1089 reliqua.
1870 996 1951 1043 est
1976 1001 2067 1040 vc-

489 1093 597 1157 aia,
620 1105 890 1159 przccones
912 1087 1145 1142 veritatis
1162 1101 1280 1140 cum
1308 1084 1558 1148 habeant,
1582 1090 1635 1134 et
1660 1087 1763 1133 tam
1787 1078 1889 1131 illis
1910 1089 2063 1145 quam

488 1182 696 1236 veritati
722 1180 899 1234 hestili
925 1178 1100 1232 animo
1128 1178 1392 1231 resistant.
1414 1173 1668 1240 Quocirca
1682 1186 1747 1226 eo
1763 1170 1928 1237 magis
1949 1180 2069 1236 pro-

488 1272 593 1326 faui
616 1282 773 1342 atque
802 1271 991 1340 impuri
1036 1277 1177 1332 sunt,
1207 1267 1347 1337 quod
1385 1264 1669 1337 prophetas
1701 1262 1915 1324 habent,
1945 1272 2066 1312 eos-

486 1379 588 1436 que
640 1363 898 1418 hostiliter
944 1369 1185 1415 tractant.
1225 1359 1397 1426 Quare
1422 1364 1479 1410 ut
1519 1353 1728 1424 fugiatis
1764 1351 1983 1414 hortor,
2014 1354 2070 1401 et

486 1457 554 1511 ab
572 1470 758 1510 eorum
783 1451 1161 1507 conventiculis
1175 1447 1442 1504 resiliatis.
1464 1445 1577 1501 Non
1601 1458 1815 1514 parvum
1836 1440 1955 1493 hinc
1968 1438 2071 1492 fra-

490 1546 659 1600 tribus
678 1542 1053 1598 inﬁrmioribus
1070 1540 1338 1602 damnum,
1358 1552 1455 1592 nec
1477 1534 1679 1590 modica
1702 1533 1804 1588 illis
1842 1531 1964 1584 hinc
1983 1542 2071 1582 suo

492 1635 685 1703 perbia:
708 1648 856 1687 ansa.
881 1631 1009 1686 Nam
1031 1631 1075 1684 si
1091 1629 1319 1684 viderint
1337 1640 1451 1691 vos,
1466 1626 1552 1695 qui
1569 1619 2069 1679 adoratistristum

490 1725 557 1776 ab
583 1723 712 1792 ipsis
746 1722 1075 1783 cruciﬁxum,
1118 1717 1446 1774 ceremonias
1484 1715 1692 1769 illorum
1738 1711 1979 1781 persequi
2016 1718 2072 1764 et

497 1813 626 1867 tanti
656 1811 830 1867 facere
857 1827 872 1864 :
903 1809 1168 1878 quomodo
1198 1824 1300 1861 non
1327 1804 1730 1875 praeclarissime
1754 1802 1929 1855 omnia
1954 1814 1984 1854 a
2012 1814 2072 1855 se

492 1910 637 1971 gesta
661 1915 777 1954 esse
802 1900 1082 1968 putabunt.
1111 1906 1392 1965 nostraque
1420 1894 1612 1949 nullius
1637 1894 1789 1961 pretii
1814 1932 1829 1956 ,
1856 1907 1974 1947 cum
2005 1905 2070 1946 ea

493 1992 678 2044 colatis
700 1999 753 2043 et
780 1988 1072 2044 observetis
1113 1986 1345 2055 quidem,
1371 1984 1465 2040 sed
1498 1999 1619 2037 cum
1649 1984 1734 2049 iis,
1766 1982 1857 2052 qui
1884 1981 2069 2036 eadem

494 2081 789 2144 destruunt,
821 2078 1081 2134 curratis?
1107 2079 1168 2133 Si
1210 2078 1343 2149 quis,
1370 2077 1539 2146 inquit
1566 2075 1868 2144 Apostolus,
1894 2075 2072 2129 viderit

496 2183 544 2226 te
584 2171 671 2242 qui
716 2170 865 2224 habes
906 2170 1163 2225 scientiam
1198 2169 1247 2222 in
1280 2165 1444 2221 idolio
1474 2168 1837 2221 recumbentem
1864 2182 1884 2221 :
1909 2183 2073 2222 nonne

496 2263 794 2333 conscientia
823 2263 951 2333 ejus,
976 2260 1061 2330 qui
1079 2261 1310 2328 inﬁrmus
1330 2266 1435 2323 est,
1466 2257 1797 2327 mdi/icabitur
1833 2260 1900 2315 ad
1918 2259 2071 2312 eden-

496 2355 617 2408 dum
644 2332 853 2423 ea‘qnat
892 2362 1007 2405 sunt
1052 2351 1202 2405 idolis
1240 2350 1500 2402 immolata
1528 2349 1602 2417 (l.
1635 2348 1753 2403 Cor.
1779 2349 1982 2419 8.10)?
2007 2349 2072 2404 Et

497 2459 597 2512 ego
633 2443 772 2504 dico,
800 2443 840 2496 si
866 2442 982 2512 quis
1020 2440 1210 2494 viderit
1239 2448 1312 2504 te,
1352 2439 1439 2508 qui
1465 2437 1738 2492 scientiam
1779 2434 1963 2501 babes,
2003 2437 2070 2493 ad

497 2534 824 2605 synagogam
867 2533 1032 2595 abire,
1054 2532 1205 2585 tubas
1246 2538 1520 2598 spectare:
1551 2542 1725 2588 nonne
1744 2531 2069 2590 conscientia

498 2626 635 2694 ejus,
662 2638 780 2677 cum
826 2622 1065 2677 inﬁrmus
1102 2621 1191 2686 sit,
1213 2628 1512 2675 exstructur
1534 2621 1599 2675 ad
1626 2637 1798 2677 rerum
1821 2622 2067 2677 Iudaica-

499 2730 618 2770 rum
635 2713 1074 2767 admirationem?
1096 2713 1193 2778 Qui
1215 2712 1372 2775 cadit,
1394 2726 1495 2765 non
1518 2713 1693 2779 lapsus
1712 2713 1867 2766 modo
1887 2728 2069 2780 pinnas

499 2802 609 2867 δίη,
640 2804 732 2858 sed
757 2803 875 2873 quia
896 2804 1029 2857 alios
1053 2796 1605 2866 etiamsupplantavit.
1623 2799 1868 2865 punitur:
1886 2813 2073 2868 quem-

498 2891 790 2948 admodum
841 2898 1015 2955 stans,
1072 2899 1178 2941 non
1226 2890 1442 2956 propter
1465 2888 1708 2944 virtutem
1751 2899 1950 2946 tantum
1978 2908 2069 2947 co-

494 2981 739 3034 ronatur;
766 2973 858 3026 sed
881 2975 1001 3043 quia
1025 2975 1271 3030 eumdem
1298 2978 1351 3030 in
1379 2977 1497 3032 aliis
1519 2979 1689 3033 zelum
1716 2982 1983 3047 excitavit,
2013 2983 2063 3037 iu

493 3063 842 3118 admiratione
880 3073 981 3119 est.
1022 3064 1235 3120 Illorum
1283 3066 1439 3136 igitur
1484 3076 1537 3121 ct
1557 3078 1844 3125 conventus
1872 3081 1926 3127 et
1949 3072 2063 3127 loca

493 3153 687 3225 fugite;
716 3169 811 3208 nec
861 3155 1135 3225 quisquam
1185 3166 1398 3224 propter
1424 3157 1585 3212 libros
1612 3158 1940 3231 Syuagogam
1970 3177 2063 3217 ve-

492 3252 745 3307 neretur,
791 3243 888 3298 sed
933 3254 1148 3314 pmpter
1202 3247 1318 3300 illos
1362 3247 1499 3301 hanc
1540 3247 1663 3303 odio
1720 3262 2067 3322 prosequatur

492 3331 852 3401 fastidiatque.
897 3332 1028 3386 Nam
1074 3334 1124 3386 in
1161 3335 1533 3390 contumeliam
1577 3347 1791 3393 sanctos
1845 3348 2063 3409 tenent,

492 3421 614 3491 quia
643 3421 815 3476 verbis
841 3421 1045 3476 illorum
1073 3422 1227 3477 ﬁdem
1247 3424 1519 3495 derogant,
1538 3426 1659 3496 quia
1677 3436 1927 3486 extrema:
1948 3431 2065 3488 illos

492 3509 776 3580 impietatis
799 3527 919 3567 reos
946 3512 1161 3567 faciunt.

562 3601 616 3655 6.
671 3599 857 3655 Veteris
907 3601 1212 3658 Testamenti
1263 3607 1605 3679 interpretatio
1652 3613 1745 3667 sub
1789 3612 2065 3673 Ptolenueo

494 3688 857 3761 Philadelpho.
880 3694 1033 3748 —At
1073 3704 1129 3748 ut
1169 3700 1527 3766 cognoscatis,
1576 3701 1738 3757 libros
1777 3705 1903 3759 nihil
1947 3707 2065 3762 loco

497 3781 792 3836 sanctitatis
818 3782 1080 3850 conferre,
1111 3785 1203 3840 sed
1232 3788 1393 3855 pollui
1424 3790 1578 3845 istum
1607 3807 1812 3859 eorum,
1845 3797 1933 3865 qui
1961 3798 2066 3853 illic

498 3870 820 3925 conveniunt
843 3912 857 3934 ,
905 3872 1143 3927 instituto
1168 3893 1180 3928 :
1207 3876 1478 3933 historiam
1508 3891 1736 3937 veterem
1766 3885 1914 3939 vobis
1943 3902 2066 3941 naro

493 3960 645 4013 rabo.
694 3958 829 4014 Cum
857 3960 1173 4018 Ptolcmzeus
1208 3965 1611 4037 Philadelphus,
1658 3971 1806 4028 libris
1834 3976 2065 4047 undlque

493 4049 755 4116 collectis,
798 4054 1163 4121 cognovisset,
1214 4058 1348 4125 apud
1394 4058 1603 4116 Judaeos
1650 4063 1809 4118 etiam
1856 4074 2065 4125 exstare

489 4138 681 4209 scripta
703 4179 718 4203 ,
749 4154 868 4210 qua:
905 4140 973 4196 de
1013 4141 1121 4221 Deo
1146 4152 1304 4214 atque
1332 4148 1529 4216 optima
1560 4150 1864 4221 reipublica:
1896 4155 2062 4213 forma

488 4236 723 4295 agerent,
742 4230 1013 4285 accersitis
1029 4214 1059 4287 e
1074 4232 1256 4288 ludaaa
1288 4235 1412 4290 viris
1438 4238 1488 4292 in
1515 4254 1743 4309 grazcum
1762 4259 2061 4302 sermonem

488 4315 575 4370 illa
606 4318 718 4386 ipsa
752 4333 847 4388 per
865 4335 959 4376 eos
984 4325 1342 4380 convertenda
1362 4332 1596 4397 curavit,
1638 4342 1794 4404 atque
1822 4336 1873 4391 in
1903 4337 2062 4392 Sera-

488 4407 627 4475 pidis
657 4410 854 4478 templo
892 4415 1294 4483 reposuit:erat
1321 4421 1462 4475 enim
1493 4422 1649 4480 homo
1673 4441 1892 4496 graecus,
1926 4440 1978 4485 et
2009 4432 2061 4487 in

488 4493 629 4550 hunc
667 4497 809 4551 diem
842 4515 1011 4570 usque
1039 4503 1294 4560 librorum
1342 4493 1770 4580 propheticorum
1800 4493 2061 4591 interpre-

487 4583 621 4637 tatio
649 4584 719 4637 ibi
748 4598 1009 4644 servatur.
1042 4592 1248 4663 Ergone
1275 4601 1524 4667 templqu
1555 4604 1821 4674 Serapidis
1848 4583 2064 4679 pro-pter

488 4670 654 4737 libros
681 4683 922 4731 sanctum
950 4679 1084 4734 erit?
1109 4683 1280 4740 Absit.
1305 4686 1410 4742 Sed
1430 4702 1523 4744 sua
1551 4692 1653 4747 illis
1680 4670 1763 4750 est
1787 4670 2057 4767 sanctitas,

487 4774 645 4830 quam
673 4776 792 4818 cum
820 4762 937 4821 luco
965 4783 1070 4823 non
1091 4775 1486 4833 communicant
1514 4792 1729 4852 propter
1753 4801 1938 4842 eorum
1968 4791 2059 4860 qui

485 4848 594 4906 illic
640 4856 968 4911 conveniunt
1008 4859 1386 4930 impuritatem.
1440 4869 1579 4925 Idem
1608 4848 1756 4931 etde
1785 4848 2059 4950 Synagoga

483 4944 810 4999 censendum
843 4959 943 5003 est.
972 4949 1189 5007 Etiamsi
1234 4956 1375 5012 enim
1403 4961 1602 5018 nullum
1630 4966 1698 5020 ibi
1728 4944 2055 5041 ldolumvsii,

492 5040 668 5087 tamen
695 5033 964 5094 dmmones
991 5040 1163 5097 locum
1191 5045 1444 5103 incolunt.
1473 5050 1622 5117 Quod
1651 5071 1755 5111 non
1780 5059 1847 5114 de
1874 5076 1935 5116 ea
1966 5033 2057 5118 so;

481 5123 591 5177 lum
638 5124 912 5198 Synagoga
960 5129 1117 5197 dico,
1169 5150 1288 5205 qua:
1336 5138 1423 5195 hic
1466 5151 1587 5210 est;
1636 5148 1729 5202 sed
1773 5159 1828 5204 et
1870 5151 1957 5206 illa
2002 5155 2056 5212 in

481 5212 728 5283 Daphne,
760 5216 845 5279 ubi
874 5218 1177 5277 barathrum
1198 5225 1451 5294 deterius,
1483 5235 1622 5302 quod
1645 5235 1894 5297 Matronae
1915 5243 1932 5275 ¹
1955 5260 2049 5301 νο-

1118 5418 1509 5501 'apudﬁuosdam
1529 5413 2051 5501 iuui'iuiéiiigiyiiiiiij

476 5467 773 5551 manserant
794 5467 984 5551 diversa
1009 5467 1310 5551 apudjarjas
1331 5467 1509 5551 genie};
1530 5467 2056 5551 habili”?

476 5527 1111 5613 (ἐξίειξξὲιςιρὲτὲξιιίρξιθτ
1134 5527 1310 5613 uegttia
1331 5527 2055 5613 ἓί

477 5580 601 5635 an“
626 5584 732 5637 low
852 5580 861 5588 '
1000 5580 1111 5616 Γπ,
1137 5580 1310 5602 μνον...
1334 5580 1384 5593 ν..
1405 5580 1617 5624 quae"?
1646 5580 1914 5605 vuuurutur.
1942 5580 1975 5607 η

753 5600 962 5655 nonnon;
986 5596 1072 5645 sed
1096 5597 1186 5649 bac
1203 5604 1267 5651 de
1284 5616 1342 5653 re
1359 5606 1576 5668 pluribus
1595 5620 1769 5665 iterum
1790 5627 1981 5680 agetur.

1229 248 1284 306 S.
1316 242 1593 303 10thle
1631 233 2102 297 CIIRYSOSTOMI
2142 228 2457 289 ARCIIIEP.
2497 231 3029 291 CONSTAN‘I‘INOP.

3613 221 3723 278 859.

2168 362 2309 400 cant.
2353 347 2483 401 Nam
2530 348 2721 403 multos
2752 348 2935 404 ﬁdeles
2965 349 3089 403 illuc
3124 349 3421 406 ascendere
3447 353 3641 422 audivi,
3668 367 3726 414 et

2163 436 2311 504 juxta
2353 438 2526 491 locum
2564 438 2816 492 dormire.
2862 439 2965 495 Sed
3011 440 3182 508 absit,
3235 443 3354 497 illos
3393 460 3633 514 umquam
3671 461 3727 504 ut

2167 525 2349 580 ﬁdeles
2368 526 2653 596 appellem.
2685 527 2808 581 Mihi
2835 537 2883 583 et
2919 529 3169 585 Matrona:
3189 573 3204 598 ,
3234 541 3288 587 et
3311 534 3566 603 Apollinis
3594 549 3728 593 tetu-

2168 618 2335 686 plum,
2361 619 2473 686 pari
2496 619 2700 673 ratione
2722 621 2982 688 impurum
3005 632 3104 676 est.
3129 623 3277 689 Quod
3303 625 3346 679 si
3375 642 3458 683 me
3479 630 3724 700 quispiam

2165 708 2399 763 audacia:
2424 710 2762 777 condemnet,
2793 727 2910 767 eum
2944 729 3044 783 ego
3071 715 3301 771 vicissim
3327 728 3575 776 extrema:
3595 724 3728 779 iusa-

2168 802 2269 854 nize
2295 800 2679 857 condemnabo.
2709 803 2863 867 Nam,
2891 804 2982 860 dic
3009 806 3158 874 mibi,
3191 809 3277 863 ubi
3302 810 3569 868 dwmoues
3590 816 3726 871 habi-

2172 899 2320 952 tant,
2360 906 2538 947 nonne
2583 893 2864 962 impietatis
2914 895 3001 950 ille
3043 896 3207 963 locus,
3254 900 3456 957 etiamsi
3497 905 3633 959 nulla
3661 909 3726 963 ibi

2168 989 2340 1036 statua
2376 982 2482 1036 sit?
2508 983 2605 1039 Ubi
2641 984 2837 1040 Christi
2883 987 3250 1045 interfectores
3287 997 3728 1066 congrediuntur,

2171 1069 2259 1123 ubi
2306 1086 2435 1125 crux
2466 1073 2810 1139 exturbatur,
2863 1077 2949 1131 ubi
3003 1078 3139 1133 Deus
3179 1080 3600 1152 blasphematur,
3647 1089 3728 1143 ubi

2170 1160 2328 1216 Pater
2354 1162 2626 1231 ignoratur
2648 1205 2662 1229 ,
2694 1164 2782 1219 ubi
2811 1166 2972 1222 Filius
3001 1172 3336 1229 contumeliis
3363 1174 3618 1244 afﬁcitur,
3647 1182 3730 1235 ubi

2175 1251 2405 1321 Spiritus
2431 1255 2599 1324 gratia
2630 1254 2864 1326 rejicitur
2882 1277 2895 1311 :
2916 1261 3041 1329 quin
3062 1302 3076 1324 ,
3115 1277 3235 1317 cum
3272 1264 3370 1335 ipsi
3397 1283 3602 1339 quoque
3624 1271 3730 1326 da:-

2170 1358 2356 1398 moucs
2402 1345 2538 1410 sint.
2600 1362 2782 1405 annon
2832 1351 3000 1420 majus
3045 1353 3167 1408 hinc
3197 1355 3732 1421 detrimentumHllic

2171 1435 2312 1489 enim
2339 1436 2478 1491 nuda
2506 1446 2587 1493 est
2614 1447 2668 1493 et
2692 1442 2973 1510 conspicua
3003 1444 3267 1515 impietas,
3296 1464 3414 1521 qua:
3444 1468 3549 1507 non
3587 1454 3729 1514 facile

2171 1534 2349 1581 mente
2373 1527 2649 1597 prirditum
2689 1542 2745 1585 et
2778 1547 2964 1588 sanum
3006 1536 3280 1605 pellexerit
3325 1550 3412 1596 aut
3450 1544 3726 1616 deceperit.

2172 1616 2271 1674 Hic
2295 1633 2442 1684 vero,
2470 1636 2592 1676 cum
2617 1638 2675 1677 se
2696 1624 2918 1681 adorare
2943 1627 3120 1684 dicant
3151 1630 3317 1686 Deum
3344 1644 3397 1689 et
3426 1635 3563 1691 idola
3590 1654 3729 1694 aver-

2173 1710 2312 1777 sari,
2363 1712 2647 1784 prophetas
2692 1714 2889 1773 habere
2939 1729 2993 1776 et
3039 1721 3332 1793 honorare,
3376 1731 3552 1786 verbis
3600 1731 3732 1790 hisce

2177 1802 2397 1857 multum
2427 1818 2565 1859 escae
2609 1818 2924 1876 praeparant,
2969 1821 3022 1866 et
3063 1814 3408 1885 simpliciores
3450 1830 3608 1891 atque
3644 1824 3735 1879 im-

2174 1892 2462 1962 prudentes
2491 1894 2725 1951 incautos
2756 1898 3017 1956 irretiunt.
3059 1904 3233 1970 Quare
3275 1907 3516 1977 impietas
3544 1922 3628 1966 est
3648 1929 3734 1968 ea-

2175 1984 2292 2039 dem
2311 1994 2363 2038 et
2386 1986 2511 2055 ipsis
2530 1997 2583 2042 et
2599 1988 2795 2045 Grzucis
2814 2009 2829 2044 :
2846 1994 3130 2063 impostura
3153 2007 3328 2053 autem
3356 2010 3572 2056 utuntur
3592 2004 3736 2075 longe

2176 2077 2572 2145 perniciosiore.
2619 2080 2748 2137 Nam
2791 2098 2935 2140 aram
2970 2086 3167 2145 fraudis
3208 2091 3402 2147 habent
3441 2110 3546 2149 non
3589 2111 3735 2168 aspe-

2175 2167 2421 2222 ctabilcm
2467 2169 2564 2239 ipsi
2610 2186 2857 2244 quoque,
2895 2177 2983 2231 ubi
3026 2193 3128 2233 non
3156 2195 3282 2236 oves
3311 2193 3364 2239 et
3385 2185 3612 2253 vitulos,
3651 2167 3735 2245 Sed

2178 2258 2385 2313 animas
2428 2259 2695 2316 hominum
2741 2275 2990 2322 mactant.
3044 2269 3278 2341 Denique
3321 2274 3365 2328 si
3406 2275 3626 2333 Iudaica
3654 2281 3738 2337 tibi

2177 2348 2575 2411 admirationem
2599 2364 2829 2418 movent,
2857 2374 2972 2426 qua:
3000 2359 3093 2414 tibi
3120 2363 3254 2418 ratio
3284 2366 3561 2422 nobiscum
3592 2385 3736 2425 com-

2179 2438 2401 2495 munis?
2426 2437 2560 2492 Nam
2582 2439 2630 2495 si
2677 2442 2762 2499 illa
2795 2444 3096 2504 Judreorum
3123 2455 3420 2509 veneranda
3451 2466 3507 2512 et
3552 2475 3733 2530 magna

2176 2539 2318 2596 sunt,
2350 2542 2529 2587 nostra
2558 2548 2712 2590 erunt
2739 2535 2890 2605 falsa,
2922 2537 3002 2595 sin
3035 2538 3147 2598 haec
3182 2558 3325 2609 vera,
3355 2546 3526 2618 qualia
3562 2552 3739 2626 utique

2179 2633 2303 2675 sunt
2326 2662 2341 2687 ,
2390 2623 2477 2677 illa
2506 2637 2661 2680 cruat
2692 2626 2890 2684 fraudis
2917 2632 3089 2699 plena.
3129 2634 3243 2689 Non
3271 2643 3447 2699 divina
3473 2647 3596 2701 dico
3624 2623 3740 2704 οίῃ-

2175 2710 2320 2777 (ξιιιαῖ
2364 2712 2534 2778 absit,
2581 2715 2694 2771 lucc
2719 2719 2858 2773 enim
2890 2736 2975 2776 me
2998 2723 3063 2783 ad
3089 2723 3356 2786 Christum
3395 2738 3547 2804 quasi
3589 2755 3742 2794 manu

2176 2800 2442 2858 duxerunt
2475 2823 2489 2860 :
2521 2807 2613 2861 sed
2664 2810 2985 2879 impietatem
3036 2819 3244 2875 illorum
3278 2834 3330 2879 ct
3363 2824 3623 2882 insaniam
3650 2829 3738 2884 bo-

2176 2890 2435 2949 diernam.
2481 2899 2548 2951 At
2586 2901 2725 2954 enim
2774 2912 2979 2972 tempus
3027 2912 3279 2980 requirit,
3331 2925 3389 2969 ut
3430 2917 3739 2986 ostendam,

2174 2984 2443 3040 daemones
2484 2989 2644 3044 etiam
2687 2990 2754 3046 ibi
2798 2993 3067 3066 habitare,
3100 3018 3271 3072 neque
3313 3005 3366 3059 in
3406 3007 3499 3062 illo
3543 3018 3740 3067 tantum

2173 3073 2329 3142 loco,
2374 3077 2466 3131 sed
2510 3087 2565 3133 et
2598 3081 2649 3134 in
2694 3080 2820 3152 ipsis
2861 3084 3162 3146 Judmorum
3192 3094 3401 3151 animis.
3448 3097 3590 3154 Nam
3630 3118 3739 3156 cum

2176 3165 2467 3222 immundus
2492 3170 2716 3240 spiritus,
2746 3170 2915 3247 inquit
2934 3180 3206 3248 Christus,
3235 3187 3409 3240 exierit
3435 3188 3498 3242 ab
3525 3190 3735 3258 homine,

2176 3256 2397 3311 ambulat
2426 3275 2514 3328 per
2537 3261 2683 3316 arida
2718 3263 2857 3332 loca,
2899 3285 3124 3338 quwrens
3151 3276 3403 3343 requiem,
3433 3289 3617 3333 etcum
3642 3256 3736 3337 non

2171 3344 2383 3405 invenit:
2424 3360 2662 3419 revertar,
2701 3354 2896 3427 inquit,
2939 3360 2993 3415 in
3033 3361 3237 3417 domum
3284 3383 3467 3421 meam.
3518 3370 3586 3423 Et
3628 3388 3733 3427 cum

2173 3438 2323 3503 venit,
2354 3442 2537 3494 invenit
2564 3459 2673 3497 eam
2693 3457 2972 3518 vacantem,
3000 3455 3165 3523 scopis
3189 3458 3500 3524 mandatam,
3528 3472 3575 3515 et
3592 3479 3736 3516 orna-
3832 3450 3837 3453 ἠ

2174 3533 2295 3579 tam.
2319 3526 2462 3582 Tunc
2483 3532 2638 3599 vadit,
2658 3542 2706 3587 et
2729 3539 2937 3592 assumit
2963 3551 3146 3610 septem
3174 3545 3301 3598 alios
3325 3548 3534 3616 spiritus
3553 3565 3732 3616 secum,

2173 3617 2429 3687 nequiores
2456 3637 2528 3688 se,
2559 3634 2608 3677 et
2632 3625 2932 3697 ingreditur,
2965 3642 3010 3686 et
3039 3645 3186 3688 erunt
3214 3637 3484 3693 novissima
3529 3642 3732 3696 hominis

2169 3707 2309 3762 illius
2361 3712 2536 3782 pejora
2586 3717 2853 3786 prioribus.
2911 3722 3001 3777 Sic
3048 3727 3141 3779 erit
3178 3737 3225 3781 et
3268 3732 3577 3799 generatiom'
3623 3733 3733 3788 huic

2175 3795 2385 3874 (Man/ig.
2419 3801 2727 3871 12.45.45;
2759 3807 2884 3863 Luc.
2915 3812 2999 3868 tt.
3027 3810 3258 3880 24-26).

2237 3889 2432 3948 Animae
2454 3895 2750 3953 .Iudworum
2770 3901 3054 3959 dwmonum
3079 3908 3382 3964 habitacula.
3405 3941 3478 3953 --
3497 3912 3655 3969 Vides
3681 3914 3731 3969 in

2169 3980 2400 4051 ipsorum
2431 3988 2619 4043 animis
2642 4006 2779 4047 nunc
2799 3992 3034 4051 habitare
3058 3999 3326 4057 daemones
3356 4004 3614 4072 prioribus
3636 4007 3731 4061 de-

2170 4074 2427 4131 teriores?
2454 4094 2623 4149 neque
2665 4081 2717 4137 id
2759 4083 2971 4152 injuria.
3002 4086 3152 4144 Tunc
3178 4091 3318 4146 enim
3362 4093 3414 4148 in
3457 4098 3731 4166 prophetas

2169 4166 2455 4232 peccabant
2474 4209 2489 4234 ,
2522 4186 2661 4226 nunc
2690 4173 2860 4244 ipsum
2890 4179 3263 4248 prophetarum
3304 4184 3578 4243 dominum
3604 4203 3728 4243 con-

2169 4257 2380 4311 tumelia
2417 4258 2779 4331 insequuntur.
2823 4265 2953 4323 Cum
2994 4270 3295 4328 hominibus
3337 4274 3516 4344 igitur,
3556 4277 3726 4341 dicite,

2166 4343 2527 4415 dtemoniacis,
2560 4351 2749 4420 quibus
2771 4363 2848 4410 tot
2875 4367 2997 4412 sunt
3025 4360 3214 4430 impuri
3242 4343 3478 4433 spiritus,
3510 4367 3559 4421 in
3582 4367 3731 4437 jugu-

2166 4434 2324 4492 lanilo
2367 4447 2421 4494 et
2454 4442 2745 4501 occidendo
2787 4450 3029 4504 enutritis
3056 4462 3215 4522 atque
3251 4454 3517 4524 educatis,

2166 4524 2283 4582 loco
2308 4534 2719 4602 congregamiui,
2750 4552 2922 4607 neque
2950 4538 3290 4598 horrescitis?
3314 4543 3450 4600 Num
3476 4547 3613 4601 enim
3642 4561 3729 4601 sa-

2165 4616 2434 4677 lutationis
2456 4622 2641 4678 borum
2667 4626 2943 4698 participes
2964 4645 3103 4698 esse,
3126 4643 3179 4687 et
3198 4634 3511 4705 simpliciter
3531 4652 3729 4694 senue-

2165 4723 2286 4763 nem
2313 4712 2553 4768 conferre
2577 4727 2800 4786 oportet,
2828 4735 2890 4776 ac
2917 4737 3021 4777 non
3062 4726 3235 4794 potius
3270 4741 3364 4783 eos
3401 4738 3460 4784 ut
3498 4743 3725 4785 commu-

2164 4813 2285 4853 nem
2334 4800 2473 4857 luem
2518 4814 2573 4860 et
2618 4809 2860 4865 morbum
2910 4813 3070 4868 totius
3120 4814 3266 4872 orbis
3307 4819 3576 4874 aversari?
3614 4817 3725 4886 Quo

2164 4892 2381 4949 sceleris
2420 4910 2615 4966 genere
2656 4914 2761 4954 non
2806 4914 2929 4958 sunt
2969 4905 3237 4963 defuncti?
3274 4908 3462 4967 Nonne
3500 4910 3721 4973 omnium

2164 4984 2539 5054 prophetarum
2566 4991 2849 5049 conciones
2876 4996 3072 5052 crebrae
3093 5009 3145 5053 et
3165 5001 3385 5069 prolixa:
3411 5004 3463 5057 in
3491 5003 3554 5058 iis
3571 5015 3720 5057 aecu-

2163 5075 2344 5132 sandis
2372 5088 2696 5151 consumptas
2715 5085 2871 5138 sunt?
2894 5086 3061 5154 Quam
3093 5093 3427 5161 tragoediam,
3458 5094 3590 5165 quod
3622 5092 3718 5147 ini-

2162 5166 2377 5234 quitatis
2420 5172 2719 5240 exemplum
2764 5176 2877 5231 suis
2922 5179 2998 5233 illi
3041 5180 3256 5240 nefariis
3297 5184 3583 5242 homicidiis
3616 5195 3716 5239 non

2070 5309 2114 5331 ,π
2161 5259 2551 5313 obscurarum?
2595 5261 2939 5322 lmmolarunt
2990 5270 3123 5327 ﬁlios
3167 5282 3222 5327 et
3273 5274 3411 5329 ﬁlias
3455 5269 3714 5331 damioniis

540 5345 784 5435 1.3.33???
796 5349 1119 5435 ﬁliiﬁlii?!”
1134 5355 1479 5435 1‘1__§“£i9,°"§m
1512 5366 1741 5435 εωωνιρίο
1763 5373 1959 5435 Daphne
1981 5378 2057 5431 hic

2165 5342 2333 5415 (Psal.
2366 5347 2485 5402 105.
2516 5349 2627 5420 37),
2670 5363 2908 5409 naturam
2951 5371 3229 5425 exuerunt,
3275 5362 3512 5419 dolorum
3544 5370 3715 5433 parias

2160 5435 2309 5490 obliti
2357 5448 2512 5505 sunt,
2568 5440 2933 5501 educationem
2982 5448 3269 5507 liberorum
3319 5455 3709 5524 proculcaruuti

2159 5524 2302 5594 leges
2317 5530 3031 5599 consanguinitatisfunditus
3049 5550 3373 5609 everterunt,
3392 5543 3713 5598 immeritam

2163 5616 2306 5670 oumi
2339 5616 2504 5673 bestia
2533 5619 2652 5675 facti
2680 5634 2822 5681 sunt.
2851 5625 2982 5682 Nam
3010 5627 3191 5686 bestia:
3220 5645 3572 5705 smpeuumcro
3592 5624 3706 5682 ani-
