3990 6198
236 356 334 412 853

224 493 357 533 mam
381 474 536 531 etiam
575 473 794 544 dedunt,
826 475 1122 546 posthabita
1157 477 1240 532 sui
1265 481 1696 548 conservatione,
1729 492 1786 537 ut

225 568 352 623 fctus
396 564 678 621 defendant
721 583 734 619 :
783 573 837 621 at
880 565 957 634 hi,
1004 567 1144 622 nulla
1189 577 1406 639 urgente
1448 572 1780 639 necessitate,

223 669 367 713 natos
405 672 472 712 ex
505 671 625 711 sese
667 671 825 712 manu
856 671 950 712 sua
978 668 1292 725 mactarunt,
1335 655 1393 715 tit
1434 662 1553 717 vita:
1591 675 1784 720 nostrae

222 749 409 812 hostes,
441 747 662 802 infestos
691 747 979 812 diDﬂlOﬂCS,
1017 749 1273 804 colerent.
1298 749 1414 818 Quo
1438 766 1620 807 eorum
1645 753 1782 809 facto

219 840 328 909 plus
378 839 584 893 attoniti
637 839 956 894 reddamur‘!
1005 841 1305 910 impietate,
1359 859 1426 897 an
1472 845 1783 903 crudelitate

209 938 363 1000 atque
383 928 800 986 inhumanitate?
825 931 966 1000 quod
998 932 1131 987 iilios
1154 935 1500 1003 immolat-int,
1525 946 1614 991 aut
1639 937 1779 1009 quod

209 1023 482 1078 dtemoniis
534 1023 654 1076 illos
698 1022 1084 1077 sncriticarint?
1121 1025 1224 1080 Sed
1270 1041 1446 1081 annon
1497 1027 1778 1084 immodica

209 1111 415 1167 lascivia
467 1123 520 1168 et
574 1113 861 1182 petulantia
921 1114 1192 1170 libidinem
1238 1133 1450 1187 quoque
1501 1118 1776 1174 brutorum

209 1203 485 1257 maximam
534 1202 916 1257 obscurarum?
958 1205 1096 1260 Audi
1141 1207 1488 1276 prophetam,
1534 1210 1660 1279 quid
1708 1210 1775 1267 de

209 1293 435 1362 ipsorum
467 1294 811 1349 immoderata
833 1294 973 1351 dicat
998 1297 1400 1367 intemperantia
1428 1319 1440 1354 :
1465 1299 1597 1372 Equi
1626 1304 1774 1358 emis-

203 1385 314 1438 sarii
351 1385 477 1452 [acti
513 1395 652 1451 sunt,
693 1387 1026 1453 unusquisque
1067 1389 1135 1440 ad
1178 1405 1382 1443 uxorem
1425 1394 1642 1461 proximi
1691 1396 1772 1448 sui

199 1475 450 1530 ﬁinniebat
488 1477 702 1545 (Jerem.
736 1477 788 1531 5.
821 1477 897 1548 8).
936 1477 1047 1532 Non
1093 1479 1248 1547 dixit,
1291 1483 1514 1550 proximi
1551 1499 1766 1540 uxorem

199 1566 414 1636 quisque
456 1567 878 1634 concupiscebat,
921 1568 1014 1621 sed
1055 1569 1451 1627 evidentissime
1492 1573 1765 1632 hrutorum

198 1658 565 1712 vociferatione
594 1658 826 1712 libidinis
856 1659 1093 1728 ipsorum
1125 1661 1380 1716 insaniam
1409 1666 1689 1734 expressit.

261 1749 308 1801 7.
337 1749 476 1816 Quid
496 1750 637 1804 aliud
667 1749 839 1805 dicam
871 1751 1056 1806 vobis?
1081 1753 1310 1823 rapinas,
1337 1757 1604 1825 avaritias,
1631 1773 1762 1828 pau-

197 1852 371 1905 perum
403 1838 751 1907 proditiones,
784 1839 940 1904 furta,
965 1850 1104 1896 artes
1132 1845 1520 1912 cauponarias?
1544 1846 1624 1902 Ad
1648 1847 1762 1903 hate

194 1930 446 1984 narranda
486 1946 552 1986 ne
577 1931 691 1986 dies
719 1931 930 2001 quidem
955 1932 1157 2003 integer
1184 1934 1471 1990 suffecerit.
1491 1938 1560 1992 At
1590 1937 1755 2003 ferite,

190 2019 377 2090 inquis,
425 2019 632 2075 illorum
679 2021 874 2090 aliquid
919 2038 1080 2091 grave
1127 2031 1182 2077 et
1223 2041 1467 2095 magnum
1513 2026 1754 2084 habent:

191 2112 320 2180 atqui
373 2119 429 2164 et
477 2110 573 2164 has
617 2112 756 2180 ipsas
795 2112 1029 2182 impurus
1071 2124 1572 2172 commonstrarunt.
1617 2120 1756 2176 Audi

189 2200 499 2270 prophetas;
527 2201 654 2269 quin
685 2193 846 2256 Deum
889 2201 1031 2269 audi,
1063 2217 1220 2272 quam
1261 2205 1603 2264 vehementer
1636 2209 1755 2267 illas

186 2290 546 2350 abominetur:
574 2293 692 2359 Odi,
723 2276 924 2364 profeci.
937 2295 1091 2365 ferias
1117 2308 1303 2352 vestras
1328 2299 1503 2367 (Amos
1547 2302 1600 2358 5.
1631 2302 1749 2376 2i).

189 2379 315 2434 Deus
343 2381 473 2446 odit,
501 2393 554 2436 et
594 2392 648 2436 tu
679 2383 981 2452 participas.
1011 2383 1191 2456 Neque
1219 2385 1352 2443 dixit
1388 2389 1484 2446 has
1516 2392 1597 2447 vel
1632 2393 1752 2449 illas

182 2465 354 2532 ferias,
391 2470 483 2524 sed
525 2471 576 2525 in
623 2473 926 2527 universum
962 2489 1169 2531 omnes.
1215 2477 1371 2534 Visne
1404 2495 1747 2552 cognoscere,

183 2559 308 2628 quod
342 2559 480 2615 Deus
513 2561 661 2616 illum
684 2564 846 2616 etiam
885 2563 1084 2619 cultum
1111 2566 1300 2635 oderit,
1329 2570 1416 2638 qui
1456 2569 1513 2625 fit
1540 2580 1748 2643 tympa-

183 2653 270 2716 nis,
299 2651 505 2706 cithara
527 2695 540 2713 ,
571 2653 837 2722 psalteriis
875 2663 930 2709 et
967 2655 1084 2710 aliis
1113 2658 1363 2727 organis?
1392 2659 1549 2731 Aufer
1577 2677 1610 2714 α
1647 2679 1742 2730 me,

182 2741 362 2812 inquit,
392 2743 609 2796 sonitum
634 2744 941 2798 canticorum
967 2755 1186 2812 tuorum,
1211 2757 1257 2800 et
1281 2749 1530 2820 psalmum
1551 2751 1745 2807 instru-
1778 2755 1782 2760 ’

178 2841 448 2885 mentorum
491 2843 692 2885 tuorum
736 2849 837 2886 non
874 2834 1079 2888 audiam
1112 2834 1271 2909 (Ibid.
1302 2854 1351 2893 υ.
1379 2837 1495 2912 2'5).
1533 2839 1690 2913 Aufer
1715 2858 1747 2896 a

179 2935 264 2985 me,
291 2921 461 2990 inquit
483 2922 619 2975 Deus
649 2939 662 2976 :
697 2931 748 2976 tu
778 2923 1052 2979 auditurus
1075 2926 1228 2982 tubas
1257 2929 1473 2983 curris?
1495 2930 1599 2986 Sed
1630 2933 1744 2990 inec

177 3012 420 3066 sacrilicia
447 3023 501 3067 et
529 3012 609 3068 ha:
633 3013 924 3070 oblationes
959 3032 1135 3072 nonne
1176 3031 1300 3072 sunt
1329 3020 1744 3079 abominabiles?

178 3102 229 3154 Si
253 3101 478 3168 oﬂ'eratis
500 3105 623 3157 mihi
646 3106 999 3176 similaginem,
1028 3113 1252 3178 frustra;
1278 3111 1535 3165 incensum
1554 3115 1743 3169 abomi-

176 3195 296 3246 natio
314 3203 392 3248 est
413 3195 534 3247 mihi
559 3195 762 3266 (IIesai.
793 3197 842 3252 1.
872 3197 984 3269 15).
1013 3199 1292 3255 lncensum
1313 3201 1664 3270 abominatio;
1686 3215 1742 3260 et

175 3286 304 3341 locus
346 3303 444 3342 non
469 3287 894 3343 abominandus?
921 3289 981 3344 Et
1012 3290 1222 3360 quando
1246 3293 1568 3350 abominatio
1587 3295 1610 3347 ?
1631 3299 1742 3351 An-

175 3384 378 3446 tequam
406 3392 668 3433 summum
696 3379 870 3434 scelus
893 3380 1237 3442 admiserant.
1274 3392 1555 3453 antequam
1584 3399 1738 3440 suum

173 3465 400 3534 ipsorum
446 3467 724 3522 Dominum
776 3471 1119 3536 susmlerant,
1168 3482 1291 3526 ante
1335 3488 1566 3542 crucem,
1613 3485 1738 3532 ante

171 3557 361 3611 Christi
384 3574 584 3623 necem,
607 3559 946 3614 abominatio.
971 3564 1158 3616 Annon
1182 3562 1348 3616 multo
1371 3565 1534 3634 magis
1561 3568 1738 3621 nunc?

174 3649 230 3702 lit
251 3665 384 3704 sane
405 3651 526 3720 quid
549 3660 632 3706 est
660 3650 974 3709 suffimentis
995 3652 1350 3723 fragrantins?
1376 3654 1570 3710 Verum
1601 3658 1738 3714 Deus

175 3757 266 3796 non
303 3745 690 3797 sacriﬁciorum
722 3753 986 3807 naturain,
1021 3745 1114 3799 sed
1158 3747 1390 3800 animum
1433 3763 1616 3802 eorum
1647 3751 1736 3819 qui

173 3830 392 3886 offerunt
418 3831 682 3896 observat,
715 3831 921 3902 hocque
953 3833 1246 3888 oblationes
1278 3835 1513 3891 metitur.
1543 3839 1733 3892 Atten-

175 3923 243 3976 dit
270 3924 341 3978 ad
365 3924 492 3980 Abel
517 3932 572 3978 et
599 3923 664 3978 ad
694 3940 909 3978 munera
938 3925 1052 3994 ejus
1084 3943 1097 3978 :
1129 3926 1255 3980 vidit
1278 3924 1496 3981 Cainum
1519 3969 1532 3994 ,
1562 3937 1617 3983 et
1645 3943 1735 3984 sa-

172 4015 362 4069 criﬁcia
387 4017 498 4084 ejus
530 4025 639 4070 tum
669 4026 938 4071 aversatus
966 4027 1062 4072 est.
1096 4017 1226 4071 Nam
1254 4019 1322 4071 ad
1353 4018 1508 4083 Cain,
1543 4021 1730 4091 inquit,

173 4114 214 4156 et
237 4107 299 4158 ad
321 4105 622 4160 oblationem
641 4108 746 4177 ejus
773 4123 872 4160 non
894 4107 1105 4160 attendit
1137 4107 1287 4175 (Gen.
1319 4109 1370 4162 4.
1404 4109 1481 4179 5).
1509 4108 1620 4164 Noe
1646 4125 1733 4164 sa-

171 4195 358 4250 crificia
381 4197 578 4261 ovium,
602 4196 907 4259 vitulorum,
931 4206 983 4251 et
1007 4197 1180 4250 avium
1211 4197 1317 4251 Deo
1338 4197 1564 4252 obtulit:
1597 4200 1734 4253 Odo-

171 4295 398 4356 utusqtte
423 4301 494 4342 est
535 4288 781 4342 Dominus
808 4288 1013 4342 odorem
1039 4289 1318 4354 suavitatis,
1360 4291 1524 4358 inquit
1550 4291 1731 4362 Scrip-

173 4387 280 4432 tura
306 4376 414 4449 (Id.
441 4379 493 4434 8.
536 4378 648 4449 21),
676 4377 726 4432 id
769 4388 869 4444 est,
893 4376 1066 4431 oblata
1095 4377 1351 4446 probavit.
1385 4377 1565 4446 Neque
1591 4381 1733 4434 enim

174 4467 277 4520 Deo
307 4483 455 4522 nares
482 4477 625 4534 sunt,
658 4467 750 4522 sed
780 4483 970 4520 numen
1003 4475 1082 4521 est
1113 4469 1502 4536 incorporeum.
1533 4470 1735 4534 Quam-

169 4573 321 4627 quam
345 4575 424 4622 ea.
452 4578 569 4632 qua:
599 4575 661 4615 ex
693 4562 843 4615 altari
872 4575 1082 4614 sursum
1109 4558 1366 4620 feruntur,
1393 4558 1545 4613 nidor
1572 4568 1627 4616 et
1654 4559 1735 4612 fu-

169 4664 282 4702 tnns
312 4661 427 4704 sunt
464 4650 858 4705 combustortnn
889 4664 1169 4718 corporum
1197 4665 1210 4701 :
1241 4665 1343 4717 quo
1376 4647 1563 4703 ftetore
1602 4649 1732 4703 nihil

169 4742 351 4794 tetrins
373 4751 472 4796 est.
507 4741 700 4796 Verum
732 4750 788 4794 ut
814 4740 1006 4804 discas,
1037 4740 1197 4793 Deum
1225 4739 1448 4808 probare
1473 4738 1730 4792 sacrificia

165 4841 217 4883 et
236 4833 488 4898 aversari,
518 4849 611 4900 pro
637 4831 828 4885 affectu
858 4829 1146 4892 offerentis,
1184 4829 1418 4891 nidorem
1446 4839 1500 4882 et
1531 4828 1730 4882 fumum

163 4923 379 4979 odorem
408 4937 559 4980 vocat
585 4923 879 4988 suavitatis,
911 4923 1208 4985 incensum,
1239 4921 1684 4976 aborninationem
1716 4939 1728 4975 :

162 5014 286 5081 quia
316 5015 474 5070 multo
503 5015 691 5070 fictore
717 5028 868 5067 mens
893 5011 1229 5067 olferentium
1267 5013 1466 5081 repleta
1496 5011 1607 5066 fuit.
1640 5012 1718 5066 Li-

163 5103 324 5159 betne
351 5120 688 5174 cognoscere,
719 5103 862 5174 quod
901 5103 1153 5174 templum
1181 5102 1340 5157 etiam
1379 5115 1498 5156 cum
1525 5101 1727 5156 sacriﬁ-

161 5196 279 5262 ciis,
304 5199 529 5268 organis,
548 5198 710 5262 feriis,
731 5206 784 5252 et
802 5195 1029 5251 incensis
1044 5204 1317 5249 aversetur
1340 5193 1495 5257 Deus,
1516 5202 1731 5264 propter

168 5299 257 5342 tos
285 5290 369 5356 qui
402 5289 524 5343 illuc
554 5288 958 5358 ingrediuntur?
985 5285 1038 5340 Id
1068 5286 1179 5354 ipsa
1206 5300 1263 5339 re
1292 5283 1522 5338 maxime
1549 5293 1730 5339 Osten-

163 5379 259 5445 dit,
289 5380 409 5434 olitn
439 5379 784 5434 barbarorum
811 5379 1052 5432 manibus
1083 5376 1208 5430 illud
1237 5374 1516 5440 tradendo,
1548 5382 1732 5443 postea

170 5484 382 5536 prorsus
407 5470 660 5525 delendo.
690 5468 1065 5523 Verumtamen
1093 5473 1218 5519 ante
1242 5464 1573 5518 eversionem
1600 5479 1733 5533 quo-

166 5573 267 5625 que
299 5560 431 5616 illius
458 5576 550 5631 per
580 5559 890 5630 prophetam
921 5558 1132 5620 clamat,
1161 5554 1410 5624 dicitque,
1452 5551 1534 5607 Ne
1567 5554 1730 5622 con/i-

168 5648 296 5701 datis
321 5652 368 5704 in
404 5651 564 5704 verbis
593 5649 872 5714 mendacii,
901 5648 1019 5717 quia
1051 5663 1151 5700 non
1186 5645 1457 5715 proderunt
1485 5643 1619 5698 vobis
1648 5645 1731 5697 di-

164 5739 379 5796 centibus
400 5758 418 5795 :
436 5740 675 5811 templum
697 5737 921 5804 Domini,
945 5736 1186 5809 “rupium
1204 5735 1410 5792 Domini
1429 5744 1499 5791 est
1513 5734 1568 5806 (1
1573 5752 1722 5790 erem.

1469 368 1824 427 ADVERSUS
1859 371 2158 434 JUDA‘IOS.
2197 378 2219 433 I

3352 394 3457 448 8135

1898 484 1949 538 7.
1977 487 2052 556 4).
2085 486 2200 542 Νοη
2245 490 2516 560 templum,
2547 494 2732 561 tnquit,
2773 506 2984 553 sanctos
3021 513 3116 554 eos
3151 502 3342 569 reddit,
3372 511 3462 577 qui

1891 577 2300 647 congrediuntur
2335 598 2346 634 :
2381 580 2474 636 sed
2498 581 2547 636 hi
2575 583 2701 638 illud
2729 595 2970 643 sanctum
3001 589 3213 648 faciunt.
3237 595 3392 664 Quod
3413 601 3459 654 si

1891 675 1999 721 tum
2027 668 2098 722 nil
2129 669 2378 738 proderat
2407 673 2680 742 templum,
2715 679 3063 744 praesentibus
3090 681 3378 740 Cheruhim
3408 700 3463 744 ct

1886 769 2006 809 arca
2041 774 2054 808 :
2082 759 2248 813 multo
2279 762 2453 818 minus
2488 766 2595 832 jam
2617 806 2630 831 ,
2661 767 2906 822 omnibus
2935 769 2998 825 iis
3027 771 3281 839 sublatis,
3316 790 3462 846 βοει-

1886 858 2041 912 quam
2084 848 2224 904 Deus
2265 851 2385 906 illos
2425 867 2645 922 prorsus
2690 870 2984 926 aversatur,
3028 871 3083 916 et
3123 866 3338 932 gravior
3375 881 3456 922 est

1885 935 2039 1005 hujus
2064 938 2170 994 odii
2194 957 2371 997 causa.
2395 944 2615 1010 Quanta:
2637 943 2794 1017 igitur
2817 952 3063 1008 amentia:
3088 953 3264 1022 fuerit,
3287 973 3455 1029 quan-

1886 1034 2056 1096 taeque
2086 1029 2418 1100 insipientize,
2450 1045 2658 1091 notatos
2688 1039 2994 1109 ignominia,
3023 1057 3053 1098 a
3079 1045 3190 1102 Deo
3215 1049 3454 1117 proditos

1879 1132 1992 1183 eos,
2026 1121 2115 1190 qui
2147 1122 2426 1179 Dominum
2458 1128 2512 1182 in
2543 1128 2674 1183 iram
2700 1131 3034 1201 concitarint,
3065 1137 3240 1194 socios
3263 1141 3363 1196 sibi
3395 1143 3448 1197 in

1879 1207 2024 1264 feriis
2058 1212 2358 1270 asciscere?
2393 1215 2448 1270 Si
2481 1224 2628 1272 tuum
2657 1220 2776 1289 quis
2817 1223 3099 1280 occidisset
3137 1227 3332 1297 filium,
3364 1232 3451 1287 die

1877 1299 2040 1368 mihi,
2071 1301 2256 1372 ejnsne
2279 1317 2618 1375 conspectum
2649 1311 2974 1367 sustineres?
2997 1315 3294 1374 Audiresne
3318 1322 3447 1375 allo-

1874 1393 2160 1456 quentem?
2185 1393 2370 1451 Nonne
2398 1405 2452 1450 ut
2487 1397 2782 1468 improbum
2821 1403 3148 1474 daemonem,
3182 1419 3233 1463 ut
3275 1412 3444 1480 ipsum

1871 1476 2140 1536 diabolum
2179 1483 2425 1553 fugeres?
2464 1487 2671 1543 Domini
2703 1491 2774 1544 ttti
2821 1491 2985 1548 filium
3017 1476 3360 1567 occiderunt,
3389 1514 3447 1557 et

1869 1569 1922 1623 in
1953 1572 2196 1628 eumdem
2233 1590 2355 1632 cum
2384 1578 2486 1634 illis
2525 1580 2726 1650 ingredi
2764 1584 2936 1640 locum
2977 1589 3178 1645 audes?
3205 1593 3444 1666 Cumque

1867 1660 2072 1716 occisus
2096 1663 2306 1730 abillis,
2339 1675 2540 1723 tantum
2571 1681 2620 1724 te
2642 1671 2932 1740 honorarit,
2957 1686 3014 1731 ut
3038 1679 3252 1736 fratrem
3277 1694 3331 1738 et
3352 1660 3442 1739 cae

1867 1748 2119 1808 heredem
2157 1756 2493 1812 constituerit
2527 1777 2543 1814 :
2579 1768 2720 1815 tanta
2767 1773 2819 1816 tu
2865 1767 3109 1822 eumdem
3153 1771 3439 1840 ignominia

1864 1841 2052 1911 amcis,
2083 1855 2141 1900 ut
2174 1847 2293 1917 ejus
2323 1849 2731 1919 interfectores,
2760 1856 2848 1924 qui
2873 1858 3016 1912 cruci
3054 1859 3224 1929 ipsum
3250 1863 3439 1920 allise-

1863 1942 2005 2001 runt,
2031 1941 2405 1995 communione
2435 1940 2683 1997 feriarum
2713 1944 2943 2014 ipsarum
2984 1950 3127 2005 colas
3153 1963 3311 2024 atque
3339 1957 3437 2009 oh-

1861 2035 2063 2092 serves,
2089 2034 2142 2080 et
2159 2027 2226 2081 ad
2250 2028 2464 2098 profana
2490 2031 2701 2087 illorum
2731 2034 2846 2089 loca
2876 2051 3077 2104 curras,
3111 2041 3317 2112 impura
3345 2061 3436 2099 ve-

1860 2113 2050 2169 stibula
2075 2116 2259 2182 intres,
2289 2135 2590 2192 mensmque
2614 2123 2996 2183 daemoniorum
3026 2133 3289 2204 particeps
3314 2135 3434 2192 fias.

1856 2201 1935 2257 Ita
1962 2206 2104 2260 enim
2139 2205 2442 2264 Judrenrum
2476 2211 2736 2282 jejunium
2782 2225 2838 2270 ut
2873 2219 3166 2288 appellem,
3198 2201 3434 2282 adducor

1856 2314 2006 2366 nece,
2035 2317 2193 2371 quam
2222 2303 2330 2358 Deo
2357 2306 2664 2362 intulerunt.
2689 2309 2802 2375 Quo
2822 2312 2963 2367 enim
2987 2323 3139 2383 pacto
3159 2314 3433 2375 daemoms

1857 2403 1962 2474 non
1987 2389 2231 2446 dicantur
2250 2393 2428 2449 colere
2454 2395 2510 2460 ii,
2544 2397 2631 2466 qui
2661 2397 2770 2452 Deo
2798 2399 3016 2456 adversa
3048 2407 3343 2474 peragunt?
3364 2411 3435 2464 At

1854 2468 2169 2535 medicinam
2208 2497 2237 2536 a
2281 2483 2614 2540 daemonibus
2657 2490 2894 2558 expetis?
2943 2490 3075 2546 Cum
3123 2494 3330 2550 abirent
3376 2498 3429 2553 in

1855 2585 2064 2637 porcos,
2115 2572 2306 2628 Christi
2355 2578 2637 2646 permissu,
2685 2579 2975 2649 daemones,
3030 2593 3138 2639 tum
3182 2587 3236 2642 in
3281 2603 3428 2645 mare

1852 2660 1970 2715 illos
2013 2665 2190 2718 statim
2231 2667 2629 2736 praecipitarunt
2661 2687 2674 2722 :
2707 2679 2760 2724 et
2802 2671 3077 2729 hominum
3117 2681 3427 2748 corporibus

1851 2764 2066 2822 parcent
2095 2753 2302 2826 (Matth.
2335 2757 2388 2810 8.
2416 2758 2504 2812 51.
2535 2758 2707 2829 sqq.)?
2730 2761 2904 2832 Atque
2927 2765 3122 2820 utinam
3149 2781 3253 2822 non
3281 2769 3426 2826 occi-

1849 2841 2052 2908 derent,
2082 2846 2279 2899 utinant
2310 2863 2416 2902 non
2442 2848 2841 2906 insidiarentur!
2871 2852 3156 2922 Ejecerunt
3181 2873 3242 2912 ex
3270 2875 3427 2928 para-

1848 2929 1984 2998 diso,
2025 2934 2227 2989 honore
2268 2937 2465 2991 caelesti
2510 2939 2796 3006 orbarunt,
2827 2950 2882 2996 et
2905 2957 3096 3012 corpus
3125 2948 3423 3005 curabunt?

1849 3019 2088 3078 Ridicula
2121 3025 2233 3078 haec
2254 3067 2268 3091 ,
2301 3033 2356 3080 et
2383 3027 2593 3083 fabulas.
2630 3029 2907 3087 Daemones
2945 3035 3182 3092 insidiari
3211 3039 3386 3096 sciunt
3407 3083 3420 3100 .

1846 3124 1910 3166 ac
1935 3126 2146 3178 nocere,
2178 3129 2280 3168 non
2308 3116 2507 3171 mederi
2535 3135 2547 3170 :
2578 3119 2768 3174 animae
2800 3136 2904 3175 non
2935 3135 3187 3192 parcunt,
3219 3136 3274 3182 et
3297 3143 3420 3184 eur-

1846 3200 2064 3271 poribus
2093 3205 2346 3272 parcent?
2373 3205 2415 3260 E
2442 3221 2604 3276 regno
2640 3208 2833 3278 ejicere
2862 3223 3121 3268 conantur
3149 3232 3164 3269 :
3194 3227 3246 3272 et
3272 3233 3418 3275 mor-

1842 3290 1923 3346 bis
1945 3291 2120 3347 levare
2145 3308 2242 3347 nos
2269 3295 2521 3364 cupient?
2547 3297 2662 3353 Non
2693 3300 2846 3355 audis
2873 3303 3186 3373 pi-Ophetam
3213 3308 3415 3377 dicere,

1841 3392 1999 3453 atque
2028 3383 2198 3452 ipsum
2231 3384 2406 3454 potius
2429 3387 2592 3442 Deum
2619 3404 2716 3458 per
2737 3392 3070 3461 prophetam,
3099 3395 3219 3452 illos
3247 3413 3419 3469 neque

1841 3471 1976 3528 bene
2021 3487 2192 3545 neque
2231 3476 2367 3531 male
2399 3491 2554 3547 posse
2597 3479 2812 3536 facere?
2837 3483 3010 3554 Atque
3051 3485 3172 3541 licet
3216 3489 3417 3546 mederi

1840 3563 2004 3616 velint
2029 3578 2093 3618 ac
2121 3565 2348 3636 possint,
2379 3569 2520 3639 quod
2548 3568 2660 3625 fieri
2687 3574 2871 3642 nequit
2900 3591 2912 3627 :
2945 3575 3014 3630 ob
3036 3576 3285 3634 lucellum
3312 3581 3418 3637 cxi-

1838 3652 1926 3720 gui
1973 3656 2225 3724 temporis
2264 3657 2558 3725 periculum
2596 3667 2915 3716 aeternarum
2957 3678 3231 3733 pinnarum
3275 3667 3413 3723 haud

1841 3740 2172 3798 subeundum
2210 3754 2310 3799 est.
2339 3743 2548 3816 Corpus
2575 3748 2806 3814 curabis,
2847 3758 2904 3804 ut
2929 3754 3158 3807 animam
3187 3755 3416 3824 perdas?

1840 3825 1953 3886 Non
1985 3833 2237 3902 prteciara
2264 3844 2346 3890 est
2386 3837 2695 3892 nnndinatio
2727 3849 2811 3894 tua
2844 3857 2856 3892 :
2891 3843 3130 3910 corporis
3169 3846 3413 3900 condito-

1840 3937 1953 3977 rem
1982 3925 2269 3980 exacerbas
2300 3925 2486 3994 Deum,
2517 3937 2572 3984 et
2598 3929 2919 3987 insidiatoris
2942 3934 3014 3987 tui
3036 3935 3288 3991 auxilium
3315 3937 3414 3992 im-

1838 4015 2034 4084 ploras.
2065 4015 2254 4072 Annon
2293 4019 2389 4073 hac
2421 4021 2656 4087 ratione,
2687 4033 2903 4093 pr0pter
2931 4025 3205 4081 medicina:
3233 4029 3411 4084 scien-

1840 4105 1988 4173 tiam,
2027 4108 2172 4161 nullo
2212 4109 2424 4179 negotio
2463 4111 2634 4180 quivis
2677 4115 3073 4182 superstitiosus
3117 4116 3307 4179 homo.
3348 4135 3414 4168 ru

1840 4203 1890 4249 te
1943 4199 2278 4264 pertraxerit,
2330 4197 2578 4254 Gentium
2629 4209 2681 4254 et
2729 4203 2858 4256 deos
2913 4211 2968 4254 ut
3013 4203 3241 4258 adores?
3281 4204 3411 4259 Nam

1838 4284 2031 4340 ethnici
2053 4301 2261 4357 quoque
2288 4287 2473 4342 horum
2500 4297 2613 4342 arte
2641 4292 2854 4344 morbos
2883 4305 3024 4359 saepe
3050 4301 3326 4359 curarunt,
3358 4304 3412 4348 et

1838 4387 2064 4448 asgrotos
2089 4378 2300 4432 sanitati
2328 4380 2690 4434 restituerunt.
2725 4380 2916 4435 ldeonc
2943 4383 3224 4451 impietatis
3251 4387 3411 4454 parti-

1838 4468 1983 4538 cipes
2011 4469 2245 4523 erimus?
2265 4471 2433 4525 Absit.
2466 4469 2601 4524 Audi
2627 4471 2750 4540 quid
2780 4471 2983 4542 Moyses
3002 4473 3199 4530 Judaeis
3225 4476 3365 4530 dicat
3395 4496 3406 4528 :

1839 4558 1901 4612 Si
1946 4559 2216 4610 surrexerit
2264 4559 2317 4612 in
2363 4559 2524 4612 medio
2568 4561 2638 4612 tui
2689 4563 2932 4629 propheta
2957 4604 2971 4626 ,
3022 4573 3110 4616 aut
3156 4567 3412 4624 somnians

1839 4649 2108 4710 somnium,
2138 4657 2186 4701 et
2222 4648 2414 4702 dederit
2441 4649 2527 4702 tibi
2555 4651 2753 4720 signum
2793 4653 2868 4705 rel
2893 4665 3208 4722 portentum;
3234 4672 3410 4712 eoene-

1837 4740 1996 4805 ritque
2023 4739 2222 4808 signum
2241 4738 2318 4791 vel
2344 4749 2644 4808 portentum,
2670 4741 2804 4809 quod
2829 4741 3062 4810 loquutus
3081 4754 3174 4812 est,
3198 4754 3247 4798 et
3269 4729 3414 4800 dife-

1836 4831 1900 4880 rit
1927 4829 1996 4881 ad
2020 4839 2065 4881 te
2092 4845 2109 4881 :
2138 4845 2308 4883 eamus
2339 4839 2387 4882 et
2405 4831 2676 4884 serviamus
2702 4831 2799 4885 diis
2827 4816 3023 4898 alienis,
3053 4851 3174 4902 quos
3195 4851 3294 4890 non
3315 4854 3408 4890 no-

1839 4932 2012 4974 verunt
2041 4933 2208 4991 patres
2231 4923 2434 4975 nostri:
2459 4939 2557 4975 non
2577 4923 2813 4977 obedietis
2838 4924 2994 4978 verbis
3019 4925 3295 4994 prop/tete,
3324 4939 3410 4981 aut

1836 5013 2154 5065 somniatoris
2195 5013 2334 5066 illius
2375 5010 2548 5083 (Deut.
2592 5013 2678 5066 15.
2727 5011 2795 5082 1).
2845 5016 3079 5078 Quorum
3125 5017 3407 5072 verborum

1840 5102 1951 5156 hmc
1978 5112 2060 5158 est
2089 5103 2348 5157 sententia
2379 5121 2390 5155 :
2419 5101 2472 5158 Si
2503 5103 2756 5172 propheta
2779 5103 3060 5172 quispiam,
3085 5105 3272 5174 inquit,
3293 5121 3413 5162 sur-

1839 5194 2054 5257 rexerit,
2086 5203 2139 5246 et
2179 5193 2386 5263 signum
2426 5191 2670 5256 ediderit,
2710 5193 2793 5247 vel
2837 5204 3102 5248 mortuum
3144 5195 3406 5259 excitarit,

1839 5285 1920 5338 vel
1945 5284 2216 5354 leprosum
2243 5283 2593 5348 mundaverit,
2620 5283 2704 5338 vel
2725 5283 2956 5338 debilem
2985 5287 3204 5349 sanarit,
3228 5287 3411 5357 signo—

1839 5389 1943 5444 que
1986 5373 2129 5428 edito
2177 5372 2243 5426 ad
2287 5371 2610 5441 impietatem
2657 5382 2709 5426 te
2750 5373 2983 5428 invitarit
3025 5389 3038 5426 :
3086 5389 3154 5430 ne
3195 5387 3411 5446 propter

1838 5467 1972 5537 signi
1999 5474 2252 5519 eventum
2277 5463 2512 5518 obedias.
2542 5462 2756 5528 Quare?
2805 5462 2984 5518 Tentat
3005 5465 3136 5518 enim
3157 5475 3204 5519 te
3223 5464 3409 5520 Domi.

1841 5573 1934 5610 nus
1959 5553 2097 5618 Deus
2117 5563 2250 5617 tuus,
2271 5561 2326 5606 ut
2353 5552 2536 5618 videat,
2559 5568 2626 5606 an
2646 5551 2828 5623 diligas
2848 5552 3015 5622 ipsum
3030 5568 3094 5606 tu:
3114 5563 3215 5607 toto
3263 5560 3423 5612 corde

1841 5657 1946 5712 tuo,
1975 5656 2020 5698 et
2049 5661 2111 5699 ea:
2138 5652 2241 5697 tota
2269 5643 2439 5696 anima
2466 5653 2553 5696 tua
2603 5640 2784 5713 (Ibid.
2811 5659 2859 5697 ι.
2905 5643 2981 5711 3).
3015 5641 3165 5700 Unde
3202 5653 3414 5700 constat

1844 5735 2116 5791 dmmones
2139 5747 2247 5788 non
2273 5730 2495 5790 mederi.
2525 5730 2676 5800 Quod
2697 5731 2765 5800 si,
2799 5732 2908 5790 Deo
2928 5730 3290 5802 permittente.
3320 5730 3413 5791 ali.
