3990 6198
562 347 680 401 4835

570 460 782 530 quando
829 454 1157 514 medeantur,
1201 443 1640 518 quemadmodum
1689 441 1961 500 homines.
2008 453 2132 508 per-

573 529 753 607 missio
790 549 886 600 ista
925 544 980 596 lit
1007 541 1071 596 ad
1111 540 1182 593 tui
1217 537 1652 605 explorationem,
1689 547 1791 586 non
1831 529 1968 600 quod
2001 529 2137 582 Deus

576 640 792 700 nesciat,
821 635 914 689 sed
942 643 996 686 ut
1025 633 1196 686 discas
1224 643 1316 684 eos
1337 628 1494 680 etiam
1522 625 1710 677 missos
1742 621 1913 675 facere
1938 621 2138 673 tia-mo-

574 746 688 792 nas,
715 725 802 794 qui
836 723 1132 777 medentur.
1161 718 1235 771 Ac
1259 715 1380 784 quid
1406 713 1472 766 de
1510 711 1762 766 medicina
1793 710 2029 778 corporis
2057 707 2137 760 loc

573 819 742 890 quor?
769 817 822 871 Si
863 813 981 885 quis
1009 811 1302 882 gehennam
1339 806 1566 859 minetur
1593 801 1704 866 tibi,
1739 799 1838 853 nisi
1875 799 2140 852 Christum

577 912 826 979 abnoges,
859 920 984 958 num
1023 916 1142 955 eum
1181 895 1465 953 admittes?
1503 892 1559 948 Si
1603 891 1721 961 quis
1760 902 1976 958 regnum
2019 901 2140 954 pro-

576 1001 765 1058 mittat,
797 1005 852 1049 ut
881 994 948 1048 ab
978 990 1244 1061 unigenilo
1271 987 1403 1041 Filio
1433 984 1521 1038 Dei
1550 983 1783 1043 delicias,
1818 979 1961 1031 illmn
1990 989 2143 1028 aver-

579 1103 740 1155 satur,
779 1087 1005 1155 odioque
1037 1083 1383 1152 prosequitur,
1418 1086 1464 1130 cl
1508 1075 1651 1130 Pauli
1681 1071 1968 1139 discipulus
1997 1073 2143 1131 esto;

580 1198 772 1254 easque
798 1192 954 1232 voces
972 1175 1266 1236 aemulator,
1295 1183 1424 1238 quas
1445 1169 1626 1220 bca‘us
1653 1165 1762 1227 ille,
1789 1170 1840 1215 et
1860 1169 2148 1230 generosus

581 1277 788 1332 animus
809 1284 996 1339 magno
1025 1281 1142 1320 cum
1175 1263 1404 1318 clamore
1428 1256 1591 1312 edidit
1621 1274 1632 1309 :
1667 1253 1839 1308 Certus
1863 1267 1970 1306 sum
1995 1249 2144 1311 cnim,

585 1366 772 1436 inquit,
817 1360 950 1432 quod
993 1372 1147 1426 neque
1193 1369 1346 1417 mors,
1393 1364 1548 1417 neque
1593 1348 1712 1409 vita,
1763 1357 1919 1411 neque
1963 1338 2149 1409 angeli,

586 1471 738 1525 neque
767 1450 1095 1522 principatus,
1125 1458 1280 1512 neque
1299 1440 1517 1502 virtutes,
1542 1450 1698 1504 neque
1723 1430 1976 1493 instantia,
2001 1441 2155 1496 neque

589 1518 778 1616 iniure,
825 1555 978 1610 neque
1015 1533 1260 1598 altitudo,
1298 1545 1453 1600 neque
1489 1527 1825 1598 profundum,
1856 1537 2012 1591 neque
2050 1518 2155 1572 ulla

589 1637 690 1689 alia
720 1641 947 1687 creatura
989 1626 1166 1698 poterit
1197 1639 1288 1677 nos
1316 1633 1550 1690 separare
1589 1633 1620 1668 (ι
1654 1615 1860 1668 caritate
1898 1610 2011 1676 Dei,
2047 1622 2158 1677 quae

590 1740 658 1783 est
689 1729 740 1780 in
780 1723 973 1778 Christo
1013 1717 1138 1772 Jesu
1177 1713 1391 1767 Domino
1429 1718 1598 1763 nostra
1626 1706 1798 1777 (Rom.
1837 1704 1888 1758 8.
1929 1701 2016 1756 '58.
2041 1698 2154 1767 59).

592 1821 744 1872 illum
769 1829 870 1869 non
900 1809 1091 1879 angeli,
1120 1821 1224 1861 non
1252 1805 1497 1866 virtutes,
1531 1813 1634 1853 non
1657 1794 1926 1858 instantia,
1949 1807 2054 1846 non
2082 1790 2160 1843 fu-

595 1921 728 1972 tura,
766 1920 871 1959 non
899 1901 998 1956 alia
1028 1906 1269 1954 creatura
1292 1909 1321 1947 a
1358 1890 1576 1946 caritate
1603 1885 1798 1943 Christi
1823 1890 2034 1953 separat
2062 1897 2074 1934 :
2107 1887 2162 1934 et

591 2010 645 2054 te
666 1970 791 2053 cura
813 1991 1048 2062 corporis
1073 1988 1138 2042 ad
1169 1984 1516 2041 defectionem
1543 1976 1794 2047 impellit?
1813 1975 1990 2043 Ecqua
2011 1970 2162 2026 venia

598 2092 760 2162 possit
782 2081 1092 2156 impetrari?
1119 2080 1303 2135 Merito
1328 2077 1468 2132 enim
1497 2075 1609 2143 ipsa
1637 2069 1880 2141 geltenna
1909 2063 2162 2120 formida-

598 2154 753 2236 bilior
789 2154 940 2232 nobis
969 2181 1050 2228 est
1075 2169 1332 2232 Christus,
1367 2175 1420 2221 ct
1461 2165 1576 2233 ipso
1605 2174 1766 2230 regno
1803 2158 1992 2229 potior.
2019 2154 2166 2210 Licet

599 2276 950 2339 regrotemus:
985 2268 1200 2332 praestat
1225 2272 1320 2312 nos
1351 2254 1536 2309 morbo
1561 2249 1745 2318 afﬂigi,
1773 2263 1951 2319 quam,
1984 2255 2040 2300 ut
2066 2244 2168 2299 hoc

603 2335 854 2420 levemur,
907 2353 972 2408 ad
1023 2351 1345 2421 impietatem
1398 2343 1618 2414 prolabi.
1669 2340 1739 2397 Ut
1787 2339 1926 2394 enim
1971 2335 2170 2392 sanarit

605 2449 835 2509 daemon,
859 2444 974 2513 plus
997 2440 1187 2506 obfuit,
1216 2453 1371 2508 quam
1400 2433 1615 2506 profuit.
1647 2432 1777 2488 Nam
1809 2429 2018 2500 corpori
2051 2428 2169 2498 qui-

591 2526 723 2593 dem
747 2535 1106 2590 emolumento
1134 2531 1250 2596 fuit,
1274 2529 1358 2584 cui
1381 2528 1595 2581 omnino
1616 2533 1698 2580 est
1725 2524 1878 2592 paulo
1907 2528 2025 2590 post
2053 2533 2170 2574 mo-

601 2627 866 2690 riendum,
888 2623 1134 2694 quodque
1156 2627 1420 2690 putrescet
1447 2635 1458 2669 :
1487 2618 1662 2670 animo
1687 2624 1861 2668 autem
1889 2607 2172 2665 immortali

598 2720 978 2774 detrimentum
1007 2713 1200 2766 attulit.
1232 2711 1310 2764 Ac
1339 2704 1781 2778 quemadmodum
1806 2701 2038 2771 plagiarii
2066 2698 2176 2754 bel-

606 2810 758 2874 laria,
804 2808 1094 2878 placentas,
1133 2801 1288 2865 talos,
1334 2807 1490 2867 atque
1530 2796 1580 2850 id
1618 2808 1783 2865 genus
1811 2792 1911 2846 alia
1948 2789 2178 2861 parvulis

607 2917 750 2970 smpe
782 2897 958 2969 pueris
985 2895 1276 2966 porrigunt,
1319 2890 1509 2960 quibus
1547 2888 1808 2942 inescatos
1849 2882 2091 2952 libertate
2125 2887 2179 2934 et

608 2993 714 3045 vita
745 2992 855 3059 ipsa
886 2988 1090 3056 privant
1129 3001 1142 3037 :
1176 2981 1242 3036 ad
1268 2979 1509 3036 eumdem
1546 2978 1704 3032 etiam
1736 2973 1948 3028 modum
1983 2972 2180 3025 dmmo-

609 3098 706 3139 nes
728 3080 947 3136 membri
970 3092 1148 3132 curam
1175 3074 1505 3144 pollicentur,
1527 3080 1580 3124 et
1604 3082 1815 3124 omnem
1844 3065 2001 3119 animi
2029 3063 2177 3118 salu-

610 3182 714 3228 tem
736 3168 1055 3239 prmcipitem
1075 3172 1251 3232 agunt.
1271 3161 1486 3224 Verum,
1505 3157 1697 3222 dilecti,
1719 3172 1784 3211 ne
1801 3155 1852 3210 id
1872 3155 2175 3217 toleremus;

611 3263 704 3317 sed
741 3261 807 3315 ab
850 3259 1118 3326 impietate
1157 3253 1516 3306 liberationem
1559 3249 1742 3318 quovis
1781 3245 1938 3300 modo
1973 3257 2180 3314 qumra-

612 3367 748 3406 mus.
773 3351 959 3402 Annon
991 3346 1172 3404 Johns,
1195 3357 1382 3411 passus
1419 3340 1516 3394 sibi
1545 3339 1612 3393 ab
1640 3352 1804 3391 uxore
1839 3334 2174 3405 persuaderi,

611 3437 980 3506 blasphemare
1001 3435 1052 3486 in
1089 3433 1248 3484 Deum
1279 3429 1550 3497 potuisset,
1583 3435 1635 3480 et
1655 3442 1752 3494 qua
1784 3425 2067 3494 urgebatur
2093 3438 2180 3477 ca-

615 3529 851 3582 lamitate
877 3522 1123 3578 liberari?
1156 3521 1248 3572 Dic
1277 3519 1494 3580 verbum,
1524 3515 1709 3585 inquit,
1742 3515 1974 3568 adversus
1999 3513 2180 3567 Domi-

607 3634 757 3682 .num,
788 3626 831 3668 ct
861 3629 1050 3667 morere
1079 3610 1197 3683 (Job
1240 3609 1295 3662 2.
1339 3607 1417 3674 9).
1443 3606 1637 3660 Verum
1664 3605 1706 3659 is
1729 3605 1950 3659 cruciari
1975 3604 2178 3669 maluit,

606 3720 670 3764 et
720 3705 996 3768 macerari,
1046 3703 1357 3772 plagamque
1405 3699 1544 3752 illam
1587 3697 1728 3752 ferre
1767 3696 2180 3760 intolerabilem,

616 3812 772 3869 quam
798 3794 1185 3863 blaSpbemare,
1205 3799 1259 3846 et
1279 3789 1432 3843 malis
1459 3787 1804 3857 praesentibus
1831 3787 2011 3841 eximi.
2037 3786 2183 3839 llnnc

621 3898 675 3941 tu
701 3901 908 3955 quoque
933 3883 1200 3945 tumulare,
1251 3879 1488 3949 quamvis
1524 3877 1721 3932 infinita
1759 3877 2033 3944 malorum,
2064 3877 2178 3945 qni-

623 3982 719 4034 bus
741 3976 1022 4040 divexaris,
1049 3974 1254 4026 dtcmon
1281 3971 1514 4026 remedia
1542 3969 1848 4039 polliceatur
1881 3986 1893 4020 :
1923 3984 1989 4022 ne
2026 3966 2182 4022 fidem

622 4070 840 4133 habeas,
879 4081 1050 4134 neque
1093 4065 1316 4128 toleres;
1359 4060 1800 4130 quemadmodum
1844 4073 2013 4129 neque
2041 4058 2185 4128 justo

623 4161 694 4212 illi
725 4156 1042 4228 persuadere
1070 4167 1200 4207 uxor
1230 4151 1414 4221 potuit.
1447 4148 1549 4203 Sed
1581 4148 1819 4203 morbum
1852 4147 1977 4202 forti
2007 4147 2186 4203 animo

622 4251 796 4319 potius
843 4246 1036 4315 perfer,
1079 4257 1235 4312 quam
1286 4239 1442 4294 fidem
1491 4247 1544 4293 et
1582 4238 1804 4293 salutem
1849 4237 2038 4292 animm
2084 4245 2185 4289 tu:e

625 4337 952 4408 pessumdes.
995 4334 1176 4401 Neque
1220 4331 1359 4385 enim
1408 4330 1546 4384 Deus
1592 4339 1642 4383 te
1681 4327 1998 4395 derelinquit
2034 4345 2046 4380 :
2093 4328 2185 4380 sed

625 4430 792 4498 magis
840 4426 1178 4494 conspicuum
1235 4434 1289 4474 ut
1343 4421 1562 4484 reddat,
1615 4419 1852 4488 corporis
1897 4418 2184 4472 infirmitati

600 4531 766 4584 saepe
804 4514 1035 4580 subjicit.
1071 4512 1250 4565 Perfer
1285 4511 1459 4580 igitur,
1497 4517 1554 4563 ut
1593 4518 1646 4562 tu
1684 4523 1892 4578 quoque
1933 4507 2061 4562 illud
2090 4522 2187 4561 au-

627 4608 776 4660 dias:
807 4603 941 4656 Num
969 4612 1021 4654 tu
1046 4618 1235 4662 censes,
1260 4618 1337 4654 me
1369 4601 1523 4654 aliam
1556 4599 1616 4653 ob
1653 4615 1856 4653 causam
1891 4598 1978 4652 tibi
2007 4613 2185 4653 oracu-

629 4695 731 4750 ειυη
759 4693 990 4757 edidisse,
1018 4707 1168 4760 quam
1195 4701 1246 4743 ut
1263 4691 1436 4759 justus
1453 4705 1700 4759 apparens
1718 4687 1837 4759 (Job
1852 4684 1940 4744 40.
1967 4684 2018 4739 5.
2051 4686 2096 4755 )?

700 4786 750 4840 8.
783 4784 1004 4838 Posscnt
1047 4781 1192 4848 plura
1241 4779 1397 4832 etiam
1443 4789 1634 4846 praeter
1663 4778 1775 4832 haec
1816 4777 1916 4833 dici
1950 4795 1964 4830 :
1995 4779 2088 4832 sed
2134 4787 2190 4832 ut

623 4890 741 4944 quae
762 4874 871 4942 jam
897 4869 1117 4924 audistis
1142 4869 1208 4921 ah
1235 4867 1499 4920 oblivione
1523 4865 1854 4920 vindicentur
1874 4907 1888 4929 ,
1921 4866 2076 4920 linem
2105 4865 2190 4921 hic

624 4962 850 5019 orationi
900 4961 1125 5025 faciam,
1181 4958 1268 5011 ubi
1323 4956 1515 5026 Moysis
1557 4956 1715 5010 verba
1763 4956 1906 5024 prius
1952 4956 2184 5012 dixero:

629 5054 802 5110 Testor
825 5051 1086 5107 adversarii
1113 5065 1196 5102 vos
1222 5048 1367 5100 hodie
1394 5046 1567 5100 malum
1594 5055 1638 5099 et
1669 5055 1850 5106 terram
1879 5046 1898 5115 (
1919 5044 2067 5100 Deut.
2097 5047 2184 5102 30.

627 5143 732 5213 19)
761 5183 777 5208 ,
807 5142 850 5197 si
893 5139 1149 5210 quispiam
1175 5149 1405 5192 vestrum
1437 5149 1668 5204 prmsens
1711 5137 1967 5192 absensve
1990 5179 2004 5204 ,
2038 5139 2188 5195 tubas

621 5240 918 5302 spectatum
966 5229 1188 5291 abierit,
1235 5238 1321 5282 aut
1351 5228 1415 5282 ad
1445 5228 1773 5299 Synagogam
1819 5229 2185 5293 contenderit,

613 5337 716 5381 aut
751 5323 818 5381 ad
856 5323 1106 5380 Matronae
1131 5321 1406 5376 delubrum
1435 5321 1766 5386 ascenderit,
1795 5331 1884 5374 aut
1919 5320 2104 5390 jejunii
2135 5330 2188 5376 et

627 5415 975 5470 Sabbatorum
1017 5413 1276 5481 particeps
1301 5411 1494 5477 fuerit,
1524 5420 1614 5464 aut
1638 5411 1795 5464 alium
1825 5411 1979 5465 ritum
2006 5411 2187 5467 Judai-

613 5519 746 5560 eum
792 5515 1178 5572 quemcumque
1229 5498 1621 5563 observaverit,
1673 5500 1940 5554 innoxium
1989 5515 2074 5555 me
2122 5501 2189 5556 ab

615 5595 866 5651 .omnium
887 5601 1132 5646 vestrum
1158 5605 1410 5658 sanguine
1450 5604 1590 5644 esse.
1619 5589 1680 5644 lii
1725 5604 1996 5646 sermones
2025 5593 2074 5646 in
2103 5591 2189 5647 die

631 5681 840 5739 Domini
866 5681 1029 5738 nostri
1053 5679 1396 5737 Jesu.Christi
1422 5687 1475 5734 et
1499 5680 1623 5736 mihi
1648 5689 1700 5736 et
1728 5681 1876 5737 vobis
1901 5683 2184 5740 sistentur:

1265 335 1323 388 S.
1343 330 1635 390 JUANNIS
1672 324 2139 383 ClillYSUSTOMl

2289 321 2501 379 ClllEl’.
2535 315 2802 374 CONSTA
2811 313 3074 370 NTINO‘P.
3629 315 3713 370 suo

2242 448 2292 490 et
2322 436 2365 489 si
2397 433 2715 490 obedicritis.
2747 430 2971 484 multum
3003 424 3357 480 vobis-dabunt
3391 425 3720 498 tidizttizctqund

2241 527 2284 578 si
2325 541 2426 578 non
2457 521 2757 595 parueritis,
2788 528 2877 572 aut
2902 513 3155 585 quosdam
3187 514 3302 568 talia
3325 530 3466 569 ausos
3487 520 3724 574 occultare-

2245 617 2378 680 ritis,
2409 625 2672 681 tamquam
2701 624 2850 665 acres
2876 616 3209 662 accusatores
3234 621 3292 660 ex
3321 605 3518 660 adverso
3540 610 3723 664 stabunt.

2250 705 2368 758 Non
2411 704 2543 758 enim
2587 699 2898 770 subterfugi,
2947 714 3043 765 quo
3089 697 3250 750 minus
3294 697 3597 751 armuutiarem
3627 703 3729 755 vobis

2247 813 2391 851 oume
2422 797 2510 849 Dei
2553 791 2816 847 consilium
2842 792 2859 860 (
2884 791 2995 844 Act.
3021 791 3111 844 20.
3142 788 3210 843 9.7
3232 788 3250 858 )
3273 829 3287 849 ,
3330 789 3413 842 sed
3441 799 3486 843 et
3513 807 3635 844 mens
3661 791 3729 843 riis

2248 887 2520 959 pecuniam
2567 885 2829 941 commisi.
2868 883 3144 952 Reliquum
3174 888 3256 934 est
3299 890 3349 932 ut
3375 879 3626 949 depositam
3662 898 3727 934 a-

2249 991 2454 1051 geatts,
2503 979 2778 1046 fructuque
2823 977 3092 1032 coneionis
3137 973 3203 1028 ad
3251 972 3454 1026 fratrum
3501 984 3730 1027 vostrorum

2252 1073 2472 1127 salutem
2503 1071 2738 1124 utamini.
2771 1071 2836 1122 At
2881 1068 3158 1120 molestum
3189 1073 3242 1118 et
3267 1063 3488 1116 odiosum
3516 1075 3582 1117 est
3617 1065 3655 1115 in
3677 1065 3737 1119 his

2254 1170 2530 1232 peccantes
2554 1159 2804 1214 deferre?
2829 1157 3010 1211 Itidem
3041 1164 3090 1209 et
3120 1153 3296 1207 silere.
3325 1153 3442 1206 Tam
3469 1152 3588 1206 enim
3609 1154 3735 1219 vobis,

2255 1252 2340 1321 qui
2370 1251 2560 1319 legitis,
2592 1265 2749 1319 quam
2775 1249 2876 1302 illis
2902 1247 2989 1316 qui
3016 1246 3200 1312 latent,
3227 1243 3479 1297 silentium
3505 1243 3589 1296 hoe
3611 1248 3741 1312 perni-

2257 1345 2390 1398 ciem
2418 1341 2572 1396 alfert
2594 1381 2610 1405 ,
2644 1341 2806 1394 Deum
2850 1338 2999 1392 nobis
3042 1334 3311 1390 inimicum
3337 1333 3559 1388 reddens.
3587 1335 3743 1399 Quanto

2258 1443 2432 1485 autem
2464 1438 2693 1499 prmstal,
2714 1430 2764 1483 in
2791 1442 3164 1483 conservorum
3191 1423 3313 1479 odio
3341 1437 3451 1478 esse
3475 1423 3531 1476 ad
3555 1423 3740 1486 salutem,

2260 1537 2415 1592 quam
2447 1519 2653 1574 Domini
2695 1520 2828 1573 iram
2858 1518 3110 1572 adversus
3139 1531 3237 1569 nos
3277 1514 3550 1569 concitari?
3588 1514 3742 1567 lllomm

2261 1613 2399 1666 enim
2428 1610 2744 1680 quicumque
2767 1649 2782 1673 ,
2816 1616 2872 1660 ut
2909 1607 3016 1676 jam
3062 1605 3359 1674 indignetur
3381 1645 3394 1666 ,
3419 1602 3637 1657 damnum
3657 1601 3746 1656 dare

2263 1718 2366 1756 non
2396 1701 2588 1770 poterit
2609 1741 2622 1764 ,
2653 1699 2776 1766 quin
2803 1713 2896 1766 pro
2920 1697 3177 1750 medicina
3207 1694 3399 1763 gratias
3426 1692 3608 1746 tandem
3629 1701 3746 1760 aget:

2265 1793 2403 1847 Deus
2444 1806 2608 1856 vero,
2656 1789 2741 1842 ubi
2789 1787 3016 1843 tacueris
3057 1795 3111 1842 ct
3154 1785 3444 1840 oceulucris
3488 1785 3532 1837 in
3569 1782 3753 1838 causcrvi

2265 1881 2508 1952 gratiam,
2540 1894 2659 1933 cum
2690 1877 2846 1946 hujus
2874 1876 3121 1946 pernicie,
3157 1890 3341 1945 pinnas
3369 1874 3458 1928 abs
3485 1881 3531 1928 te
3555 1879 3757 1928 extremas

2267 1981 2495 2042 expetet.
2522 1970 2695 2038 Quare
2721 1968 2942 2023 tacendo
2983 1976 3034 2022 et
3061 1966 3224 2020 Deum
3256 1966 3347 2019 tibi
3373 1966 3558 2019 hostem
3581 1960 3757 2023 reddes,

2269 2073 2323 2118 et
2349 2061 2562 2116 uocebis
2587 2059 2767 2114 fratri:
2788 2057 3070 2113 deferendo
3088 2067 3266 2110 autem
3297 2056 3429 2108 hunc
3453 2065 3501 2109 et
3525 2051 3760 2115 iudicando,

2270 2164 2323 2208 et
2367 2155 2530 2208 Deum
2561 2151 2779 2206 habebis
2819 2151 3096 2219 propitium
3121 2189 3137 2214 ,
3167 2157 3218 2202 et
3266 2148 3471 2202 fratrem
3496 2143 3760 2203 lucrifacies,

2272 2246 2603 2314 amicumque
2646 2242 2855 2312 parabis
2878 2251 3030 2295 antea
3074 2238 3410 2294 furibundum
3435 2279 3448 2303 ,
3473 2233 3763 2306 experientia,

2275 2336 2370 2405 ipsi
2403 2345 2451 2390 te
2473 2336 2607 2391 bene
2631 2332 2840 2396 fecisse,
2873 2332 3138 2387 edoctum.
3167 2330 3247 2384 Ne
3277 2329 3448 2398 itaque
3474 2343 3558 2380 vos
3581 2323 3766 2379 fratribus

2274 2425 2558 2498 gratiﬁcari
2603 2425 2830 2495 putetis,
2863 2422 2907 2478 si
2951 2421 3164 2477 absurdi
3193 2420 3322 2490 quid
3363 2433 3453 2474 eos
3490 2416 3651 2471 sectari
3685 2428 3770 2466 cer-

2277 2517 2414 2572 natis
2437 2557 2453 2583 ,
2499 2530 2669 2584 neque
2694 2513 2837 2569 omni
2861 2513 3022 2567 animi
3049 2511 3392 2566 contentione
3429 2508 3558 2576 ipsos
3579 2502 3772 2573 arguatis.

2278 2611 2483 2665 Amissa
2513 2617 2679 2674 veste,
2711 2622 2776 2661 an
2807 2605 2977 2661 furem
3009 2615 3236 2672 tantum,
3271 2620 3375 2658 non
3404 2603 3516 2656 furti
3541 2598 3773 2655 conscium,

2279 2714 2449 2769 neque
2477 2698 2793 2752 indicantem
2818 2738 2834 2762 ,
2879 2696 3118 2751 similiter
3148 2709 3247 2764 pro
3279 2694 3426 2748 hoste
3451 2688 3622 2746 ducis?
3654 2686 3778 2740 Mater

2281 2799 2461 2844 nostra
2485 2789 2782 2843 communis
2826 2787 3058 2842 Ecclesia
3095 2801 3198 2839 non
3249 2793 3446 2838 vestem
3469 2822 3485 2846 ,
3510 2776 3781 2834 sedfratrem

2280 2881 2493 2946 amisit;
2540 2894 2696 2950 quem
2740 2878 2980 2934 diabolus
3020 2877 3154 2932 clam
3199 2883 3442 2945 ereptum
3485 2873 3530 2926 in
3569 2867 3782 2924 Judaismo

2281 2974 2482 3029 detinet
2513 2990 2527 3028 :
2559 2973 2694 3027 nosti
2742 2979 3005 3040 raptorem
3031 3009 3046 3032 ,
3095 2968 3233 3022 nosti
3286 2975 3486 3035 raptum
3518 2981 3530 3016 :
3560 2959 3685 3014 vides
3723 2971 3786 3009 tuo

2282 3064 2536 3120 doctrina:
2566 3075 2864 3117 sermonem
2911 3070 3172 3129 tamquam
3222 3057 3489 3110 lucernam
3517 3049 3785 3108 accendere,

2285 3158 2476 3224 ubique
2499 3169 2617 3209 cum
2648 3153 2860 3222 planctu
2885 3164 3124 3220 qumrere
3147 3164 3161 3201 :
3187 3155 3242 3202 et
3271 3156 3324 3201 tu
3347 3146 3504 3202 silens
3526 3150 3640 3204 stas,
3659 3147 3790 3202 neque

2285 3243 2518 3301 iudicas?
2539 3244 2665 3309 Qua:
2691 3241 2782 3297 tibi
2807 3239 2991 3295 venia?
3010 3238 3195 3294 Nonne
3225 3251 3326 3307 pro
3349 3249 3547 3290 summo
3572 3226 3792 3283 habeberis

2285 3338 2496 3392 inimico
2524 3334 2770 3390 Ecclesiae
2795 3374 2808 3395 ,
2842 3341 2996 3402 teque
3026 3331 3112 3385 illa
3143 3330 3354 3384 hostem
3377 3322 3616 3397 judicabit
3635 3329 3680 3376 et
3701 3330 3792 3387 pro-

2285 3427 2552 3482 ditorem?
2582 3425 2772 3480 Verum
2803 3423 2936 3478 absit
2959 3465 2974 3489 ,
3005 3433 3060 3476 ut
3085 3422 3365 3492 quisquam
3391 3433 3563 3474 eorum
3585 3455 3598 3480 ,
3625 3413 3696 3483 qui
3722 3411 3795 3462 hoc

2285 3518 2559 3575 consilium
2601 3517 2854 3580 audiunt,
2889 3515 3044 3569 talem
3073 3514 3288 3584 culpam
3333 3510 3598 3574 admittat,
3627 3504 3795 3557 fratrem

2287 3621 2342 3666 ut
2385 3610 2609 3680 prodat,
2654 3624 2750 3678 pro
2793 3623 2897 3678 quo
2924 3604 3161 3661 Christus
3204 3614 3291 3660 est
3333 3612 3580 3658 mortuus.
3609 3596 3798 3649 Christus

2287 3701 2592 3770 sanguinem
2616 3697 2796 3754 effudit
2831 3704 3048 3768 proyter
3074 3696 3246 3765 ipsum
3283 3712 3296 3748 :
3331 3705 3386 3748 tu
3411 3709 3476 3747 ne
3496 3689 3689 3745 verbum
3708 3681 3796 3751 qui-

2287 3792 2405 3846 dem
2437 3799 2648 3861 propter
2687 3791 2856 3859 ipsum
2887 3787 3104 3842 fumlere
3132 3784 3413 3840 sustines?
3439 3783 3513 3838 Ne
3541 3771 3800 3834 cunctetuiui

2290 3881 2472 3936 lnrtor
2503 3899 2518 3936 :
2551 3880 2642 3935 sed
2685 3880 2860 3934 statim
2889 3876 3012 3932 binc
3047 3875 3279 3946 digressi
3322 3874 3387 3928 ad
3417 3873 3546 3924 hanc
3583 3874 3799 3934 captura!"

2289 3970 2595 4035 incitemini,
2616 3978 2669 4024 et
2695 3967 2916 4038 quilibet
2935 3977 3162 4022 vestrum
3191 3965 3326 4019 mihi
3353 3963 3570 4018 adducat
3596 3949 3801 4026 ejusmodi

2290 4062 2473 4116 morbo
2500 4061 2804 4116 obnoxium.
2834 4059 2967 4126 Quin
3007 4058 3144 4112 absit
3185 4058 3365 4127 porius
3386 4094 3405 4122 ,
3435 4063 3488 4107 ut
3516 4061 3584 4104 tot
3609 4043 3799 4100 homines

2291 4151 2474 4206 morbo
2503 4151 2602 4204 isto
2630 4159 2928 4204 teneantur.
2959 4147 3070 4201 Bini
3099 4155 3152 4200 et
3179 4145 3317 4200 terni
3348 4159 3380 4198 e
3409 4142 3570 4201 vobis,
3589 4144 3668 4190 aut
3689 4133 3802 4187 etiam

2291 4245 2411 4298 deni
2453 4252 2506 4297 ct
2552 4241 2720 4296 viceni
2767 4256 2925 4294 unum
2977 4239 3287 4293 adducant:
3324 4245 3422 4302 ut,
3466 4240 3664 4300 captura
3702 4221 3802 4274 velut

2291 4334 2510 4404 piscium
2539 4332 2622 4385 die
2649 4332 2736 4384 illo
2762 4339 3041 4400 conspecta
3070 4331 3204 4382 inter
3231 4329 3391 4390 retia,
3419 4325 3676 4380 lautiorem
3699 4329 3803 4368 ιιιειιο

2292 4439 2402 4476 sam
2432 4421 2576 4476 vobis
2603 4435 2881 4490 apponam.
2928 4419 3024 4474 Ubi
3054 4420 3195 4474 enim
3242 4417 3558 4472 hodiernum
3584 4405 3802 4465 consilium

2292 4527 2452 4581 opere
2477 4511 2727 4579 compleri
2757 4511 2959 4576 videro,
2994 4509 3318 4579 promptiore
3333 4508 3513 4562 animo
3539 4516 3701 4559 curam
3726 4496 3806 4550 illo-

2293 4616 2408 4656 rum
2439 4601 2756 4668 suscipiam,
2787 4600 2992 4668 eritque
3018 4610 3120 4653 tam
3143 4599 3318 4662 vobis,
3346 4612 3504 4668 quam
3533 4595 3630 4649 illis
3653 4592 3804 4644 lucrum

2293 4687 2478 4759 majus.
2507 4687 2584 4744 Ne
2622 4689 2777 4758 igitur
2805 4688 3078 4758 negligatis
3109 4705 3122 4740 :
3155 4687 3248 4742 sed
3277 4695 3334 4741 et
3373 4685 3580 4740 femina:
3602 4677 3803 4736 feminas.

2293 4788 2348 4834 et
2390 4780 2485 4834 viri
2527 4779 2703 4846 viros,
2755 4789 2806 4834 et
2835 4780 2971 4833 servi
3000 4794 3181 4832 servos
3204 4818 3217 4842 ,
3253 4787 3310 4832 et
3357 4776 3509 4832 liberi
3537 4773 3735 4829 liberos,
3769 4769 3804 4814 εί

2294 4871 2440 4939 pueri
2485 4884 2675 4939 pueros
2700 4912 2712 4931 ,
2747 4869 2935 4938 singuli
2977 4868 3202 4937 denique
3227 4867 3380 4922 omni
3407 4864 3579 4922 studio
3619 4859 3663 4915 id
3688 4865 3804 4928 genus

2293 4961 2490 5015 morbis
2521 4970 2790 5030 correptos
2806 4960 3044 5028 captetis,
3064 4966 3118 5012 et
3146 4958 3213 5011 ita
3243 4957 3561 5012 concionem
3579 4948 3804 5022 ρι-οιίιιιιω

2295 5049 2674 5119 frequentetis,
2723 5058 2778 5102 ut
2826 5059 2932 5102 eta
2964 5048 3114 5102 nobis
3158 5047 3379 5105 laudem
3430 5030 3801 5111 consequatniui.

2293 5149 2348 5194 et
2363 5148 2484 5196 ante
2500 5139 2758 5208 praeconia
2771 5146 2952 5194 nostra
2969 5138 3183 5191 multam
3199 5151 3226 5187 a
3248 5136 3362 5190 Deo
3380 5144 3537 5206 atque
3554 5122 3806 5188 inetl'sbilem

2295 5230 2590 5285 mercedem
2611 5271 2627 5297 ,
2659 5244 2880 5300 qumque
2907 5229 3116 5284 labores
3145 5229 3408 5298 praeclare
3435 5241 3550 5280 sese
3579 5215 3809 5294 gerendum

2296 5321 2516 5375 multum
2535 5321 2769 5388 excedit,
2791 5320 3046 5375 referatis.
3061 5300 3212 5387 Quod
3240 5319 3446 5372 utinam
3466 5315 3610 5369 nobis
3629 5308 3814 5369 oblini?“

2294 5413 2592 5478 universis,
2636 5413 2801 5483 gratia
2844 5421 2897 5467 et
2936 5411 3260 5481 benignitate
3294 5407 3506 5464 Domini
3550 5399 3697 5459 nostri
3717 5394 3812 5450 lusu

2293 5501 2509 5568 Christi,
2529 5519 2622 5572 per
2636 5519 2792 5574 quem
2809 5512 2871 5559 .el
2885 5517 3005 5556 eum
3031 5516 3134 5570 quo
3150 5502 3213 5555 sit
3239 5500 3412 5568 gloria
3431 5497 3587 5557 Patri,
3605 5488 3814 5551 simulque

2295 5591 2510 5660 Spiritui
2527 5601 2728 5660 sancto,
2744 5607 2882 5648 nunc
2895 5600 2950 5647 et
2961 5597 3231 5662 semperet
3244 5590 3300 5645 in
3317 5587 3511 5644 smeula
3527 5581 3809 5640 saeculorum.

2294 5685 2483 5742 Amen.
