3990 6198
276 275 359 326 ςῐιῖ
936 275 1002 332 ιιι
1039 274 1172 334 δοες
1207 273 1324 343 θυι
1362 274 1500 333 CUM
1538 275 1682 331 ΜΗ).
1723 276 1804 332 «ΙΕ,

1911 276 2088 334 MNT.
2131 279 2488 338 ADVERSUS
2524 281 2668 340 JUD.
2710 283 2774 340 ιιι

3422 269 3526 328 88

304 412 3455 447 __________________________________.______________

267 503 567 547 ADVERSUS
624 502 737 546 EOS
795 503 901 556 ρυι
947 503 1306 551 δυοιιεοιιυω
1347 504 1662 548 δεευκιυιί
1703 503 2046 558 JEJUNANT,
2076 505 2156 546 ΕΤ
2195 506 2519 552 Αυνειιευε
2565 509 2729 554 ιρεοε
2771 512 3027 562 JUDEOS
3075 520 3089 558 :

3139 519 3326 565 DICTA
3413 524 3520 569 EST

295 604 496 647 Δι’ῐῈΜ
545 605 814 649 ΠΟΜΠᾸΔ
859 605 1140 658 ρυικρυε
1168 606 1393 649 DIEBL'S
1437 607 1603 649 ANTE
1645 606 1804 649 JEJU!

1914 606 1960 648 Μ
2005 605 2302 664 ιΡεοιιυΜ,
2337 609 2416 650 ΕΤ
2443 609 2573 654 CUM
2604 612 2748 655 ΑιιΑ
2779 613 2963 659 PRIUS
2997 619 3232 666 ΠΑΒῙΤΔ
3265 623 3479 667 ESSET.

1656 746 1756 791 €839
1770 742 2073 793 stores-:8:

770 877 968 918 ORATIO
995 879 1250 919 SECUNDL.

303 954 341 1006 l.
368 952 565 1006 Avocat
581 949 648 1002 ab
668 949 950 1008 immundis
972 955 1272 1010 Juda'orum
1304 957 1536 1027 jejnniis.
1590 985 1657 994 —-
1703 954 1821 1009 Jam

250 1044 472 1110 iniquum
505 1044 632 1099 illud
679 1053 734 1099 et
776 1045 1108 1100 immundum
1135 1045 1438 1101 Iudaeorum
1478 1045 1736 1115 jejunium
1769 1046 1821 1099 in

247 1135 436 1189 foribus
477 1136 647 1190 adest.
681 1135 856 1190 Nolite
897 1151 1026 1191 vero
1055 1137 1274 1201 mirari,
1305 1137 1350 1191 si
1390 1137 1648 1206 jejunium
1694 1136 1819 1190 illud

245 1223 563 1278 immundum
589 1227 850 1295 appellavi
872 1244 885 1282 :
907 1227 1047 1296 quod
1074 1227 1216 1282 enim
1247 1237 1437 1297 prmter
1465 1228 1554 1281 Dei
1587 1236 1817 1282 mentem

246 1314 328 1378 lit,
361 1317 472 1371 sive
514 1319 833 1372 Sacrificium
877 1318 991 1374 sive
1013 1319 1272 1388 jejunium
1318 1319 1423 1380 sit,
1457 1320 1693 1373 omnium
1739 1329 1820 1372 est

243 1409 672 1474 impurissimum.
696 1411 938 1479 Iniquum
966 1412 1125 1482 igitur
1155 1412 1390 1481 ipsorum
1412 1411 1670 1479 jejunium
1701 1419 1821 1481 post

240 1498 461 1566 quinque
487 1499 740 1570 deinceps
763 1500 876 1555 dies
906 1501 1083 1565 instat,
1115 1510 1168 1555 at
1191 1516 1290 1570 ego
1316 1510 1438 1555 ante
1481 1501 1665 1556 decem
1705 1501 1818 1555 dies

243 1591 317 1644 vel
364 1593 564 1661 plures,
594 1595 1014 1650 cohortationem
1060 1594 1126 1648 ad
1159 1610 1253 1649 vos
1293 1594 1489 1658 habui,
1525 1604 1582 1648 ut
1629 1594 1818 1648 fratres

237 1694 438 1739 vostros
465 1686 864 1753 praemunirem.
882 1686 1048 1742 Nemo
1066 1697 1241 1743 autem
1259 1688 1554 1742 orationem
1579 1696 1815 1742 nostram

238 1773 377 1828 velut
419 1776 836 1848 intempestivam
883 1788 1136 1845 accuset,
1167 1779 1308 1848 quod
1353 1793 1468 1834 eam
1522 1788 1597 1833 tot
1627 1778 1816 1833 diebus

235 1874 350 1918 ante
373 1867 782 1932 pra-miserimus
803 1885 815 1921 :
839 1884 959 1921 nam
979 1877 1032 1922 et
1047 1867 1258 1938 quando
1277 1868 1440 1924 febris
1456 1879 1812 1938 exspectatur,

235 1964 313 2006 aut
360 1955 494 2008 alios
536 1958 726 2026 aliquis
753 1958 1010 2025 morbus,
1041 1959 1209 2014 multo
1255 1970 1377 2014 ante
1420 1974 1612 2029 corpus
1654 1961 1770 2029 ejus
1796 2002 1810 2025 ,

233 2059 385 2113 quem
435 2046 601 2102 febris
651 2059 960 2119 correptnra
1019 2061 1138 2115 est,
1192 2052 1354 2106 variis
1409 2051 1814 2107 medicamentis

235 2138 582 2202 prwtttuniunt
611 2139 895 2200 mediei.ct
917 2151 1199 2210 antequam
1229 2157 1288 2196 re
1314 2143 1426 2211 ipsa
1453 2143 1544 2196 fiat
1569 2158 1813 2199 accessus

234 2230 422 2296 morbi,
441 2231 508 2284 ab
524 2232 923 2288 imminentibus
941 2233 1064 2288 illud
1081 2235 1236 2288 malis
1252 2234 1521 2290 vindicare
1537 2233 1808 2290 festinant.

232 2320 446 2384 Quando
502 2322 661 2392 igitur
709 2339 811 2378 nos
865 2340 1073 2396 quoque
1122 2325 1491 2394 gravissimum
1534 2327 1811 2382 imminere

233 2412 468 2464 tuorhnm
491 2413 736 2467 videmus
760 2457 774 2479 ,
806 2416 954 2484 prius
994 2431 1056 2470 ac
1079 2417 1248 2471 multo
1289 2429 1412 2472 ante
1442 2427 1682 2488 tempore
1709 2418 1809 2474 ob-

234 2511 480 2556 IeSta-nnr
502 2545 517 2569 ,
547 2514 602 2558 ut
626 2515 912 2574 antequam
945 2523 1042 2562 ηυε
1071 2524 1130 2563 re
1173 2512 1282 2578 ipsa
1329 2511 1524 2563 malum
1554 2510 1763 2564 invadat
1791 2553 1805 2575 ,

231 2592 516 2646 remedium
551 2595 716 2663 possit
751 2597 1013 2652 adhiberi.
1062 2599 1344 2668 Propterea
1380 2617 1482 2654 non
1533 2602 1660 2671 ipsis
1704 2603 1807 2658 illis

229 2680 408 2737 diebus
451 2684 826 2741 instituendam
856 2690 1039 2744 censui
1066 2689 1487 2746 adhortationem
1515 2733 1527 2755 ,
1562 2709 1628 2747 nc
1671 2693 1806 2758 forte

233 2775 477 2842 angustiis
518 2786 812 2846 temporum
845 2779 1079 2848 impediti
1123 2792 1337 2850 captare
1377 2781 1568 2837 fratres
1598 2795 1806 2839 vestros

228 2876 285 2916 ac
315 2862 492 2918 venari
523 2881 628 2921 non
677 2870 899 2936 possetis
923 2911 938 2935 ,
967 2870 1060 2924 sed
1090 2871 1374 2926 multorum
1401 2873 1606 2928 dierum
1635 2876 1805 2944 Spatio

227 2951 344 3006 dato
366 2969 556 3010 secure
571 2959 801 3025 possetis
815 2974 927 3026 eos,
947 2960 1036 3030 qui
1052 2960 1312 3031 ejusmodi
1334 2962 1521 3019 morbo
1538 2964 1799 3029 laborant,

229 3045 470 3116 indagare
496 3059 653 3120 atque
682 3052 749 3106 ab
781 3053 877 3107 hac
900 3063 1047 3122 peste
1078 3069 1349 3110 revocare.
1379 3057 1452 3110 lta
1484 3073 1695 3128 quoque
1721 3059 1802 3112 fa-

227 3153 342 3195 cere
368 3143 562 3209 solent,
591 3145 679 3214 qui
710 3147 919 3214 nuptias
948 3146 1242 3212 celebrant,
1271 3157 1328 3203 et
1347 3150 1515 3204 lautas
1536 3151 1802 3206 instruunt

223 3245 401 3288 cenas
443 3251 592 3290 :non
636 3237 766 3306 ipsis
806 3237 1023 3302 diebus,
1055 3238 1149 3293 sed
1180 3239 1348 3294 multo
1390 3250 1514 3296 ante
1561 3250 1802 3312 tempore

229 3325 512 3391 piscatores
542 3328 762 3396 piscium
795 3337 851 3382 et
877 3328 1054 3382 avium
1080 3344 1312 3398 aucupes
1345 3331 1703 3401 alloquuntur,
1735 3348 1801 3387 ne

227 3413 384 3466 ullum
429 3415 559 3484 ipsis
599 3417 669 3471 ab
715 3418 972 3487 angustiis
1022 3420 1275 3488 tem-poris
1317 3421 1385 3473 ad
1435 3421 1798 3476 instruendam

227 3521 456 3561 mensam
501 3509 940 3579 impedimentum
989 3509 1320 3566 adhibeatur.
1369 3512 1594 3578 Quando
1644 3514 1801 3584 igitur

227 3614 321 3650 nos
346 3614 550 3668 quoque
582 3615 819 3654 mensam
853 3602 1000 3656 vobis
1039 3601 1296 3656 adversus
1337 3601 1640 3657 Judieorum
1685 3613 1800 3659 stu-

230 3706 402 3755 parem
443 3693 734 3759 appositnri
775 3709 990 3748 eramus
1009 3736 1023 3758 ,
1055 3698 1202 3764 prius
1232 3709 1326 3748 vos
1354 3695 1645 3763 piscatores
1670 3697 1804 3751 allo-

225 3782 446 3847 quimur,
481 3793 535 3836 ut
577 3784 895 3839 infirmiores
925 3801 992 3840 ex
1035 3787 1284 3839 fratribus
1321 3789 1513 3842 vestris
1543 3788 1801 3859 indagetis

224 3881 378 3938 atque
401 3876 644 3940 captetis,
676 3884 730 3929 et
757 3876 820 3928 ad
844 3876 1138 3931 audiendos
1161 3892 1437 3932 sermones
1465 3889 1674 3933 nostros
1703 3881 1800 3933 de-

223 3961 254 4012 tl
273 3966 442 4017 oculis.
472 3965 742 4035 Quotquot
791 3967 950 4036 igitur
991 3967 1102 4036 jam
1135 3969 1321 4037 piscati
1365 3972 1528 4034 estis,
1574 3979 1629 4024 et
1662 3972 1797 4024 intra

225 4053 353 4103 netia
377 4065 556 4123 captos
594 4070 784 4112 secure
827 4059 1049 4122 tenetis,
1084 4068 1294 4114 manete
1320 4075 1382 4113 ac
1411 4060 1798 4118 cohortationis

226 4143 346 4195 illos
371 4159 613 4202 sermone
641 4149 988 4219 constringito
1013 4166 1025 4203 :
1058 4159 1317 4220 quotquot
1342 4159 1521 4206 autem
1563 4153 1796 4207 nondum

225 4235 526 4300 prmelaram
554 4238 697 4292 illam
730 4239 961 4309 praadam
992 4241 1208 4309 cepistis
1229 4281 1247 4308 ,
1273 4241 1544 4298 sufficiens
1567 4245 1799 4314 quinque

221 4324 424 4382 dierum
463 4331 690 4398 spatium
734 4330 978 4397 habetis,
1013 4343 1068 4386 ut.
1111 4333 1199 4387 illa
1239 4341 1456 4403 captura
1502 4334 1795 4403 patiamini.

228 4416 593 4485 Expandamus
619 4421 776 4492 igitur
795 4422 1052 4477 doctrina:
1082 4423 1210 4478 retia
1230 4463 1245 4487 ,
1273 4423 1677 4480 circumstemus
1705 4440 1799 4481 eos

229 4507 286 4560 in
317 4509 491 4565 orbem
519 4520 786 4581 tamquam
815 4513 1041 4567 venatici
1071 4526 1258 4579 canes,
1287 4512 1638 4582 undequaque
1677 4515 1798 4570 illos

225 4597 285 4650 iu
311 4599 442 4668 leges
470 4603 720 4658 Ecclesia;
753 4605 1135 4672 compellamus
1162 4621 1176 4659 :
1207 4605 1465 4674 optimum
1491 4615 1668 4660 autem
1697 4607 1798 4661 illis

227 4701 550 4757 venatorem,
596 4695 640 4748 si
671 4693 903 4760 videtur,
944 4694 1157 4748 beatum
1191 4694 1410 4749 Paulum
1451 4695 1798 4750 adhibeamus

225 4779 530 4836 clamantem
556 4799 618 4838 ac
641 4784 906 4839 dicentem
933 4801 946 4839 ;
975 4783 1107 4837 Ecce
1136 4800 1228 4854 ego
1256 4784 1452 4838 Paulus
1480 4785 1592 4839 dico
1626 4786 1795 4850 vobis,

224 4875 450 4938 quoniam
477 4876 521 4928 si
548 4876 974 4929 cirruntcidamini
995 4916 1011 4940 ,
1042 4873 1272 4930 Christus
1300 4876 1434 4930 vobis
1460 4876 1591 4930 nihil
1611 4877 1796 4948 prode-
1823 4896 1832 4904 '

226 4964 290 5015 rit
340 4963 475 5036 (Gal.
509 4968 564 5023 5.
590 4967 667 5036 2).
698 4967 830 5022 Nam
870 4977 925 5023 et
963 4969 1123 5024 multa
1162 4968 1268 5022 fera
1297 4977 1350 5024 et
1377 4969 1638 5025 silvestria
1679 4973 1795 5025 ani-

227 5054 398 5116 malia.
420 5057 462 5112 si
489 5057 701 5128 quando
721 5059 823 5113 sub
842 5059 1074 5114 arbustis
1093 5059 1423 5125 delitescant,
1455 5062 1541 5116 ubi
1570 5061 1796 5131 primum

227 5149 487 5203 venatoris
524 5165 708 5204 vocem
737 5151 1058 5215 exaudiunt,
1093 5165 1203 5220 pra:
1233 5159 1376 5205 metu
1417 5153 1704 5219 exsiliunt,
1735 5169 1798 5209 ac

225 5239 367 5294 vocis
391 5242 706 5296 necessitate
730 5243 1005 5312 compulsa
1027 5283 1041 5306 ,
1083 5241 1278 5311 scepius
1303 5243 1460 5296 etiam
1503 5243 1664 5298 invita
1690 5246 1796 5299 cla-

224 5346 370 5388 more
395 5335 654 5390 concitata
683 5336 735 5391 in
772 5337 911 5405 ipsas
936 5350 1115 5391 casses
1157 5335 1509 5391 detruduntur
1533 5355 1548 5390 :
1571 5338 1644 5393 ita
1663 5354 1797 5410 quo-

221 5435 320 5488 que
342 5423 531 5480 fmtres
557 5427 739 5491 vestri,
771 5427 884 5497 qui,
915 5437 1180 5497 tamquam
1209 5428 1260 5482 in
1286 5427 1504 5483 arbusto
1530 5429 1758 5498 quodam
1779 5474 1792 5496 ,

225 5510 270 5565 in
301 5513 574 5572 Jndaismo
601 5518 1003 5583 delitescebant,
1028 5519 1074 5575 si
1106 5519 1252 5574 Pauli
1286 5534 1468 5574 vocem
1492 5521 1793 5590 audierint,

219 5601 373 5662 facile
398 5608 447 5663 in
473 5608 660 5664 salutis
699 5611 831 5666 retia
863 5610 1094 5665 incident
1117 5651 1132 5676 ,
1165 5621 1248 5665 sat
1275 5611 1406 5674 scio,
1436 5621 1492 5666 et
1517 5611 1792 5670 Judaicum

222 5707 430 5754 Omnem
460 5715 698 5757 errorem
731 5701 1001 5770 ahjicicnt.
1035 5701 1147 5757 Non
1177 5703 1316 5759 enim
1351 5703 1544 5760 Paulus
1571 5715 1672 5773 est,
1705 5706 1793 5777 qui

1932 859 2186 930 loquitur,
2216 863 2308 917 sed
2337 864 2581 921 Christus
2601 909 2614 931 ,
2658 869 2744 938 qui
2773 872 3004 927 animam
3036 875 3152 943 ejus
3183 890 3380 934 movet.
3410 881 3512 936 ita-

1929 965 2032 1019 que
2061 966 2181 1006 cum
2217 955 2533 1011 clamantem
2575 958 2720 1014 illum
2757 961 2909 1017 audis
2937 978 3002 1018 ac
3047 965 3350 1024 dicentem;
3388 971 3518 1028 Ecce

1927 1055 2018 1109 ego
2066 1040 2264 1097 Paulus
2305 1045 2418 1099 dico
2461 1046 2625 1113 vobis,
2670 1051 2908 1118 quoniam
2955 1055 2999 1108 si
3047 1057 3513 1128 circumcidamini,

1928 1130 2156 1186 Christus
2185 1133 2320 1187 vobis
2347 1136 2475 1189 nihil
2512 1140 2768 1205 proderit,
2801 1144 2968 1198 solam
3002 1161 3184 1202 vocem
3218 1151 3365 1208 Pauli
3394 1171 3514 1211 esse

1928 1230 2075 1288 puta,
2109 1238 2324 1278 sensum
2355 1235 2530 1281 autem
2562 1239 2615 1284 et
2653 1229 2843 1302 dogma
2870 1233 3066 1291 Christi
3095 1255 3212 1295 esse
3238 1258 3266 1296 a
3292 1260 3398 1313 quo
3423 1248 3514 1301 itt-

1931 1317 2014 1365 [US
2043 1311 2354 1370 docebatur.

1999 1400 2438 1463 Circumcisionem
2465 1409 2724 1468 observare
2751 1418 2978 1471 noxium.
3007 1450 3078 1460 —-
3103 1421 3207 1477 Sed
3235 1425 3370 1481 dicet
3401 1428 3514 1484 for-

1929 1500 2067 1550 tasse
2105 1497 2365 1566 quispiam
2400 1518 2412 1554 :
2453 1501 2666 1572 Ergone
2712 1515 2913 1562 tantum
2956 1511 3377 1571 circumcisionis
3423 1530 3509 1574 est

1923 1584 2173 1639 damnum
2197 1627 2210 1651 ,
2246 1598 2301 1644 ut
2333 1599 2495 1646 totam
2523 1593 2722 1651 Christi
2765 1597 3216 1668 dispensationem
3264 1608 3500 1664 inutilem

1926 1675 2148 1730 reddat?
2178 1679 2267 1732 Sic
2309 1690 2418 1748 cst;
2450 1691 2651 1740 tantum
2689 1697 2773 1743 est
2800 1689 3051 1748 damnum
3083 1696 3502 1756 circumcisionis

1925 1782 2029 1820 non
2058 1768 2126 1823 ob
2153 1772 2422 1840 propriam
2445 1784 2708 1844 naturam,
2733 1780 2827 1834 sed
2850 1783 2919 1838 ob
2943 1784 3352 1853 improbitatem.
3383 1791 3507 1847 Fuit.

1921 1860 2046 1916 olim
2077 1872 2305 1932 tempus,
2331 1881 2453 1921 cum
2497 1870 2639 1926 utilis
2683 1880 2738 1927 et
2767 1878 3066 1933 necessaria
3095 1879 3179 1934 lex
3209 1891 3324 1936 erat
3349 1902 3361 1937 :
3391 1885 3503 1953 jar:

1922 1965 2050 2006 vero
2077 1956 2304 2009 cessavit
2334 1965 2387 2010 et
2408 1959 2578 2013 otiosa
2610 1970 2710 2016 est.
2743 1961 2798 2017 Si
2835 1965 2994 2034 igitur
3035 1968 3409 2038 intempestive
3436 1977 3501 2030 il-

1922 2041 2024 2096 lam
2055 2044 2144 2100 tibi
2171 2048 2444 2112 concilies,
2493 2051 2690 2107 Christi
2719 2055 2916 2111 donum
2944 2059 3128 2115 inutile
3156 2064 3250 2118 tibi
3291 2067 3497 2122 reddet.

1917 2131 2204 2203 Propterea
2233 2136 2479 2194 Christus
2523 2143 2674 2197 vobis
2722 2146 2853 2201 nihil
2902 2151 3171 2218 proderit,
3225 2156 3344 2222 quia
3389 2174 3498 2214 non

1916 2225 2075 2279 vultis
2105 2227 2382 2285 accedere.
2413 2232 2543 2288 Nam
2570 2235 2614 2291 si
2643 2237 2762 2305 quis
2786 2239 2839 2292 in
2867 2240 3129 2298 adulterio
3159 2261 3221 2300 ac
3252 2252 3498 2320 turpissi~

1916 2315 2016 2368 mis
2072 2317 2396 2376 facinoribus
2442 2323 2812 2394 deprebensus
2879 2346 3147 2390 carcerem
3196 2338 3496 2410 habitaret,

1913 2405 2106 2462 deinde
2139 2425 2261 2465 cum
2291 2416 2718 2474 constituendum
2742 2420 2851 2490 jam
2881 2434 3024 2479 esset
3065 2427 3319 2486 adversus
3347 2428 3494 2488 illum

1909 2496 2161 2566 judicium
2181 2543 2195 2567 ,
2225 2511 2280 2558 et
2317 2507 2580 2563 sententia
2609 2509 2967 2569 damnationis
3011 2516 3224 2574 ferenda
3246 2562 3261 2588 ,
3295 2525 3499 2580 veniret

1875 2657 1879 2660 _
1912 2591 2054 2659 regis
2086 2594 2308 2662 epistola
2330 2638 2344 2662 ,
2391 2613 2509 2666 qua:
2536 2609 2758 2658 cunctos
2782 2619 2998 2663 carcere
3021 2609 3268 2668 delentes
3294 2614 3500 2686 absque

1905 2683 2120 2738 ratione
2145 2699 2207 2741 ac
2241 2686 2613 2757 disquisitione
2640 2694 2744 2749 ulla
2775 2694 3096 2765 dimitteret,
3130 2703 3175 2757 is
3201 2705 3292 2774 qui
3333 2683 3499 2764 nollet

1909 2773 2050 2830 dono
2094 2774 2231 2843 frui,
2264 2779 2358 2834 sed
2396 2781 2652 2849 judicium
2693 2787 2875 2842 subire
2917 2791 3102 2846 mallet
3142 2773 3496 2855 acrationem

1910 2867 2156 2935 reddere,
2183 2871 2612 2945 suppliciumque
2643 2879 2908 2936 sustinere
2937 2885 3309 2956 contenderet,
3335 2890 3495 2947 bene-

1905 2959 2027 3013 ﬁcio
2051 2978 2154 3016 non
2181 2965 2408 3034 amplius
2432 2969 2508 3023 uti
2537 2981 2733 3039 posset.
2761 2973 2898 3029 Cum
2927 2979 3069 3032 enim
3097 2982 3386 3040 obnoxium
3409 2987 3502 3056 ju—

1907 3051 2046 3106 dicio
2071 3069 2136 3108 ac
2160 3059 2440 3113 sententia:
2466 3075 2526 3116 se
2554 3063 2894 3130 reddidisset,
2923 3079 3115 3137 sponte
3141 3076 3372 3144 seipsum
3401 3095 3491 3133 re.-
3520 3150 3524 3155 ι

1903 3143 1991 3212 gio
2021 3145 2162 3202 dono
2188 3149 2448 3218 privasset
2475 3170 2487 3206 :
2521 3154 2589 3208 ita
2617 3171 2828 3227 quoque
2853 3158 3052 3217 Judaiis
3081 3143 3276 3220 evenit.
3303 3165 3492 3227 Videte

1905 3249 2133 3305 namque
2159 3256 2171 3292 :
2201 3239 2627 3307 turpissimorum
2656 3263 2745 3302 rea
2775 3248 3064 3308 facinorum
3093 3258 3334 3314 convicta
3364 3262 3486 3319 fue-

1901 3335 1985 3378 rat
2013 3325 2287 3382 hominum
2318 3332 2566 3389 universa
2613 3346 2800 3392 natura
2826 3357 2839 3392 :
2873 3358 3045 3397 omnes
3084 3349 3228 3402 enim
3256 3367 3491 3420 peccaue-

1905 3426 2022 3471 runt
2050 3418 2219 3488 (Rom.
2255 3422 2307 3477 5.
2337 3423 2451 3494 23),
2483 3429 2673 3494 inquit,
2704 3441 2752 3484 et
2798 3443 3065 3504 tamquam
3094 3418 3312 3497 carcere
3357 3459 3495 3513 pra:-

1904 3511 2241 3568 varicationis
2272 3515 2553 3571 maledicto
2577 3521 2740 3576 clausi
2769 3535 2920 3578 erant
2946 3543 2958 3578 :
2977 3526 3088 3596 jam
3113 3528 3332 3588 ferenda
3358 3511 3490 3592 erat

1900 3599 2096 3668 judieis
2123 3603 2380 3661 adversus
2423 3608 2538 3663 illos
2585 3613 2879 3681 sententia,
2912 3621 3055 3673 venit
3085 3635 3115 3675 c
3157 3626 3301 3680 caelis
3325 3627 3490 3698 Regis

1905 3692 2122 3761 cpistola
2147 3735 2160 3757 ,
2208 3696 2314 3750 imo
2350 3713 2478 3752 vero
2506 3699 2616 3753 llcx
2664 3702 2778 3772 ipse
2809 3707 2985 3771 venit,
3019 3711 3106 3778 qui
3151 3713 3354 3785 absque
3383 3719 3488 3775 ulla

1900 3783 2312 3854 disquisitione,
2373 3790 2679 3860 nullamque
2731 3796 2993 3853 rationem
3040 3803 3257 3872 exigens
3301 3821 3491 3864 omnes

1906 3878 2107 3943 peccati
2139 3879 2366 3933 vinculis
2393 3881 2655 3938 liberavit.

1974 3964 2029 4018 2.
2059 3966 2257 4022 Omnes
2297 3970 2472 4039 igitur,
2502 3975 2590 4041 qui
2622 3989 2926 4045 accurrunt,
2968 3980 3110 4038 dono
3135 3986 3402 4054 fruuntur,
3433 4003 3491 4048 et

1903 4055 2070 4123 gratia
2102 4059 2235 4112 salvi
2282 4060 2452 4118 fiunt:
2483 4065 2571 4132 qui
2603 4081 2729 4122 vero
2759 4083 2853 4137 per
2891 4070 3061 4141 legem
3095 4077 3372 4143 justilicari
3403 4097 3489 4135 vo-

1901 4146 2038 4216 lunt,
2073 4151 2231 4205 etiam
2272 4167 2300 4205 a
2330 4155 2498 4222 gratia
2528 4158 2795 4216 excident.
2822 4160 3009 4232 Neque
3032 4168 3175 4222 enim
3208 4171 3354 4240 regia
3379 4172 3486 4229 frui

1899 4243 2184 4300 clementia
2211 4256 2482 4317 poterunt,
2514 4254 2602 4322 qui
2631 4257 2858 4325 propriis
2887 4259 3088 4317 viribus
3115 4265 3340 4321 salutem
3371 4271 3486 4325 adi-

1903 4333 2034 4402 pisci
2065 4338 2418 4409 contendunt,
2447 4352 2502 4397 et
2524 4344 2624 4400 sibi
2654 4348 2995 4406 maledictum
3023 4353 3155 4422 legis
3182 4372 3482 4429 accersent,

1899 4428 2149 4495 quoniam
2193 4446 2257 4485 ex
2288 4435 2539 4502 operibus
2585 4437 2717 4508 legis
2757 4456 2862 4495 non
2907 4445 3286 4513 justificabitur
3307 4428 3486 4511 omnis

1899 4532 2043 4572 caro.
2077 4519 2278 4577 Idcirco
2303 4523 2464 4589 dicit,
2505 4526 2566 4582 Si
2587 4529 3020 4590 circumcidamini
3038 4581 3052 4603 ,
3090 4540 3319 4598 Christus
3349 4548 3486 4602 vobis

1901 4609 2031 4663 nihil
2070 4616 2292 4680 proderit
2333 4617 2472 4683 (Gal.
2503 4620 2556 4676 5.
2583 4622 2662 4693 2).
2694 4623 2823 4679 Nam
2849 4629 2938 4698 qui
2981 4646 3046 4685 es
3073 4632 3205 4705 legis
3232 4639 3485 4707 operibus

1899 4703 2077 4759 salvus
2105 4706 2220 4761 fieri
2238 4712 2540 4777 contendit,
2572 4715 2702 4770 nihil
2733 4717 2891 4774 habet
2915 4703 3196 4781 commune
3224 4742 3344 4782 cum
3369 4745 3484 4800 gra-

1900 4793 1995 4846 tia.
2041 4795 2194 4863 Quod
2237 4799 2411 4869 ipsum
2443 4804 2623 4874 utique
2653 4806 2852 4865 Paulus
2890 4811 3194 4882 signiﬁcans
3223 4793 3435 4873 dicebat
3469 4839 3481 4873 :

1901 4883 1964 4937 Si
1987 4885 2178 4952 gratia,
2189 4887 2302 4958 jam
2335 4907 2436 4945 non
2464 4909 2527 4946 ea:
2553 4895 2786 4965 operibus
2809 4914 2826 4950 :
2849 4899 3041 4971 alioqui
3062 4905 3227 4972 gratia
3241 4906 3357 4976 jam
3384 4925 3484 4963 non

1898 4985 1971 5028 est
1994 4977 2177 5045 gratia.
2223 4978 2286 5034 Si
2311 4992 2480 5037 autem
2506 5001 2569 5040 ea:
2596 4988 2858 5057 operibus,
2877 4991 2992 5058 jam
3036 5009 3135 5048 non
3159 5003 3233 5048 est
3271 4999 3438 5066 gratia
3465 5015 3486 5054 :

1899 5068 2124 5139 alioquin
2162 5087 2290 5140 opus
2304 5075 2417 5144 jam
2450 5093 2547 5130 non
2569 5089 2644 5132 est
2669 5096 2796 5148 opus
2829 5082 3004 5150 (Rom.
3038 5085 3125 5140 ll.
3157 5085 3236 5158 6).
3277 5089 3341 5144 Pt
3367 5105 3488 5145 rur-

1899 5175 2025 5227 sus,
2059 5162 2122 5218 Si
2147 5167 2280 5218 enim
2321 5183 2410 5236 per
2433 5169 2590 5237 legem
2617 5173 2849 5240 jnstitia,
2899 5192 3020 5244 ergo
3055 5180 3214 5247 gratis
3251 5180 3485 5238 Christus

1899 5263 2126 5306 mortuus
2166 5262 2240 5308 est
2273 5254 2414 5324 (Cal.
2454 5258 2508 5313 2.
2537 5260 2598 5314 2i
2615 5271 2632 5328 )
2658 5303 2669 5314 .
2703 5262 2768 5316 Et
2795 5280 2982 5320 rursus
3012 5288 3026 5322 :
3058 5267 3162 5334 Qui
3187 5271 3238 5324 in
3267 5272 3378 5342 lege
3393 5275 3486 5343 ju-

1898 5344 2208 5411 stiﬁcamini,
2237 5362 2269 5398 a
2296 5349 2461 5416 gratia
2489 5352 2748 5407 excidistis
2772 5354 2914 5422 (Gal.
2947 5359 3000 5411 5.
3028 5360 3104 5429 4).
3133 5360 3482 5422 Mortiﬁcatus

1899 5448 1957 5485 cs
2001 5434 2136 5503 legi,
2168 5447 2406 5494 mortuus
2449 5456 2510 5495 es
2559 5441 2764 5498 factus:
2797 5462 2899 5501 non
2931 5451 3160 5519 amplius
3197 5455 3297 5510 sub
3333 5456 3482 5527 jugo.

1900 5540 2003 5578 non
2035 5528 2262 5596 amplius
2291 5531 2391 5585 sub
2417 5532 2534 5601 ejus
2561 5536 2882 5594 necessitate
2905 5543 3136 5599 versaris
3160 5561 3172 5596 :
3207 5546 3333 5616 qttid
3356 5563 3483 5619 ergo

1899 5615 2091 5670 frustra
2121 5618 2211 5673 tibi
2239 5629 2294 5674 et
2318 5621 2434 5678 sine
2467 5637 2628 5679 causa
2667 5629 2941 5695 negotium
2980 5615 3234 5691 exhibere
3263 5644 3478 5694 sonten-

1903 5708 2022 5762 dis?
2054 5711 2120 5764 At
2162 5713 2302 5768 enim
2331 5730 2433 5785 qua
2472 5715 2539 5773 de
2567 5731 2725 5776 causa
2757 5735 2952 5779 nomen
2983 5739 3135 5781 suum
3181 5731 3352 5787 posuit
3386 5734 3485 5785 hoc
