  <div class='ocr_page' id='page_1' title='image "/cluster/home/n/w/nwhite01/storage/ocr_20150623/48/hvd.32044073501892/340.png"; bbox 0 0 3990 6198; ppageno 0'>
   <div class='ocr_carea' id='block_1_1' title="bbox 283 278 2747 367">
    <p class='ocr_par' dir='ltr' id='par_1_1' title="bbox 283 278 2747 367">
     <span class='ocr_line' id='line_1_1' title="bbox 283 278 2747 367; baseline 0.013 -33"><span class='ocrx_word' id='word_1_1' title='bbox 283 278 363 334; x_wconf 74' lang='grc'><strong>861</strong></span> <span class='ocrx_word' id='word_1_2' title='bbox 957 283 1023 338; x_wconf 81' lang='lat' dir='ltr'><strong>IN</strong></span> <span class='ocrx_word' id='word_1_3' title='bbox 1060 286 1185 342; x_wconf 81' lang='lat' dir='ltr'><strong>EOS</strong></span> <span class='ocrx_word' id='word_1_4' title='bbox 1223 291 1336 358; x_wconf 84' lang='lat' dir='ltr'><strong>QUI</strong></span> <span class='ocrx_word' id='word_1_5' title='bbox 1379 293 1640 352; x_wconf 73' lang='lat' dir='ltr'><strong>PASCIIA</strong></span> <span class='ocrx_word' id='word_1_6' title='bbox 1679 298 2040 360; x_wconf 61' lang='lat' dir='ltr'><strong>JEJUNXNT.</strong></span> <span class='ocrx_word' id='word_1_7' title='bbox 2083 307 2436 365; x_wconf 73' lang='lat' dir='ltr'><strong>ADVERSUS</strong></span> <span class='ocrx_word' id='word_1_8' title='bbox 2477 310 2614 366; x_wconf 80' lang='lat' dir='ltr'><strong>JUI).</strong></span> <span class='ocrx_word' id='word_1_9' title='bbox 2663 314 2747 367; x_wconf 86' lang='lat' dir='ltr'><strong>Ill.</strong></span> 
     </span>
    </p>
   </div>
   <div class='ocr_carea' id='block_1_2' title="bbox 269 385 1829 479">
    <p class='ocr_par' dir='ltr' id='par_1_2' title="bbox 269 385 1829 479">
     <span class='ocr_line' id='line_1_2' title="bbox 269 385 1829 479; baseline 0.021 -43"><span class='ocrx_word' id='word_1_10' title='bbox 269 397 419 463; x_wconf 34' lang='lat' dir='ltr'><strong>satque</strong></span> <span class='ocrx_word' id='word_1_11' title='bbox 457 385 521 439; x_wconf 84' lang='lat' dir='ltr'><strong>ad</strong></span> <span class='ocrx_word' id='word_1_12' title='bbox 569 388 1024 459; x_wconf 86' lang='lat' dir='ltr'><strong>intemperantiam</strong></span> <span class='ocrx_word' id='word_1_13' title='bbox 1055 405 1304 470; x_wconf 82' lang='lat' dir='ltr'><strong>pertrahi.</strong></span> <span class='ocrx_word' id='word_1_14' title='bbox 1354 409 1622 479; x_wconf 88' lang='lat' dir='ltr'><strong>Siquidem</strong></span> <span class='ocrx_word' id='word_1_15' title='bbox 1663 432 1829 470; x_wconf 82' lang='lat' dir='ltr'><strong>mere-</strong></span> 
     </span>
    </p>
   </div>
   <div class='ocr_carea' id='block_1_3' title="bbox 269 469 1830 558">
    <p class='ocr_par' dir='ltr' id='par_1_3' title="bbox 269 469 1830 558">
     <span class='ocr_line' id='line_1_3' title="bbox 269 469 1830 558; baseline 0.023 -33"><span class='ocrx_word' id='word_1_16' title='bbox 269 469 419 528; x_wconf 62' lang='lat' dir='ltr'><strong>&#39;trices</strong></span> <span class='ocrx_word' id='word_1_17' title='bbox 442 491 504 528; x_wconf 83' lang='lat' dir='ltr'><strong>ac</strong></span> <span class='ocrx_word' id='word_1_18' title='bbox 554 478 759 546; x_wconf 89' lang='lat' dir='ltr'><strong>molles,</strong></span> <span class='ocrx_word' id='word_1_19' title='bbox 791 493 843 536; x_wconf 92' lang='lat' dir='ltr'><strong>et</strong></span> <span class='ocrx_word' id='word_1_20' title='bbox 875 496 1013 540; x_wconf 92' lang='lat' dir='ltr'><strong>totus</strong></span> <span class='ocrx_word' id='word_1_21' title='bbox 1042 495 1328 550; x_wconf 76' lang='lat' dir='ltr'><strong>orchestra:</strong></span> <span class='ocrx_word' id='word_1_22' title='bbox 1355 500 1550 555; x_wconf 89' lang='lat' dir='ltr'><strong>chorus</strong></span> <span class='ocrx_word' id='word_1_23' title='bbox 1589 504 1712 558; x_wconf 90' lang='lat' dir='ltr'><strong>illuc</strong></span> <span class='ocrx_word' id='word_1_24' title='bbox 1738 520 1830 558; x_wconf 86' lang='lat' dir='ltr'><strong>so-</strong></span> 
     </span>
    </p>
   </div>
   <div class='ocr_carea' id='block_1_4' title="bbox 281 565 849 625">
    <p class='ocr_par' dir='ltr' id='par_1_4' title="bbox 281 565 849 625">
     <span class='ocr_line' id='line_1_4' title="bbox 281 565 849 625; baseline 0.018 -9"><span class='ocrx_word' id='word_1_25' title='bbox 281 565 344 616; x_wconf 89' lang='lat' dir='ltr'><strong>liti</strong></span> <span class='ocrx_word' id='word_1_26' title='bbox 368 573 484 616; x_wconf 87' lang='lat' dir='ltr'><strong>sunt</strong></span> <span class='ocrx_word' id='word_1_27' title='bbox 508 580 849 625; x_wconf 85' lang='lat' dir='ltr'><strong>concurrere.</strong></span> 
     </span>
    </p>
   </div>
   <div class='ocr_carea' id='block_1_5' title="bbox 338 652 1834 742">
    <p class='ocr_par' dir='ltr' id='par_1_5' title="bbox 338 652 1834 742">
     <span class='ocr_line' id='line_1_5' title="bbox 338 652 1834 742; baseline 0.027 -39"><span class='ocrx_word' id='word_1_28' title='bbox 338 652 522 706; x_wconf 75' lang='lat' dir='ltr'><strong>Anim</strong></span> <span class='ocrx_word' id='word_1_29' title='bbox 547 654 846 714; x_wconf 73' lang='lat' dir='ltr'><strong>ludworum</strong></span> <span class='ocrx_word' id='word_1_30' title='bbox 889 673 933 716; x_wconf 88' lang='lat' dir='ltr'><strong>et</strong></span> <span class='ocrx_word' id='word_1_31' title='bbox 974 665 1260 741; x_wconf 73' lang='lat' dir='ltr'><strong>Synagogae</strong></span> <span class='ocrx_word' id='word_1_32' title='bbox 1298 693 1329 726; x_wconf 85' lang='grc' dir='ltr'><em>α</em></span> <span class='ocrx_word' id='word_1_33' title='bbox 1358 678 1662 739; x_wconf 71' lang='lat' dir='ltr'><strong>daemonibus</strong></span> <span class='ocrx_word' id='word_1_34' title='bbox 1687 705 1834 742; x_wconf 78' lang='lat' dir='ltr'><strong>occu-</strong></span> 
     </span>
    </p>
   </div>
   <div class='ocr_carea' id='block_1_6' title="bbox 279 748 1831 841">
    <p class='ocr_par' dir='ltr' id='par_1_6' title="bbox 279 748 1831 841">
     <span class='ocr_line' id='line_1_6' title="bbox 279 748 1831 841; baseline 0.028 -50"><span class='ocrx_word' id='word_1_35' title='bbox 279 754 465 841; x_wconf 67' lang='lat' dir='ltr'><strong>pentur.</strong></span> <span class='ocrx_word' id='word_1_36' title='bbox 490 775 561 786; x_wconf 86' lang='lat'><strong>-—-</strong></span> <span class='ocrx_word' id='word_1_37' title='bbox 724 753 847 820; x_wconf 91' lang='lat' dir='ltr'><strong>quid</strong></span> <span class='ocrx_word' id='word_1_38' title='bbox 877 769 976 825; x_wconf 89' lang='lat' dir='ltr'><strong>ego</strong></span> <span class='ocrx_word' id='word_1_39' title='bbox 1021 760 1412 836; x_wconf 77' lang='lat' dir='ltr'><strong>fornicationes,</strong></span> <span class='ocrx_word' id='word_1_40' title='bbox 1442 787 1559 840; x_wconf 74' lang='lat' dir='ltr'><strong>qua:</strong></span> <span class='ocrx_word' id='word_1_41' title='bbox 1604 777 1707 832; x_wconf 90' lang='lat' dir='ltr'><strong>illic</strong></span> <span class='ocrx_word' id='word_1_42' title='bbox 1736 781 1831 833; x_wconf 32' lang='lat' dir='ltr'><strong>ad;</strong></span> 
     </span>
    </p>
   </div>
   <div class='ocr_carea' id='block_1_7' title="bbox 277 834 1833 924">
    <p class='ocr_par' dir='ltr' id='par_1_7' title="bbox 277 834 1833 924">
     <span class='ocr_line' id='line_1_7' title="bbox 277 834 1833 924; baseline 0.024 -38"><span class='ocrx_word' id='word_1_43' title='bbox 277 834 536 889; x_wconf 83' lang='lat' dir='ltr'><strong>mittuntur</strong></span> <span class='ocrx_word' id='word_1_44' title='bbox 584 834 987 900; x_wconf 80' lang='lat' dir='ltr'><strong>commemoro?</strong></span> <span class='ocrx_word' id='word_1_45' title='bbox 1038 850 1148 904; x_wconf 80' lang='lat' dir='ltr'><strong>Non</strong></span> <span class='ocrx_word' id='word_1_46' title='bbox 1207 834 1480 921; x_wconf 13' lang='lat' dir='ltr'><strong>times,vne</strong></span> <span class='ocrx_word' id='word_1_47' title='bbox 1515 878 1544 916; x_wconf 94' lang='lat' dir='ltr'><strong>a</strong></span> <span class='ocrx_word' id='word_1_48' title='bbox 1591 865 1833 924; x_wconf 69' lang='lat' dir='ltr'><strong>dzemone</strong></span> 
     </span>
    </p>
   </div>
   <div class='ocr_carea' id='block_1_8' title="bbox 277 934 1830 1028">
    <p class='ocr_par' dir='ltr' id='par_1_8' title="bbox 277 934 1830 1028">
     <span class='ocr_line' id='line_1_8' title="bbox 277 934 1830 1028; baseline 0.023 -50"><span class='ocrx_word' id='word_1_49' title='bbox 277 934 501 996; x_wconf 72' lang='lat' dir='ltr'><strong>correpta</strong></span> <span class='ocrx_word' id='word_1_50' title='bbox 542 945 674 985; x_wconf 71' lang='lat' dir='ltr'><strong>uxor</strong></span> <span class='ocrx_word' id='word_1_51' title='bbox 699 934 842 989; x_wconf 88' lang='lat' dir='ltr'><strong>illinc</strong></span> <span class='ocrx_word' id='word_1_52' title='bbox 870 947 1198 999; x_wconf 87' lang='lat' dir='ltr'><strong>revertatur?</strong></span> <span class='ocrx_word' id='word_1_53' title='bbox 1225 947 1337 1002; x_wconf 88' lang='lat' dir='ltr'><strong>Non</strong></span> <span class='ocrx_word' id='word_1_54' title='bbox 1363 953 1572 1021; x_wconf 86' lang='lat' dir='ltr'><strong>audisti,</strong></span> <span class='ocrx_word' id='word_1_55' title='bbox 1601 958 1648 1010; x_wconf 92' lang='lat' dir='ltr'><strong>in</strong></span> <span class='ocrx_word' id='word_1_56' title='bbox 1672 960 1830 1028; x_wconf 84' lang='lat' dir='ltr'><strong>priori</strong></span> 
     </span>
    </p>
   </div>
   <div class='ocr_carea' id='block_1_9' title="bbox 279 1023 1832 1104">
    <p class='ocr_par' dir='ltr' id='par_1_9' title="bbox 279 1023 1832 1104">
     <span class='ocr_line' id='line_1_9' title="bbox 279 1023 1832 1104; baseline 0.023 -36"><span class='ocrx_word' id='word_1_57' title='bbox 279 1023 480 1071; x_wconf 83' lang='lat' dir='ltr'><strong>tractatu</strong></span> <span class='ocrx_word' id='word_1_58' title='bbox 528 1036 685 1088; x_wconf 80' lang='lat' dir='ltr'><strong>quam</strong></span> <span class='ocrx_word' id='word_1_59' title='bbox 733 1025 875 1081; x_wconf 88' lang='lat' dir='ltr'><strong>clare</strong></span> <span class='ocrx_word' id='word_1_60' title='bbox 922 1027 1077 1085; x_wconf 73' lang='lat' dir='ltr'><strong>fuerit</strong></span> <span class='ocrx_word' id='word_1_61' title='bbox 1127 1039 1365 1094; x_wconf 84' lang='lat' dir='ltr'><strong>oratione</strong></span> <span class='ocrx_word' id='word_1_62' title='bbox 1417 1023 1832 1104; x_wconf 73' lang='lat' dir='ltr'><strong>demonstratum</strong></span> 
     </span>
    </p>
   </div>
   <div class='ocr_carea' id='block_1_10' title="bbox 277 1105 1832 1207">
    <p class='ocr_par' dir='ltr' id='par_1_10' title="bbox 277 1105 1832 1207">
     <span class='ocr_line' id='line_1_10' title="bbox 277 1105 1832 1207; baseline 0.023 -51"><span class='ocrx_word' id='word_1_63' title='bbox 277 1105 400 1171; x_wconf 75' lang='lat' dir='ltr'><strong>ipsas</strong></span> <span class='ocrx_word' id='word_1_64' title='bbox 442 1109 646 1165; x_wconf 88' lang='lat' dir='ltr'><strong>animas</strong></span> <span class='ocrx_word' id='word_1_65' title='bbox 689 1113 991 1172; x_wconf 75' lang='lat' dir='ltr'><strong>Judtcorum</strong></span> <span class='ocrx_word' id='word_1_66' title='bbox 1042 1133 1094 1175; x_wconf 89' lang='lat' dir='ltr'><strong>et</strong></span> <span class='ocrx_word' id='word_1_67' title='bbox 1139 1124 1251 1180; x_wconf 87' lang='lat' dir='ltr'><strong>loca</strong></span> <span class='ocrx_word' id='word_1_68' title='bbox 1301 1129 1351 1182; x_wconf 90' lang='lat' dir='ltr'><strong>in</strong></span> <span class='ocrx_word' id='word_1_69' title='bbox 1400 1133 1590 1201; x_wconf 89' lang='lat' dir='ltr'><strong>quibus</strong></span> <span class='ocrx_word' id='word_1_70' title='bbox 1611 1151 1832 1207; x_wconf 71' lang='lat' dir='ltr'><strong>eongre~</strong></span> 
     </span>
    </p>
   </div>
   <div class='ocr_carea' id='block_1_11' title="bbox 273 1201 1831 1296">
    <p class='ocr_par' dir='ltr' id='par_1_11' title="bbox 273 1201 1831 1296">
     <span class='ocr_line' id='line_1_11' title="bbox 273 1201 1831 1296; baseline 0.023 -49"><span class='ocrx_word' id='word_1_71' title='bbox 273 1205 452 1263; x_wconf 81' lang='lat' dir='ltr'><strong>gantur</strong></span> <span class='ocrx_word' id='word_1_72' title='bbox 493 1215 524 1254; x_wconf 86' lang='lat' dir='ltr'><strong>a</strong></span> <span class='ocrx_word' id='word_1_73' title='bbox 586 1201 918 1263; x_wconf 71' lang='lat' dir='ltr'><strong>dmmouilms</strong></span> <span class='ocrx_word' id='word_1_74' title='bbox 983 1212 1245 1270; x_wconf 84' lang='lat' dir='ltr'><strong>habitari?</strong></span> <span class='ocrx_word' id='word_1_75' title='bbox 1297 1220 1572 1286; x_wconf 88' lang='lat' dir='ltr'><strong>Quomodo</strong></span> <span class='ocrx_word' id='word_1_76' title='bbox 1633 1201 1831 1296; x_wconf 64' lang='lat' dir='ltr'><strong>igitur,</strong></span> 
     </span>
    </p>
   </div>
   <div class='ocr_carea' id='block_1_12' title="bbox 273 1291 1831 1385">
    <p class='ocr_par' dir='ltr' id='par_1_12' title="bbox 273 1291 1831 1385">
     <span class='ocr_line' id='line_1_12' title="bbox 273 1291 1831 1385; baseline 0.023 -47"><span class='ocrx_word' id='word_1_77' title='bbox 273 1302 458 1354; x_wconf 72' lang='lat' dir='ltr'><strong>qureso.</strong></span> <span class='ocrx_word' id='word_1_78' title='bbox 503 1291 687 1357; x_wconf 86' lang='lat' dir='ltr'><strong>audes,</strong></span> <span class='ocrx_word' id='word_1_79' title='bbox 717 1297 926 1366; x_wconf 80' lang='lat' dir='ltr'><strong>agitatis</strong></span> <span class='ocrx_word' id='word_1_80' title='bbox 970 1317 1088 1356; x_wconf 90' lang='lat' dir='ltr'><strong>cum</strong></span> <span class='ocrx_word' id='word_1_81' title='bbox 1135 1307 1462 1365; x_wconf 71' lang='lat' dir='ltr'><strong>daemonibus</strong></span> <span class='ocrx_word' id='word_1_82' title='bbox 1503 1291 1736 1385; x_wconf 70' lang='lat' dir='ltr'><strong>choreis,</strong></span> <span class='ocrx_word' id='word_1_83' title='bbox 1769 1291 1831 1373; x_wconf 85' lang='lat' dir='ltr'><strong>ad</strong></span> 
     </span>
    </p>
   </div>
   <div class='ocr_carea' id='block_1_13' title="bbox 272 1379 1831 1473">
    <p class='ocr_par' dir='ltr' id='par_1_13' title="bbox 272 1379 1831 1473">
     <span class='ocr_line' id='line_1_13' title="bbox 272 1379 1831 1473; baseline 0.024 -45"><span class='ocrx_word' id='word_1_84' title='bbox 272 1379 616 1473; x_wconf 74' lang='lat' dir='ltr'><strong>apostolorum</strong></span> <span class='ocrx_word' id='word_1_85' title='bbox 648 1397 842 1441; x_wconf 66' lang='lat' dir='ltr'><strong>coetum</strong></span> <span class='ocrx_word' id='word_1_86' title='bbox 876 1393 1092 1448; x_wconf 74' lang='lat' dir='ltr'><strong>redire?</strong></span> <span class='ocrx_word' id='word_1_87' title='bbox 1117 1397 1214 1464; x_wconf 88' lang='lat' dir='ltr'><strong>Qui</strong></span> <span class='ocrx_word' id='word_1_88' title='bbox 1251 1400 1359 1455; x_wconf 84' lang='lat' dir='ltr'><strong>fieri</strong></span> <span class='ocrx_word' id='word_1_89' title='bbox 1391 1413 1563 1473; x_wconf 89' lang='lat' dir='ltr'><strong>potest</strong></span> <span class='ocrx_word' id='word_1_90' title='bbox 1587 1419 1661 1472; x_wconf 88' lang='lat' dir='ltr'><strong>ut,</strong></span> <span class='ocrx_word' id='word_1_91' title='bbox 1712 1379 1831 1465; x_wconf 81' lang='lat' dir='ltr'><strong>cum</strong></span> 
     </span>
    </p>
   </div>
   <div class='ocr_carea' id='block_1_14' title="bbox 273 1467 1830 1566">
    <p class='ocr_par' dir='ltr' id='par_1_14' title="bbox 273 1467 1830 1566">
     <span class='ocr_line' id='line_1_14' title="bbox 273 1467 1830 1566; baseline 0.024 -48"><span class='ocrx_word' id='word_1_92' title='bbox 273 1467 486 1533; x_wconf 84' lang='lat' dir='ltr'><strong>abieris,</strong></span> <span class='ocrx_word' id='word_1_93' title='bbox 533 1483 587 1526; x_wconf 89' lang='lat' dir='ltr'><strong>et</strong></span> <span class='ocrx_word' id='word_1_94' title='bbox 635 1489 757 1530; x_wconf 81' lang='lat' dir='ltr'><strong>cum</strong></span> <span class='ocrx_word' id='word_1_95' title='bbox 803 1479 905 1534; x_wconf 86' lang='lat' dir='ltr'><strong>illis</strong></span> <span class='ocrx_word' id='word_1_96' title='bbox 959 1491 1459 1561; x_wconf 83' lang='lat' dir='ltr'><strong>eommunicaveris,</strong></span> <span class='ocrx_word' id='word_1_97' title='bbox 1504 1499 1593 1566; x_wconf 89' lang='lat' dir='ltr'><strong>qui</strong></span> <span class='ocrx_word' id='word_1_98' title='bbox 1640 1499 1830 1556; x_wconf 88' lang='lat' dir='ltr'><strong>Christi</strong></span> 
     </span>
    </p>
   </div>
   <div class='ocr_carea' id='block_1_15' title="bbox 271 1561 1832 1654">
    <p class='ocr_par' dir='ltr' id='par_1_15' title="bbox 271 1561 1832 1654">
     <span class='ocr_line' id='line_1_15' title="bbox 271 1561 1832 1654; baseline 0.023 -43"><span class='ocrx_word' id='word_1_99' title='bbox 271 1561 568 1629; x_wconf 81' lang='lat' dir='ltr'><strong>sanguinem</strong></span> <span class='ocrx_word' id='word_1_100' title='bbox 595 1565 909 1637; x_wconf 79' lang='lat' dir='ltr'><strong>effuderunt,</strong></span> <span class='ocrx_word' id='word_1_101' title='bbox 962 1591 1066 1630; x_wconf 87' lang='lat' dir='ltr'><strong>non</strong></span> <span class='ocrx_word' id='word_1_102' title='bbox 1096 1577 1312 1636; x_wconf 88' lang='lat' dir='ltr'><strong>horreas</strong></span> <span class='ocrx_word' id='word_1_103' title='bbox 1353 1561 1554 1654; x_wconf 81' lang='lat' dir='ltr'><strong>venire,</strong></span> <span class='ocrx_word' id='word_1_104' title='bbox 1587 1599 1640 1643; x_wconf 90' lang='lat' dir='ltr'><strong>et</strong></span> <span class='ocrx_word' id='word_1_105' title='bbox 1669 1606 1832 1648; x_wconf 73' lang='lat' dir='ltr'><strong>sacra:</strong></span> 
     </span>
    </p>
   </div>
   <div class='ocr_carea' id='block_1_16' title="bbox 271 1661 1831 1753">
    <p class='ocr_par' dir='ltr' id='par_1_16' title="bbox 271 1661 1831 1753">
     <span class='ocr_line' id='line_1_16' title="bbox 271 1661 1831 1753; baseline 0.025 -53"><span class='ocrx_word' id='word_1_106' title='bbox 271 1665 457 1753; x_wconf 56' lang='lat' dir='ltr'><strong>meust!)</strong></span> <span class='ocrx_word' id='word_1_107' title='bbox 481 1661 892 1728; x_wconf 77' lang='lat' dir='ltr'><strong>communicare,</strong></span> <span class='ocrx_word' id='word_1_108' title='bbox 941 1681 1004 1721; x_wconf 88' lang='lat' dir='ltr'><strong>ac</strong></span> <span class='ocrx_word' id='word_1_109' title='bbox 1033 1671 1246 1736; x_wconf 89' lang='lat' dir='ltr'><strong>pretiosi</strong></span> <span class='ocrx_word' id='word_1_110' title='bbox 1273 1679 1542 1745; x_wconf 75' lang='lat' dir='ltr'><strong>Sanguinis</strong></span> <span class='ocrx_word' id='word_1_111' title='bbox 1572 1685 1831 1753; x_wconf 75' lang='lat' dir='ltr'><strong>particeps</strong></span> 
     </span>
    </p>
   </div>
   <div class='ocr_carea' id='block_1_17' title="bbox 271 1739 1833 1844">
    <p class='ocr_par' dir='ltr' id='par_1_17' title="bbox 271 1739 1833 1844">
     <span class='ocr_line' id='line_1_17' title="bbox 271 1739 1833 1844; baseline 0.026 -54"><span class='ocrx_word' id='word_1_112' title='bbox 271 1739 411 1793; x_wconf 73' lang='lat' dir='ltr'><strong>ﬁeri?</strong></span> <span class='ocrx_word' id='word_1_113' title='bbox 443 1743 554 1798; x_wconf 79' lang='lat' dir='ltr'><strong>Non</strong></span> <span class='ocrx_word' id='word_1_114' title='bbox 586 1746 788 1814; x_wconf 86' lang='lat' dir='ltr'><strong>horres,</strong></span> <span class='ocrx_word' id='word_1_115' title='bbox 830 1769 934 1810; x_wconf 91' lang='lat' dir='ltr'><strong>non</strong></span> <span class='ocrx_word' id='word_1_116' title='bbox 968 1759 1140 1826; x_wconf 88' lang='lat' dir='ltr'><strong>times,</strong></span> <span class='ocrx_word' id='word_1_117' title='bbox 1174 1777 1291 1818; x_wconf 93' lang='lat' dir='ltr'><strong>cum</strong></span> <span class='ocrx_word' id='word_1_118' title='bbox 1322 1769 1442 1820; x_wconf 88' lang='lat' dir='ltr'><strong>talia</strong></span> <span class='ocrx_word' id='word_1_119' title='bbox 1483 1773 1682 1826; x_wconf 88' lang='lat' dir='ltr'><strong>scelera</strong></span> <span class='ocrx_word' id='word_1_120' title='bbox 1713 1739 1833 1844; x_wconf 66' lang='lat' dir='ltr'><strong>per-</strong></span> 
     </span>
    </p>
   </div>
   <div class='ocr_carea' id='block_1_18' title="bbox 269 1833 1832 1933">
    <p class='ocr_par' dir='ltr' id='par_1_18' title="bbox 269 1833 1832 1933">
     <span class='ocr_line' id='line_1_18' title="bbox 269 1833 1832 1933; baseline 0.026 -51"><span class='ocrx_word' id='word_1_121' title='bbox 269 1833 478 1933; x_wconf 44' lang='lat' dir='ltr'><strong>patres-1’</strong></span> <span class='ocrx_word' id='word_1_122' title='bbox 503 1835 616 1891; x_wconf 88' lang='lat' dir='ltr'><strong>Non</strong></span> <span class='ocrx_word' id='word_1_123' title='bbox 644 1855 879 1899; x_wconf 89' lang='lat' dir='ltr'><strong>mensam</strong></span> <span class='ocrx_word' id='word_1_124' title='bbox 907 1846 1072 1916; x_wconf 80' lang='lat' dir='ltr'><strong>ipsam</strong></span> <span class='ocrx_word' id='word_1_125' title='bbox 1099 1862 1358 1910; x_wconf 81' lang='lat' dir='ltr'><strong>revereris</strong></span> <span class='ocrx_word' id='word_1_126' title='bbox 1378 1865 1402 1911; x_wconf 75' lang='grc' dir='ltr'><strong>γ</strong></span> <span class='ocrx_word' id='word_1_127' title='bbox 1430 1859 1520 1914; x_wconf 88' lang='lat' dir='ltr'><strong>His</strong></span> <span class='ocrx_word' id='word_1_128' title='bbox 1541 1877 1640 1933; x_wconf 91' lang='lat' dir='ltr'><strong>ego</strong></span> <span class='ocrx_word' id='word_1_129' title='bbox 1660 1833 1832 1922; x_wconf 71' lang='lat' dir='ltr'><strong>verbis</strong></span> 
     </span>
    </p>
   </div>
   <div class='ocr_carea' id='block_1_19' title="bbox 271 1923 1831 2010">
    <p class='ocr_par' dir='ltr' id='par_1_19' title="bbox 271 1923 1831 2010">
     <span class='ocr_line' id='line_1_19' title="bbox 271 1923 1831 2010; baseline 0.025 -39"><span class='ocrx_word' id='word_1_130' title='bbox 271 1933 354 2010; x_wconf 71' lang='lat' dir='ltr'><strong>vos</strong></span> <span class='ocrx_word' id='word_1_131' title='bbox 381 1923 684 1995; x_wconf 86' lang='lat' dir='ltr'><strong>alloquutus</strong></span> <span class='ocrx_word' id='word_1_132' title='bbox 730 1948 869 2001; x_wconf 87' lang='lat' dir='ltr'><strong>sum,</strong></span> <span class='ocrx_word' id='word_1_133' title='bbox 901 1938 984 1992; x_wconf 90' lang='lat' dir='ltr'><strong>his</strong></span> <span class='ocrx_word' id='word_1_134' title='bbox 1014 1956 1107 1996; x_wconf 90' lang='lat' dir='ltr'><strong>vos</strong></span> <span class='ocrx_word' id='word_1_135' title='bbox 1136 1944 1253 1999; x_wconf 91' lang='lat' dir='ltr'><strong>illos</strong></span> <span class='ocrx_word' id='word_1_136' title='bbox 1278 1958 1329 2001; x_wconf 91' lang='lat' dir='ltr'><strong>et</strong></span> <span class='ocrx_word' id='word_1_137' title='bbox 1361 1951 1432 2003; x_wconf 86' lang='lat' dir='ltr'><strong>illi</strong></span> <span class='ocrx_word' id='word_1_138' title='bbox 1475 1967 1598 2007; x_wconf 91' lang='lat' dir='ltr'><strong>suas</strong></span> <span class='ocrx_word' id='word_1_139' title='bbox 1642 1971 1831 2010; x_wconf 84' lang='lat' dir='ltr'><strong>uxores</strong></span> 
     </span>
    </p>
   </div>
   <div class='ocr_carea' id='block_1_20' title="bbox 268 2009 1807 2108">
    <p class='ocr_par' dir='ltr' id='par_1_20' title="bbox 268 2009 1807 2108">
     <span class='ocr_line' id='line_1_20' title="bbox 268 2009 1807 2108; baseline 0.027 -48"><span class='ocrx_word' id='word_1_140' title='bbox 268 2009 594 2108; x_wconf 40' lang='lat' dir='ltr'><strong>{tl-loquentur</strong></span> <span class='ocrx_word' id='word_1_141' title='bbox 626 2037 639 2072; x_wconf 90' lang='lat'><strong>:</strong></span> <span class='ocrx_word' id='word_1_142' title='bbox 669 2020 949 2092; x_wconf 60' lang='lat' dir='ltr'><strong>zEdi/icate</strong></span> <span class='ocrx_word' id='word_1_143' title='bbox 990 2031 1118 2084; x_wconf 82' lang='lat' dir='ltr'><strong>alter</strong></span> <span class='ocrx_word' id='word_1_144' title='bbox 1167 2035 1377 2091; x_wconf 74' lang='lat' dir='ltr'><strong>alterum</strong></span> <span class='ocrx_word' id='word_1_145' title='bbox 1429 2043 1504 2108; x_wconf 87' lang='lat' dir='ltr'><strong>(l.</strong></span> <span class='ocrx_word' id='word_1_146' title='bbox 1553 2042 1725 2098; x_wconf 88' lang='lat' dir='ltr'><strong>Thess.</strong></span> 
     </span>
    </p>
   </div>
   <div class='ocr_carea' id='block_1_21' title="bbox 270 2098 1830 2201">
    <p class='ocr_par' dir='ltr' id='par_1_21' title="bbox 270 2098 1830 2201">
     <span class='ocr_line' id='line_1_21' title="bbox 270 2098 1830 2201; baseline 0.026 -52"><span class='ocrx_word' id='word_1_147' title='bbox 270 2098 548 2201; x_wconf 39' lang='lat' dir='ltr'><strong>ll)._Ac-s_i</strong></span> <span class='ocrx_word' id='word_1_148' title='bbox 573 2108 782 2176; x_wconf 85' lang='lat' dir='ltr'><strong>quidem</strong></span> <span class='ocrx_word' id='word_1_149' title='bbox 823 2115 893 2170; x_wconf 89' lang='lat' dir='ltr'><strong>sit</strong></span> <span class='ocrx_word' id='word_1_150' title='bbox 918 2119 1330 2180; x_wconf 87' lang='lat' dir='ltr'><strong>catecbttmenus</strong></span> <span class='ocrx_word' id='word_1_151' title='bbox 1361 2098 1543 2200; x_wconf 41' lang='lat' dir='ltr'><strong>is,‘qui</strong></span> <span class='ocrx_word' id='word_1_152' title='bbox 1574 2098 1830 2201; x_wconf 78' lang='lat' dir='ltr'><strong>ejusmodi</strong></span> 
     </span>
    </p>
   </div>
   <div class='ocr_carea' id='block_1_22' title="bbox 269 2191 1830 2283">
    <p class='ocr_par' dir='ltr' id='par_1_22' title="bbox 269 2191 1830 2283">
     <span class='ocr_line' id='line_1_22' title="bbox 269 2191 1830 2283; baseline 0.027 -44"><span class='ocrx_word' id='word_1_153' title='bbox 269 2191 440 2283; x_wconf 58' lang='lat' dir='ltr'><strong>morbo</strong></span> <span class='ocrx_word' id='word_1_154' title='bbox 473 2193 693 2263; x_wconf 85' lang='lat' dir='ltr'><strong>laborat,</strong></span> <span class='ocrx_word' id='word_1_155' title='bbox 726 2217 754 2256; x_wconf 87' lang='lat' dir='ltr'><strong>a</strong></span> <span class='ocrx_word' id='word_1_156' title='bbox 787 2207 1042 2263; x_wconf 77' lang='lat' dir='ltr'><strong>vestibulo</strong></span> <span class='ocrx_word' id='word_1_157' title='bbox 1069 2215 1245 2283; x_wconf 79' lang='lat' dir='ltr'><strong>templi</strong></span> <span class='ocrx_word' id='word_1_158' title='bbox 1281 2191 1524 2274; x_wconf 80' lang='lat' dir='ltr'><strong>arceatur</strong></span> <span class='ocrx_word' id='word_1_159' title='bbox 1555 2239 1570 2276; x_wconf 88' lang='lat'><strong><em>:</em></strong></span> <span class='ocrx_word' id='word_1_160' title='bbox 1599 2191 1677 2277; x_wconf 74' lang='lat' dir='ltr'><strong>sin</strong></span> <span class='ocrx_word' id='word_1_161' title='bbox 1707 2224 1830 2280; x_wconf 85' lang='lat' dir='ltr'><strong>lide-</strong></span> 
     </span>
    </p>
   </div>
   <div class='ocr_carea' id='block_1_23' title="bbox 267 2277 1825 2380">
    <p class='ocr_par' dir='ltr' id='par_1_23' title="bbox 267 2277 1825 2380">
     <span class='ocr_line' id='line_1_23' title="bbox 267 2277 1825 2380; baseline 0.024 -51"><span class='ocrx_word' id='word_1_162' title='bbox 267 2277 321 2331; x_wconf 87' lang='lat' dir='ltr'><strong>iis</strong></span> <span class='ocrx_word' id='word_1_163' title='bbox 343 2296 400 2336; x_wconf 84' lang='lat' dir='ltr'><strong>ae</strong></span> <span class='ocrx_word' id='word_1_164' title='bbox 449 2290 716 2355; x_wconf 87' lang='lat' dir='ltr'><strong>mysteriis</strong></span> <span class='ocrx_word' id='word_1_165' title='bbox 760 2293 1014 2362; x_wconf 86' lang='lat' dir='ltr'><strong>initiatus,</strong></span> <span class='ocrx_word' id='word_1_166' title='bbox 1041 2315 1070 2355; x_wconf 95' lang='lat' dir='ltr'><strong>a</strong></span> <span class='ocrx_word' id='word_1_167' title='bbox 1108 2317 1257 2358; x_wconf 86' lang='lat' dir='ltr'><strong>sacra</strong></span> <span class='ocrx_word' id='word_1_168' title='bbox 1299 2322 1480 2362; x_wconf 90' lang='lat' dir='ltr'><strong>mensa</strong></span> <span class='ocrx_word' id='word_1_169' title='bbox 1527 2312 1825 2380; x_wconf 86' lang='lat' dir='ltr'><strong>repellatur.</strong></span> 
     </span>
    </p>
   </div>
   <div class='ocr_carea' id='block_1_24' title="bbox 265 2369 1828 2469">
    <p class='ocr_par' dir='ltr' id='par_1_24' title="bbox 265 2369 1828 2469">
     <span class='ocr_line' id='line_1_24' title="bbox 265 2369 1828 2469; baseline 0.023 -47"><span class='ocrx_word' id='word_1_170' title='bbox 265 2369 428 2441; x_wconf 81' lang='lat' dir='ltr'><strong>Neque</strong></span> <span class='ocrx_word' id='word_1_171' title='bbox 460 2377 599 2430; x_wconf 90' lang='lat' dir='ltr'><strong>enim</strong></span> <span class='ocrx_word' id='word_1_172' title='bbox 628 2380 994 2445; x_wconf 81' lang='lat' dir='ltr'><strong>exhortatione</strong></span> <span class='ocrx_word' id='word_1_173' title='bbox 1035 2406 1099 2447; x_wconf 91' lang='lat' dir='ltr'><strong>ac</strong></span> <span class='ocrx_word' id='word_1_174' title='bbox 1121 2396 1346 2450; x_wconf 89' lang='lat' dir='ltr'><strong>consilio</strong></span> <span class='ocrx_word' id='word_1_175' title='bbox 1384 2398 1617 2469; x_wconf 91' lang='lat' dir='ltr'><strong>indigent</strong></span> <span class='ocrx_word' id='word_1_176' title='bbox 1641 2413 1828 2458; x_wconf 85' lang='lat' dir='ltr'><strong>cuncta</strong></span> 
     </span>
    </p>
   </div>
   <div class='ocr_carea' id='block_1_25' title="bbox 266 2469 1833 2548">
    <p class='ocr_par' dir='ltr' id='par_1_25' title="bbox 266 2469 1833 2548">
     <span class='ocr_line' id='line_1_25' title="bbox 266 2469 1833 2548; baseline 0.022 -35"><span class='ocrx_word' id='word_1_177' title='bbox 266 2473 491 2530; x_wconf 85' lang='lat' dir='ltr'><strong>peccata,</strong></span> <span class='ocrx_word' id='word_1_178' title='bbox 531 2469 624 2524; x_wconf 89' lang='lat' dir='ltr'><strong>sed</strong></span> <span class='ocrx_word' id='word_1_179' title='bbox 669 2485 932 2546; x_wconf 67' lang='lat' dir='ltr'><strong>suntquae</strong></span> <span class='ocrx_word' id='word_1_180' title='bbox 980 2480 1124 2536; x_wconf 82' lang='lat' dir='ltr'><strong>brevi</strong></span> <span class='ocrx_word' id='word_1_181' title='bbox 1155 2493 1206 2538; x_wconf 91' lang='lat' dir='ltr'><strong>et</strong></span> <span class='ocrx_word' id='word_1_182' title='bbox 1235 2486 1507 2543; x_wconf 87' lang='lat' dir='ltr'><strong>celerrima</strong></span> <span class='ocrx_word' id='word_1_183' title='bbox 1550 2491 1720 2547; x_wconf 89' lang='lat' dir='ltr'><strong>solent</strong></span> <span class='ocrx_word' id='word_1_184' title='bbox 1746 2509 1833 2548; x_wconf 85' lang='lat' dir='ltr'><strong>se-</strong></span> 
     </span>
    </p>
   </div>
   <div class='ocr_carea' id='block_1_26' title="bbox 264 2553 1829 2652">
    <p class='ocr_par' dir='ltr' id='par_1_26' title="bbox 264 2553 1829 2652">
     <span class='ocr_line' id='line_1_26' title="bbox 264 2553 1829 2652; baseline 0.025 -51"><span class='ocrx_word' id='word_1_185' title='bbox 264 2553 422 2608; x_wconf 87' lang='lat' dir='ltr'><strong>ctione</strong></span> <span class='ocrx_word' id='word_1_186' title='bbox 457 2561 652 2613; x_wconf 84' lang='lat' dir='ltr'><strong>curari.</strong></span> <span class='ocrx_word' id='word_1_187' title='bbox 683 2562 745 2618; x_wconf 83' lang='lat' dir='ltr'><strong>Et</strong></span> <span class='ocrx_word' id='word_1_188' title='bbox 790 2571 1231 2636; x_wconf 88' lang='lat' dir='ltr'><strong>quemadmodum</strong></span> <span class='ocrx_word' id='word_1_189' title='bbox 1278 2577 1415 2632; x_wconf 90' lang='lat' dir='ltr'><strong>inter</strong></span> <span class='ocrx_word' id='word_1_190' title='bbox 1442 2582 1679 2648; x_wconf 79' lang='lat' dir='ltr'><strong>vulnera,</strong></span> <span class='ocrx_word' id='word_1_191' title='bbox 1712 2600 1829 2652; x_wconf 72' lang='lat' dir='ltr'><strong>qua:</strong></span> 
     </span>
    </p>
   </div>
   <div class='ocr_carea' id='block_1_27' title="bbox 265 2641 1823 2740">
    <p class='ocr_par' dir='ltr' id='par_1_27' title="bbox 265 2641 1823 2740">
     <span class='ocr_line' id='line_1_27' title="bbox 265 2641 1823 2740; baseline 0.024 -49"><span class='ocrx_word' id='word_1_192' title='bbox 265 2641 605 2702; x_wconf 79' lang='lat' dir='ltr'><strong>tolerabiliora</strong></span> <span class='ocrx_word' id='word_1_193' title='bbox 659 2663 797 2718; x_wconf 88' lang='lat' dir='ltr'><strong>sunt,</strong></span> <span class='ocrx_word' id='word_1_194' title='bbox 833 2657 1119 2715; x_wconf 78' lang='lat' dir='ltr'><strong>lenioribus</strong></span> <span class='ocrx_word' id='word_1_195' title='bbox 1157 2667 1348 2720; x_wconf 89' lang='lat' dir='ltr'><strong>cedunt</strong></span> <span class='ocrx_word' id='word_1_196' title='bbox 1389 2670 1823 2740; x_wconf 86' lang='lat' dir='ltr'><strong>medicamentis,</strong></span> 
     </span>
    </p>
   </div>
   <div class='ocr_carea' id='block_1_28' title="bbox 263 2743 1829 2832">
    <p class='ocr_par' dir='ltr' id='par_1_28' title="bbox 263 2743 1829 2832">
     <span class='ocr_line' id='line_1_28' title="bbox 263 2743 1829 2832; baseline 0.023 -49"><span class='ocrx_word' id='word_1_197' title='bbox 263 2746 366 2798; x_wconf 75' lang='lat' dir='ltr'><strong>quae</strong></span> <span class='ocrx_word' id='word_1_198' title='bbox 394 2751 522 2790; x_wconf 84' lang='lat' dir='ltr'><strong>vero</strong></span> <span class='ocrx_word' id='word_1_199' title='bbox 551 2743 834 2807; x_wconf 89' lang='lat' dir='ltr'><strong>putrefacta</strong></span> <span class='ocrx_word' id='word_1_200' title='bbox 865 2760 986 2803; x_wconf 88' lang='lat' dir='ltr'><strong>sunt</strong></span> <span class='ocrx_word' id='word_1_201' title='bbox 1014 2762 1066 2806; x_wconf 92' lang='lat' dir='ltr'><strong>et</strong></span> <span class='ocrx_word' id='word_1_202' title='bbox 1095 2753 1420 2822; x_wconf 88' lang='lat' dir='ltr'><strong>incurahilia,</strong></span> <span class='ocrx_word' id='word_1_203' title='bbox 1455 2776 1677 2832; x_wconf 64' lang='lat' dir='ltr'><strong>quinque</strong></span> <span class='ocrx_word' id='word_1_204' title='bbox 1702 2760 1829 2818; x_wconf 83' lang='lat' dir='ltr'><strong>reli-</strong></span> 
     </span>
    </p>
   </div>
   <div class='ocr_carea' id='block_1_29' title="bbox 3402 343 3508 398">
    <p class='ocr_par' dir='ltr' id='par_1_29' title="bbox 3402 343 3508 398">
     <span class='ocr_line' id='line_1_29' title="bbox 3402 343 3508 398; baseline 0.019 -2"><span class='ocrx_word' id='word_1_205' title='bbox 3402 343 3508 398; x_wconf 73' lang='lat'><strong>832’.</strong></span> 
     </span>
    </p>
   </div>
   <div class='ocr_carea' id='block_1_30' title="bbox 1936 428 3509 513">
    <p class='ocr_par' dir='ltr' id='par_1_30' title="bbox 1936 428 3509 513">
     <span class='ocr_line' id='line_1_30' title="bbox 1936 428 3509 513; baseline 0.017 -40"><span class='ocrx_word' id='word_1_206' title='bbox 1936 439 2095 490; x_wconf 89' lang='lat' dir='ltr'><strong>quum</strong></span> <span class='ocrx_word' id='word_1_207' title='bbox 2141 441 2333 494; x_wconf 81' lang='lat' dir='ltr'><strong>Corpus</strong></span> <span class='ocrx_word' id='word_1_208' title='bbox 2358 428 2728 497; x_wconf 69' lang='lat' dir='ltr'><strong>depascuntur,</strong></span> <span class='ocrx_word' id='word_1_209' title='bbox 2757 435 2998 488; x_wconf 86' lang='lat' dir='ltr'><strong>acumine</strong></span> <span class='ocrx_word' id='word_1_210' title='bbox 3028 436 3150 492; x_wconf 86' lang='lat' dir='ltr'><strong>ferri</strong></span> <span class='ocrx_word' id='word_1_211' title='bbox 3195 440 3509 513; x_wconf 86' lang='lat' dir='ltr'><strong>flammaque</strong></span> 
     </span>
    </p>
   </div>
   <div class='ocr_carea' id='block_1_31' title="bbox 1936 513 3506 598">
    <p class='ocr_par' dir='ltr' id='par_1_31' title="bbox 1936 513 3506 598">
     <span class='ocr_line' id='line_1_31' title="bbox 1936 513 3506 598; baseline 0.014 -33"><span class='ocrx_word' id='word_1_212' title='bbox 1936 513 2170 581; x_wconf 80' lang='lat' dir='ltr'><strong>indigent</strong></span> <span class='ocrx_word' id='word_1_213' title='bbox 2201 534 2213 569; x_wconf 88' lang='lat'><strong>:</strong></span> <span class='ocrx_word' id='word_1_214' title='bbox 2243 517 2320 570; x_wconf 89' lang='lat' dir='ltr'><strong>sic</strong></span> <span class='ocrx_word' id='word_1_215' title='bbox 2346 519 2589 574; x_wconf 85' lang='lat' dir='ltr'><strong>nimirum</strong></span> <span class='ocrx_word' id='word_1_216' title='bbox 2616 531 2667 575; x_wconf 91' lang='lat' dir='ltr'><strong>et</strong></span> <span class='ocrx_word' id='word_1_217' title='bbox 2692 523 2828 576; x_wconf 90' lang='lat' dir='ltr'><strong>inter</strong></span> <span class='ocrx_word' id='word_1_218' title='bbox 2849 536 3083 592; x_wconf 87' lang='lat' dir='ltr'><strong>peccata,</strong></span> <span class='ocrx_word' id='word_1_219' title='bbox 3116 544 3236 598; x_wconf 75' lang='lat' dir='ltr'><strong>(iga</strong></span> <span class='ocrx_word' id='word_1_220' title='bbox 3269 532 3506 598; x_wconf 80' lang='lat' dir='ltr'><strong>qua-dam</strong></span> 
     </span>
    </p>
   </div>
   <div class='ocr_carea' id='block_1_32' title="bbox 1937 604 3504 681">
    <p class='ocr_par' dir='ltr' id='par_1_32' title="bbox 1937 604 3504 681">
     <span class='ocr_line' id='line_1_32' title="bbox 1937 604 3504 681; baseline 0.014 -29"><span class='ocrx_word' id='word_1_221' title='bbox 1937 604 2202 670; x_wconf 81' lang='lat' dir='ltr'><strong>prolixiori</strong></span> <span class='ocrx_word' id='word_1_222' title='bbox 2234 607 2598 664; x_wconf 78' lang='lat' dir='ltr'><strong>coltortatiOne</strong></span> <span class='ocrx_word' id='word_1_223' title='bbox 2645 627 2775 681; x_wconf 88' lang='lat' dir='ltr'><strong>opus</strong></span> <span class='ocrx_word' id='word_1_224' title='bbox 2819 623 2919 676; x_wconf 82' lang='lat' dir='ltr'><strong>est.</strong></span> <span class='ocrx_word' id='word_1_225' title='bbox 2972 627 3159 670; x_wconf 67' lang='lat' dir='ltr'><strong>cetera</strong></span> <span class='ocrx_word' id='word_1_226' title='bbox 3205 619 3504 674; x_wconf 82' lang='lat' dir='ltr'><strong>durioribus</strong></span> 
     </span>
    </p>
   </div>
   <div class='ocr_carea' id='block_1_33' title="bbox 1935 697 3506 777">
    <p class='ocr_par' dir='ltr' id='par_1_33' title="bbox 1935 697 3506 777">
     <span class='ocr_line' id='line_1_33' title="bbox 1935 697 3506 777; baseline 0.013 -33"><span class='ocrx_word' id='word_1_227' title='bbox 1935 703 2059 746; x_wconf 90' lang='lat' dir='ltr'><strong>sunt</strong></span> <span class='ocrx_word' id='word_1_228' title='bbox 2101 697 2600 761; x_wconf 78' lang='lat' dir='ltr'><strong>reprehensionibus</strong></span> <span class='ocrx_word' id='word_1_229' title='bbox 2645 703 2966 770; x_wconf 75' lang='lat' dir='ltr'><strong>castiganda.</strong></span> <span class='ocrx_word' id='word_1_230' title='bbox 3015 705 3294 774; x_wconf 86' lang='lat' dir='ltr'><strong>Propterea</strong></span> <span class='ocrx_word' id='word_1_231' title='bbox 3349 709 3506 777; x_wconf 71' lang='lat' dir='ltr'><strong>juSsit</strong></span> 
     </span>
    </p>
   </div>
   <div class='ocr_carea' id='block_1_34' title="bbox 1934 785 3504 864">
    <p class='ocr_par' dir='ltr' id='par_1_34' title="bbox 1934 785 3504 864">
     <span class='ocr_line' id='line_1_34' title="bbox 1934 785 3504 864; baseline 0.012 -29"><span class='ocrx_word' id='word_1_232' title='bbox 1934 798 2143 852; x_wconf 86' lang='lat' dir='ltr'><strong>quoque</strong></span> <span class='ocrx_word' id='word_1_233' title='bbox 2171 785 2356 840; x_wconf 91' lang='lat' dir='ltr'><strong>Paulus</strong></span> <span class='ocrx_word' id='word_1_234' title='bbox 2388 804 2489 841; x_wconf 91' lang='lat' dir='ltr'><strong>non</strong></span> <span class='ocrx_word' id='word_1_235' title='bbox 2520 791 2569 843; x_wconf 91' lang='lat' dir='ltr'><strong>in</strong></span> <span class='ocrx_word' id='word_1_236' title='bbox 2602 794 2844 846; x_wconf 76' lang='lat' dir='ltr'><strong>omnibus</strong></span> <span class='ocrx_word' id='word_1_237' title='bbox 2884 797 3244 850; x_wconf 90' lang='lat' dir='ltr'><strong>cohortatione</strong></span> <span class='ocrx_word' id='word_1_238' title='bbox 3287 799 3382 864; x_wconf 90' lang='lat' dir='ltr'><strong>ttti,</strong></span> <span class='ocrx_word' id='word_1_239' title='bbox 3412 799 3504 853; x_wconf 89' lang='lat' dir='ltr'><strong>sed</strong></span> 
     </span>
    </p>
   </div>
   <div class='ocr_carea' id='block_1_35' title="bbox 1935 874 3508 949">
    <p class='ocr_par' dir='ltr' id='par_1_35' title="bbox 1935 874 3508 949">
     <span class='ocr_line' id='line_1_35' title="bbox 1935 874 3508 949; baseline 0.01 -25"><span class='ocrx_word' id='word_1_240' title='bbox 1935 881 1990 925; x_wconf 90' lang='lat' dir='ltr'><strong>et</strong></span> <span class='ocrx_word' id='word_1_241' title='bbox 2040 874 2197 942; x_wconf 69' lang='lat' dir='ltr'><strong>iocre;</strong></span> <span class='ocrx_word' id='word_1_242' title='bbox 2219 891 2309 930; x_wconf 88' lang='lat' dir='ltr'><strong>are</strong></span> <span class='ocrx_word' id='word_1_243' title='bbox 2335 877 2484 942; x_wconf 86' lang='lat' dir='ltr'><strong>dure,</strong></span> <span class='ocrx_word' id='word_1_244' title='bbox 2527 880 2602 933; x_wconf 89' lang='lat' dir='ltr'><strong>sie</strong></span> <span class='ocrx_word' id='word_1_245' title='bbox 2631 881 2810 936; x_wconf 86' lang='lat' dir='ltr'><strong>dicens</strong></span> <span class='ocrx_word' id='word_1_246' title='bbox 2841 901 2854 936; x_wconf 88' lang='lat'><strong>:</strong></span> <span class='ocrx_word' id='word_1_247' title='bbox 2887 884 3050 949; x_wconf 82' lang='lat' dir='ltr'><strong>Quam</strong></span> <span class='ocrx_word' id='word_1_248' title='bbox 3095 884 3153 938; x_wconf 84' lang='lat' dir='ltr'><strong>ob</strong></span> <span class='ocrx_word' id='word_1_249' title='bbox 3185 903 3388 939; x_wconf 83' lang='lat' dir='ltr'><strong>causam</strong></span> <span class='ocrx_word' id='word_1_250' title='bbox 3428 889 3508 940; x_wconf 87' lang='lat' dir='ltr'><strong>in-</strong></span> 
     </span>
    </p>
   </div>
   <div class='ocr_carea' id='block_1_36' title="bbox 1936 965 3507 1044">
    <p class='ocr_par' dir='ltr' id='par_1_36' title="bbox 1936 965 3507 1044">
     <span class='ocr_line' id='line_1_36' title="bbox 1936 965 3507 1044; baseline 0.011 -31"><span class='ocrx_word' id='word_1_251' title='bbox 1936 978 2084 1030; x_wconf 83' lang='lat' dir='ltr'><strong>crepa</strong></span> <span class='ocrx_word' id='word_1_252' title='bbox 2127 965 2241 1017; x_wconf 87' lang='lat' dir='ltr'><strong>illos</strong></span> <span class='ocrx_word' id='word_1_253' title='bbox 2275 967 2398 1020; x_wconf 83' lang='lat' dir='ltr'><strong>dure</strong></span> <span class='ocrx_word' id='word_1_254' title='bbox 2436 967 2558 1037; x_wconf 86' lang='lat' dir='ltr'><strong>(Tit.</strong></span> <span class='ocrx_word' id='word_1_255' title='bbox 2596 970 2643 1022; x_wconf 84' lang='lat' dir='ltr'><strong>l.</strong></span> <span class='ocrx_word' id='word_1_256' title='bbox 2696 971 2798 1040; x_wconf 75' lang='grc'><strong>15).</strong></span> <span class='ocrx_word' id='word_1_257' title='bbox 2832 971 3164 1042; x_wconf 81' lang='lat' dir='ltr'><strong>Increpemus</strong></span> <span class='ocrx_word' id='word_1_258' title='bbox 3207 975 3360 1044; x_wconf 75' lang='lat' dir='ltr'><strong>igitur</strong></span> <span class='ocrx_word' id='word_1_259' title='bbox 3389 976 3507 1030; x_wconf 90' lang='lat' dir='ltr'><strong>illos</strong></span> 
     </span>
    </p>
   </div>
   <div class='ocr_carea' id='block_1_37' title="bbox 1931 1051 3505 1132">
    <p class='ocr_par' dir='ltr' id='par_1_37' title="bbox 1931 1051 3505 1132">
     <span class='ocr_line' id='line_1_37' title="bbox 1931 1051 3505 1132; baseline 0.01 -27"><span class='ocrx_word' id='word_1_260' title='bbox 1931 1051 2039 1120; x_wconf 90' lang='lat' dir='ltr'><strong>jam</strong></span> <span class='ocrx_word' id='word_1_261' title='bbox 2068 1055 2218 1118; x_wconf 90' lang='lat' dir='ltr'><strong>dure,</strong></span> <span class='ocrx_word' id='word_1_262' title='bbox 2245 1065 2300 1108; x_wconf 90' lang='lat' dir='ltr'><strong>ut</strong></span> <span class='ocrx_word' id='word_1_263' title='bbox 2326 1069 2444 1110; x_wconf 69' lang='lat' dir='ltr'><strong>Cum</strong></span> <span class='ocrx_word' id='word_1_264' title='bbox 2471 1059 2537 1112; x_wconf 90' lang='lat' dir='ltr'><strong>ob</strong></span> <span class='ocrx_word' id='word_1_265' title='bbox 2561 1061 2731 1128; x_wconf 87' lang='lat' dir='ltr'><strong>priora</strong></span> <span class='ocrx_word' id='word_1_266' title='bbox 2751 1061 2942 1115; x_wconf 88' lang='lat' dir='ltr'><strong>fuerint</strong></span> <span class='ocrx_word' id='word_1_267' title='bbox 2970 1063 3168 1132; x_wconf 87' lang='lat' dir='ltr'><strong>pudore</strong></span> <span class='ocrx_word' id='word_1_268' title='bbox 3194 1064 3397 1130; x_wconf 75' lang='lat' dir='ltr'><strong>sull&#39;usi,</strong></span> <span class='ocrx_word' id='word_1_269' title='bbox 3417 1081 3505 1119; x_wconf 82' lang='lat' dir='ltr'><strong>se-</strong></span> 
     </span>
    </p>
   </div>
   <div class='ocr_carea' id='block_1_38' title="bbox 1936 1142 3504 1220">
    <p class='ocr_par' dir='ltr' id='par_1_38' title="bbox 1936 1142 3504 1220">
     <span class='ocr_line' id='line_1_38' title="bbox 1936 1142 3504 1220; baseline 0.01 -28"><span class='ocrx_word' id='word_1_270' title='bbox 1936 1156 2038 1208; x_wconf 87' lang='lat' dir='ltr'><strong>que</strong></span> <span class='ocrx_word' id='word_1_271' title='bbox 2086 1142 2226 1209; x_wconf 88' lang='lat' dir='ltr'><strong>ipsos</strong></span> <span class='ocrx_word' id='word_1_272' title='bbox 2274 1146 2692 1205; x_wconf 80' lang='lat' dir='ltr'><strong>eontlemnarint.</strong></span> <span class='ocrx_word' id='word_1_273' title='bbox 2727 1166 2829 1202; x_wconf 70' lang='lat' dir='ltr'><strong>non</strong></span> <span class='ocrx_word' id='word_1_274' title='bbox 2870 1152 3092 1220; x_wconf 86' lang='lat' dir='ltr'><strong>amplius</strong></span> <span class='ocrx_word' id='word_1_275' title='bbox 3134 1153 3504 1207; x_wconf 77' lang='lat' dir='ltr'><strong>detrimentum</strong></span> 
     </span>
    </p>
   </div>
   <div class='ocr_carea' id='block_1_39' title="bbox 1937 1230 3504 1307">
    <p class='ocr_par' dir='ltr' id='par_1_39' title="bbox 1937 1230 3504 1307">
     <span class='ocr_line' id='line_1_39' title="bbox 1937 1230 3504 1307; baseline 0.009 -27"><span class='ocrx_word' id='word_1_276' title='bbox 1937 1244 1995 1280; x_wconf 59' lang='grc' dir='ltr'><strong>ος</strong></span> <span class='ocrx_word' id='word_1_277' title='bbox 2029 1230 2189 1298; x_wconf 89' lang='lat' dir='ltr'><strong>iniqui</strong></span> <span class='ocrx_word' id='word_1_278' title='bbox 2225 1233 2405 1300; x_wconf 87' lang='lat' dir='ltr'><strong>jejunii</strong></span> <span class='ocrx_word' id='word_1_279' title='bbox 2433 1235 2798 1290; x_wconf 70' lang='lat' dir='ltr'><strong>observatione</strong></span> <span class='ocrx_word' id='word_1_280' title='bbox 2845 1241 3124 1307; x_wconf 87' lang='lat' dir='ltr'><strong>patiantur.</strong></span> <span class='ocrx_word' id='word_1_281' title='bbox 3158 1240 3296 1306; x_wconf 87' lang='lat' dir='ltr'><strong>Quas</strong></span> <span class='ocrx_word' id='word_1_282' title='bbox 3325 1242 3391 1294; x_wconf 88' lang='lat' dir='ltr'><strong>ob</strong></span> <span class='ocrx_word' id='word_1_283' title='bbox 3420 1257 3504 1294; x_wconf 89' lang='lat' dir='ltr'><strong>res</strong></span> 
     </span>
    </p>
   </div>
   <div class='ocr_carea' id='block_1_40' title="bbox 1936 1326 3493 1398">
    <p class='ocr_par' dir='ltr' id='par_1_40' title="bbox 1936 1326 3493 1398">
     <span class='ocr_line' id='line_1_40' title="bbox 1936 1326 3493 1398; baseline 0.008 -26"><span class='ocrx_word' id='word_1_284' title='bbox 1936 1337 2034 1386; x_wconf 74' lang='lat' dir='ltr'><strong>ego</strong></span> <span class='ocrx_word' id='word_1_285' title='bbox 2081 1339 2290 1391; x_wconf 89' lang='lat' dir='ltr'><strong>quoque</strong></span> <span class='ocrx_word' id='word_1_286' title='bbox 2314 1340 2340 1375; x_wconf 86' lang='lat' dir='ltr'><strong>a</strong></span> <span class='ocrx_word' id='word_1_287' title='bbox 2368 1326 2734 1381; x_wconf 86' lang='lat' dir='ltr'><strong>cohortatione</strong></span> <span class='ocrx_word' id='word_1_288' title='bbox 2773 1330 3021 1398; x_wconf 78' lang='lat' dir='ltr'><strong>deinceps</strong></span> <span class='ocrx_word' id='word_1_289' title='bbox 3060 1332 3328 1384; x_wconf 86' lang='lat' dir='ltr'><strong>abstinens</strong></span> <span class='ocrx_word' id='word_1_290' title='bbox 3359 1332 3493 1384; x_wconf 77' lang='lat' dir='ltr'><strong>alite--</strong></span> 
     </span>
    </p>
   </div>
   <div class='ocr_carea' id='block_1_41' title="bbox 1935 1413 3502 1484">
    <p class='ocr_par' dir='ltr' id='par_1_41' title="bbox 1935 1413 3502 1484">
     <span class='ocr_line' id='line_1_41' title="bbox 1935 1413 3502 1484; baseline 0.008 -24"><span class='ocrx_word' id='word_1_291' title='bbox 1935 1420 2048 1463; x_wconf 88' lang='lat' dir='ltr'><strong>stor</strong></span> <span class='ocrx_word' id='word_1_292' title='bbox 2099 1423 2152 1464; x_wconf 90' lang='lat' dir='ltr'><strong>et</strong></span> <span class='ocrx_word' id='word_1_293' title='bbox 2197 1413 2386 1477; x_wconf 89' lang='lat' dir='ltr'><strong>clamo,</strong></span> <span class='ocrx_word' id='word_1_294' title='bbox 2440 1415 2500 1469; x_wconf 85' lang='lat' dir='ltr'><strong>Si</strong></span> <span class='ocrx_word' id='word_1_295' title='bbox 2541 1419 2649 1484; x_wconf 86' lang='lat' dir='ltr'><strong>quis</strong></span> <span class='ocrx_word' id='word_1_296' title='bbox 2696 1435 2793 1470; x_wconf 90' lang='lat' dir='ltr'><strong>non</strong></span> <span class='ocrx_word' id='word_1_297' title='bbox 2833 1428 2968 1470; x_wconf 83' lang='lat' dir='ltr'><strong>atnat</strong></span> <span class='ocrx_word' id='word_1_298' title='bbox 3017 1418 3286 1472; x_wconf 69' lang='lat' dir='ltr'><strong>Dominum</strong></span> <span class='ocrx_word' id='word_1_299' title='bbox 3328 1419 3502 1474; x_wconf 86' lang='lat' dir='ltr'><strong>Jesunt</strong></span> 
     </span>
    </p>
   </div>
   <div class='ocr_carea' id='block_1_42' title="bbox 1935 1495 3502 1579">
    <p class='ocr_par' dir='ltr' id='par_1_42' title="bbox 1935 1495 3502 1579">
     <span class='ocr_line' id='line_1_42' title="bbox 1935 1495 3502 1579; baseline 0.007 -27"><span class='ocrx_word' id='word_1_300' title='bbox 1935 1500 2204 1565; x_wconf 80' lang='lat' dir='ltr'><strong>Christum,</strong></span> <span class='ocrx_word' id='word_1_301' title='bbox 2250 1504 2312 1557; x_wconf 83' lang='lat' dir='ltr'><strong>sit</strong></span> <span class='ocrx_word' id='word_1_302' title='bbox 2340 1495 2606 1558; x_wconf 80' lang='lat' dir='ltr'><strong>anathema</strong></span> <span class='ocrx_word' id='word_1_303' title='bbox 2643 1507 2715 1574; x_wconf 88' lang='grc' dir='ltr'><strong>(Ι.</strong></span> <span class='ocrx_word' id='word_1_304' title='bbox 2760 1505 2874 1560; x_wconf 83' lang='lat' dir='ltr'><strong>Cor.</strong></span> <span class='ocrx_word' id='word_1_305' title='bbox 2903 1514 2985 1568; x_wconf 80' lang='grc'><strong>16.</strong></span> <span class='ocrx_word' id='word_1_306' title='bbox 2999 1509 3124 1579; x_wconf 67' lang='grc'>22);</span> <span class='ocrx_word' id='word_1_307' title='bbox 3158 1524 3381 1576; x_wconf 91' lang='lat' dir='ltr'><strong>quonam</strong></span> <span class='ocrx_word' id='word_1_308' title='bbox 3408 1525 3502 1562; x_wconf 82' lang='lat' dir='ltr'><strong>au-</strong></span> 
     </span>
    </p>
   </div>
   <div class='ocr_carea' id='block_1_43' title="bbox 1938 1594 3499 1671">
    <p class='ocr_par' dir='ltr' id='par_1_43' title="bbox 1938 1594 3499 1671">
     <span class='ocr_line' id='line_1_43' title="bbox 1938 1594 3499 1671; baseline 0.008 -26"><span class='ocrx_word' id='word_1_309' title='bbox 1938 1601 2041 1645; x_wconf 88' lang='lat' dir='ltr'><strong>tem</strong></span> <span class='ocrx_word' id='word_1_310' title='bbox 2075 1594 2262 1661; x_wconf 88' lang='lat' dir='ltr'><strong>majori</strong></span> <span class='ocrx_word' id='word_1_311' title='bbox 2291 1606 2601 1664; x_wconf 83' lang='lat' dir='ltr'><strong>argumento</strong></span> <span class='ocrx_word' id='word_1_312' title='bbox 2631 1613 2658 1650; x_wconf 88' lang='lat' dir='ltr'><strong>a</strong></span> <span class='ocrx_word' id='word_1_313' title='bbox 2686 1613 2743 1652; x_wconf 83' lang='lat' dir='ltr'><strong>se</strong></span> <span class='ocrx_word' id='word_1_314' title='bbox 2773 1615 2872 1653; x_wconf 92' lang='lat' dir='ltr'><strong>non</strong></span> <span class='ocrx_word' id='word_1_315' title='bbox 2901 1602 3064 1654; x_wconf 85' lang='lat' dir='ltr'><strong>amari</strong></span> <span class='ocrx_word' id='word_1_316' title='bbox 3101 1603 3373 1656; x_wconf 88' lang='lat' dir='ltr'><strong>Dominum</strong></span> <span class='ocrx_word' id='word_1_317' title='bbox 3405 1619 3499 1671; x_wconf 85' lang='lat' dir='ltr'><strong>po-</strong></span> 
     </span>
    </p>
   </div>
   <div class='ocr_carea' id='block_1_44' title="bbox 1937 1683 3498 1755">
    <p class='ocr_par' dir='ltr' id='par_1_44' title="bbox 1937 1683 3498 1755">
     <span class='ocr_line' id='line_1_44' title="bbox 1937 1683 3498 1755; baseline 0.008 -21"><span class='ocrx_word' id='word_1_318' title='bbox 1937 1689 2040 1734; x_wconf 87' lang='lat' dir='ltr'><strong>test</strong></span> <span class='ocrx_word' id='word_1_319' title='bbox 2083 1683 2220 1737; x_wconf 91' lang='lat' dir='ltr'><strong>ullus</strong></span> <span class='ocrx_word' id='word_1_320' title='bbox 2249 1686 2548 1748; x_wconf 81' lang='lat' dir='ltr'><strong>ostendere,</strong></span> <span class='ocrx_word' id='word_1_321' title='bbox 2582 1703 2736 1755; x_wconf 88' lang='lat' dir='ltr'><strong>quam</strong></span> <span class='ocrx_word' id='word_1_322' title='bbox 2765 1689 2808 1742; x_wconf 90' lang='lat' dir='ltr'><strong>si</strong></span> <span class='ocrx_word' id='word_1_323' title='bbox 2839 1689 2984 1743; x_wconf 88' lang='lat' dir='ltr'><strong>festis</strong></span> <span class='ocrx_word' id='word_1_324' title='bbox 3024 1691 3228 1745; x_wconf 91' lang='lat' dir='ltr'><strong>illorum</strong></span> <span class='ocrx_word' id='word_1_325' title='bbox 3259 1707 3498 1747; x_wconf 91' lang='lat' dir='ltr'><strong>commu-</strong></span> 
     </span>
    </p>
   </div>
   <div class='ocr_carea' id='block_1_45' title="bbox 1937 1771 3499 1852">
    <p class='ocr_par' dir='ltr' id='par_1_45' title="bbox 1937 1771 3499 1852">
     <span class='ocr_line' id='line_1_45' title="bbox 1937 1771 3499 1852; baseline 0.008 -28"><span class='ocrx_word' id='word_1_326' title='bbox 1937 1771 2093 1834; x_wconf 85' lang='lat' dir='ltr'><strong>nicet,</strong></span> <span class='ocrx_word' id='word_1_327' title='bbox 2127 1789 2155 1826; x_wconf 88' lang='lat' dir='ltr'><strong>a</strong></span> <span class='ocrx_word' id='word_1_328' title='bbox 2182 1788 2285 1842; x_wconf 87' lang='lat' dir='ltr'><strong>quo</strong></span> <span class='ocrx_word' id='word_1_329' title='bbox 2326 1774 2412 1828; x_wconf 83' lang='lat' dir='ltr'><strong>ille</strong></span> <span class='ocrx_word' id='word_1_330' title='bbox 2441 1775 2534 1827; x_wconf 85' lang='lat' dir='ltr'><strong>fuit</strong></span> <span class='ocrx_word' id='word_1_331' title='bbox 2558 1778 2800 1831; x_wconf 88' lang='lat' dir='ltr'><strong>occisus?</strong></span> <span class='ocrx_word' id='word_1_332' title='bbox 2840 1779 2946 1833; x_wconf 86' lang='lat' dir='ltr'><strong>llos</strong></span> <span class='ocrx_word' id='word_1_333' title='bbox 2988 1794 3091 1834; x_wconf 90' lang='lat' dir='ltr'><strong>non</strong></span> <span class='ocrx_word' id='word_1_334' title='bbox 3130 1797 3226 1852; x_wconf 86' lang='lat' dir='ltr'><strong>ego</strong></span> <span class='ocrx_word' id='word_1_335' title='bbox 3266 1783 3499 1850; x_wconf 86' lang='lat' dir='ltr'><strong>percussi</strong></span> 
     </span>
    </p>
   </div>
   <div class='ocr_carea' id='block_1_46' title="bbox 1935 1863 3497 1939">
    <p class='ocr_par' dir='ltr' id='par_1_46' title="bbox 1935 1863 3497 1939">
     <span class='ocr_line' id='line_1_46' title="bbox 1935 1863 3497 1939; baseline 0.008 -26"><span class='ocrx_word' id='word_1_336' title='bbox 1935 1863 2291 1928; x_wconf 85' lang='lat' dir='ltr'><strong>anathemate,</strong></span> <span class='ocrx_word' id='word_1_337' title='bbox 2321 1865 2638 1920; x_wconf 64' lang='lat' dir='ltr'><strong>sed&#39;Paulus</strong></span> <span class='ocrx_word' id='word_1_338' title='bbox 2672 1883 2684 1919; x_wconf 92' lang='lat'>:</span> <span class='ocrx_word' id='word_1_339' title='bbox 2718 1868 2824 1921; x_wconf 86' lang='lat' dir='ltr'><strong>into</strong></span> <span class='ocrx_word' id='word_1_340' title='bbox 2853 1884 2978 1921; x_wconf 86' lang='lat' dir='ltr'><strong>vero</strong></span> <span class='ocrx_word' id='word_1_341' title='bbox 3021 1885 3125 1923; x_wconf 89' lang='lat' dir='ltr'><strong>non</strong></span> <span class='ocrx_word' id='word_1_342' title='bbox 3151 1870 3257 1939; x_wconf 85' lang='lat' dir='ltr'><strong>jam</strong></span> <span class='ocrx_word' id='word_1_343' title='bbox 3287 1871 3497 1936; x_wconf 84' lang='lat' dir='ltr'><strong>Paulus,</strong></span> 
     </span>
    </p>
   </div>
   <div class='ocr_carea' id='block_1_47' title="bbox 1933 1951 3502 2028">
    <p class='ocr_par' dir='ltr' id='par_1_47' title="bbox 1933 1951 3502 2028">
     <span class='ocr_line' id='line_1_47' title="bbox 1933 1951 3502 2028; baseline 0.008 -24"><span class='ocrx_word' id='word_1_344' title='bbox 1933 1951 2028 2005; x_wconf 90' lang='lat' dir='ltr'><strong>sed</strong></span> <span class='ocrx_word' id='word_1_345' title='bbox 2065 1951 2322 2016; x_wconf 85' lang='lat' dir='ltr'><strong>Christus,</strong></span> <span class='ocrx_word' id='word_1_346' title='bbox 2356 1957 2441 2024; x_wconf 88' lang='lat' dir='ltr'><strong>qui</strong></span> <span class='ocrx_word' id='word_1_347' title='bbox 2473 1970 2567 2024; x_wconf 90' lang='lat' dir='ltr'><strong>per</strong></span> <span class='ocrx_word' id='word_1_348' title='bbox 2592 1955 2737 2010; x_wconf 92' lang='lat' dir='ltr'><strong>illum</strong></span> <span class='ocrx_word' id='word_1_349' title='bbox 2765 1957 3012 2026; x_wconf 82' lang='lat' dir='ltr'><strong>loquitur,</strong></span> <span class='ocrx_word' id='word_1_350' title='bbox 3042 1970 3096 2014; x_wconf 88' lang='lat' dir='ltr'><strong>et</strong></span> <span class='ocrx_word' id='word_1_351' title='bbox 3122 1961 3172 2014; x_wconf 93' lang='lat' dir='ltr'><strong>iu</strong></span> <span class='ocrx_word' id='word_1_352' title='bbox 3201 1961 3502 2028; x_wconf 70' lang='lat' dir='ltr'><strong>przcceden-</strong></span> 
     </span>
    </p>
   </div>
   <div class='ocr_carea' id='block_1_48' title="bbox 1937 2042 3500 2120">
    <p class='ocr_par' dir='ltr' id='par_1_48' title="bbox 1937 2042 3500 2120">
     <span class='ocr_line' id='line_1_48' title="bbox 1937 2042 3500 2120; baseline 0.004 -24"><span class='ocrx_word' id='word_1_353' title='bbox 1937 2043 2074 2096; x_wconf 89' lang='lat' dir='ltr'><strong>tibus</strong></span> <span class='ocrx_word' id='word_1_354' title='bbox 2103 2042 2252 2107; x_wconf 56' lang='lat' dir='ltr'><strong>dixit,</strong></span> <span class='ocrx_word' id='word_1_355' title='bbox 2284 2044 2532 2110; x_wconf 83' lang='lat' dir='ltr'><strong>Quoniam</strong></span> <span class='ocrx_word' id='word_1_356' title='bbox 2561 2047 2647 2116; x_wconf 80' lang='lat' dir='ltr'><strong>qui</strong></span> <span class='ocrx_word' id='word_1_357' title='bbox 2670 2049 2721 2100; x_wconf 86' lang='lat' dir='ltr'><strong>in</strong></span> <span class='ocrx_word' id='word_1_358' title='bbox 2747 2048 2852 2117; x_wconf 84' lang='lat' dir='ltr'><strong>lege</strong></span> <span class='ocrx_word' id='word_1_359' title='bbox 2873 2050 3237 2117; x_wconf 79' lang='lat' dir='ltr'><strong>justi/icantur,</strong></span> <span class='ocrx_word' id='word_1_360' title='bbox 3271 2067 3303 2102; x_wconf 90' lang='lat' dir='ltr'><strong>a</strong></span> <span class='ocrx_word' id='word_1_361' title='bbox 3337 2052 3500 2120; x_wconf 85' lang='lat' dir='ltr'><strong>gratia</strong></span> 
     </span>
    </p>
   </div>
   <div class='ocr_carea' id='block_1_49' title="bbox 1934 2132 3498 2206">
    <p class='ocr_par' dir='ltr' id='par_1_49' title="bbox 1934 2132 3498 2206">
     <span class='ocr_line' id='line_1_49' title="bbox 1934 2132 3498 2206; baseline 0.006 -22"><span class='ocrx_word' id='word_1_362' title='bbox 1934 2132 2222 2185; x_wconf 69' lang='lat' dir='ltr'><strong>exciderunt</strong></span> <span class='ocrx_word' id='word_1_363' title='bbox 2277 2132 2414 2200; x_wconf 83' lang='lat' dir='ltr'><strong>(Gal.</strong></span> <span class='ocrx_word' id='word_1_364' title='bbox 2472 2136 2525 2188; x_wconf 87' lang='lat'><strong>5.</strong></span> <span class='ocrx_word' id='word_1_365' title='bbox 2577 2135 2653 2206; x_wconf 78' lang='grc'><strong>4).</strong></span> <span class='ocrx_word' id='word_1_366' title='bbox 2686 2135 2809 2190; x_wconf 67' lang='lat' dir='ltr'><strong>Haec</strong></span> <span class='ocrx_word' id='word_1_367' title='bbox 2857 2136 2961 2190; x_wconf 90' lang='lat' dir='ltr'><strong>illis</strong></span> <span class='ocrx_word' id='word_1_368' title='bbox 3018 2138 3174 2191; x_wconf 75' lang='lat' dir='ltr'><strong>verba</strong></span> <span class='ocrx_word' id='word_1_369' title='bbox 3227 2138 3404 2205; x_wconf 83' lang='lat' dir='ltr'><strong>dicite,</strong></span> <span class='ocrx_word' id='word_1_370' title='bbox 3435 2154 3498 2193; x_wconf 90' lang='lat' dir='ltr'><strong>ac</strong></span> 
     </span>
    </p>
   </div>
   <div class='ocr_carea' id='block_1_50' title="bbox 1933 2224 3498 2295">
    <p class='ocr_par' dir='ltr' id='par_1_50' title="bbox 1933 2224 3498 2295">
     <span class='ocr_line' id='line_1_50' title="bbox 1933 2224 3498 2295; baseline 0.003 -18"><span class='ocrx_word' id='word_1_371' title='bbox 1933 2224 2224 2279; x_wconf 86' lang='lat' dir='ltr'><strong>sententias</strong></span> <span class='ocrx_word' id='word_1_372' title='bbox 2277 2225 2375 2278; x_wconf 91' lang='lat' dir='ltr'><strong>illis</strong></span> <span class='ocrx_word' id='word_1_373' title='bbox 2427 2227 2662 2286; x_wconf 85' lang='lat' dir='ltr'><strong>recitate,</strong></span> <span class='ocrx_word' id='word_1_374' title='bbox 2715 2242 2938 2295; x_wconf 88' lang='lat' dir='ltr'><strong>etunque</strong></span> <span class='ocrx_word' id='word_1_375' title='bbox 2966 2229 3108 2280; x_wconf 92' lang='lat' dir='ltr'><strong>omni</strong></span> <span class='ocrx_word' id='word_1_376' title='bbox 3160 2243 3278 2282; x_wconf 87' lang='lat' dir='ltr'><strong>eum</strong></span> <span class='ocrx_word' id='word_1_377' title='bbox 3323 2227 3498 2281; x_wconf 90' lang='lat' dir='ltr'><strong>studio</strong></span> 
     </span>
    </p>
   </div>
   <div class='ocr_carea' id='block_1_51' title="bbox 1932 2313 3497 2384">
    <p class='ocr_par' dir='ltr' id='par_1_51' title="bbox 1932 2313 3497 2384">
     <span class='ocr_line' id='line_1_51' title="bbox 1932 2313 3497 2384; baseline 0.003 -18"><span class='ocrx_word' id='word_1_378' title='bbox 1932 2328 1995 2367; x_wconf 92' lang='lat' dir='ltr'><strong>ac</strong></span> <span class='ocrx_word' id='word_1_379' title='bbox 2021 2313 2285 2384; x_wconf 82' lang='lat' dir='ltr'><strong>diligentia</strong></span> <span class='ocrx_word' id='word_1_380' title='bbox 2317 2315 2487 2368; x_wconf 75' lang='lat' dir='ltr'><strong>salvos</strong></span> <span class='ocrx_word' id='word_1_381' title='bbox 2512 2331 2603 2370; x_wconf 89' lang='lat' dir='ltr'><strong>eos</strong></span> <span class='ocrx_word' id='word_1_382' title='bbox 2629 2315 2858 2370; x_wconf 82' lang='lat' dir='ltr'><strong>feceritis</strong></span> <span class='ocrx_word' id='word_1_383' title='bbox 2881 2325 2933 2370; x_wconf 90' lang='lat' dir='ltr'><strong>et</strong></span> <span class='ocrx_word' id='word_1_384' title='bbox 2957 2332 3023 2371; x_wconf 78' lang='lat' dir='ltr'><strong>ex</strong></span> <span class='ocrx_word' id='word_1_385' title='bbox 3053 2317 3242 2369; x_wconf 85' lang='lat' dir='ltr'><strong>diaboli</strong></span> <span class='ocrx_word' id='word_1_386' title='bbox 3267 2317 3497 2371; x_wconf 87' lang='lat' dir='ltr'><strong>faucibus</strong></span> 
     </span>
    </p>
   </div>
   <div class='ocr_carea' id='block_1_52' title="bbox 1932 2405 3498 2474">
    <p class='ocr_par' dir='ltr' id='par_1_52' title="bbox 1932 2405 3498 2474">
     <span class='ocr_line' id='line_1_52' title="bbox 1932 2405 3498 2474; baseline -0.001 -16"><span class='ocrx_word' id='word_1_387' title='bbox 1932 2405 2249 2474; x_wconf 90' lang='lat' dir='ltr'><strong>eripueritis,</strong></span> <span class='ocrx_word' id='word_1_388' title='bbox 2299 2407 2348 2458; x_wconf 91' lang='lat' dir='ltr'><strong>in</strong></span> <span class='ocrx_word' id='word_1_389' title='bbox 2377 2406 2464 2460; x_wconf 89' lang='lat' dir='ltr'><strong>die</strong></span> <span class='ocrx_word' id='word_1_390' title='bbox 2501 2406 2684 2474; x_wconf 86' lang='lat' dir='ltr'><strong>jejunii</strong></span> <span class='ocrx_word' id='word_1_391' title='bbox 2732 2405 2882 2460; x_wconf 89' lang='lat' dir='ltr'><strong>nubis</strong></span> <span class='ocrx_word' id='word_1_392' title='bbox 2909 2405 3168 2470; x_wconf 89' lang='lat' dir='ltr'><strong>adducite,</strong></span> <span class='ocrx_word' id='word_1_393' title='bbox 3203 2415 3258 2459; x_wconf 92' lang='lat' dir='ltr'><strong>ut</strong></span> <span class='ocrx_word' id='word_1_394' title='bbox 3296 2414 3345 2459; x_wconf 90' lang='lat' dir='ltr'><strong>et</strong></span> <span class='ocrx_word' id='word_1_395' title='bbox 3378 2421 3498 2473; x_wconf 88' lang='lat' dir='ltr'><strong>pro-</strong></span> 
     </span>
    </p>
   </div>
   <div class='ocr_carea' id='block_1_53' title="bbox 1931 2496 3496 2565">
    <p class='ocr_par' dir='ltr' id='par_1_53' title="bbox 1931 2496 3496 2565">
     <span class='ocr_line' id='line_1_53' title="bbox 1931 2496 3496 2565; baseline -0.001 -16"><span class='ocrx_word' id='word_1_396' title='bbox 1931 2496 2077 2550; x_wconf 89' lang='lat' dir='ltr'><strong>missi</strong></span> <span class='ocrx_word' id='word_1_397' title='bbox 2134 2497 2387 2565; x_wconf 82' lang='lat' dir='ltr'><strong>reliquam</strong></span> <span class='ocrx_word' id='word_1_398' title='bbox 2448 2507 2646 2565; x_wconf 87' lang='lat' dir='ltr'><strong>partem</strong></span> <span class='ocrx_word' id='word_1_399' title='bbox 2709 2505 3018 2564; x_wconf 81' lang='lat' dir='ltr'><strong>praestantes</strong></span> <span class='ocrx_word' id='word_1_400' title='bbox 3085 2512 3190 2549; x_wconf 91' lang='lat' dir='ltr'><strong>uno</strong></span> <span class='ocrx_word' id='word_1_401' title='bbox 3237 2509 3496 2549; x_wconf 92' lang='lat' dir='ltr'><strong>consensu</strong></span> 
     </span>
    </p>
   </div>
   <div class='ocr_carea' id='block_1_54' title="bbox 1933 2585 3496 2655">
    <p class='ocr_par' dir='ltr' id='par_1_54' title="bbox 1933 2585 3496 2655">
     <span class='ocr_line' id='line_1_54' title="bbox 1933 2585 3496 2655; baseline -0.001 -16"><span class='ocrx_word' id='word_1_402' title='bbox 1933 2600 2143 2654; x_wconf 90' lang='lat' dir='ltr'><strong>unoque</strong></span> <span class='ocrx_word' id='word_1_403' title='bbox 2171 2601 2264 2640; x_wconf 88' lang='lat' dir='ltr'><strong>ore</strong></span> <span class='ocrx_word' id='word_1_404' title='bbox 2289 2602 2406 2640; x_wconf 91' lang='lat' dir='ltr'><strong>cum</strong></span> <span class='ocrx_word' id='word_1_405' title='bbox 2435 2585 2682 2640; x_wconf 83' lang='lat' dir='ltr'><strong>fratribus</strong></span> <span class='ocrx_word' id='word_1_406' title='bbox 2708 2587 2903 2640; x_wconf 88' lang='lat' dir='ltr'><strong>nostris</strong></span> <span class='ocrx_word' id='word_1_407' title='bbox 2925 2585 3276 2655; x_wconf 81' lang='lat' dir='ltr'><strong>glorificcmus</strong></span> <span class='ocrx_word' id='word_1_408' title='bbox 3303 2585 3496 2649; x_wconf 82' lang='lat' dir='ltr'><strong>Deum,</strong></span> 
     </span>
    </p>
   </div>
   <div class='ocr_carea' id='block_1_55' title="bbox 1932 2675 3496 2744">
    <p class='ocr_par' dir='ltr' id='par_1_55' title="bbox 1932 2675 3496 2744">
     <span class='ocr_line' id='line_1_55' title="bbox 1932 2675 3496 2744; baseline -0.001 -15"><span class='ocrx_word' id='word_1_409' title='bbox 1932 2685 1986 2729; x_wconf 91' lang='lat' dir='ltr'><strong>et</strong></span> <span class='ocrx_word' id='word_1_410' title='bbox 2015 2676 2222 2729; x_wconf 83' lang='lat' dir='ltr'><strong>Patrem</strong></span> <span class='ocrx_word' id='word_1_411' title='bbox 2270 2676 2473 2730; x_wconf 88' lang='lat' dir='ltr'><strong>Domini</strong></span> <span class='ocrx_word' id='word_1_412' title='bbox 2507 2677 2673 2730; x_wconf 87' lang='lat' dir='ltr'><strong>nostri</strong></span> <span class='ocrx_word' id='word_1_413' title='bbox 2703 2676 2831 2730; x_wconf 81' lang='lat' dir='ltr'><strong>Jesu</strong></span> <span class='ocrx_word' id='word_1_414' title='bbox 2875 2676 3091 2742; x_wconf 83' lang='lat' dir='ltr'><strong>Christi,</strong></span> <span class='ocrx_word' id='word_1_415' title='bbox 3123 2675 3368 2744; x_wconf 88' lang='lat' dir='ltr'><strong>quoniam</strong></span> <span class='ocrx_word' id='word_1_416' title='bbox 3400 2675 3496 2742; x_wconf 87' lang='lat' dir='ltr'><strong>ipsi</strong></span> 
     </span>
    </p>
   </div>
   <div class='ocr_carea' id='block_1_56' title="bbox 1929 2765 2647 2834">
    <p class='ocr_par' dir='ltr' id='par_1_56' title="bbox 1929 2765 2647 2834">
     <span class='ocr_line' id='line_1_56' title="bbox 1929 2765 2647 2834; baseline 0.003 -16"><span class='ocrx_word' id='word_1_417' title='bbox 1929 2765 2092 2834; x_wconf 60' lang='lat' dir='ltr'><strong>gloria</strong></span> <span class='ocrx_word' id='word_1_418' title='bbox 2123 2766 2174 2819; x_wconf 93' lang='lat' dir='ltr'><strong>in</strong></span> <span class='ocrx_word' id='word_1_419' title='bbox 2209 2767 2420 2821; x_wconf 61' lang='lat' dir='ltr'><strong>sarcula.</strong></span> <span class='ocrx_word' id='word_1_420' title='bbox 2457 2767 2647 2821; x_wconf 84' lang='lat' dir='ltr'><strong>Amen.</strong></span> 
     </span>
    </p>
   </div>
   <div class='ocr_carea' id='block_1_57' title="bbox 1115 2963 2627 3042">
    <p class='ocr_par' dir='ltr' id='par_1_57' title="bbox 1115 2963 2627 3042">
     <span class='ocr_line' id='line_1_57' title="bbox 1115 2963 2627 3042; baseline 0.005 -19"><span class='ocrx_word' id='word_1_421' title='bbox 1115 2963 1196 3024; x_wconf 90' lang='lat' dir='ltr'><strong>IN</strong></span> <span class='ocrx_word' id='word_1_422' title='bbox 1237 2965 1385 3028; x_wconf 93' lang='lat' dir='ltr'><strong>EOS</strong></span> <span class='ocrx_word' id='word_1_423' title='bbox 1411 2969 1544 3042; x_wconf 85' lang='lat' dir='ltr'><strong>QUI</strong></span> <span class='ocrx_word' id='word_1_424' title='bbox 1583 2970 1832 3032; x_wconf 81' lang='lat' dir='ltr'><strong>PRIMO</strong></span> <span class='ocrx_word' id='word_1_425' title='bbox 1871 2972 2177 3032; x_wconf 79' lang='lat' dir='ltr'><strong>PASCHA</strong></span> <span class='ocrx_word' id='word_1_426' title='bbox 2217 2974 2627 3034; x_wconf 85' lang='lat' dir='ltr'><strong>JEJUNAN&#39;I‘.</strong></span> 
     </span>
    </p>
   </div>
   <div class='ocr_carea' id='block_1_58' title="bbox 810 3195 1256 3242">
    <p class='ocr_par' dir='ltr' id='par_1_58' title="bbox 810 3195 1256 3242">
     <span class='ocr_line' id='line_1_58' title="bbox 810 3195 1256 3242; baseline 0.02 -8"><span class='ocrx_word' id='word_1_427' title='bbox 810 3195 1004 3238; x_wconf 75' lang='grc' dir='ltr'><strong>οκΑτιο</strong></span> <span class='ocrx_word' id='word_1_428' title='bbox 1042 3201 1256 3242; x_wconf 72' lang='lat' dir='ltr'><strong>TERTIA.</strong></span> 
     </span>
    </p>
   </div>
   <div class='ocr_carea' id='block_1_59' title="bbox 328 3260 1815 3358">
    <p class='ocr_par' dir='ltr' id='par_1_59' title="bbox 328 3260 1815 3358">
     <span class='ocr_line' id='line_1_59' title="bbox 328 3260 1815 3358; baseline 0.02 -45"><span class='ocrx_word' id='word_1_429' title='bbox 328 3260 372 3313; x_wconf 84' lang='lat' dir='ltr'><strong>I.</strong></span> <span class='ocrx_word' id='word_1_430' title='bbox 403 3262 609 3319; x_wconf 77' lang='lat' dir='ltr'><strong>Rursus</strong></span> <span class='ocrx_word' id='word_1_431' title='bbox 651 3276 1003 3328; x_wconf 87' lang='lat' dir='ltr'><strong>necessarium</strong></span> <span class='ocrx_word' id='word_1_432' title='bbox 1035 3280 1295 3347; x_wconf 87' lang='lat' dir='ltr'><strong>quoddam</strong></span> <span class='ocrx_word' id='word_1_433' title='bbox 1333 3296 1383 3336; x_wconf 91' lang='lat' dir='ltr'><strong>et</strong></span> <span class='ocrx_word' id='word_1_434' title='bbox 1426 3301 1618 3355; x_wconf 86' lang='lat' dir='ltr'><strong>urgens</strong></span> <span class='ocrx_word' id='word_1_435' title='bbox 1651 3305 1815 3358; x_wconf 82' lang='lat' dir='ltr'><strong>nego-</strong></span> 
     </span>
    </p>
   </div>
   <div class='ocr_carea' id='block_1_60' title="bbox 265 3351 1818 3436">
    <p class='ocr_par' dir='ltr' id='par_1_60' title="bbox 265 3351 1818 3436">
     <span class='ocr_line' id='line_1_60' title="bbox 265 3351 1818 3436; baseline 0.023 -38"><span class='ocrx_word' id='word_1_436' title='bbox 265 3351 381 3404; x_wconf 89' lang='lat' dir='ltr'><strong>tium</strong></span> <span class='ocrx_word' id='word_1_437' title='bbox 406 3369 618 3418; x_wconf 85' lang='lat' dir='ltr'><strong>eorum,</strong></span> <span class='ocrx_word' id='word_1_438' title='bbox 643 3374 760 3428; x_wconf 74' lang='lat' dir='ltr'><strong>qua:</strong></span> <span class='ocrx_word' id='word_1_439' title='bbox 791 3379 957 3432; x_wconf 89' lang='lat' dir='ltr'><strong>nuper</strong></span> <span class='ocrx_word' id='word_1_440' title='bbox 984 3367 1120 3421; x_wconf 86' lang='lat' dir='ltr'><strong>dicta</strong></span> <span class='ocrx_word' id='word_1_441' title='bbox 1148 3381 1289 3436; x_wconf 93' lang='lat' dir='ltr'><strong>sunt,</strong></span> <span class='ocrx_word' id='word_1_442' title='bbox 1313 3375 1507 3429; x_wconf 82' lang='lat' dir='ltr'><strong>seriem</strong></span> <span class='ocrx_word' id='word_1_443' title='bbox 1538 3378 1818 3433; x_wconf 87' lang='lat' dir='ltr'><strong>interrum-</strong></span> 
     </span>
    </p>
   </div>
   <div class='ocr_carea' id='block_1_61' title="bbox 260 3445 1820 3538">
    <p class='ocr_par' dir='ltr' id='par_1_61' title="bbox 260 3445 1820 3538">
     <span class='ocr_line' id='line_1_61' title="bbox 260 3445 1820 3538; baseline 0.022 -46"><span class='ocrx_word' id='word_1_444' title='bbox 260 3453 378 3506; x_wconf 85' lang='lat' dir='ltr'><strong>pens</strong></span> <span class='ocrx_word' id='word_1_445' title='bbox 419 3445 491 3498; x_wconf 86' lang='lat' dir='ltr'><strong>ad</strong></span> <span class='ocrx_word' id='word_1_446' title='bbox 522 3451 750 3518; x_wconf 72' lang='lat' dir='ltr'><strong>seipsum</strong></span> <span class='ocrx_word' id='word_1_447' title='bbox 781 3458 1072 3510; x_wconf 79' lang='lat' dir='ltr'><strong>orationem</strong></span> <span class='ocrx_word' id='word_1_448' title='bbox 1112 3462 1364 3525; x_wconf 78' lang='lat' dir='ltr'><strong>traducit,</strong></span> <span class='ocrx_word' id='word_1_449' title='bbox 1403 3474 1455 3518; x_wconf 81' lang='lat' dir='ltr'><strong>et</strong></span> <span class='ocrx_word' id='word_1_450' title='bbox 1497 3483 1524 3518; x_wconf 90' lang='lat' dir='ltr'><strong>a</strong></span> <span class='ocrx_word' id='word_1_451' title='bbox 1564 3473 1820 3538; x_wconf 84' lang='lat' dir='ltr'><strong>susceptis</strong></span> 
     </span>
    </p>
   </div>
   <div class='ocr_carea' id='block_1_62' title="bbox 259 3534 1816 3616">
    <p class='ocr_par' dir='ltr' id='par_1_62' title="bbox 259 3534 1816 3616">
     <span class='ocr_line' id='line_1_62' title="bbox 259 3534 1816 3616; baseline 0.023 -36"><span class='ocrx_word' id='word_1_452' title='bbox 259 3543 368 3584; x_wconf 87' lang='lat' dir='ltr'><strong>eum</strong></span> <span class='ocrx_word' id='word_1_453' title='bbox 398 3534 665 3592; x_wconf 73' lang='lat' dir='ltr'><strong>lucreticis</strong></span> <span class='ocrx_word' id='word_1_454' title='bbox 705 3546 1078 3602; x_wconf 87' lang='lat' dir='ltr'><strong>certaminibus</strong></span> <span class='ocrx_word' id='word_1_455' title='bbox 1121 3550 1276 3606; x_wconf 88' lang='lat' dir='ltr'><strong>hodie</strong></span> <span class='ocrx_word' id='word_1_456' title='bbox 1305 3571 1399 3606; x_wconf 72' lang='grc' dir='ltr'><strong>ιιος</strong></span> <span class='ocrx_word' id='word_1_457' title='bbox 1426 3558 1655 3613; x_wconf 89' lang='lat' dir='ltr'><strong>abducit.</strong></span> <span class='ocrx_word' id='word_1_458' title='bbox 1689 3561 1816 3616; x_wconf 82' lang='lat' dir='ltr'><strong>Nam</strong></span> 
     </span>
    </p>
   </div>
   <div class='ocr_carea' id='block_1_63' title="bbox 262 3626 1819 3712">
    <p class='ocr_par' dir='ltr' id='par_1_63' title="bbox 262 3626 1819 3712">
     <span class='ocr_line' id='line_1_63' title="bbox 262 3626 1819 3712; baseline 0.024 -42"><span class='ocrx_word' id='word_1_459' title='bbox 262 3635 349 3673; x_wconf 88' lang='lat' dir='ltr'><strong>nos</strong></span> <span class='ocrx_word' id='word_1_460' title='bbox 377 3626 594 3693; x_wconf 76' lang='lat' dir='ltr'><strong>quidem</strong></span> <span class='ocrx_word' id='word_1_461' title='bbox 644 3646 826 3687; x_wconf 90' lang='lat' dir='ltr'><strong>rursus</strong></span> <span class='ocrx_word' id='word_1_462' title='bbox 869 3633 934 3689; x_wconf 85' lang='lat' dir='ltr'><strong>de</strong></span> <span class='ocrx_word' id='word_1_463' title='bbox 963 3636 1237 3708; x_wconf 83' lang='lat' dir='ltr'><strong>Uuigeniti</strong></span> <span class='ocrx_word' id='word_1_464' title='bbox 1262 3643 1426 3712; x_wconf 79' lang='lat' dir='ltr'><strong>gloria</strong></span> <span class='ocrx_word' id='word_1_465' title='bbox 1457 3651 1612 3702; x_wconf 82' lang='lat' dir='ltr'><strong>verba</strong></span> <span class='ocrx_word' id='word_1_466' title='bbox 1646 3652 1819 3708; x_wconf 83' lang='lat' dir='ltr'><strong>facere</strong></span> 
     </span>
    </p>
   </div>
   <div class='ocr_carea' id='block_1_64' title="bbox 257 3712 1816 3814">
    <p class='ocr_par' dir='ltr' id='par_1_64' title="bbox 257 3712 1816 3814">
     <span class='ocr_line' id='line_1_64' title="bbox 257 3712 1816 3814; baseline 0.025 -55"><span class='ocrx_word' id='word_1_467' title='bbox 257 3712 315 3761; x_wconf 81' lang='lat' dir='ltr'><strong>ad</strong></span> <span class='ocrx_word' id='word_1_468' title='bbox 345 3718 620 3773; x_wconf 72' lang='lat' dir='ltr'><strong>caritate-[tt</strong></span> <span class='ocrx_word' id='word_1_469' title='bbox 652 3737 876 3778; x_wconf 80' lang='lat' dir='ltr'><strong>chIram</strong></span> <span class='ocrx_word' id='word_1_470' title='bbox 908 3732 1068 3794; x_wconf 88' lang='lat' dir='ltr'><strong>parati</strong></span> <span class='ocrx_word' id='word_1_471' title='bbox 1098 3748 1306 3789; x_wconf 86' lang='lat' dir='ltr'><strong>eramus</strong></span> <span class='ocrx_word' id='word_1_472' title='bbox 1334 3753 1346 3788; x_wconf 92' lang='lat'><strong>:</strong></span> <span class='ocrx_word' id='word_1_473' title='bbox 1378 3739 1467 3792; x_wconf 87' lang='lat' dir='ltr'><strong>sed</strong></span> <span class='ocrx_word' id='word_1_474' title='bbox 1511 3755 1692 3795; x_wconf 88' lang='lat' dir='ltr'><strong>eorum</strong></span> <span class='ocrx_word' id='word_1_475' title='bbox 1731 3747 1816 3814; x_wconf 88' lang='lat' dir='ltr'><strong>qui</strong></span> 
     </span>
    </p>
   </div>
   <div class='ocr_carea' id='block_1_65' title="bbox 258 3806 1818 3890">
    <p class='ocr_par' dir='ltr' id='par_1_65' title="bbox 258 3806 1818 3890">
     <span class='ocr_line' id='line_1_65' title="bbox 258 3806 1818 3890; baseline 0.022 -37"><span class='ocrx_word' id='word_1_476' title='bbox 258 3806 418 3868; x_wconf 77' lang='lat' dir='ltr'><strong>primo</strong></span> <span class='ocrx_word' id='word_1_477' title='bbox 473 3809 668 3865; x_wconf 81' lang='lat' dir='ltr'><strong>Pascha</strong></span> <span class='ocrx_word' id='word_1_478' title='bbox 709 3815 949 3884; x_wconf 87' lang='lat' dir='ltr'><strong>jejunant</strong></span> <span class='ocrx_word' id='word_1_479' title='bbox 987 3822 1278 3890; x_wconf 84' lang='lat' dir='ltr'><strong>importuna</strong></span> <span class='ocrx_word' id='word_1_480' title='bbox 1324 3831 1590 3883; x_wconf 86' lang='lat' dir='ltr'><strong>contentio</strong></span> <span class='ocrx_word' id='word_1_481' title='bbox 1618 3806 1818 3886; x_wconf 73' lang='lat' dir='ltr'><strong>doctri-</strong></span> 
     </span>
    </p>
   </div>
   <div class='ocr_carea' id='block_1_66' title="bbox 262 3908 1818 3980">
    <p class='ocr_par' dir='ltr' id='par_1_66' title="bbox 262 3908 1818 3980">
     <span class='ocr_line' id='line_1_66' title="bbox 262 3908 1818 3980; baseline 0.024 -38"><span class='ocrx_word' id='word_1_482' title='bbox 262 3908 370 3946; x_wconf 75' lang='lat' dir='ltr'><strong>ttant</strong></span> <span class='ocrx_word' id='word_1_483' title='bbox 396 3914 616 3954; x_wconf 84' lang='lat' dir='ltr'><strong>omnem</strong></span> <span class='ocrx_word' id='word_1_484' title='bbox 646 3917 878 3960; x_wconf 84' lang='lat' dir='ltr'><strong>nostram</strong></span> <span class='ocrx_word' id='word_1_485' title='bbox 910 3911 1047 3980; x_wconf 84' lang='lat' dir='ltr'><strong>cogit</strong></span> <span class='ocrx_word' id='word_1_486' title='bbox 1073 3911 1329 3968; x_wconf 90' lang='lat' dir='ltr'><strong>hodierno</strong></span> <span class='ocrx_word' id='word_1_487' title='bbox 1358 3918 1442 3970; x_wconf 78' lang='lat' dir='ltr'><strong>diu</strong></span> <span class='ocrx_word' id='word_1_488' title='bbox 1474 3929 1634 3974; x_wconf 81' lang='lat' dir='ltr'><strong>totam</strong></span> <span class='ocrx_word' id='word_1_489' title='bbox 1665 3925 1713 3976; x_wconf 87' lang='lat' dir='ltr'><strong>in</strong></span> <span class='ocrx_word' id='word_1_490' title='bbox 1743 3927 1818 3979; x_wconf 75' lang='lat' dir='ltr'><strong>ris</strong></span> 
     </span>
    </p>
   </div>
   <div class='ocr_carea' id='block_1_67' title="bbox 257 3990 1818 4083">
    <p class='ocr_par' dir='ltr' id='par_1_67' title="bbox 257 3990 1818 4083">
     <span class='ocr_line' id='line_1_67' title="bbox 257 3990 1818 4083; baseline 0.022 -49"><span class='ocrx_word' id='word_1_491' title='bbox 257 3990 501 4043; x_wconf 80' lang='lat' dir='ltr'><strong>curandis</strong></span> <span class='ocrx_word' id='word_1_492' title='bbox 531 3999 796 4063; x_wconf 82' lang='lat' dir='ltr'><strong>occupari.</strong></span> <span class='ocrx_word' id='word_1_493' title='bbox 842 3999 972 4052; x_wconf 84' lang='lat' dir='ltr'><strong>Nam</strong></span> <span class='ocrx_word' id='word_1_494' title='bbox 1003 4011 1056 4056; x_wconf 87' lang='lat' dir='ltr'><strong>et</strong></span> <span class='ocrx_word' id='word_1_495' title='bbox 1098 4003 1263 4058; x_wconf 65' lang='lat' dir='ltr'><strong>b0utts&#39;</strong></span> <span class='ocrx_word' id='word_1_496' title='bbox 1297 4019 1474 4074; x_wconf 87' lang='lat' dir='ltr'><strong>pastor</strong></span> <span class='ocrx_word' id='word_1_497' title='bbox 1518 4028 1620 4064; x_wconf 91' lang='lat' dir='ltr'><strong>non</strong></span> <span class='ocrx_word' id='word_1_498' title='bbox 1669 4014 1818 4083; x_wconf 89' lang='lat' dir='ltr'><strong>lupos</strong></span> 
     </span>
    </p>
   </div>
   <div class='ocr_carea' id='block_1_68' title="bbox 256 4077 1816 4167">
    <p class='ocr_par' dir='ltr' id='par_1_68' title="bbox 256 4077 1816 4167">
     <span class='ocr_line' id='line_1_68' title="bbox 256 4077 1816 4167; baseline 0.02 -40"><span class='ocrx_word' id='word_1_499' title='bbox 256 4077 407 4148; x_wconf 79' lang='lat' dir='ltr'><strong>abigit</strong></span> <span class='ocrx_word' id='word_1_500' title='bbox 437 4086 613 4137; x_wconf 88' lang='lat' dir='ltr'><strong>solum</strong></span> <span class='ocrx_word' id='word_1_501' title='bbox 634 4128 648 4150; x_wconf 97' lang='lat'><strong>,</strong></span> <span class='ocrx_word' id='word_1_502' title='bbox 682 4090 774 4143; x_wconf 84' lang='lat' dir='ltr'><strong>sed</strong></span> <span class='ocrx_word' id='word_1_503' title='bbox 806 4101 858 4144; x_wconf 90' lang='lat' dir='ltr'><strong>et</strong></span> <span class='ocrx_word' id='word_1_504' title='bbox 903 4093 1126 4159; x_wconf 90' lang='lat' dir='ltr'><strong>pecudes</strong></span> <span class='ocrx_word' id='word_1_505' title='bbox 1158 4109 1474 4167; x_wconf 62' lang='lat' dir='ltr'><strong>aegrotantes</strong></span> <span class='ocrx_word' id='word_1_506' title='bbox 1511 4119 1628 4156; x_wconf 86' lang='lat' dir='ltr'><strong>cum</strong></span> <span class='ocrx_word' id='word_1_507' title='bbox 1674 4107 1816 4158; x_wconf 90' lang='lat' dir='ltr'><strong>omni</strong></span> 
     </span>
    </p>
   </div>
   <div class='ocr_carea' id='block_1_69' title="bbox 255 4170 1815 4262">
    <p class='ocr_par' dir='ltr' id='par_1_69' title="bbox 255 4170 1815 4262">
     <span class='ocr_line' id='line_1_69' title="bbox 255 4170 1815 4262; baseline 0.02 -41"><span class='ocrx_word' id='word_1_508' title='bbox 255 4170 610 4230; x_wconf 77' lang='lat' dir='ltr'><strong>sollicitudine</strong></span> <span class='ocrx_word' id='word_1_509' title='bbox 648 4192 796 4235; x_wconf 90' lang='lat' dir='ltr'><strong>curat</strong></span> <span class='ocrx_word' id='word_1_510' title='bbox 827 4201 838 4235; x_wconf 90' lang='lat'>:</span> <span class='ocrx_word' id='word_1_511' title='bbox 872 4186 996 4252; x_wconf 88' lang='lat' dir='ltr'><strong>qttid</strong></span> <span class='ocrx_word' id='word_1_512' title='bbox 1035 4189 1173 4240; x_wconf 89' lang='lat' dir='ltr'><strong>enim</strong></span> <span class='ocrx_word' id='word_1_513' title='bbox 1220 4192 1464 4258; x_wconf 88' lang='lat' dir='ltr'><strong>prodest,</strong></span> <span class='ocrx_word' id='word_1_514' title='bbox 1500 4198 1636 4262; x_wconf 88' lang='lat' dir='ltr'><strong>qttod</strong></span> <span class='ocrx_word' id='word_1_515' title='bbox 1677 4197 1815 4252; x_wconf 87' lang='lat' dir='ltr'><strong>fera-</strong></span> 
     </span>
    </p>
   </div>
   <div class='ocr_carea' id='block_1_70' title="bbox 256 4271 1816 4338">
    <p class='ocr_par' dir='ltr' id='par_1_70' title="bbox 256 4271 1816 4338">
     <span class='ocr_line' id='line_1_70' title="bbox 256 4271 1816 4338; baseline 0.019 -28"><span class='ocrx_word' id='word_1_516' title='bbox 256 4271 363 4311; x_wconf 80' lang='lat' dir='ltr'><strong>rum</strong></span> <span class='ocrx_word' id='word_1_517' title='bbox 391 4279 483 4317; x_wconf 89' lang='lat' dir='ltr'><strong>ora</strong></span> <span class='ocrx_word' id='word_1_518' title='bbox 513 4281 700 4335; x_wconf 63' lang='lat' dir='ltr'><strong>greges</strong></span> <span class='ocrx_word' id='word_1_519' title='bbox 729 4271 959 4337; x_wconf 81' lang='lat' dir='ltr'><strong>evitent,</strong></span> <span class='ocrx_word' id='word_1_520' title='bbox 991 4274 1035 4326; x_wconf 88' lang='lat' dir='ltr'><strong>si</strong></span> <span class='ocrx_word' id='word_1_521' title='bbox 1081 4278 1279 4332; x_wconf 85' lang='lat' dir='ltr'><strong>morbis</strong></span> <span class='ocrx_word' id='word_1_522' title='bbox 1324 4282 1545 4336; x_wconf 87' lang='lat' dir='ltr'><strong>confecti</strong></span> <span class='ocrx_word' id='word_1_523' title='bbox 1585 4287 1816 4338; x_wconf 83' lang='lat' dir='ltr'><strong>morian-</strong></span> 
     </span>
    </p>
   </div>
   <div class='ocr_carea' id='block_1_71' title="bbox 257 4353 1815 4431">
    <p class='ocr_par' dir='ltr' id='par_1_71' title="bbox 257 4353 1815 4431">
     <span class='ocr_line' id='line_1_71' title="bbox 257 4353 1815 4431; baseline 0.02 -33"><span class='ocrx_word' id='word_1_524' title='bbox 257 4353 377 4404; x_wconf 84' lang='lat' dir='ltr'><strong>tur?</strong></span> <span class='ocrx_word' id='word_1_525' title='bbox 405 4356 494 4407; x_wconf 81' lang='lat' dir='ltr'><strong>Sic</strong></span> <span class='ocrx_word' id='word_1_526' title='bbox 524 4367 577 4409; x_wconf 85' lang='lat' dir='ltr'><strong>et</strong></span> <span class='ocrx_word' id='word_1_527' title='bbox 610 4360 838 4426; x_wconf 90' lang='lat' dir='ltr'><strong>optimus</strong></span> <span class='ocrx_word' id='word_1_528' title='bbox 870 4361 1154 4431; x_wconf 89' lang='lat' dir='ltr'><strong>imperator</strong></span> <span class='ocrx_word' id='word_1_529' title='bbox 1183 4383 1285 4420; x_wconf 91' lang='lat' dir='ltr'><strong>non</strong></span> <span class='ocrx_word' id='word_1_530' title='bbox 1317 4371 1586 4425; x_wconf 82' lang='lat' dir='ltr'><strong>machinas</strong></span> <span class='ocrx_word' id='word_1_531' title='bbox 1617 4383 1815 4429; x_wconf 85' lang='lat' dir='ltr'><strong>tantum</strong></span> 
     </span>
    </p>
   </div>
   <div class='ocr_carea' id='block_1_72' title="bbox 260 4447 1814 4518">
    <p class='ocr_par' dir='ltr' id='par_1_72' title="bbox 260 4447 1814 4518">
     <span class='ocr_line' id='line_1_72' title="bbox 260 4447 1814 4518; baseline 0.018 -28"><span class='ocrx_word' id='word_1_532' title='bbox 260 4447 547 4511; x_wconf 85' lang='lat' dir='ltr'><strong>propulsat,</strong></span> <span class='ocrx_word' id='word_1_533' title='bbox 574 4449 664 4501; x_wconf 88' lang='lat' dir='ltr'><strong>sed</strong></span> <span class='ocrx_word' id='word_1_534' title='bbox 691 4459 842 4504; x_wconf 86' lang='lat' dir='ltr'><strong>antea</strong></span> <span class='ocrx_word' id='word_1_535' title='bbox 867 4452 1126 4510; x_wconf 88' lang='lat' dir='ltr'><strong>seditione</strong></span> <span class='ocrx_word' id='word_1_536' title='bbox 1152 4468 1466 4512; x_wconf 88' lang='lat' dir='ltr'><strong>commotam</strong></span> <span class='ocrx_word' id='word_1_537' title='bbox 1490 4463 1670 4516; x_wconf 90' lang='lat' dir='ltr'><strong>urbem</strong></span> <span class='ocrx_word' id='word_1_538' title='bbox 1696 4479 1814 4518; x_wconf 87' lang='lat' dir='ltr'><strong>cum</strong></span> 
     </span>
    </p>
   </div>
   <div class='ocr_carea' id='block_1_73' title="bbox 257 4530 1816 4611">
    <p class='ocr_par' dir='ltr' id='par_1_73' title="bbox 257 4530 1816 4611">
     <span class='ocr_line' id='line_1_73' title="bbox 257 4530 1816 4611; baseline 0.017 -31"><span class='ocrx_word' id='word_1_539' title='bbox 257 4530 418 4599; x_wconf 76' lang='lat' dir='ltr'><strong>seipsa</strong></span> <span class='ocrx_word' id='word_1_540' title='bbox 453 4537 778 4602; x_wconf 87' lang='lat' dir='ltr'><strong>reconciliat,</strong></span> <span class='ocrx_word' id='word_1_541' title='bbox 812 4556 929 4594; x_wconf 91' lang='lat' dir='ltr'><strong>cum</strong></span> <span class='ocrx_word' id='word_1_542' title='bbox 962 4547 1124 4611; x_wconf 86' lang='lat' dir='ltr'><strong>probe</strong></span> <span class='ocrx_word' id='word_1_543' title='bbox 1156 4549 1354 4600; x_wconf 84' lang='lat' dir='ltr'><strong>noverit</strong></span> <span class='ocrx_word' id='word_1_544' title='bbox 1386 4550 1512 4602; x_wconf 91' lang='lat' dir='ltr'><strong>nihil</strong></span> <span class='ocrx_word' id='word_1_545' title='bbox 1545 4562 1816 4608; x_wconf 74' lang='lat' dir='ltr'><strong>externam</strong></span> 
     </span>
    </p>
   </div>
   <div class='ocr_carea' id='block_1_74' title="bbox 257 4626 1816 4703">
    <p class='ocr_par' dir='ltr' id='par_1_74' title="bbox 257 4626 1816 4703">
     <span class='ocr_line' id='line_1_74' title="bbox 257 4626 1816 4703; baseline 0.017 -30"><span class='ocrx_word' id='word_1_546' title='bbox 257 4626 522 4679; x_wconf 68' lang='lat' dir='ltr'><strong>Victoriam</strong></span> <span class='ocrx_word' id='word_1_547' title='bbox 574 4630 937 4698; x_wconf 84' lang='lat' dir='ltr'><strong>profuturam,</strong></span> <span class='ocrx_word' id='word_1_548' title='bbox 984 4639 1231 4703; x_wconf 88' lang='lat' dir='ltr'><strong>quamdiu</strong></span> <span class='ocrx_word' id='word_1_549' title='bbox 1279 4640 1418 4694; x_wconf 90' lang='lat' dir='ltr'><strong>intus</strong></span> <span class='ocrx_word' id='word_1_550' title='bbox 1465 4643 1632 4696; x_wconf 75' lang='lat' dir='ltr'><strong>civilia</strong></span> <span class='ocrx_word' id='word_1_551' title='bbox 1684 4646 1816 4700; x_wconf 85' lang='lat' dir='ltr'><strong>bella</strong></span> 
     </span>
    </p>
   </div>
   <div class='ocr_carea' id='block_1_75' title="bbox 253 4721 1820 4799">
    <p class='ocr_par' dir='ltr' id='par_1_75' title="bbox 253 4721 1820 4799">
     <span class='ocr_line' id='line_1_75' title="bbox 253 4721 1820 4799; baseline 0.02 -37"><span class='ocrx_word' id='word_1_552' title='bbox 253 4721 655 4779; x_wconf 82' lang='lat' dir='ltr'><strong>permanserint.</strong></span> <span class='ocrx_word' id='word_1_553' title='bbox 711 4723 770 4777; x_wconf 88' lang='lat' dir='ltr'><strong>Ut</strong></span> <span class='ocrx_word' id='word_1_554' title='bbox 818 4735 992 4780; x_wconf 72' lang='lat' dir='ltr'><strong>autum</strong></span> <span class='ocrx_word' id='word_1_555' title='bbox 1040 4729 1295 4799; x_wconf 86' lang='lat' dir='ltr'><strong>in&#39;elligas</strong></span> <span class='ocrx_word' id='word_1_556' title='bbox 1337 4733 1400 4786; x_wconf 91' lang='lat' dir='ltr'><strong>ad</strong></span> <span class='ocrx_word' id='word_1_557' title='bbox 1450 4736 1716 4790; x_wconf 90' lang='lat' dir='ltr'><strong>interitmn</strong></span> <span class='ocrx_word' id='word_1_558' title='bbox 1758 4753 1820 4793; x_wconf 90' lang='lat' dir='ltr'><strong>ac</strong></span> 
     </span>
    </p>
   </div>
   <div class='ocr_carea' id='block_1_76' title="bbox 255 4809 1817 4885">
    <p class='ocr_par' dir='ltr' id='par_1_76' title="bbox 255 4809 1817 4885">
     <span class='ocr_line' id='line_1_76' title="bbox 255 4809 1817 4885; baseline 0.017 -29"><span class='ocrx_word' id='word_1_559' title='bbox 255 4809 540 4872; x_wconf 86' lang='lat' dir='ltr'><strong>perniciem</strong></span> <span class='ocrx_word' id='word_1_560' title='bbox 575 4815 703 4868; x_wconf 74' lang='lat' dir='ltr'><strong>nihil</strong></span> <span class='ocrx_word' id='word_1_561' title='bbox 735 4832 882 4885; x_wconf 51' lang='lat' dir='ltr'><strong>atque</strong></span> <span class='ocrx_word' id='word_1_562' title='bbox 911 4835 973 4873; x_wconf 93' lang='lat' dir='ltr'><strong>ac</strong></span> <span class='ocrx_word' id='word_1_563' title='bbox 999 4822 1310 4877; x_wconf 83' lang='lat' dir='ltr'><strong>seditionem</strong></span> <span class='ocrx_word' id='word_1_564' title='bbox 1339 4836 1392 4878; x_wconf 90' lang='lat' dir='ltr'><strong>et</strong></span> <span class='ocrx_word' id='word_1_565' title='bbox 1429 4829 1817 4883; x_wconf 76' lang='lat' dir='ltr'><strong>contentioneu&#39;t</strong></span> 
     </span>
    </p>
   </div>
   <div class='ocr_carea' id='block_1_77' title="bbox 250 4898 1818 4987">
    <p class='ocr_par' dir='ltr' id='par_1_77' title="bbox 250 4898 1818 4987">
     <span class='ocr_line' id='line_1_77' title="bbox 250 4898 1818 4987; baseline 0.017 -41"><span class='ocrx_word' id='word_1_566' title='bbox 250 4898 456 4962; x_wconf 73' lang='lat' dir='ltr'><strong>valere,</strong></span> <span class='ocrx_word' id='word_1_567' title='bbox 489 4904 607 4957; x_wconf 85' lang='lat' dir='ltr'><strong>audi</strong></span> <span class='ocrx_word' id='word_1_568' title='bbox 640 4907 760 4974; x_wconf 89' lang='lat' dir='ltr'><strong>quid</strong></span> <span class='ocrx_word' id='word_1_569' title='bbox 794 4908 1034 4964; x_wconf 85' lang='lat' dir='ltr'><strong>Christus</strong></span> <span class='ocrx_word' id='word_1_570' title='bbox 1058 4912 1196 4965; x_wconf 83' lang='lat' dir='ltr'><strong>dicat</strong></span> <span class='ocrx_word' id='word_1_571' title='bbox 1229 4932 1242 4966; x_wconf 89' lang='lat'><strong>:</strong></span> <span class='ocrx_word' id='word_1_572' title='bbox 1271 4913 1491 4985; x_wconf 75' lang='lat' dir='ltr'><strong>Regnum</strong></span> <span class='ocrx_word' id='word_1_573' title='bbox 1523 4919 1573 4971; x_wconf 87' lang='lat' dir='ltr'><strong>in</strong></span> <span class='ocrx_word' id='word_1_574' title='bbox 1602 4920 1818 4987; x_wconf 85' lang='lat' dir='ltr'><strong>seipsuut</strong></span> 
     </span>
    </p>
   </div>
   <div class='ocr_carea' id='block_1_78' title="bbox 247 4991 1818 5079">
    <p class='ocr_par' dir='ltr' id='par_1_78' title="bbox 247 4991 1818 5079">
     <span class='ocr_line' id='line_1_78' title="bbox 247 4991 1818 5079; baseline 0.017 -40"><span class='ocrx_word' id='word_1_575' title='bbox 247 4991 464 5046; x_wconf 74' lang='lat' dir='ltr'><strong>divisum</strong></span> <span class='ocrx_word' id='word_1_576' title='bbox 486 5013 583 5048; x_wconf 85' lang='lat' dir='ltr'><strong>non</strong></span> <span class='ocrx_word' id='word_1_577' title='bbox 607 4998 753 5051; x_wconf 87' lang='lat' dir='ltr'><strong>stabit</strong></span> <span class='ocrx_word' id='word_1_578' title='bbox 775 4999 982 5065; x_wconf 80' lang='lat' dir='ltr'><strong>(Matth.</strong></span> <span class='ocrx_word' id='word_1_579' title='bbox 1012 5003 1094 5056; x_wconf 68' lang='lat' dir='ltr'><strong>I3.</strong></span> <span class='ocrx_word' id='word_1_580' title='bbox 1120 5003 1234 5074; x_wconf 71' lang='grc'><strong>25).</strong></span> <span class='ocrx_word' id='word_1_581' title='bbox 1261 5006 1490 5060; x_wconf 84' lang='lat' dir='ltr'><strong>Tametsi</strong></span> <span class='ocrx_word' id='word_1_582' title='bbox 1512 5009 1634 5078; x_wconf 89' lang='lat' dir='ltr'><strong>quid</strong></span> <span class='ocrx_word' id='word_1_583' title='bbox 1659 5025 1818 5079; x_wconf 85' lang='lat' dir='ltr'><strong>regno</strong></span> 
     </span>
    </p>
   </div>
   <div class='ocr_carea' id='block_1_79' title="bbox 249 5085 1822 5162">
    <p class='ocr_par' dir='ltr' id='par_1_79' title="bbox 249 5085 1822 5162">
     <span class='ocr_line' id='line_1_79' title="bbox 249 5085 1822 5162; baseline 0.015 -29"><span class='ocrx_word' id='word_1_584' title='bbox 249 5085 552 5149; x_wconf 79' lang='lat' dir='ltr'><strong>potentius,</strong></span> <span class='ocrx_word' id='word_1_585' title='bbox 600 5089 686 5141; x_wconf 89' lang='lat' dir='ltr'><strong>tthi</strong></span> <span class='ocrx_word' id='word_1_586' title='bbox 737 5093 1074 5156; x_wconf 82' lang='lat' dir='ltr'><strong>pecuniarum</strong></span> <span class='ocrx_word' id='word_1_587' title='bbox 1123 5106 1436 5162; x_wconf 83' lang='lat' dir='ltr'><strong>proventus,</strong></span> <span class='ocrx_word' id='word_1_588' title='bbox 1482 5107 1534 5152; x_wconf 88' lang='lat' dir='ltr'><strong>et</strong></span> <span class='ocrx_word' id='word_1_589' title='bbox 1579 5115 1722 5153; x_wconf 85' lang='lat' dir='ltr'><strong>arma</strong></span> <span class='ocrx_word' id='word_1_590' title='bbox 1768 5111 1822 5156; x_wconf 82' lang='lat' dir='ltr'><strong>et</strong></span> 
     </span>
    </p>
   </div>
   <div class='ocr_carea' id='block_1_80' title="bbox 245 5174 1821 5248">
    <p class='ocr_par' dir='ltr' id='par_1_80' title="bbox 245 5174 1821 5248">
     <span class='ocr_line' id='line_1_80' title="bbox 245 5174 1821 5248; baseline 0.015 -27"><span class='ocrx_word' id='word_1_591' title='bbox 245 5174 381 5225; x_wconf 89' lang='lat' dir='ltr'><strong>muri</strong></span> <span class='ocrx_word' id='word_1_592' title='bbox 426 5187 482 5228; x_wconf 87' lang='lat' dir='ltr'><strong>et</strong></span> <span class='ocrx_word' id='word_1_593' title='bbox 512 5183 898 5248; x_wconf 85' lang='lat' dir='ltr'><strong>propugnacula</strong></span> <span class='ocrx_word' id='word_1_594' title='bbox 939 5191 991 5236; x_wconf 85' lang='lat' dir='ltr'><strong>et</strong></span> <span class='ocrx_word' id='word_1_595' title='bbox 1036 5193 1210 5238; x_wconf 90' lang='lat' dir='ltr'><strong>tantus</strong></span> <span class='ocrx_word' id='word_1_596' title='bbox 1239 5188 1458 5240; x_wconf 87' lang='lat' dir='ltr'><strong>militum</strong></span> <span class='ocrx_word' id='word_1_597' title='bbox 1491 5205 1740 5244; x_wconf 90' lang='lat' dir='ltr'><strong>numerus</strong></span> <span class='ocrx_word' id='word_1_598' title='bbox 1767 5201 1821 5246; x_wconf 88' lang='lat' dir='ltr'><strong>et.</strong></span> 
     </span>
    </p>
   </div>
   <div class='ocr_carea' id='block_1_81' title="bbox 244 5264 1819 5345">
    <p class='ocr_par' dir='ltr' id='par_1_81' title="bbox 244 5264 1819 5345">
     <span class='ocr_line' id='line_1_81' title="bbox 244 5264 1819 5345; baseline 0.014 -33"><span class='ocrx_word' id='word_1_599' title='bbox 244 5264 366 5328; x_wconf 85' lang='lat' dir='ltr'><strong>equi</strong></span> <span class='ocrx_word' id='word_1_600' title='bbox 416 5274 473 5318; x_wconf 79' lang='lat' dir='ltr'><strong>et</strong></span> <span class='ocrx_word' id='word_1_601' title='bbox 508 5268 605 5320; x_wconf 88' lang='lat' dir='ltr'><strong>alia</strong></span> <span class='ocrx_word' id='word_1_602' title='bbox 655 5270 926 5324; x_wconf 83' lang='lat' dir='ltr'><strong>innumera</strong></span> <span class='ocrx_word' id='word_1_603' title='bbox 954 5314 966 5334; x_wconf 88' lang='lat'><strong>,</strong></span> <span class='ocrx_word' id='word_1_604' title='bbox 1009 5290 1124 5341; x_wconf 68' lang='lat' dir='ltr'><strong>qtae</strong></span> <span class='ocrx_word' id='word_1_605' title='bbox 1170 5276 1356 5327; x_wconf 81' lang='lat' dir='ltr'><strong>multas</strong></span> <span class='ocrx_word' id='word_1_606' title='bbox 1387 5278 1526 5330; x_wconf 83' lang='lat' dir='ltr'><strong>vires</strong></span> <span class='ocrx_word' id='word_1_607' title='bbox 1567 5281 1819 5345; x_wconf 82' lang='lat' dir='ltr'><strong>suppedi-</strong></span> 
     </span>
    </p>
   </div>
   <div class='ocr_carea' id='block_1_82' title="bbox 241 5357 1820 5438">
    <p class='ocr_par' dir='ltr' id='par_1_82' title="bbox 241 5357 1820 5438">
     <span class='ocr_line' id='line_1_82' title="bbox 241 5357 1820 5438; baseline 0.012 -32"><span class='ocrx_word' id='word_1_608' title='bbox 241 5364 355 5408; x_wconf 82' lang='lat' dir='ltr'><strong>tant</strong></span> <span class='ocrx_word' id='word_1_609' title='bbox 376 5357 804 5426; x_wconf 43' lang='lat' dir='ltr'><strong>{Verumtamen</strong></span> <span class='ocrx_word' id='word_1_610' title='bbox 845 5374 984 5418; x_wconf 90' lang='lat' dir='ltr'><strong>tanta</strong></span> <span class='ocrx_word' id='word_1_611' title='bbox 1017 5368 1244 5434; x_wconf 88' lang='lat' dir='ltr'><strong>potentia</strong></span> <span class='ocrx_word' id='word_1_612' title='bbox 1273 5369 1553 5435; x_wconf 67' lang='lat' dir='ltr'><strong>di~sipatur</strong></span> <span class='ocrx_word' id='word_1_613' title='bbox 1577 5386 1697 5424; x_wconf 92' lang='lat' dir='ltr'><strong>cum</strong></span> <span class='ocrx_word' id='word_1_614' title='bbox 1729 5387 1820 5438; x_wconf 88' lang='lat' dir='ltr'><strong>per</strong></span> 
     </span>
    </p>
   </div>
   <div class='ocr_carea' id='block_1_83' title="bbox 239 5445 1820 5526">
    <p class='ocr_par' dir='ltr' id='par_1_83' title="bbox 239 5445 1820 5526">
     <span class='ocr_line' id='line_1_83' title="bbox 239 5445 1820 5526; baseline 0.014 -32"><span class='ocrx_word' id='word_1_615' title='bbox 239 5445 526 5500; x_wconf 88' lang='lat' dir='ltr'><strong>dissiditttn</strong></span> <span class='ocrx_word' id='word_1_616' title='bbox 557 5452 608 5505; x_wconf 89' lang='lat' dir='ltr'><strong>in</strong></span> <span class='ocrx_word' id='word_1_617' title='bbox 640 5454 866 5522; x_wconf 83' lang='lat' dir='ltr'><strong>seipsatn</strong></span> <span class='ocrx_word' id='word_1_618' title='bbox 909 5456 1148 5526; x_wconf 87' lang='lat' dir='ltr'><strong>insurgit.</strong></span> <span class='ocrx_word' id='word_1_619' title='bbox 1195 5457 1331 5512; x_wconf 77' lang='lat' dir='ltr'><strong>Nihil</strong></span> <span class='ocrx_word' id='word_1_620' title='bbox 1365 5461 1500 5512; x_wconf 87' lang='lat' dir='ltr'><strong>cuitu</strong></span> <span class='ocrx_word' id='word_1_621' title='bbox 1547 5462 1820 5516; x_wconf 81' lang='lat' dir='ltr'><strong>imbecilli-</strong></span> 
     </span>
    </p>
   </div>
   <div class='ocr_carea' id='block_1_84' title="bbox 242 5540 1820 5619">
    <p class='ocr_par' dir='ltr' id='par_1_84' title="bbox 242 5540 1820 5619">
     <span class='ocr_line' id='line_1_84' title="bbox 242 5540 1820 5619; baseline 0.011 -32"><span class='ocrx_word' id='word_1_622' title='bbox 242 5546 410 5592; x_wconf 82' lang='lat' dir='ltr'><strong>tatem</strong></span> <span class='ocrx_word' id='word_1_623' title='bbox 441 5540 575 5595; x_wconf 84' lang='lat' dir='ltr'><strong>adeo</strong></span> <span class='ocrx_word' id='word_1_624' title='bbox 605 5558 792 5611; x_wconf 86' lang='lat' dir='ltr'><strong>parare</strong></span> <span class='ocrx_word' id='word_1_625' title='bbox 818 5545 972 5606; x_wconf 85' lang='lat' dir='ltr'><strong>solet.</strong></span> <span class='ocrx_word' id='word_1_626' title='bbox 1004 5557 1058 5600; x_wconf 79' lang='grc' dir='ltr'><strong>ιιι</strong></span> <span class='ocrx_word' id='word_1_627' title='bbox 1085 5549 1192 5600; x_wconf 77' lang='lat' dir='ltr'><strong>rixa</strong></span> <span class='ocrx_word' id='word_1_628' title='bbox 1223 5559 1274 5602; x_wconf 90' lang='lat' dir='ltr'><strong>et</strong></span> <span class='ocrx_word' id='word_1_629' title='bbox 1303 5551 1570 5603; x_wconf 84' lang='lat' dir='ltr'><strong>contentio</strong></span> <span class='ocrx_word' id='word_1_630' title='bbox 1595 5569 1607 5604; x_wconf 92' lang='lat'><strong>:</strong></span> <span class='ocrx_word' id='word_1_631' title='bbox 1635 5567 1820 5619; x_wconf 86' lang='lat' dir='ltr'><strong>quem-</strong></span> 
     </span>
    </p>
   </div>
   <div class='ocr_carea' id='block_1_85' title="bbox 244 5630 1818 5709">
    <p class='ocr_par' dir='ltr' id='par_1_85' title="bbox 244 5630 1818 5709">
     <span class='ocr_line' id='line_1_85' title="bbox 244 5630 1818 5709; baseline 0.009 -29"><span class='ocrx_word' id='word_1_632' title='bbox 244 5630 539 5684; x_wconf 75' lang='lat' dir='ltr'><strong>admodum</strong></span> <span class='ocrx_word' id='word_1_633' title='bbox 566 5633 694 5687; x_wconf 88' lang='lat' dir='ltr'><strong>nihil</strong></span> <span class='ocrx_word' id='word_1_634' title='bbox 726 5633 856 5689; x_wconf 84' lang='lat' dir='ltr'><strong>adeo</strong></span> <span class='ocrx_word' id='word_1_635' title='bbox 878 5638 1013 5690; x_wconf 83' lang='lat' dir='ltr'><strong>vires</strong></span> <span class='ocrx_word' id='word_1_636' title='bbox 1044 5638 1096 5687; x_wconf 71' lang='lat' dir='ltr'><strong>et</strong></span> <span class='ocrx_word' id='word_1_637' title='bbox 1123 5639 1427 5709; x_wconf 75' lang='lat' dir='ltr'><strong>potentiam,</strong></span> <span class='ocrx_word' id='word_1_638' title='bbox 1456 5655 1514 5693; x_wconf 78' lang='lat' dir='ltr'><strong>ac</strong></span> <span class='ocrx_word' id='word_1_639' title='bbox 1547 5640 1736 5696; x_wconf 88' lang='lat' dir='ltr'><strong>caritas</strong></span> <span class='ocrx_word' id='word_1_640' title='bbox 1767 5648 1818 5694; x_wconf 86' lang='lat' dir='ltr'><strong>et</strong></span> 
     </span>
    </p>
   </div>
   <div class='ocr_carea' id='block_1_86' title="bbox 1925 3200 3490 3270">
    <p class='ocr_par' dir='ltr' id='par_1_86' title="bbox 1925 3200 3490 3270">
     <span class='ocr_line' id='line_1_86' title="bbox 1925 3200 3490 3270; baseline 0.001 -16"><span class='ocrx_word' id='word_1_641' title='bbox 1925 3201 2228 3255; x_wconf 89' lang='lat' dir='ltr'><strong>concordia.</strong></span> <span class='ocrx_word' id='word_1_642' title='bbox 2273 3201 2422 3269; x_wconf 87' lang='lat' dir='ltr'><strong>Quod</strong></span> <span class='ocrx_word' id='word_1_643' title='bbox 2452 3216 2571 3254; x_wconf 88' lang='lat' dir='ltr'><strong>cum</strong></span> <span class='ocrx_word' id='word_1_644' title='bbox 2616 3201 2926 3270; x_wconf 85' lang='lat' dir='ltr'><strong>intelligeret</strong></span> <span class='ocrx_word' id='word_1_645' title='bbox 2972 3200 3222 3254; x_wconf 81' lang='lat' dir='ltr'><strong>Salomon</strong></span> <span class='ocrx_word' id='word_1_646' title='bbox 3262 3201 3490 3268; x_wconf 90' lang='lat' dir='ltr'><strong>diccbat,</strong></span> 
     </span>
    </p>
   </div>
   <div class='ocr_carea' id='block_1_87' title="bbox 1925 3289 3492 3362">
    <p class='ocr_par' dir='ltr' id='par_1_87' title="bbox 1925 3289 3492 3362">
     <span class='ocr_line' id='line_1_87' title="bbox 1925 3289 3492 3362; baseline 0.001 -19"><span class='ocrx_word' id='word_1_647' title='bbox 1925 3289 2108 3344; x_wconf 84' lang='lat' dir='ltr'><strong>Frater</strong></span> <span class='ocrx_word' id='word_1_648' title='bbox 2132 3292 2217 3361; x_wconf 88' lang='lat' dir='ltr'><strong>qui</strong></span> <span class='ocrx_word' id='word_1_649' title='bbox 2243 3291 2515 3356; x_wconf 77' lang='lat' dir='ltr'><strong>adiuvatur</strong></span> <span class='ocrx_word' id='word_1_650' title='bbox 2548 3307 2580 3342; x_wconf 92' lang='lat' dir='ltr'><strong>a</strong></span> <span class='ocrx_word' id='word_1_651' title='bbox 2609 3291 2765 3359; x_wconf 80' lang='lat' dir='ltr'><strong>fratre</strong></span> <span class='ocrx_word' id='word_1_652' title='bbox 2785 3332 2800 3356; x_wconf 97' lang='lat'><strong>,</strong></span> <span class='ocrx_word' id='word_1_653' title='bbox 2843 3290 2985 3362; x_wconf 85' lang='lat' dir='ltr'><strong>quasi</strong></span> <span class='ocrx_word' id='word_1_654' title='bbox 3013 3293 3184 3344; x_wconf 78' lang='lat' dir='ltr'><strong>civitas</strong></span> <span class='ocrx_word' id='word_1_655' title='bbox 3215 3292 3362 3357; x_wconf 83' lang='lat' dir='ltr'><strong>ﬁrma</strong></span> <span class='ocrx_word' id='word_1_656' title='bbox 3383 3333 3397 3354; x_wconf 95' lang='lat'><strong>,</strong></span> <span class='ocrx_word' id='word_1_657' title='bbox 3444 3303 3492 3345; x_wconf 85' lang='lat' dir='ltr'><strong>et</strong></span> 
     </span>
    </p>
   </div>
   <div class='ocr_carea' id='block_1_88' title="bbox 1923 3381 3493 3453">
    <p class='ocr_par' dir='ltr' id='par_1_88' title="bbox 1923 3381 3493 3453">
     <span class='ocr_line' id='line_1_88' title="bbox 1923 3381 3493 3453; baseline 0.001 -19"><span class='ocrx_word' id='word_1_658' title='bbox 1923 3382 2152 3435; x_wconf 87' lang='lat' dir='ltr'><strong>clausum</strong></span> <span class='ocrx_word' id='word_1_659' title='bbox 2177 3390 2306 3435; x_wconf 62' lang='lat' dir='ltr'><strong>recte</strong></span> <span class='ocrx_word' id='word_1_660' title='bbox 2332 3397 2536 3452; x_wconf 85' lang='lat' dir='ltr'><strong>regnum</strong></span> <span class='ocrx_word' id='word_1_661' title='bbox 2567 3381 2743 3452; x_wconf 85' lang='lat' dir='ltr'><strong>(Prov.</strong></span> <span class='ocrx_word' id='word_1_662' title='bbox 2769 3383 2854 3437; x_wconf 81' lang='lat' dir='ltr'><strong>I8.</strong></span> <span class='ocrx_word' id='word_1_663' title='bbox 2879 3383 2990 3453; x_wconf 77' lang='lat' dir='ltr'><strong>I9).</strong></span> <span class='ocrx_word' id='word_1_664' title='bbox 3023 3383 3180 3436; x_wconf 69' lang='lat' dir='ltr'><strong>Vides</strong></span> <span class='ocrx_word' id='word_1_665' title='bbox 3205 3392 3396 3452; x_wconf 85' lang='lat' dir='ltr'><strong>quanta</strong></span> <span class='ocrx_word' id='word_1_666' title='bbox 3423 3383 3493 3436; x_wconf 85' lang='lat' dir='ltr'><strong>sit</strong></span> 
     </span>
    </p>
   </div>
   <div class='ocr_carea' id='block_1_89' title="bbox 1923 3474 3492 3543">
    <p class='ocr_par' dir='ltr' id='par_1_89' title="bbox 1923 3474 3492 3543">
     <span class='ocr_line' id='line_1_89' title="bbox 1923 3474 3492 3543; baseline 0 -15"><span class='ocrx_word' id='word_1_667' title='bbox 1923 3477 2002 3528; x_wconf 85' lang='lat' dir='ltr'><strong>vis</strong></span> <span class='ocrx_word' id='word_1_668' title='bbox 2031 3474 2371 3528; x_wconf 71' lang='lat' dir='ltr'><strong>concordite?</strong></span> <span class='ocrx_word' id='word_1_669' title='bbox 2399 3484 2650 3543; x_wconf 89' lang='lat' dir='ltr'><strong>quantum</strong></span> <span class='ocrx_word' id='word_1_670' title='bbox 2677 3475 3034 3529; x_wconf 90' lang='lat' dir='ltr'><strong>contentionis</strong></span> <span class='ocrx_word' id='word_1_671' title='bbox 3073 3475 3446 3530; x_wconf 86' lang='lat' dir='ltr'><strong>detrimentum</strong></span> <span class='ocrx_word' id='word_1_672' title='bbox 3467 3477 3492 3528; x_wconf 86' lang='lat'><strong>?</strong></span> 
     </span>
    </p>
   </div>
   <div class='ocr_carea' id='block_1_90' title="bbox 1925 3566 3492 3636">
    <p class='ocr_par' dir='ltr' id='par_1_90' title="bbox 1925 3566 3492 3636">
     <span class='ocr_line' id='line_1_90' title="bbox 1925 3566 3492 3636; baseline 0.001 -16"><span class='ocrx_word' id='word_1_673' title='bbox 1925 3566 2161 3636; x_wconf 83' lang='lat' dir='ltr'><strong>Regnum</strong></span> <span class='ocrx_word' id='word_1_674' title='bbox 2206 3567 2468 3620; x_wconf 88' lang='lat' dir='ltr'><strong>seditione</strong></span> <span class='ocrx_word' id='word_1_675' title='bbox 2511 3566 2734 3620; x_wconf 85' lang='lat' dir='ltr'><strong>divisum</strong></span> <span class='ocrx_word' id='word_1_676' title='bbox 2774 3567 3110 3628; x_wconf 83' lang='lat' dir='ltr'><strong>dissolvitur.</strong></span> <span class='ocrx_word' id='word_1_677' title='bbox 3156 3568 3259 3621; x_wconf 87' lang='lat' dir='ltr'><strong>duo</strong></span> <span class='ocrx_word' id='word_1_678' title='bbox 3285 3583 3409 3622; x_wconf 82' lang='lat' dir='ltr'><strong>vero</strong></span> <span class='ocrx_word' id='word_1_679' title='bbox 3437 3571 3492 3622; x_wconf 91' lang='lat' dir='ltr'><strong>in</strong></span> 
     </span>
    </p>
   </div>
   <div class='ocr_carea' id='block_1_91' title="bbox 1925 3656 3489 3726">
    <p class='ocr_par' dir='ltr' id='par_1_91' title="bbox 1925 3656 3489 3726">
     <span class='ocr_line' id='line_1_91' title="bbox 1925 3656 3489 3726; baseline 0.001 -18"><span class='ocrx_word' id='word_1_680' title='bbox 1925 3671 2082 3708; x_wconf 90' lang='lat' dir='ltr'><strong>tmtnn</strong></span> <span class='ocrx_word' id='word_1_681' title='bbox 2126 3656 2290 3724; x_wconf 85' lang='lat' dir='ltr'><strong>juncti</strong></span> <span class='ocrx_word' id='word_1_682' title='bbox 2335 3665 2388 3710; x_wconf 87' lang='lat' dir='ltr'><strong>et</strong></span> <span class='ocrx_word' id='word_1_683' title='bbox 2427 3657 2562 3710; x_wconf 89' lang='lat' dir='ltr'><strong>inter</strong></span> <span class='ocrx_word' id='word_1_684' title='bbox 2605 3672 2662 3710; x_wconf 88' lang='lat' dir='ltr'><strong>se</strong></span> <span class='ocrx_word' id='word_1_685' title='bbox 2691 3656 2918 3710; x_wconf 81' lang='lat' dir='ltr'><strong>devincti</strong></span> <span class='ocrx_word' id='word_1_686' title='bbox 2950 3659 3115 3725; x_wconf 85' lang='lat' dir='ltr'><strong>magis</strong></span> <span class='ocrx_word' id='word_1_687' title='bbox 3139 3673 3295 3726; x_wconf 89' lang='lat' dir='ltr'><strong>quam</strong></span> <span class='ocrx_word' id='word_1_688' title='bbox 3327 3660 3489 3712; x_wconf 90' lang='lat' dir='ltr'><strong>ullum</strong></span> 
     </span>
    </p>
   </div>
   <div class='ocr_carea' id='block_1_92' title="bbox 1927 3746 3492 3815">
    <p class='ocr_par' dir='ltr' id='par_1_92' title="bbox 1927 3746 3492 3815">
     <span class='ocr_line' id='line_1_92' title="bbox 1927 3746 3492 3815; baseline 0.003 -20"><span class='ocrx_word' id='word_1_689' title='bbox 1927 3748 2371 3814; x_wconf 81' lang='lat' dir='ltr'><strong>propugnaculum</strong></span> <span class='ocrx_word' id='word_1_690' title='bbox 2400 3755 2522 3800; x_wconf 92' lang='lat' dir='ltr'><strong>sunt</strong></span> <span class='ocrx_word' id='word_1_691' title='bbox 2567 3746 2966 3814; x_wconf 87' lang='lat' dir='ltr'><strong>insuperabiles.</strong></span> <span class='ocrx_word' id='word_1_692' title='bbox 2999 3749 3072 3799; x_wconf 84' lang='lat' dir='ltr'><strong>Ac</strong></span> <span class='ocrx_word' id='word_1_693' title='bbox 3099 3749 3208 3800; x_wconf 77' lang='lat' dir='ltr'><strong>scio</strong></span> <span class='ocrx_word' id='word_1_694' title='bbox 3249 3747 3492 3815; x_wconf 90' lang='lat' dir='ltr'><strong>equidem</strong></span> 
     </span>
    </p>
   </div>
   <div class='ocr_carea' id='block_1_93' title="bbox 1926 3835 3492 3903">
    <p class='ocr_par' dir='ltr' id='par_1_93' title="bbox 1926 3835 3492 3903">
     <span class='ocr_line' id='line_1_93' title="bbox 1926 3835 3492 3903; baseline 0.002 -17"><span class='ocrx_word' id='word_1_695' title='bbox 1926 3850 2018 3902; x_wconf 84' lang='lat' dir='ltr'><strong>per</strong></span> <span class='ocrx_word' id='word_1_696' title='bbox 2047 3836 2134 3887; x_wconf 80' lang='lat' dir='ltr'><strong>ltei</strong></span> <span class='ocrx_word' id='word_1_697' title='bbox 2165 3835 2386 3903; x_wconf 86' lang='lat' dir='ltr'><strong>gratiam</strong></span> <span class='ocrx_word' id='word_1_698' title='bbox 2415 3835 2670 3902; x_wconf 85' lang='lat' dir='ltr'><strong>potiorem</strong></span> <span class='ocrx_word' id='word_1_699' title='bbox 2700 3835 2855 3902; x_wconf 91' lang='lat' dir='ltr'><strong>hujus</strong></span> <span class='ocrx_word' id='word_1_700' title='bbox 2879 3835 3052 3903; x_wconf 77' lang='lat' dir='ltr'><strong>gregis</strong></span> <span class='ocrx_word' id='word_1_701' title='bbox 3079 3844 3280 3903; x_wconf 89' lang='lat' dir='ltr'><strong>partem</strong></span> <span class='ocrx_word' id='word_1_702' title='bbox 3306 3835 3372 3888; x_wconf 89' lang='lat' dir='ltr'><strong>ab</strong></span> <span class='ocrx_word' id='word_1_703' title='bbox 3394 3836 3492 3890; x_wconf 87' lang='lat' dir='ltr'><strong>hac</strong></span> 
     </span>
    </p>
   </div>
   <div class='ocr_carea' id='block_1_94' title="bbox 1923 3923 3485 3993">
    <p class='ocr_par' dir='ltr' id='par_1_94' title="bbox 1923 3923 3485 3993">
     <span class='ocr_line' id='line_1_94' title="bbox 1923 3923 3485 3993; baseline 0.003 -19"><span class='ocrx_word' id='word_1_704' title='bbox 1923 3923 2232 3988; x_wconf 77' lang='lat' dir='ltr'><strong>a~gritudine</strong></span> <span class='ocrx_word' id='word_1_705' title='bbox 2260 3923 2544 3977; x_wconf 88' lang='lat' dir='ltr'><strong>immunem</strong></span> <span class='ocrx_word' id='word_1_706' title='bbox 2572 3938 2711 3987; x_wconf 90' lang='lat' dir='ltr'><strong>esse,</strong></span> <span class='ocrx_word' id='word_1_707' title='bbox 2751 3931 2806 3977; x_wconf 90' lang='lat' dir='ltr'><strong>et</strong></span> <span class='ocrx_word' id='word_1_708' title='bbox 2843 3939 3040 3993; x_wconf 74' lang='lat' dir='ltr'><strong>paucos</strong></span> <span class='ocrx_word' id='word_1_709' title='bbox 3069 3925 3308 3979; x_wconf 82' lang='lat' dir='ltr'><strong>lttut‘bttttt</strong></span> <span class='ocrx_word' id='word_1_710' title='bbox 3340 3926 3485 3980; x_wconf 85' lang='lat' dir='ltr'><strong>iuva-</strong></span> 
     </span>
    </p>
   </div>
   <div class='ocr_carea' id='block_1_95' title="bbox 1923 4013 3488 4086">
    <p class='ocr_par' dir='ltr' id='par_1_95' title="bbox 1923 4013 3488 4086">
     <span class='ocr_line' id='line_1_95' title="bbox 1923 4013 3488 4086; baseline 0.005 -22"><span class='ocrx_word' id='word_1_711' title='bbox 1923 4013 2075 4072; x_wconf 67' lang='lat' dir='ltr'><strong>siSsc.</strong></span> <span class='ocrx_word' id='word_1_712' title='bbox 2109 4029 2211 4066; x_wconf 90' lang='lat' dir='ltr'><strong>non</strong></span> <span class='ocrx_word' id='word_1_713' title='bbox 2241 4023 2413 4066; x_wconf 90' lang='lat' dir='ltr'><strong>tamen</strong></span> <span class='ocrx_word' id='word_1_714' title='bbox 2443 4014 2638 4068; x_wconf 88' lang='lat' dir='ltr'><strong>idcirco</strong></span> <span class='ocrx_word' id='word_1_715' title='bbox 2665 4023 2741 4068; x_wconf 88' lang='lat' dir='ltr'><strong>est</strong></span> <span class='ocrx_word' id='word_1_716' title='bbox 2771 4017 2974 4068; x_wconf 88' lang='lat' dir='ltr'><strong>curatio</strong></span> <span class='ocrx_word' id='word_1_717' title='bbox 3003 4017 3329 4086; x_wconf 77' lang='lat' dir='ltr'><strong>negligenda.</strong></span> <span class='ocrx_word' id='word_1_718' title='bbox 3357 4017 3488 4072; x_wconf 83' lang='lat' dir='ltr'><strong>Nam</strong></span> 
     </span>
    </p>
   </div>
   <div class='ocr_carea' id='block_1_96' title="bbox 1930 4103 3491 4175">
    <p class='ocr_par' dir='ltr' id='par_1_96' title="bbox 1930 4103 3491 4175">
     <span class='ocr_line' id='line_1_96' title="bbox 1930 4103 3491 4175; baseline 0.003 -16"><span class='ocrx_word' id='word_1_719' title='bbox 1930 4103 2022 4159; x_wconf 81' lang='lat' dir='ltr'><strong>etsi</strong></span> <span class='ocrx_word' id='word_1_720' title='bbox 2044 4103 2226 4158; x_wconf 86' lang='lat' dir='ltr'><strong>decem</strong></span> <span class='ocrx_word' id='word_1_721' title='bbox 2260 4114 2482 4169; x_wconf 90' lang='lat' dir='ltr'><strong>tantum,</strong></span> <span class='ocrx_word' id='word_1_722' title='bbox 2525 4106 2623 4159; x_wconf 87' lang='lat' dir='ltr'><strong>etsi</strong></span> <span class='ocrx_word' id='word_1_723' title='bbox 2651 4108 2900 4175; x_wconf 89' lang='lat' dir='ltr'><strong>quinque,</strong></span> <span class='ocrx_word' id='word_1_724' title='bbox 2934 4109 3030 4159; x_wconf 85' lang='lat' dir='ltr'><strong>etsi</strong></span> <span class='ocrx_word' id='word_1_725' title='bbox 3059 4107 3185 4171; x_wconf 80' lang='lat' dir='ltr'><strong>duo,</strong></span> <span class='ocrx_word' id='word_1_726' title='bbox 3227 4109 3325 4161; x_wconf 84' lang='lat' dir='ltr'><strong>etsi</strong></span> <span class='ocrx_word' id='word_1_727' title='bbox 3354 4125 3491 4163; x_wconf 89' lang='lat' dir='ltr'><strong>unus</strong></span> 
     </span>
    </p>
   </div>
   <div class='ocr_carea' id='block_1_97' title="bbox 1924 4196 3489 4265">
    <p class='ocr_par' dir='ltr' id='par_1_97' title="bbox 1924 4196 3489 4265">
     <span class='ocr_line' id='line_1_97' title="bbox 1924 4196 3489 4265; baseline 0.004 -21"><span class='ocrx_word' id='word_1_728' title='bbox 1924 4203 2127 4246; x_wconf 83' lang='lat' dir='ltr'><strong>tantum</strong></span> <span class='ocrx_word' id='word_1_729' title='bbox 2159 4203 2298 4248; x_wconf 83' lang='lat' dir='ltr'><strong>esset</strong></span> <span class='ocrx_word' id='word_1_730' title='bbox 2331 4205 2576 4262; x_wconf 78' lang='lat' dir='ltr'><strong>a~grotns,</strong></span> <span class='ocrx_word' id='word_1_731' title='bbox 2625 4210 2691 4249; x_wconf 87' lang='lat' dir='ltr'><strong>ne</strong></span> <span class='ocrx_word' id='word_1_732' title='bbox 2731 4196 2808 4250; x_wconf 84' lang='lat' dir='ltr'><strong>sic</strong></span> <span class='ocrx_word' id='word_1_733' title='bbox 2848 4197 3057 4264; x_wconf 81' lang='lat' dir='ltr'><strong>quidem</strong></span> <span class='ocrx_word' id='word_1_734' title='bbox 3104 4197 3291 4265; x_wconf 75' lang='lat' dir='ltr'><strong>negligi</strong></span> <span class='ocrx_word' id='word_1_735' title='bbox 3326 4212 3489 4264; x_wconf 80' lang='lat' dir='ltr'><strong>opor-</strong></span> 
     </span>
    </p>
   </div>
   <div class='ocr_carea' id='block_1_98' title="bbox 1925 4284 3490 4351">
    <p class='ocr_par' dir='ltr' id='par_1_98' title="bbox 1925 4284 3490 4351">
     <span class='ocr_line' id='line_1_98' title="bbox 1925 4284 3490 4351; baseline 0.004 -16"><span class='ocrx_word' id='word_1_736' title='bbox 1925 4292 2075 4336; x_wconf 89' lang='lat' dir='ltr'><strong>teret.</strong></span> <span class='ocrx_word' id='word_1_737' title='bbox 2105 4284 2250 4337; x_wconf 89' lang='lat' dir='ltr'><strong>Licet</strong></span> <span class='ocrx_word' id='word_1_738' title='bbox 2275 4286 2414 4338; x_wconf 89' lang='lat' dir='ltr'><strong>enim</strong></span> <span class='ocrx_word' id='word_1_739' title='bbox 2443 4286 2526 4339; x_wconf 86' lang='lat' dir='ltr'><strong>vel</strong></span> <span class='ocrx_word' id='word_1_740' title='bbox 2553 4301 2686 4338; x_wconf 88' lang='lat' dir='ltr'><strong>ttnus</strong></span> <span class='ocrx_word' id='word_1_741' title='bbox 2715 4285 2780 4339; x_wconf 89' lang='lat' dir='ltr'><strong>sit</strong></span> <span class='ocrx_word' id='word_1_742' title='bbox 2809 4286 2926 4338; x_wconf 88' lang='lat' dir='ltr'><strong>vilis</strong></span> <span class='ocrx_word' id='word_1_743' title='bbox 2956 4296 3005 4338; x_wconf 90' lang='lat' dir='ltr'><strong>et</strong></span> <span class='ocrx_word' id='word_1_744' title='bbox 3033 4287 3296 4351; x_wconf 75' lang='lat' dir='ltr'><strong>ahjcctus,</strong></span> <span class='ocrx_word' id='word_1_745' title='bbox 3331 4286 3490 4341; x_wconf 78' lang='lat' dir='ltr'><strong>frater</strong></span> 
     </span>
    </p>
   </div>
   <div class='ocr_carea' id='block_1_99' title="bbox 1924 4375 3490 4443">
    <p class='ocr_par' dir='ltr' id='par_1_99' title="bbox 1924 4375 3490 4443">
     <span class='ocr_line' id='line_1_99' title="bbox 1924 4375 3490 4443; baseline 0.002 -16"><span class='ocrx_word' id='word_1_746' title='bbox 1924 4382 2096 4428; x_wconf 88' lang='lat' dir='ltr'><strong>tamen</strong></span> <span class='ocrx_word' id='word_1_747' title='bbox 2145 4383 2226 4428; x_wconf 88' lang='lat' dir='ltr'><strong>est</strong></span> <span class='ocrx_word' id='word_1_748' title='bbox 2271 4387 2484 4443; x_wconf 89' lang='lat' dir='ltr'><strong>propter</strong></span> <span class='ocrx_word' id='word_1_749' title='bbox 2528 4390 2684 4443; x_wconf 91' lang='lat' dir='ltr'><strong>quem</strong></span> <span class='ocrx_word' id='word_1_750' title='bbox 2732 4383 2970 4428; x_wconf 91' lang='lat' dir='ltr'><strong>mortuus</strong></span> <span class='ocrx_word' id='word_1_751' title='bbox 3014 4387 3093 4426; x_wconf 86' lang='lat' dir='ltr'><strong>est</strong></span> <span class='ocrx_word' id='word_1_752' title='bbox 3120 4375 3398 4440; x_wconf 77' lang='lat' dir='ltr'><strong>Christus,</strong></span> <span class='ocrx_word' id='word_1_753' title='bbox 3435 4384 3490 4430; x_wconf 88' lang='lat' dir='ltr'><strong>et</strong></span> 
     </span>
    </p>
   </div>
   <div class='ocr_carea' id='block_1_100' title="bbox 1922 4462 3492 4535">
    <p class='ocr_par' dir='ltr' id='par_1_100' title="bbox 1922 4462 3492 4535">
     <span class='ocr_line' id='line_1_100' title="bbox 1922 4462 3492 4535; baseline 0.003 -20"><span class='ocrx_word' id='word_1_754' title='bbox 1922 4477 2165 4530; x_wconf 84' lang='lat' dir='ltr'><strong>magnam</strong></span> <span class='ocrx_word' id='word_1_755' title='bbox 2197 4462 2375 4516; x_wconf 89' lang='lat' dir='ltr'><strong>vilium</strong></span> <span class='ocrx_word' id='word_1_756' title='bbox 2418 4463 2673 4517; x_wconf 90' lang='lat' dir='ltr'><strong>rationem</strong></span> <span class='ocrx_word' id='word_1_757' title='bbox 2703 4463 2857 4517; x_wconf 88' lang='lat' dir='ltr'><strong>habet</strong></span> <span class='ocrx_word' id='word_1_758' title='bbox 2887 4465 3145 4517; x_wconf 71' lang='lat' dir='ltr'><strong>Christus.</strong></span> <span class='ocrx_word' id='word_1_759' title='bbox 3185 4465 3492 4535; x_wconf 80' lang='lat' dir='ltr'><strong>Quicumque</strong></span> 
     </span>
    </p>
   </div>
   <div class='ocr_carea' id='block_1_101' title="bbox 1922 4551 3494 4621">
    <p class='ocr_par' dir='ltr' id='par_1_101' title="bbox 1922 4551 3494 4621">
     <span class='ocr_line' id='line_1_101' title="bbox 1922 4551 3494 4621; baseline 0.003 -19"><span class='ocrx_word' id='word_1_760' title='bbox 1922 4551 2353 4618; x_wconf 76' lang='lat' dir='ltr'><strong>scandalizaverit,</strong></span> <span class='ocrx_word' id='word_1_761' title='bbox 2388 4551 2583 4620; x_wconf 88' lang='lat' dir='ltr'><strong>inquit,</strong></span> <span class='ocrx_word' id='word_1_762' title='bbox 2614 4568 2769 4604; x_wconf 86' lang='lat' dir='ltr'><strong>unum</strong></span> <span class='ocrx_word' id='word_1_763' title='bbox 2797 4551 2860 4604; x_wconf 85' lang='lat' dir='ltr'><strong>de</strong></span> <span class='ocrx_word' id='word_1_764' title='bbox 2887 4553 3081 4621; x_wconf 83' lang='lat' dir='ltr'><strong>pusillis</strong></span> <span class='ocrx_word' id='word_1_765' title='bbox 3110 4553 3246 4618; x_wconf 64' lang='lat' dir='ltr'><strong>istis,</strong></span> <span class='ocrx_word' id='word_1_766' title='bbox 3291 4554 3494 4621; x_wconf 76' lang='lat' dir='ltr'><strong>expedit</strong></span> 
     </span>
    </p>
   </div>
   <div class='ocr_carea' id='block_1_102' title="bbox 1922 4642 3489 4712">
    <p class='ocr_par' dir='ltr' id='par_1_102' title="bbox 1922 4642 3489 4712">
     <span class='ocr_line' id='line_1_102' title="bbox 1922 4642 3489 4712; baseline 0.001 -17"><span class='ocrx_word' id='word_1_767' title='bbox 1922 4643 1985 4706; x_wconf 87' lang='lat' dir='ltr'><strong>ei,</strong></span> <span class='ocrx_word' id='word_1_768' title='bbox 2011 4652 2062 4694; x_wconf 90' lang='lat' dir='ltr'><strong>ut</strong></span> <span class='ocrx_word' id='word_1_769' title='bbox 2086 4643 2421 4710; x_wconf 77' lang='lat' dir='ltr'><strong>surpendatur</strong></span> <span class='ocrx_word' id='word_1_770' title='bbox 2446 4644 2579 4694; x_wconf 87' lang='lat' dir='ltr'><strong>mola</strong></span> <span class='ocrx_word' id='word_1_771' title='bbox 2604 4642 2826 4694; x_wconf 83' lang='lat' dir='ltr'><strong>asinaria</strong></span> <span class='ocrx_word' id='word_1_772' title='bbox 2851 4643 2903 4694; x_wconf 88' lang='lat' dir='ltr'><strong>in</strong></span> <span class='ocrx_word' id='word_1_773' title='bbox 2924 4642 3054 4695; x_wconf 85' lang='lat' dir='ltr'><strong>collo</strong></span> <span class='ocrx_word' id='word_1_774' title='bbox 3077 4643 3186 4712; x_wconf 82' lang='lat' dir='ltr'><strong>ejus</strong></span> <span class='ocrx_word' id='word_1_775' title='bbox 3229 4654 3272 4696; x_wconf 87' lang='lat' dir='ltr'><strong>et</strong></span> <span class='ocrx_word' id='word_1_776' title='bbox 3300 4643 3489 4696; x_wconf 84' lang='lat' dir='ltr'><strong>demer-</strong></span> 
     </span>
    </p>
   </div>
   <div class='ocr_carea' id='block_1_103' title="bbox 1922 4733 3492 4805">
    <p class='ocr_par' dir='ltr' id='par_1_103' title="bbox 1922 4733 3492 4805">
     <span class='ocr_line' id='line_1_103' title="bbox 1922 4733 3492 4805; baseline 0 -19"><span class='ocrx_word' id='word_1_777' title='bbox 1922 4744 2068 4804; x_wconf 88' lang='lat' dir='ltr'><strong>gatur</strong></span> <span class='ocrx_word' id='word_1_778' title='bbox 2099 4735 2148 4786; x_wconf 87' lang='lat' dir='ltr'><strong>in</strong></span> <span class='ocrx_word' id='word_1_779' title='bbox 2176 4751 2312 4786; x_wconf 79' lang='lat' dir='ltr'><strong>mare</strong></span> <span class='ocrx_word' id='word_1_780' title='bbox 2341 4733 2549 4805; x_wconf 81' lang='lat' dir='ltr'><strong>(Matth.</strong></span> <span class='ocrx_word' id='word_1_781' title='bbox 2579 4735 2661 4788; x_wconf 75' lang='grc'><strong>18.</strong></span> <span class='ocrx_word' id='word_1_782' title='bbox 2685 4733 2738 4803; x_wconf 81' lang='grc'><strong>6)</strong></span> <span class='ocrx_word' id='word_1_783' title='bbox 2767 4751 2778 4784; x_wconf 90' lang='lat'><strong>:</strong></span> <span class='ocrx_word' id='word_1_784' title='bbox 2803 4742 2857 4786; x_wconf 87' lang='lat' dir='ltr'><strong>et</strong></span> <span class='ocrx_word' id='word_1_785' title='bbox 2885 4750 3083 4793; x_wconf 61' lang='lat' dir='ltr'><strong>l‘ltt‘rllS,</strong></span> <span class='ocrx_word' id='word_1_786' title='bbox 3115 4734 3365 4797; x_wconf 74' lang='lat' dir='ltr'><strong>Quamdiu</strong></span> <span class='ocrx_word' id='word_1_787' title='bbox 3386 4750 3492 4786; x_wconf 69' lang='lat' dir='ltr'><strong>non</strong></span> 
     </span>
    </p>
   </div>
   <div class='ocr_carea' id='block_1_104' title="bbox 1923 4821 3486 4896">
    <p class='ocr_par' dir='ltr' id='par_1_104' title="bbox 1923 4821 3486 4896">
     <span class='ocr_line' id='line_1_104' title="bbox 1923 4821 3486 4896; baseline -0.003 -16"><span class='ocrx_word' id='word_1_788' title='bbox 1923 4828 2106 4896; x_wconf 78' lang='lat' dir='ltr'><strong>fecistis</strong></span> <span class='ocrx_word' id='word_1_789' title='bbox 2144 4828 2230 4879; x_wconf 86' lang='lat' dir='ltr'><strong>uni</strong></span> <span class='ocrx_word' id='word_1_790' title='bbox 2273 4827 2334 4879; x_wconf 80' lang='lat' dir='ltr'><strong>de</strong></span> <span class='ocrx_word' id='word_1_791' title='bbox 2362 4827 2632 4879; x_wconf 84' lang='lat' dir='ltr'><strong>minoribus</strong></span> <span class='ocrx_word' id='word_1_792' title='bbox 2662 4827 2759 4891; x_wconf 89' lang='lat' dir='ltr'><strong>his,</strong></span> <span class='ocrx_word' id='word_1_793' title='bbox 2809 4843 2894 4879; x_wconf 80' lang='lat' dir='ltr'><strong>nec</strong></span> <span class='ocrx_word' id='word_1_794' title='bbox 2941 4827 3062 4876; x_wconf 86' lang='lat' dir='ltr'><strong>mihi</strong></span> <span class='ocrx_word' id='word_1_795' title='bbox 3109 4824 3294 4888; x_wconf 82' lang='lat' dir='ltr'><strong>fecistis</strong></span> <span class='ocrx_word' id='word_1_796' title='bbox 3355 4821 3486 4892; x_wconf 85' lang='lat' dir='ltr'><strong>(Id.</strong></span> 
     </span>
    </p>
   </div>
   <div class='ocr_carea' id='block_1_105' title="bbox 1922 4915 3486 4988">
    <p class='ocr_par' dir='ltr' id='par_1_105' title="bbox 1922 4915 3486 4988">
     <span class='ocr_line' id='line_1_105' title="bbox 1922 4915 3486 4988; baseline -0.004 -17"><span class='ocrx_word' id='word_1_797' title='bbox 1922 4920 2006 4973; x_wconf 70' lang='lat'><strong>25.</strong></span> <span class='ocrx_word' id='word_1_798' title='bbox 2040 4917 2146 4988; x_wconf 67' lang='lat'><strong>45)</strong></span> <span class='ocrx_word' id='word_1_799' title='bbox 2176 4935 2188 4970; x_wconf 90' lang='lat'>:</span> <span class='ocrx_word' id='word_1_800' title='bbox 2217 4927 2269 4971; x_wconf 84' lang='lat' dir='ltr'><strong>et</strong></span> <span class='ocrx_word' id='word_1_801' title='bbox 2298 4934 2479 4972; x_wconf 87' lang='lat' dir='ltr'><strong>rursus</strong></span> <span class='ocrx_word' id='word_1_802' title='bbox 2500 4959 2514 4980; x_wconf 89' lang='lat'><strong>,</strong></span> <span class='ocrx_word' id='word_1_803' title='bbox 2547 4917 2663 4969; x_wconf 75' lang='lat' dir='ltr'><strong>Non</strong></span> <span class='ocrx_word' id='word_1_804' title='bbox 2693 4927 2764 4968; x_wconf 76' lang='lat' dir='ltr'><strong>est</strong></span> <span class='ocrx_word' id='word_1_805' title='bbox 2798 4917 3021 4969; x_wconf 78' lang='lat' dir='ltr'><strong>roluntas</strong></span> <span class='ocrx_word' id='word_1_806' title='bbox 3039 4923 3157 4966; x_wconf 83' lang='lat' dir='ltr'><strong>ante</strong></span> <span class='ocrx_word' id='word_1_807' title='bbox 3176 4915 3374 4969; x_wconf 85' lang='lat' dir='ltr'><strong>Patrem</strong></span> <span class='ocrx_word' id='word_1_808' title='bbox 3402 4929 3486 4965; x_wconf 83' lang='lat' dir='ltr'><strong>vc-</strong></span> 
     </span>
    </p>
   </div>
   <div class='ocr_carea' id='block_1_106' title="bbox 1924 5004 3488 5074">
    <p class='ocr_par' dir='ltr' id='par_1_106' title="bbox 1924 5004 3488 5074">
     <span class='ocr_line' id='line_1_106' title="bbox 1924 5004 3488 5074; baseline -0.006 -11"><span class='ocrx_word' id='word_1_809' title='bbox 1924 5020 2102 5074; x_wconf 84' lang='lat' dir='ltr'><strong>slrum,</strong></span> <span class='ocrx_word' id='word_1_810' title='bbox 2127 5011 2211 5068; x_wconf 86' lang='lat' dir='ltr'><strong>aui</strong></span> <span class='ocrx_word' id='word_1_811' title='bbox 2241 5011 2292 5062; x_wconf 87' lang='lat' dir='ltr'><strong>in</strong></span> <span class='ocrx_word' id='word_1_812' title='bbox 2322 5010 2456 5062; x_wconf 79' lang='lat' dir='ltr'><strong>ca&#39;lis</strong></span> <span class='ocrx_word' id='word_1_813' title='bbox 2487 5018 2554 5060; x_wconf 76' lang='lat' dir='ltr'><strong>est</strong></span> <span class='ocrx_word' id='word_1_814' title='bbox 2577 5049 2591 5072; x_wconf 90' lang='lat'><strong>,</strong></span> <span class='ocrx_word' id='word_1_815' title='bbox 2632 5017 2684 5058; x_wconf 89' lang='lat' dir='ltr'><strong>ut</strong></span> <span class='ocrx_word' id='word_1_816' title='bbox 2717 5016 2881 5072; x_wconf 78' lang='lat' dir='ltr'><strong>pereat</strong></span> <span class='ocrx_word' id='word_1_817' title='bbox 2908 5023 3034 5057; x_wconf 85' lang='lat' dir='ltr'><strong>unus</strong></span> <span class='ocrx_word' id='word_1_818' title='bbox 3061 5006 3121 5056; x_wconf 86' lang='lat' dir='ltr'><strong>de</strong></span> <span class='ocrx_word' id='word_1_819' title='bbox 3148 5004 3342 5073; x_wconf 80' lang='lat' dir='ltr'><strong>pusillis</strong></span> <span class='ocrx_word' id='word_1_820' title='bbox 3380 5004 3488 5056; x_wconf 77' lang='lat' dir='ltr'><strong>istis</strong></span> 
     </span>
    </p>
   </div>
   <div class='ocr_carea' id='block_1_107' title="bbox 1924 5093 3484 5168">
    <p class='ocr_par' dir='ltr' id='par_1_107' title="bbox 1924 5093 3484 5168">
     <span class='ocr_line' id='line_1_107' title="bbox 1924 5093 3484 5168; baseline -0.004 -16"><span class='ocrx_word' id='word_1_821' title='bbox 1924 5099 2046 5167; x_wconf 87' lang='lat' dir='ltr'><strong>(ld.</strong></span> <span class='ocrx_word' id='word_1_822' title='bbox 2104 5101 2188 5154; x_wconf 82' lang='lat' dir='ltr'><strong>l8.</strong></span> <span class='ocrx_word' id='word_1_823' title='bbox 2239 5100 2348 5168; x_wconf 73' lang='grc' dir='ltr'><strong>Η).</strong></span> <span class='ocrx_word' id='word_1_824' title='bbox 2397 5100 2584 5152; x_wconf 82' lang='lat' dir='ltr'><strong>Annon</strong></span> <span class='ocrx_word' id='word_1_825' title='bbox 2641 5097 2796 5165; x_wconf 83' lang='lat' dir='ltr'><strong>igitur</strong></span> <span class='ocrx_word' id='word_1_826' title='bbox 2845 5095 3127 5146; x_wconf 84' lang='lat' dir='ltr'><strong>ahsurdum</strong></span> <span class='ocrx_word' id='word_1_827' title='bbox 3160 5104 3260 5155; x_wconf 77' lang='lat' dir='ltr'><strong>est,</strong></span> <span class='ocrx_word' id='word_1_828' title='bbox 3291 5093 3332 5144; x_wconf 91' lang='lat' dir='ltr'><strong>si</strong></span> <span class='ocrx_word' id='word_1_829' title='bbox 3368 5108 3484 5146; x_wconf 87' lang='lat' dir='ltr'><strong>cum</strong></span> 
     </span>
    </p>
   </div>
   <div class='ocr_carea' id='block_1_108' title="bbox 1922 5189 3488 5258">
    <p class='ocr_par' dir='ltr' id='par_1_108' title="bbox 1922 5189 3488 5258">
     <span class='ocr_line' id='line_1_108' title="bbox 1922 5189 3488 5258; baseline -0.011 -14"><span class='ocrx_word' id='word_1_830' title='bbox 1922 5191 2164 5244; x_wconf 82' lang='lat' dir='ltr'><strong>Christus</strong></span> <span class='ocrx_word' id='word_1_831' title='bbox 2191 5189 2494 5258; x_wconf 88' lang='lat' dir='ltr'><strong>pusillorum</strong></span> <span class='ocrx_word' id='word_1_832' title='bbox 2525 5195 2718 5238; x_wconf 88' lang='lat' dir='ltr'><strong>tantam</strong></span> <span class='ocrx_word' id='word_1_833' title='bbox 2743 5201 2920 5236; x_wconf 87' lang='lat' dir='ltr'><strong>curam</strong></span> <span class='ocrx_word' id='word_1_834' title='bbox 2946 5192 3110 5251; x_wconf 68' lang='lat' dir='ltr'><strong>gerit,</strong></span> <span class='ocrx_word' id='word_1_835' title='bbox 3139 5197 3233 5234; x_wconf 92' lang='lat' dir='ltr'><strong>nos</strong></span> <span class='ocrx_word' id='word_1_836' title='bbox 3258 5197 3352 5236; x_wconf 88' lang='lat' dir='ltr'><strong>eos</strong></span> <span class='ocrx_word' id='word_1_837' title='bbox 3381 5196 3488 5248; x_wconf 64' lang='lat' dir='ltr'><strong>pne</strong></span> 
     </span>
    </p>
   </div>
   <div class='ocr_carea' id='block_1_109' title="bbox 1923 5268 3486 5335">
    <p class='ocr_par' dir='ltr' id='par_1_109' title="bbox 1923 5268 3486 5335">
     <span class='ocr_line' id='line_1_109' title="bbox 1923 5268 3486 5335; baseline -0.007 -3"><span class='ocrx_word' id='word_1_838' title='bbox 1923 5279 2121 5334; x_wconf 75' lang='lat' dir='ltr'><strong>desidia</strong></span> <span class='ocrx_word' id='word_1_839' title='bbox 2142 5275 2578 5331; x_wconf 83' lang='lat' dir='ltr'><strong>contemnamus?</strong></span> <span class='ocrx_word' id='word_1_840' title='bbox 2601 5273 2713 5327; x_wconf 82' lang='lat' dir='ltr'><strong>Noli</strong></span> <span class='ocrx_word' id='word_1_841' title='bbox 2745 5275 2843 5325; x_wconf 92' lang='lat' dir='ltr'><strong>hoc</strong></span> <span class='ocrx_word' id='word_1_842' title='bbox 2867 5271 3062 5333; x_wconf 83' lang='lat' dir='ltr'><strong>dicere,</strong></span> <span class='ocrx_word' id='word_1_843' title='bbox 3089 5285 3222 5323; x_wconf 91' lang='lat' dir='ltr'><strong>unus</strong></span> <span class='ocrx_word' id='word_1_844' title='bbox 3245 5279 3342 5332; x_wconf 72' lang='lat' dir='ltr'><strong>est,</strong></span> <span class='ocrx_word' id='word_1_845' title='bbox 3369 5268 3486 5335; x_wconf 88' lang='lat' dir='ltr'><strong>sed,</strong></span> 
     </span>
    </p>
   </div>
   <div class='ocr_carea' id='block_1_110' title="bbox 1923 5357 3486 5432">
    <p class='ocr_par' dir='ltr' id='par_1_110' title="bbox 1923 5357 3486 5432">
     <span class='ocr_line' id='line_1_110' title="bbox 1923 5357 3486 5432; baseline -0.008 -11"><span class='ocrx_word' id='word_1_846' title='bbox 1923 5383 2058 5421; x_wconf 91' lang='lat' dir='ltr'><strong>unus</strong></span> <span class='ocrx_word' id='word_1_847' title='bbox 2102 5373 2434 5432; x_wconf 86' lang='lat' dir='ltr'><strong>contemptus</strong></span> <span class='ocrx_word' id='word_1_848' title='bbox 2467 5364 2706 5415; x_wconf 91' lang='lat' dir='ltr'><strong>morbum</strong></span> <span class='ocrx_word' id='word_1_849' title='bbox 2753 5361 3075 5415; x_wconf 87' lang='lat' dir='ltr'><strong>transmittet</strong></span> <span class='ocrx_word' id='word_1_850' title='bbox 3111 5357 3176 5411; x_wconf 92' lang='lat' dir='ltr'><strong>ad</strong></span> <span class='ocrx_word' id='word_1_851' title='bbox 3220 5368 3486 5412; x_wconf 71' lang='lat' dir='ltr'><strong>caeteros:</strong></span> 
     </span>
    </p>
   </div>
   <div class='ocr_carea' id='block_1_111' title="bbox 1924 5451 3487 5522">
    <p class='ocr_par' dir='ltr' id='par_1_111' title="bbox 1924 5451 3487 5522">
     <span class='ocr_line' id='line_1_111' title="bbox 1924 5451 3487 5522; baseline -0.007 -12"><span class='ocrx_word' id='word_1_852' title='bbox 1924 5457 2179 5510; x_wconf 79' lang='lat' dir='ltr'><strong>Modicum</strong></span> <span class='ocrx_word' id='word_1_853' title='bbox 2207 5456 2338 5506; x_wconf 75' lang='lat' dir='ltr'><strong>enim</strong></span> <span class='ocrx_word' id='word_1_854' title='bbox 2368 5459 2663 5522; x_wconf 82' lang='lat' dir='ltr'><strong>fermentum</strong></span> <span class='ocrx_word' id='word_1_855' title='bbox 2681 5492 2694 5512; x_wconf 90' lang='lat'><strong>,</strong></span> <span class='ocrx_word' id='word_1_856' title='bbox 2729 5452 2892 5518; x_wconf 86' lang='lat' dir='ltr'><strong>inquit</strong></span> <span class='ocrx_word' id='word_1_857' title='bbox 2914 5491 2928 5513; x_wconf 84' lang='lat'><strong>,</strong></span> <span class='ocrx_word' id='word_1_858' title='bbox 2958 5459 3110 5502; x_wconf 86' lang='lat' dir='ltr'><strong>totam</strong></span> <span class='ocrx_word' id='word_1_859' title='bbox 3137 5464 3350 5503; x_wconf 74' lang='lat' dir='ltr'><strong>massam</strong></span> <span class='ocrx_word' id='word_1_860' title='bbox 3377 5451 3487 5517; x_wconf 74' lang='lat' dir='ltr'><strong>fcr-</strong></span> 
     </span>
    </p>
   </div>
   <div class='ocr_carea' id='block_1_112' title="bbox 1923 5533 3497 5616">
    <p class='ocr_par' dir='ltr' id='par_1_112' title="bbox 1923 5533 3497 5616">
     <span class='ocr_line' id='line_1_112' title="bbox 1923 5533 3497 5616; baseline -0.003 -16"><span class='ocrx_word' id='word_1_861' title='bbox 1923 5556 2106 5600; x_wconf 84' lang='lat' dir='ltr'><strong>mentat</strong></span> <span class='ocrx_word' id='word_1_862' title='bbox 2133 5544 2271 5616; x_wconf 83' lang='lat' dir='ltr'><strong>(Gal.</strong></span> <span class='ocrx_word' id='word_1_863' title='bbox 2297 5545 2345 5600; x_wconf 84' lang='lat'><strong>5.</strong></span> <span class='ocrx_word' id='word_1_864' title='bbox 2376 5544 2450 5611; x_wconf 83' lang='lat'><strong>9).</strong></span> <span class='ocrx_word' id='word_1_865' title='bbox 2476 5546 2646 5610; x_wconf 84' lang='lat' dir='ltr'><strong>Atque</strong></span> <span class='ocrx_word' id='word_1_866' title='bbox 2677 5541 2776 5595; x_wconf 92' lang='lat' dir='ltr'><strong>hoc</strong></span> <span class='ocrx_word' id='word_1_867' title='bbox 2803 5549 2888 5595; x_wconf 91' lang='lat' dir='ltr'><strong>est</strong></span> <span class='ocrx_word' id='word_1_868' title='bbox 2929 5539 3068 5608; x_wconf 89' lang='lat' dir='ltr'><strong>quod</strong></span> <span class='ocrx_word' id='word_1_869' title='bbox 3106 5541 3280 5592; x_wconf 89' lang='lat' dir='ltr'><strong>omnia</strong></span> <span class='ocrx_word' id='word_1_870' title='bbox 3323 5533 3497 5605; x_wconf 77' lang='lat' dir='ltr'><strong>perdit</strong></span> 
     </span>
    </p>
   </div>
   <div class='ocr_carea' id='block_1_113' title="bbox 1921 5633 3489 5707">
    <p class='ocr_par' dir='ltr' id='par_1_113' title="bbox 1921 5633 3489 5707">
     <span class='ocr_line' id='line_1_113' title="bbox 1921 5633 3489 5707; baseline -0.01 -14"><span class='ocrx_word' id='word_1_871' title='bbox 1921 5655 1982 5693; x_wconf 86' lang='lat' dir='ltr'><strong>ac</strong></span> <span class='ocrx_word' id='word_1_872' title='bbox 2025 5637 2285 5702; x_wconf 84' lang='lat' dir='ltr'><strong>destruit,</strong></span> <span class='ocrx_word' id='word_1_873' title='bbox 2334 5634 2470 5707; x_wconf 86' lang='lat' dir='ltr'><strong>quod</strong></span> <span class='ocrx_word' id='word_1_874' title='bbox 2515 5633 2733 5704; x_wconf 89' lang='lat' dir='ltr'><strong>pusillos</strong></span> <span class='ocrx_word' id='word_1_875' title='bbox 2778 5646 3168 5704; x_wconf 84' lang='lat' dir='ltr'><strong>aspernemur:</strong></span> <span class='ocrx_word' id='word_1_876' title='bbox 3213 5638 3489 5699; x_wconf 81' lang='lat' dir='ltr'><strong>propterea</strong></span> 
     </span>
    </p>
   </div>
  </div>
