3990 6198
452 295 557 350 865
1200 296 1258 352 S.
1298 294 1576 353 JOANNIS
1612 293 2084 352 ι;ιιιιγδυδτοιιι
2122 292 2441 350 AllCllliiP.
2484 291 3015 350 CONSTA'NTINOP.
3574 315 3657 371 ειη

457 426 645 481 magna
673 409 801 467 ﬂuat
827 409 1023 475 ulcera,
1049 407 1498 479 quemadmodum
1527 407 1637 463 fere
1667 412 1743 475 lit,
1769 395 1825 463 ut
1851 423 2038 479 magna

457 506 584 557 liant
608 504 826 573 exigua,
858 502 901 557 si
930 499 1255 556 conveniens
1283 514 1407 556 cura
1435 502 1505 556 sit
1531 500 1787 555 adhibita.

529 589 675 645 Nihil
717 592 1032 645 contentione
1072 591 1217 662 pejus
1261 590 1314 644 iu
1357 588 1704 645 Ecclesia.—-
1729 591 1842 645 lloc
1883 590 2042 660 igitur

458 683 681 749 primum
729 682 831 737 illis
872 681 1132 747 dicimus,
1177 683 1518 740 contentione
1564 698 1840 755 pugnaque
1889 682 2041 753 pejus

457 774 586 829 nihil
623 788 771 840 esse,
803 782 896 829 aut
932 775 975 829 si
1009 773 1245 830 Ecclesia
1285 774 1636 844 discerpatur,
1663 783 1715 830 et
1746 775 1920 828 tunica
1951 789 2037 841 ea,

454 883 609 936 quam
636 866 968 936 disrumpere
999 867 1232 923 latrones
1282 883 1387 922 non
1417 868 1531 921 ausi
1560 876 1716 934 sunt,
1751 867 1801 921 in
1844 866 2038 921 multas

455 967 630 1027 partes
654 957 938 1012 dividatur.
968 957 1082 1013 Non
1113 958 1381 1012 sufficiunt
1410 957 1627 1028 reliqum
1657 958 1908 1021 luereses,
1939 957 2038 1011 nisi

454 1066 551 1103 nos
601 1050 698 1119 ipsi
749 1066 846 1105 nos
886 1050 1235 1105 dividamus?
1277 1050 1391 1104 Non
1421 1057 1477 1105 tu
1508 1051 1728 1105 Paulum
1772 1049 2038 1104 dicentem

452 1140 604 1195 audis
625 1184 638 1205 ,
681 1142 830 1209 Quod
857 1142 900 1197 si
930 1143 1138 1196 invicem
1169 1142 1428 1208 mordetis,
1461 1150 1507 1195 et
1533 1142 1791 1195 comeditis
1813 1180 1830 1206 ,
1879 1139 2062 1193 videte.

453 1251 515 1287 ne
543 1235 605 1288 ab
635 1236 842 1288 invicem
872 1234 1239 1288 consumamini
1269 1231 1422 1305 (Gal.
1452 1234 1502 1289 5.
1531 1232 1634 1304 15)
1662 1236 1685 1286 'l
1718 1233 1885 1286 Extra
1912 1247 2037 1302 gre-

452 1343 571 1394 gem
609 1326 887 1390 ambulas,
932 1336 986 1382 et
1032 1327 1242 1381 leonem
1290 1326 1417 1381 foris
1461 1326 1878 1381 circumeuntem
1932 1340 2036 1378 non

455 1419 653 1473 times?
696 1418 1029 1473 Adversarius
1071 1419 1203 1473 enim
1246 1428 1413 1471 vester
1451 1427 1706 1488 tamquam
1736 1417 1813 1470 leo
1837 1418 2035 1483 circuit,

454 1511 644 1578 inquit,
675 1510 880 1579 rugiens
905 1518 950 1563 et
976 1525 1226 1579 quiet-ens,
1252 1525 1399 1578 quem
1426 1508 1592 1577 rapiat
1619 1508 1696 1576 (l.
1720 1506 1854 1561 Petr.
1882 1508 1934 1563 5.
1958 1507 2034 1578 8).

456 1600 587 1656 Vide
630 1600 943 1670 sapientiam
978 1600 1206 1669 pastoris
1236 1617 1250 1654 :
1282 1613 1454 1668 neque
1494 1599 1706 1669 reliquit
1733 1599 1877 1652 intus
1901 1600 2039 1653 inter

452 1704 580 1742 oves
604 1731 619 1755 ,
667 1705 734 1746 ne
772 1705 989 1761 gregem
1022 1688 1461 1758 portet-reluceret
1488 1705 1501 1740 :
1533 1703 1705 1759 neque
1747 1688 1814 1743 ab
1842 1689 2039 1743 exteris

455 1780 584 1834 locis
609 1781 820 1849 abegit,
854 1789 909 1834 ut
956 1780 1147 1835 bellum
1177 1789 1319 1834 metu
1359 1791 1581 1835 cunctos
1621 1782 1760 1834 intus
1798 1789 2036 1850 cogeret.

454 1868 567 1924 Non
615 1870 880 1925 revereris
925 1870 1177 1939 patrem?
1218 1869 1492 1926 Inimicum
1523 1869 1809 1927 relormida
1838 1888 1852 1926 :
1881 1872 1925 1925 si
1957 1882 2038 1925 te-

457 1962 626 2028 ipsum
658 1976 686 2014 a
726 1976 885 2030 grege
912 1962 1191 2027 avulseris,
1241 1962 1332 2016 ille
1375 1963 1491 2018 sine
1517 1962 1680 2019 dubio
1710 1971 1760 2017 te
1786 1963 2037 2033 excipiet.

457 2051 669 2107 l’oterat
710 2052 924 2123 quidem
955 2053 1112 2107 etiam
1142 2053 1209 2108 ab
1245 2054 1441 2109 exteris
1469 2054 1601 2108 locis
1626 2054 1773 2108 illum
1799 2053 2041 2109 Christus

455 2142 714 2214 abigere:
756 2142 849 2200 sed
896 2155 950 2198 ut
999 2143 1239 2201 efficeret
1271 2155 1327 2199 ut
1354 2145 1633 2216 vigilares.
1677 2162 1741 2201 ac
1780 2147 2040 2202 sollicitus

454 2249 623 2301 esses,
669 2245 828 2306 atque
874 2236 939 2288 ad
988 2246 1211 2291 matrem
1255 2252 1470 2305 semper
1509 2236 1863 2306 confugeres.
1913 2236 2041 2292 foris

458 2325 606 2380 illum
638 2326 814 2394 rugire
844 2327 1100 2395 permisit,
1135 2336 1190 2381 ut
1224 2328 1312 2398 qui
1352 2337 1475 2381 sunt
1507 2328 1668 2392 intus,
1699 2329 1822 2382 dum
1856 2344 2040 2384 vocem

454 2418 596 2473 illius
621 2418 862 2483 audiunt,
896 2421 1064 2490 magis
1088 2421 1422 2491 copulentur,
1447 2431 1500 2476 et
1528 2421 1593 2475 ad
1620 2437 1679 2476 se
1704 2430 1889 2476 mutuo
1913 2438 2042 2475 eon-

455 2509 674 2577 fugiaut.
720 2510 792 2562 lia
822 2526 1034 2580 quoque
1075 2521 1273 2566 matres
1304 2511 1499 2566 faciunt
1527 2513 1814 2567 liberorum
1852 2528 2038 2566 aman-

457 2610 556 2661 tes,
589 2599 777 2654 ﬂentes
806 2601 1096 2656 infantulos
1125 2602 1428 2672 frequenter
1456 2618 1515 2657 se
1543 2604 1679 2672 lupis
1709 2604 2041 2658 devorandos

455 2689 761 2756 olijecturas
791 2689 1081 2756 minantur,
1112 2708 1217 2745 non
1247 2703 1303 2746 iit
1329 2692 1665 2762 objiciuntur,
1693 2695 1786 2749 sed
1814 2704 1869 2748 ut
1893 2694 2040 2749 desi-

457 2790 585 2835 nant
627 2780 907 2851 indignari.
958 2783 1245 2852 Propterea
1289 2783 1530 2838 (lbi-istos
1573 2786 1749 2838 omnia
1796 2784 1939 2851 fecit,
1986 2794 2042 2841 ut

457 2888 640 2943 pacem
667 2872 926 2936 eolamus,
958 2882 1016 2928 ut
1040 2873 1311 2943 conjuncd
1350 2874 1487 2930 inter
1513 2890 1611 2932 nos
1637 2877 1827 2930 simus.

524 2963 580 3020 Ξ.
624 2964 827 3019 Idcirco
875 2966 1035 3021 etiam
1087 2966 1282 3023 Paulus
1333 2983 1454 3022 cum
1509 2967 1811 3023 Coriutiiios
1864 2969 2042 3024 multis

456 3055 767 3126 titagnisqtte
788 3055 855 3111 de
883 3057 1042 3112 rebus
1067 3073 1320 3114 accusare
1342 3068 1519 3129 posset
1541 3074 1603 3114 ac
1623 3059 2038 3130 reprehendere,

455 3148 596 3202 nulla
626 3147 692 3203 de
738 3163 796 3203 re
836 3150 936 3203 alia
971 3150 1135 3216 prius.
1167 3165 1325 3220 quiin
1367 3150 1434 3206 de
1476 3150 1572 3204 ista
1603 3152 1891 3205 accusavit.
1936 3150 2041 3206 Sed

453 3256 574 3295 cum
607 3241 672 3296 ile
713 3240 1063 3298 fornicatione
1094 3254 1272 3311 posset
1314 3246 1431 3297 illos
1469 3261 1750 3308 accusare,
1790 3247 1858 3301 de
1886 3262 2040 3301 arro-

455 3332 652 3399 gantia,
676 3332 744 3384 de
774 3332 1008 3401 profanis
1033 3334 1267 3400 judii-iis,
1305 3334 1373 3388 de
1398 3337 1655 3389 conviviis
1682 3336 1734 3390 in
1766 3337 1902 3391 lanis
1930 3337 2043 3390 ido-

458 3421 652 3478 lorum.
676 3424 923 3492 quodque
945 3424 1195 3478 iuiiliercs
1217 3425 1429 3493 quidem
1454 3427 1625 3494 capita
1655 3444 1758 3480 non
1780 3428 2039 3492 volarent,

458 3512 701 3566 homines
742 3524 917 3570 autem
959 3515 1009 3569 id
1055 3526 1302 3585 agerent,
1342 3526 1394 3572 et
1425 3534 1545 3571 cum
1586 3518 1669 3573 bis
1699 3520 1947 3573 omnibus
1973 3520 2045 3573 ob

459 3603 754 3670 neglectum
784 3619 1074 3675 pauperum
1102 3620 1156 3662 et
1184 3608 1416 3661 innatam
1450 3609 1553 3663 illis
1573 3608 1642 3663 ob
1665 3610 1802 3663 dona
1825 3612 2043 3680 Spiritus

456 3695 847 3765 arrogantiam,
896 3706 950 3751 et
992 3698 1061 3753 de
1107 3713 1389 3768 oorporqu
1439 3703 1877 3756 resurrectione:
1920 3717 2042 3757 cum

457 3787 616 3841 etiam
648 3797 840 3857 praeter
868 3788 981 3844 inec
1010 3792 1188 3845 omnia
1221 3803 1394 3860 posset
1431 3794 1548 3846 illus
1577 3793 1646 3847 ob
1675 3794 2044 3849 contentiones

458 3893 521 3930 ac
550 3877 766 3932 tlissitiia
808 3880 945 3934 inter
975 3880 1096 3935 illos
1125 3891 1309 3937 exui-ta
1342 3885 1603 3954 Castigare
1623 3927 1637 3950 ,
1673 3886 2045 3953 pra'tcl‘tliissis

457 3968 669 4023 caeteris
699 3970 945 4025 omnibus
987 3972 1115 4027 illud
1162 3975 1309 4044 prius
1354 3976 1588 4042 eorrigit.
1640 3978 1715 4027 At:
1762 3976 1861 4029 uisi
1912 3978 2045 4029 forte

460 4058 642 4112 videar
669 4060 880 4113 taedium
922 4076 1130 4130 parere,
1160 4062 1211 4117 id
1241 4077 1307 4118 ex
1337 4064 1464 4133 ipsis
1491 4064 1632 4117 l‘auli
1663 4066 1839 4120 verbis
1864 4075 2046 4119 osten-

456 4151 602 4206 il-uu.
635 4166 755 4204 cum
782 4151 851 4206 de
874 4153 1121 4209 omnibus
1149 4155 1255 4209 illis
1284 4171 1378 4210 eos
1408 4166 1586 4225 posset
1611 4172 1881 4219 accusare.
1913 4158 2042 4213 niliil

458 4259 566 4313 ιοῑιυ
600 4244 702 4298 isto
729 4257 1026 4303 correctum
1071 4248 1137 4304 ab
1168 4248 1258 4303 illo
1286 4249 1472 4310 fuisse.
1519 4249 1648 4305 Nam
1683 4250 1801 4305 illos
1827 4251 2043 4321 quidem

456 4351 577 4392 esse
609 4334 895 4393 fornicatus
922 4340 1042 4394 audi
1073 4356 1179 4411 quo
1208 4349 1362 4411 pacto
1390 4351 1567 4397 narret
1597 4360 1610 4396 :
1646 4342 1866 4397 Omnino
1892 4345 2045 4396 audi-

457 4437 539 4480 tur
565 4429 694 4483 inter
731 4444 818 4483 vos
854 4432 1120 4500 fornicatio
1148 4434 1167 4503 (
1192 4434 1242 4488 l.
1265 4432 1386 4489 Cor.
1410 4435 1463 4490 ὅ.
1490 4435 1512 4489 l
1544 4434 1585 4500 ).
1629 4434 1796 4489 Porro
1837 4435 2047 4491 inﬂatos

458 4521 620 4577 etiam
648 4522 767 4576 illos
794 4523 955 4578 fuisse
976 4564 990 4584 .
1022 4534 1075 4579 et
1103 4526 1153 4579 in
1183 4526 1487 4597 superbiam
1523 4529 1692 4582 elatos
1722 4547 1735 4582 :
1764 4527 2046 4601 Tamquam

460 4631 562 4668 non
586 4624 821 4670 venturus
845 4618 939 4670 sim
965 4618 1031 4670 ad
1057 4635 1164 4684 vos,
1187 4619 1260 4672 sic
1289 4620 1455 4689 inﬂati
1494 4630 1610 4674 sunt
1633 4622 1839 4687 quidam
1880 4621 2043 4692 (Ibid.

460 4705 649 4781 4.18).
678 4707 828 4776 Quod
868 4717 1049 4763 autem
1094 4724 1278 4764 rursus
1322 4710 1472 4777 foris,
1522 4720 1577 4765 et
1616 4713 1752 4778 apud
1797 4713 2047 4781 profanos

448 4786 659 4874 judicio
701 4800 1088 4856 contenderent
1131 4800 1342 4856 :Audet
1386 4803 1571 4872 aliquis
1601 4814 1817 4856 vestrum
1860 4804 2048 4858 habens

460 4893 712 4964 negotium
746 4893 984 4946 adversus
1024 4891 1238 4946 alterum
1255 4892 1485 4964 judicari
1514 4894 1654 4964 apud
1680 4895 1909 4962 inﬁdeles
1939 4894 2044 4965 (lli.

458 4989 512 5039 6.
541 4984 595 5055 l)
614 4983 638 5023 τ
666 4983 817 5050 Quod
845 4995 1019 5038 autem
1053 4983 1344 5055 idolotliyta
1369 4984 1735 5053 comederunt,
1763 4984 1883 5040 Non
1906 4997 2048 5055 pote-

459 5076 550 5128 stis
579 5091 763 5128 mensa:
793 5073 995 5127 Domini
1024 5076 1292 5144 participes
1320 5090 1446 5139 esse,
1479 5084 1524 5128 et
1554 5091 1739 5129 mensa:
1765 5077 2046 5129 daanonio-

460 5184 572 5220 rum
627 5165 731 5234 (Ib.
788 5168 853 5221 l0
922 5165 1037 5235 2f).
1078 5167 1335 5237 Quodque
1375 5167 1627 5221 llllliiEl'CS
1677 5166 1896 5221 minime
1950 5181 2047 5220 ve-

463 5261 717 5320 larentur,
746 5258 836 5312 sed
873 5258 971 5312 viri
996 5271 1180 5313 contra
1212 5260 1531 5324 Vt‘iﬂi‘Cllllll‘,
1561 5259 1682 5313 audi
1714 5259 1906 5328 quibus
1929 5271 2048 5312 vero

463 5349 543 5403 liis
584 5365 678 5404 eos
719 5350 987 5419 castiget:
1035 5349 1210 5402 Omnis
1256 5350 1328 5402 vir
1371 5367 1557 5413 orans,
1604 5360 1693 5402 aut
1741 5351 2048 5419 prop/ictam

460 5446 621 5499 velato
643 5447 821 5513 capite.
850 5448 1083 5511 detnrpat
1110 5456 1258 5511 caput
1284 5462 1430 5498 suum
1456 5461 1475 5498 :
1497 5446 1657 5499 omnis
1676 5456 1841 5498 autem
1869 5442 2049 5497 mulier

463 5552 612 5589 orans
640 5549 723 5588 aut
754 5539 1060 5605 prophetans
1100 5554 1198 5590 non
1227 5539 1386 5591 velato
1415 5538 1600 5605 capite,
1627 5538 1863 5607 deturpat
1892 5546 2045 5605 caput

463 5642 611 5678 suum
638 5627 741 5686 (lli.
788 5628 869 5681 ll.
910 5628 962 5681 4.
1003 5630 1081 5695 5).
1107 5630 1174 5681 At
1224 5628 1340 5682 illos
1370 5643 1630 5698 pauperes
1654 5630 2046 5698 contempsisse

466 5720 793 5792 significavit
828 5720 986 5772 etiam
1032 5734 1155 5774 cum
1204 5721 1332 5775 dixit
1380 5737 1391 5775 :
1432 5722 1574 5774 Alius
1617 5723 1817 5793 quidem
1866 5723 2042 5791 esurit,

2151 405 2287 458 alius
2314 415 2481 459 autem
2511 405 2676 459 (ιιι-ἕω
2705 416 2777 460 est
2804 405 2879 479 (Ι.
2901 404 3019 462 Cor.
3049 408 3136 464 il.
3158 407 3287 481 21):
3316 420 3365 467 et
3387 426 3662 486 ruistist

2150 497 2432 552 Ecclesium
2463 496 2555 552 Dei
2580 500 2898 553 contemnitis
2918 539 2933 565 ,
2962 510 3009 554 et
3036 501 3342 571 confunditis
3363 522 3440 562 eos
3455 551 3469 572 ,
3493 514 3564 580 qui
3584 532 3663 572 ιιυη

2152 590 2339 645 habent
2364 588 2472 661 (Ib.
2496 607 2545 645 v.
2572 591 2668 662 22)
2694 592 2716 646 ?
2755 593 3015 659 Quoniam
3044 603 3223 649 autem
3247 596 3309 650 ad
3347 600 3525 671 majora
3557 606 3668 666 dona

2147 683 2327 738 cuncti
2353 682 2545 753 cupide
2573 683 2925 750 accedebant,
2941 694 2995 739 et
3015 686 3219 741 minora
3245 704 3394 745 nemo
3413 695 3666 769 recipiebat,

2147 774 2226 829 sic
2250 775 2325 830 ait
2350 793 2363 832 :
2389 773 2651 845 Numquid
2675 792 2847 830 omnes
2868 776 3090 846 apostoli
3108 778 3135 831 ?
3156 779 3390 848 numq’ut‘d
3409 799 3558 839 omnes
3575 806 3671 857 pro.

2149 864 2313 934 pheta:
2362 864 2466 940 (Ib.
2494 865 2760 937 12.9.9)?
2813 866 2979 921 Porro
3028 866 3096 921 de
3149 872 3517 929 resurrectione
3562 894 3673 948 quo-

2147 974 2253 1028 que
2281 958 2552 1014 dubitasse
2580 961 2698 1015 illos
2724 977 2788 1014 ex
2821 962 2901 1015 liis
2933 962 3151 1032 Colliges
3183 980 3197 1017 :
3225 962 3327 1019 Sed
3362 966 3482 1022 dicet
3506 972 3671 1041 aliquis,

2145 1052 2395 1119 quomodo
2416 1062 2683 1124 resurgunt
2705 1055 2889 1107 mortui
2909 1053 2934 1108 ?
2953 1055 3096 1120 quali
3115 1065 3283 1108 autem
3302 1074 3496 1128 corpore
3512 1065 3674 1119 veniunt

2149 1144 2256 1215 (Ib.
2303 1147 2390 1202 15.
2428 1147 2564 1217 35)?
2597 1146 2970 1203 Verumtamen
3002 1162 3127 1203 cum
3172 1150 3331 1204 multa
3385 1164 3544 1221 posset
3591 1158 3673 1214 illis

2146 1237 2272 1290 vitio
2300 1246 2509 1292 vertere
2530 1278 2544 1299 .
2578 1237 2707 1291 nihil
2747 1237 2795 1292 ei
2824 1237 2920 1292 fuit
2948 1239 3238 1306 antiquius,
3266 1256 3416 1309 quam
3445 1254 3494 1296 ut
3518 1245 3575 1300 de
3592 1247 3677 1302 disc

2145 1327 2282 1380 sidio
2307 1342 2361 1381 et.
2385 1328 2728 1382 contentione
2754 1344 2875 1381 cmn
2906 1329 3010 1382 illis
3035 1338 3216 1398 ageret
3244 1346 3258 1383 :
3283 1331 3448 1399 itaque
3468 1336 3562 1400 jam
3582 1339 3676 1393 inde

2145 1434 2174 1469 a
2206 1417 2462 1485 principio
2484 1417 2722 1487 epistola:
2746 1418 2822 1472 sic
2848 1417 2959 1471 ait:
2985 1418 3204 1472 Obsecro
3231 1431 3393 1473 autem
3411 1439 3490 1476 vos
3512 1425 3675 1493 fratres,

2146 1527 2236 1579 per
2260 1526 2439 1563 nomen
2469 1510 2676 1563 Domini
2705 1510 2864 1565 nostri
2885 1509 2921 1562 J
2926 1527 3012 1563 esu
3037 1509 3248 1577 Christi,
3275 1522 3331 1565 ut
3354 1514 3552 1583 idipsuui
3569 1516 3678 1569 dita-

2146 1604 2209 1655 tis
2246 1617 2435 1664 onines,
2463 1612 2509 1654 et
2539 1619 2638 1656 non
2682 1602 2781 1656 sint
2832 1604 2884 1655 in
2914 1602 3050 1657 vobis
3097 1603 3372 1657 schismata
3415 1604 3678 1677 (lb.l.l0).

2145 1692 2360 1746 Sciebat
2401 1692 2618 1763 quippe,
2665 1692 2868 1747 sciebat
2915 1693 3079 1761 probe
3127 1695 3231 1749 boc
3274 1710 3391 1750 esse
3433 1696 3558 1766 quod
3593 1712 3678 1766 pra:

2144 1786 2353 1838 eiciet-is
2394 1785 2633 1853 urgebat.
2676 1782 2988 1839 Foruicator
3025 1785 3069 1836 si
3110 1783 3413 1854 frequenter
3448 1786 3497 1840 iu
3528 1786 3680 1842 Eccle-

2145 1874 2277 1928 sium
2311 1874 2668 1945 ingrediatur,
2709 1883 2765 1928 et
2794 1874 3095 1942 superbus,
3141 1884 3239 1929 aut
3282 1877 3369 1945 qui
3395 1875 3513 1930 vitio
3534 1878 3682 1947 quovis

2144 1967 2250 2022 alio
2279 1966 2503 2033 laboret,
2538 1968 2675 2031 cito,
2706 1967 2832 2022 dum
2860 1968 3073 2024 assidue
3098 1969 3340 2024 doctrina
3372 1969 3563 2037 fruitur,
3583 1971 3684 2026 illud

2145 2060 2397 2129 expellet,
2446 2070 2497 2115 et
2545 2061 3083 2131 pristinamrecipiet
3130 2062 3560 2134 sanitatem:qui
3586 2082 3684 2119 vero

2145 2152 2379 2221 seipsum
2410 2153 2477 2205 ab
2523 2152 2623 2207 lioc
2664 2164 2927 2208 conventu
2958 2154 3277 2224 sejunxerit,
3329 2164 3383 2211 et
3420 2155 3607 2210 Patrum
3640 2172 3687 2210 se

2146 2244 2404 2299 doctriine
2433 2245 2791 2311 subtraxerit,
2820 2254 2979 2316 atque
3008 2263 3037 2300 a
3079 2247 3274 2302 medici
3316 2247 3514 2302 officina
3541 2247 3686 2317 procul
3742 2250 3747 2255 ’

2148 2340 2455 2397 recesserit.
2477 2339 2718 2409 quamvis
2740 2354 2872 2393 Sill‘O
2890 2354 3115 2408 corpore
3136 2354 3262 2394 esse
3281 2339 3528 2405 videatur,
3546 2353 3690 2410 quain-

2148 2433 2375 2500 priiutim
2405 2432 2455 2485 in
2495 2430 2740 2485 morbum
2772 2431 2990 2486 incidet.
3027 2431 3092 2485 Et
3120 2433 3557 2502 quemadmodum
3581 2432 3692 2500 opti-

2147 2539 2266 2577 mus
2290 2522 2560 2584 medicas,
2589 2521 2771 2576 sedata
2800 2522 2947 2590 prius
2971 2532 3023 2577 et
3050 2524 3318 2577 exstincta
3351 2521 3506 2588 febri,
3533 2520 3693 2575 deinde

2145 2613 2416 2668 ulceribus
2440 2628 2502 2666 ac
2528 2613 2866 2682 ruptionibus
2890 2612 3130 2667 iiedctur
3152 2629 3167 2666 :
3197 2613 3269 2666 ita
3299 2611 3418 2667 fecit
3441 2621 3491 2667 et
3515 2610 3694 2671 Paulus,

2149 2703 2293 2770 prius
2339 2702 2675 2756 disseibione
2719 2702 2945 2766 sublata,
2994 2711 3101 2755 tum
3145 2701 3366 2756 demum
3410 2698 3696 2771 singulorum

2148 2793 2362 2846 vulnera
2410 2791 2769 2846 membrorum
2816 2793 3040 2846 curavit.
3091 2793 3387 2862 Propterea
3426 2806 3616 2862 quoque
3643 2790 3698 2843 de

2148 2883 2252 2939 lioe
2276 2893 2402 2938 ante
2432 2883 2609 2938 omnia
2641 2883 2800 2938 verba
2832 2883 2977 2948 facit,
3013 2892 3068 2937 ut
3107 2898 3289 2954 neque
3330 2885 3462 2938 inter
3487 2897 3541 2935 se
3564 2879 3698 2935 dissi-

2147 2974 2328 3034 dca:.t,
2362 2989 2532 3043 neque
2572 2974 2816 3042 proprios
2853 2974 2952 3027 sibi
2982 2983 3226 3028 rectores
3260 2974 3556 3043 aSsiguent,
3593 2983 3704 3024 neve

2148 3067 2340 3119 multas
2372 3066 2422 3119 in
2453 3078 2628 3134 partes
2669 3063 2905 3119 dividant
2939 3063 3134 3119 Christi
3162 3078 3382 3135 corpus.
3415 3064 3528 3116 lla-c
3549 3069 3700 3114 autem

2150 3174 2254 3210 non
2286 3156 2390 3210 illis
2428 3157 2601 3211 solum
2629 3154 2835 3209 dicebat
2857 3198 2872 3224 ,
2900 3154 2993 3210 sed
3020 3165 3074 3211 et
3111 3153 3199 3210 liis
3228 3164 3352 3225 post
3390 3155 3503 3208 illos
3524 3151 3706 3222 quieo.

2148 3250 2272 3304 dein
2294 3250 2480 3302 lllm‘ilO
2503 3247 2765 3313 laborant,
2786 3264 2917 3316 quos
2933 3247 3180 3317 equidem
3205 3247 3502 3302 sciscitarer
3522 3243 3702 3304 lubens,

2147 3339 2272 3408 quid
2302 3338 2371 3393 sit
2400 3338 2596 3391 l’aseha
2619 3379 2635 3402 ,
2677 3336 2800 3406 quid
2830 3336 2900 3391 sit
2925 3336 3392 3407 Quadragesima?
3430 3345 3479 3390 et
3515 3330 3626 3402 qu‘d
3651 3331 3709 3383 sit

2147 3431 2424 3484 Iudaicum
2448 3470 2463 3490 ,
2496 3429 2622 3499 quid
2664 3428 2732 3482 sit
2780 3436 3018 3481 nostrum
3049 3445 3065 3483 :
3093 3436 3189 3482 aut
3219 3444 3291 3497 qu
3314 3444 3380 3480 »ιιι
3422 3426 3489 3481 ob
3523 3435 3705 3478 causam

2150 3522 2274 3574 illud
2318 3520 2530 3590 quidem
2574 3519 2740 3574 semel
2780 3521 2934 3573 annis
2974 3520 3202 3590 singulis
3249 3519 3431 3584 fiirct,
3479 3518 3571 3571 hoc
3606 3528 3710 3567 vero

2149 3613 2368 3682 singulis
2414 3613 2463 3665 in
2493 3612 2731 3667 collectis
2760 3611 3063 3666 celebretur
3092 3629 3106 3666 :
3136 3610 3270 3681 quid
3302 3612 3401 3664 sibi
3437 3609 3589 3664 velint
3611 3618 3713 3674 azy-

2151 3720 2256 3765 ma,
2300 3712 2354 3757 et
2382 3704 2482 3757 alia
2530 3704 2609 3756 bis
2651 3703 2816 3756 multo
2862 3701 3009 3771 plura
3033 3744 3047 3765 ,
3079 3718 3199 3770 qiue
3231 3702 3298 3756 ad
3334 3701 3438 3755 hoc
3480 3697 3716 3770 pertinent

2149 3803 2542 3864 argumentum.
2574 3793 2709 3847 Tum
2735 3808 2863 3847 vero
2893 3793 3054 3862 probe
3085 3793 3451 3862 cognoscetis,
3479 3806 3622 3859 quam
3647 3788 3715 3839 iu-

2152 3886 2463 3953 tenqestiva
2511 3885 2721 3939 illorum
2766 3885 2836 3938 sit
2879 3885 3190 3949 contentio,
3239 3884 3331 3953 qui
3380 3899 3447 3936 ne
3487 3881 3715 3935 rationem

2150 3974 2365 4044 quidem
2408 3974 2631 4029 reddere
2672 3974 2739 4028 de
2786 3974 2889 4028 illis
2933 3989 2967 4044 p
3003 3983 3156 4029 ssunt
3185 3991 3314 4041 qua:
3364 3973 3588 4036 faciunt,
3616 3970 3718 4023 licet

2151 4068 2396 4121 omnilms
2425 4068 2529 4121 sint
2559 4067 2928 4136 sapientiores,
2963 4083 3134 4137 neque
3162 4067 3383 4121 discant
3424 4081 3486 4121 ex
3517 4060 3717 4122 caeteiis,

2151 4157 2290 4228 quod
2318 4156 2676 4211 daumandum
2706 4168 2787 4211 est
2824 4159 3052 4210 maxime
3071 4198 3086 4222 ,
3134 4172 3262 4212 cum
3293 4173 3396 4212 nec
3429 4157 3525 4224 ipsi
3554 4154 3716 4213 sciant,

2153 4264 2324 4317 neque
2352 4263 2447 4303 eos
2482 4250 2569 4317 qui
2614 4248 2787 4301 sciunt
2835 4247 2997 4300 duces
3025 4257 3366 4317 sequantur,
3413 4245 3507 4300 sed
3547 4253 3720 4299 temere

2154 4340 2469 4393 inconsultu:
2500 4339 2707 4392 cuidam
2737 4337 3105 4392 consuetudini
3151 4353 3245 4392 res
3276 4354 3405 4392 suas
3439 4336 3721 4407 germinen-

2155 4440 2234 4485 tes
2260 4432 2310 4483 iii
2341 4430 2586 4484 baratlira
2615 4438 2669 4484 et
2699 4429 2985 4498 prmeipitia
3013 4428 3281 4483 ferantur.

2223 4525 2276 4579 '5.
2301 4524 2429 4591 Quis
2457 4539 2615 4591 porro
2645 4522 2856 4591 sapiens
2881 4530 2963 4576 est
3000 4521 3211 4575 illorum
3242 4536 3452 4587 sermo,
3492 4535 3606 4574 eum
3628 4517 3723 4570 bac

2155 4614 2260 4668 illis
2288 4613 2609 4683 objiciiuus?
2638 4612 2766 4676 Vos,
2810 4611 3053 4681 inquiunt
3077 4654 3091 4679 ,
3127 4626 3313 4666 nonne
3353 4614 3456 4665 line
3494 4609 3723 4681 jejunium

2154 4715 2310 4759 antea
2356 4702 2762 4759 observalialis?
2809 4702 2918 4755 lloc
2960 4717 3085 4755 vero
3132 4711 3288 4755 tuum
3340 4717 3449 4756 non
3497 4711 3577 4757 est
3619 4694 3725 4751 milii

2156 4797 2355 4859 dicere,
2381 4795 2471 4847 sed
2498 4794 2597 4847 hoc
2625 4793 2736 4861 ipse
2766 4793 2855 4846 tibi
2882 4792 3001 4862 jure
3026 4791 3289 4857 dixerim,
3316 4809 3350 4845 ιι
3376 4808 3416 4845 is
3443 4803 3643 4861 quoque
3663 4786 3723 4840 sic

2155 4899 2308 4943 antea
2334 4890 2625 4955 jejunasse,
2657 4895 3022 4941 verumtamen
3053 4895 3368 4953 temporum
3398 4879 3721 4939 observationi

2157 4980 2538 5051 prmiorendam
2565 4978 2905 5033 concordiam
2931 4980 3208 5032 censuisse
3236 4996 3251 5033 :
3280 4978 3536 5049 quodque
3555 4971 3720 5032 Calatis

2154 5073 2365 5129 dicebat
2398 5072 2628 5134 Paulus,
2665 5071 2764 5124 boc
2801 5081 2853 5125 et
2883 5069 3032 5123 Vobis
3061 5070 3174 5139 ipse
3216 5069 3349 5124 dico
3383 5088 3396 5123 :
3432 5069 3600 5123 Estote
3624 5065 3724 5119 sicut

2154 5182 2266 5238 ego,
2295 5167 2412 5237 quia
2440 5175 2483 5218 et
2510 5180 2600 5235 ego
2627 5165 2751 5217 sicut
2780 5180 2864 5216 vos
2890 5160 3030 5231 (Gul.
3058 5162 3109 5215 4.
3136 5160 3255 5231 1-2).
3286 5162 3429 5229 Quid
3460 5161 3560 5216 lioc
3596 5171 3724 5228 porro

2153 5258 2252 5312 sibi
2282 5255 2438 5309 vult‘t
2465 5255 2802 5309 Persuaserat
2830 5252 2960 5318 illis,
2990 5262 3045 5305 ut
3071 5270 3097 5303 :i
3127 5251 3553 5307 circumcisione
3579 5249 3712 5305 disce

2154 5349 2364 5409 dereut,
2394 5347 2607 5402 sabbata
2635 5355 3064 5416 aspernarentur,
3099 5354 3149 5398 et
3189 5345 3317 5400 dies
3345 5355 3400 5399 et
3436 5345 3538 5398 alia
3562 5346 3726 5396 concta

2157 5442 2285 5511 legis
2313 5439 2549 5493 instituta
2575 5456 2589 5492 :
2618 5437 2833 5503 deinde,
2855 5435 3104 5507 quoniam
3138 5434 3265 5487 illos
3291 5437 3473 5491 vereri
3505 5429 3727 5489 cernebat

2153 5550 2215 5588 ac
2242 5531 2626 5597 reformidare,
2668 5547 2735 5585 ne
2774 5528 2912 5584 forte
2958 5529 3413 5596 transgressionis
3453 5539 3649 5596 pennam
3675 5533 3726 5571 ac

2153 5627 2470 5697 supplicium
2515 5626 2879 5684 sustinerent,
2922 5637 3018 5676 suo
3066 5620 3168 5674 illis
3212 5621 3476 5687 exemplo
3518 5619 3723 5672 animum

2154 5722 2317 5786 addit,
2350 5736 2467 5776 cum
2496 5719 2563 5774 ait
2589 5759 2604 5786 ,
2636 5716 2803 5773 Ifstotc
2828 5715 2954 5770 sicut
2987 5730 3104 5787 ego,
3130 5712 3260 5781 quia
3288 5722 3339 5766 et
3368 5728 3463 5783 ego
3487 5715 3606 5764 sicut
3629 5720 3718 5760 vos.
