3990 6198
273 233 363 288 865
970 244 1067 300 4N
1105 245 1232 302 EOS
1269 244 1384 313 QUI
1421 244 1683 302 PASCllA
1723 244 2087 322 JEJUNANT.
2130 246 2500 308 ADVERSUS
2537 246 2683 308 JUD.
2725 251 2807 308 ill.

270 353 398 410 Num
429 355 572 410 enim
608 370 672 411 ex
715 355 995 428 gentibus,
1040 356 1234 427 inquit,
1279 357 1441 411 veni?
1482 357 1618 411 Num
1664 342 1847 425 legalis

270 449 682 504 conversationis
709 448 985 520 imperitus
1011 465 1156 504 eram
1184 490 1199 515 ,
1238 461 1329 522 aut
1366 465 1537 521 poenm
1579 465 1695 520 qua!
1736 451 1850 519 lege

272 538 779 609 trauSgri-dientibus
835 549 916 595 est
971 541 1293 612 proposita?
1346 539 1590 594 llebrmus
1632 557 1742 592 sunt
1789 554 1852 593 ex

274 631 514 696 Hebrwis,
546 634 817 686 secundum
847 633 1005 703 legem
1041 632 1333 687 Phariswus
1351 674 1366 699 ,
1396 632 1666 686 secundum
1690 648 1849 685 ιιήηιο

273 724 500 779 lationem
543 740 842 796 persequens
875 723 1159 779 Ecclesium
1182 741 1201 780 :
1233 724 1323 779 sed
1351 740 1463 794 qua:
1490 723 1612 777 mihi
1643 722 1848 795 fuerunt

273 816 406 869 lucra
424 852 442 880 ,
471 815 578 869 hazc
606 816 879 869 arbitratus
905 833 1016 870 sum
1040 825 1245 888 prepler
1268 815 1525 871 Christum
1555 817 1852 870 detrimenta

277 904 540 975 (Philipp.
566 907 601 960 3
646 907 810 975 5-7).
854 907 966 961 Hoc
995 918 1095 974 est,
1143 908 1309 962 semel
1340 906 1408 962 ab
1457 907 1562 963 illis
1605 907 1848 963 discessi.

276 1001 453 1056 Estote
478 1017 608 1072 ergo
633 1001 768 1056 sicut
795 1010 846 1056 et
869 1016 1014 1071 ego:
1040 1016 1160 1056 nam
1184 1010 1239 1056 et
1258 1002 1397 1055 sicut
1421 1016 1514 1055 vos
1540 1017 1706 1054 eraui.

342 1091 557 1146 Nicawa
608 1093 848 1165 Synodus
892 1097 956 1148 de
1004 1093 1258 1149 Paschate
1300 1094 1555 1148 decretum
1603 1096 1737 1165 fecit.
1781 1123 1853 1135 --

274 1182 403 1251 Quid
431 1191 608 1237 autem
635 1184 702 1239 de
728 1198 813 1237 me
843 1184 1074 1253 loquor?
1100 1183 1344 1239 Trecenti
1380 1181 1567 1238 Patres
1589 1186 1669 1240 vel
1689 1184 1849 1239 etiam

275 1276 470 1345 plures,
503 1289 624 1329 cum
653 1278 707 1329 in
748 1275 965 1344 regione
996 1275 1257 1347 Bithynia:
1296 1276 1703 1341 convenissent,
1739 1274 1853 1329 hac

275 1365 621 1422 decreverunt
652 1383 666 1420 :
700 1375 754 1420 et
784 1377 834 1420 ut
871 1367 989 1422 illos
1018 1380 1207 1421 omnes
1238 1366 1434 1435 probro
1461 1364 1632 1421 afticis
1658 1367 1671 1417 ε
1707 1364 1850 1418 Duo-

275 1475 390 1514 rum
432 1459 575 1514 enim
615 1459 878 1523 alterum,
924 1467 1016 1513 aut
1062 1457 1182 1513 illos
1231 1457 1455 1513 inscitia:
1501 1456 1848 1521 condenmas,

275 1552 420 1623 quasi
468 1566 572 1605 non
616 1552 747 1606 satis
775 1559 1027 1607 accurate
1066 1552 1375 1616 novissent,
1406 1562 1496 1605 aut
1536 1550 1850 1618 timiditatis,

273 1645 417 1715 quasi
448 1646 723 1699 novissent
751 1645 996 1717 quidem,
1042 1644 1134 1700 sed
1165 1644 1594 1699 dissimularsent
1621 1660 1684 1699 ac
1714 1644 1853 1697 veri-

275 1746 434 1795 tatem
464 1736 839 1806 prodidissent.
874 1737 1004 1791 Cum
1042 1737 1184 1791 enim
1223 1750 1328 1790 non
1356 1746 1466 1791 stes
1495 1737 1559 1790 iis
1579 1777 1595 1800 ,
1642 1751 1759 1804 qua:
1787 1737 1855 1790 ab

275 1827 376 1882 illis
402 1827 614 1882 decreta
645 1836 804 1893 sunt,
838 1827 952 1883 haec
975 1826 1153 1882 omnia
1183 1836 1494 1897 sequuntur.
1525 1826 1699 1880 Multae
1728 1842 1854 1880 vero

271 1921 545 1989 sapientia:
591 1934 657 1975 ac
699 1919 1022 1974 fortitudinis
1068 1919 1346 1990 specimen
1397 1919 1465 1974 ab
1502 1919 1608 1974 illis
1650 1919 1851 1974 editum

274 2010 433 2064 fuisse
466 2018 577 2065 tum
617 2010 903 2081 temporis,
936 2012 1123 2066 omnia
1153 2024 1273 2081 qua:
1299 2010 1545 2069 accidere
1570 2018 1851 2066 testantur.

270 2103 402 2158 Nam
430 2102 744 2170 sapientiam
784 2102 997 2174 quidem
1029 2103 1238 2157 illorum
1263 2143 1279 2168 ,
1320 2119 1439 2174 qua:
1467 2112 1578 2158 tum
1608 2102 1744 2157 edita
1772 2111 1855 2158 est
1883 2174 1897 2187 .

273 2194 406 2251 fides
435 2192 662 2260 indicat,
706 2208 827 2265 qua:
854 2204 909 2250 et
938 2194 1310 2250 haereticorum
1354 2210 1416 2249 os
1453 2194 1755 2261 obturavit,
1801 2203 1857 2249 et

272 2294 543 2356 tamquam
587 2299 777 2341 murus
803 2285 1227 2356 inexpugnabilis
1257 2300 1444 2340 omnes
1474 2286 1684 2340 illorum
1722 2284 1855 2339 insi-

267 2376 389 2431 dias
418 2376 761 2447 .propulsavit
800 2393 817 2432 :
858 2375 1222 2433 fortitudinem
1266 2386 1443 2432 autem
1488 2376 1850 2448 persrquutio,

267 2482 390 2537 quae
415 2468 575 2538 paulo
598 2477 725 2523 ante
752 2467 935 2525 sedata
966 2466 1169 2533 fuerat,
1198 2478 1252 2523 et
1281 2468 1423 2537 quod
1450 2467 1707 2523 Ecclesiis
1734 2465 1854 2522 fue-

265 2565 355 2612 rat
382 2558 586 2619 illatum
613 2557 832 2613 bellum.
1432 2628 1437 2633 η
1754 2628 1757 2631 ν

343 2649 559 2704 Patrum
600 2649 929 2705 Nic-amorum
976 2652 1219 2722 dignitas.
1263 2681 1337 2692 —
1373 2651 1662 2722 Tamquam
1710 2651 1852 2706 enim

260 2745 475 2799 strenui
503 2744 719 2814 quidam
747 2744 1050 2806 bellatores,
1079 2744 1374 2800 innumeris
1402 2745 1618 2814 tropwis
1636 2738 1851 2810 erectis,

259 2849 331 2890 ac
362 2835 540 2889 multis
566 2836 804 2906 exceptis
830 2836 1169 2901 vulneribus,
1200 2836 1432 2906 undique
1457 2846 1566 2891 tum
1589 2836 1856 2891 Ecclesia—

258 2944 389 2984 rum
407 2928 660 2999 pra'sules
678 2930 1078 2984 revertebantur
1093 2929 1335 2998 stigmata
1347 2927 1542 2984 Christi
1561 2936 1851 2997 portantes,

257 3018 362 3090 qui
392 3020 613 3089 plurima
642 3027 888 3090 poterant
930 3035 1249 3074 enumerare
1273 3018 1552 3088 supplicia,
1580 3034 1698 3088 qua:
1724 3033 1850 3072 con-

255 3110 517 3169 fessionis
564 3126 693 3182 ergo
738 3112 1116 3167 toleraverant.
1163 3110 1435 3181 Siquidem
1478 3110 1566 3163 alii
1607 3117 1854 3178 poterant

255 3206 486 3262 metalla
522 3216 762 3266 narrare,
794 3220 856 3260 ac
882 3206 1155 3269 miserias,
1189 3218 1320 3274 quas
1348 3203 1417 3257 ibi
1450 3204 1590 3271 passi
1620 3203 1848 3269 fuerant,

252 3298 363 3353 alii
386 3298 644 3353 bonorum
670 3296 909 3351 omnium
940 3296 1324 3366 publicationes
1345 3337 1363 3360 ,
1388 3293 1473 3347 alii
1503 3293 1695 3347 litincm
1715 3334 1731 3356 ,
1762 3290 1851 3346 alii

252 3390 565 3460 frequentia
594 3389 847 3454 vulnera,
893 3388 1020 3443 dum
1070 3387 1189 3442 aliis
1231 3388 1397 3441 latera
1442 3383 1847 3450 deraderentur,

249 3483 405 3539 aliis.
427 3491 571 3552 terga
599 3481 1059 3537 contundereutur
1082 3521 1095 3544 ,
1127 3480 1215 3535 alii
1251 3478 1476 3535 elfossos
1503 3478 1687 3534 oculos
1711 3520 1727 3544 ,
1760 3478 1850 3532 alii

252 3584 419 3646 parte
441 3574 617 3644 aliqua
643 3573 883 3644 corporis
912 3580 1127 3642 propter
1152 3570 1421 3626 Christum
1448 3585 1506 3624 se
1535 3568 1701 3625 fuisse
1729 3586 1850 3623 tnu-

252 3666 449 3721 tilatos
488 3673 735 3736 poterant
775 3664 1031 3720 indicare.
1060 3665 1234 3734 Atque
1273 3678 1339 3717 ex
1380 3662 1462 3721 his
1490 3663 1707 3716 athletis
1734 3662 1850 3715 col-

249 3759 402 3814 leeta
430 3765 540 3812 tum
569 3756 740 3812 fuerat
770 3756 1010 3827 synodus
1039 3756 1304 3818 universa,
1349 3753 1727 3823 communique
1753 3753 1850 3806 de-

248 3851 508 3908 finitione
556 3850 677 3906 ﬁdei
730 3850 835 3904 hoc
880 3864 1092 3920 quoque
1147 3848 1537 3911 decreverunt,
1589 3856 1642 3899 ut
1690 3846 1849 3900 simul

252 3958 481 4015 unoque
500 3958 768 4000 consensu
810 3942 1001 3998 festum
1042 3941 1182 3997 istud
1223 3940 1604 3996 celebraretur.
1641 3940 1850 4009 Ergone

248 4036 355 4108 qui
398 4035 558 4090 fidem
590 4034 921 4104 temporibus
959 4032 1095 4088 adeo
1122 4030 1430 4087 difficilibus
1460 4046 1565 4084 non
1598 4029 1848 4099 prodide-

251 4136 425 4193 runt,
468 4125 524 4181 lii
566 4134 788 4196 propter
825 4126 1032 4181 dierutn
1073 4122 1503 4179 observationem
1545 4121 1849 4177 dissimula-

249 4220 412 4275 tione
457 4220 531 4273 uti
578 4216 906 4288 potueruut?
952 4215 1081 4271 Vide
1122 4214 1246 4287 quid
1293 4229 1458 4284 agas,
1499 4213 1624 4267 dum
1675 4222 1851 4283 tantos

248 4311 454 4366 Patres
482 4308 810 4369 condemnas
830 4350 845 4374 ,
877 4306 1013 4361 adeo
1056 4307 1251 4369 fortes,
1281 4305 1521 4374 adeoque
1560 4304 1847 4373 sapiei.tes.

245 4401 399 4459 Nam
445 4401 491 4456 si
535 4401 875 4471 publicanum
921 4398 1283 4454 condemnaus
1327 4395 1629 4450 Pliarisanis
1672 4392 1848 4447 omnia

248 4494 405 4555 bona
434 4491 686 4563 perdidit,
730 4506 848 4560 qua:
873 4489 1103 4544 habebat
1130 4506 1142 4541 :
1174 4503 1278 4557 qua
1307 4487 1462 4541 venia
1491 4485 1680 4557 dignus
1699 4526 1715 4553 ,
1744 4501 1849 4553 qua

242 4581 577 4640 defensione
603 4582 931 4642 censeberis,
963 4581 1052 4651 qui
1079 4579 1338 4634 adversus
1366 4587 1445 4643 tot
1469 4577 1718 4645 doctores
1743 4577 1851 4630 D-co

241 4689 440 4741 caros,
488 4674 649 4746 idque
697 4674 887 4745 injuria
925 4684 980 4728 et
1027 4683 1210 4728 contra
1255 4674 1515 4726 rationem
1565 4669 1851 4739 insurgas?

240 4766 381 4822 Non
405 4764 599 4821 audisti
625 4765 895 4820 Christum
926 4766 1213 4831 dicentem,
1250 4762 1348 4818 Ubi
1375 4764 1477 4817 duo
1500 4763 1579 4825 vel
1608 4772 1707 4817 tres
1733 4769 1850 4817 sunt

235 4863 313 4916 i-s
346 4860 551 4914 nomine
594 4877 704 4913 meo
736 4859 1058 4930 congregati,
1108 4856 1175 4911 ibi
1216 4873 1331 4919 sum
1372 4857 1426 4910 in
1470 4857 1635 4910 medio
1677 4870 1850 4909 eorum

232 4947 480 5024 (illaab.
510 4949 598 5005 18.
620 4947 752 5021 20)?
776 4949 926 5017 Quod
952 4949 997 5005 si
1025 4948 1111 5001 ubi
1137 4948 1243 5001 duo
1272 4956 1446 5003 tresve
1467 4957 1611 5011 sunt,
1641 4945 1849 5001 medius

222 5050 348 5099 cst
376 5041 621 5096 Christus
652 5060 666 5095 :
699 5041 786 5096 ubi
830 5041 1051 5094 trecenti
1094 5056 1157 5094 ac
1186 5039 1354 5094 multo
1394 5038 1575 5110 plures
1603 5038 1846 5105 aderant,

216 5133 435 5192 multo
461 5135 630 5205 magis
654 5133 842 5188 aderat
865 5176 879 5196 ,
911 5135 1197 5204 omniaque
1225 5132 1536 5203 designat-at
1566 5149 1630 5189 ac
1656 5134 1847 5189 decer-

210 5221 447 5283 uebat.
477 5224 550 5277 Αι
588 5232 645 5278 tu
691 5238 797 5279 nou
843 5224 962 5279 illus
1010 5234 1214 5279 tantum
1252 5223 1615 5297 condemnas,
1660 5224 1756 5297 sed
1793 5231 1849 5280 et

203 5318 451 5379 orbem
480 5328 742 5381 terrarum
772 5323 1076 5377 universum
1094 5363 1115 5386 ,
1138 5322 1229 5392 qui
1271 5321 1590 5385 sententiam
1634 5323 1844 5389 illorum

198 5412 652 5483 mprobant.
691 5414 776 5469 An
820 5430 944 5470 vero
983 5414 1200 5471 Jndieos
1243 5414 1404 5469 etiam
1437 5414 1666 5470 universi
1697 5416 1844 5473 orbis

206 5515 529 5561 terrarum
555 5503 805 5563 Panibus
831 5506 1180 5575 sapientiores
1217 5505 1491 5565 arbitraris
1511 5544 1529 5573 ,
1574 5504 1842 5573 homines,

200 5597 505 5665 iaquam,
534 5596 722 5668 patriis
750 5598 939 5654 ritibus
963 5599 1212 5665 orbatos,
1244 5608 1301 5655 et
1324 5599 1414 5670 qui
1441 5613 1511 5656 ne
1542 5599 1706 5655 ullum
1729 5599 1849 5669 qui-

201 5690 392 5748 deus
418 5690 609 5749 festum
634 5688 951 5747 celebrant?
998 5690 1127 5748 Nam
1175 5705 1275 5747 nec
1316 5691 1454 5763 apud
1502 5689 1624 5749 illos
1660 5704 1846 5765 azyma

3431 248 3535 304 806

1959 373 2107 423 esse,
2149 376 2247 415 nec
2279 361 2475 416 Pascha
2512 361 2728 433 (multos
2752 363 2946 433 quippe
2970 363 3148 420 dicere
3187 364 3328 433 istud
3374 368 3534 424 audio

1957 450 2152 504 Pascha
2182 467 2301 506 es~e
2342 469 2461 507 cum
2504 456 2735 523 azyma),
2780 454 2872 507 sed
2922 455 3058 524 apud
3106 456 3223 511 illos
3265 471 3369 513 non
3414 473 3535 514 esse

1952 557 2159 613 azyma,
2189 560 2248 596 ex
2283 543 2363 596 liis
2394 534 2707 611 legislatoris
2737 546 2909 598 verbis
2938 546 3162 614 Collige,
3194 545 3315 598 Non
3344 546 3534 616 poteri-

1955 633 2017 686 tis
2044 633 2209 702 facere
2230 633 2426 687 Pascha
2458 637 2507 687 in
2537 635 2642 688 ulla
2670 636 2862 687 urbium
2894 645 3114 703 tuarum,
3142 653 3265 704 quas
3289 635 3536 693 Dominus

1955 725 2091 779 Deus
2120 736 2234 780 tuus
2255 728 2340 780 dat
2365 726 2449 779 tibi
2469 769 2483 790 ,
2512 727 2601 780 sed
2630 728 2679 780 in
2710 726 2838 787 loco.
2869 728 2918 779 in
2947 744 3044 796 quo
3071 730 3356 781 invocatum
3383 728 3535 800 fuerit

1955 835 2133 873 nomen
2175 820 2284 887 ejus
2324 819 2496 891 (Deut.
2524 819 2609 875 l6.
2635 821 2687 874 5.
2710 821 2767 890 6)
2797 838 2810 873 :
2838 819 2905 875 de
2946 820 3242 876 Jerusalem
3288 822 3533 892 loquens.

1958 908 2115 964 Vides
2142 926 2249 980 quo
2278 920 2451 980 pacto,
2478 927 2597 965 cum
2637 911 2689 966 in
2721 928 2877 966 unam
2925 912 3107 966 urbem
3148 912 3339 967 festum
3371 912 3539 967 ini-lu-

1953 999 2131 1066 sisset,
2177 1001 2425 1070 deinceps
2453 1013 2503 1056 et
2536 1001 2702 1071 ipsam
2734 1002 2919 1057 urbem
2948 1005 3233 1068 everterit,
3268 1012 3324 1058 ut
3350 1005 3428 1058 vel
3456 1004 3541 1058 in-

1954 1092 2090 1148 vitos
2137 1093 2256 1148 illos
2303 1096 2369 1148 ab
2414 1094 2498 1148 illa
2546 1095 2802 1165 religione
2848 1096 3164 1151 revocaret?
3210 1095 3348 1152 Nulli
3395 1096 3538 1151 enim

1954 1182 2170 1239 dubium
2195 1225 2210 1249 ,
2254 1187 2381 1255 quin
2426 1186 2565 1241 Deus
2593 1203 2711 1256 quie
2749 1197 2904 1242 erant
2931 1190 3320 1258 consequutura
3351 1188 3543 1258 praevi-

1956 1275 2125 1331 deret.
2153 1278 2319 1344 Qnam
2352 1277 2511 1346 igitur
2539 1277 2608 1332 ob
2635 1292 2846 1332 causam
2875 1277 2982 1332 illic
3011 1294 3105 1334 eos
3132 1292 3198 1332 ex
3229 1286 3340 1333 toto
3367 1285 3543 1332 terra»

1954 1384 2074 1422 rum
2102 1368 2233 1422 orbe
2256 1371 2616 1439 congregavit,
2636 1383 2756 1424 cum
2782 1367 2894 1423 fore
2915 1367 3249 1438 prmvidcriat,
3274 1377 3329 1424 ut
3353 1366 3542 1422 civitas

1956 1461 2287 1517 vaStaretur?
2321 1463 2511 1516 Annon
2540 1462 2663 1516 hinc
2693 1462 2857 1531 liquet
2883 1462 3029 1516 illum
3060 1462 3169 1516 tolli
3202 1460 3538 1515 festivitatem

1956 1551 2229 1606 voluisse?
2263 1553 2398 1607 Deus
2436 1552 2580 1606 illam
2603 1552 2850 1619 sustulit,
2883 1562 2937 1606 et
2966 1561 3019 1606 tu
3044 1551 3254 1607 Judzeos
3294 1550 3538 1619 sectaris,

1955 1643 2022 1696 de
2049 1644 2239 1713 quibus
2270 1644 2342 1697 ait
2369 1643 2646 1713 propheta,
2677 1643 2745 1696 Et
2772 1644 2883 1713 quis
2908 1658 3098 1708 aecus,
3128 1644 3227 1697 nisi
3253 1642 3395 1712 pueri
3422 1642 3539 1710 mei,

1954 1748 2000 1790 et
2027 1736 2243 1801 surdus,
2279 1737 2374 1790 nisi
2417 1737 2504 1807 qui
2545 1737 2871 1790 dominantur
2908 1752 3079 1790 eorum
3110 1733 3262 1809 (lsai.
3287 1734 3377 1790 42.
3408 1733 3543 1802 l9)?

1958 1831 2093 1902 Erga
2126 1846 2283 1902 quem
2312 1828 2456 1883 enim
2486 1830 2560 1887 illi
2603 1845 2707 1884 non
2754 1828 2968 1884 fuerunt
2997 1828 3186 1898 ingrati
3217 1842 3279 1882 ac
3305 1823 3545 1896 stupidi?

1956 1940 2080 1995 erga
2111 1923 2413 1994 apostolos,
2444 1937 2566 1991 erga
2596 1922 2913 1992 prophetas,
2947 1936 3069 1990 erga
3100 1918 3350 1974 doctores
3374 1914 3544 1971 suos?

1954 2015 2089 2083 Quid
2117 2024 2293 2070 autem
2321 2029 2453 2083 opus
2477 2022 2557 2068 est
2577 2013 2644 2066 de
2671 2011 2978 2068 doctoribus
3000 2026 3061 2065 ac
3087 2011 3361 2080 prophetis
3382 2009 3543 2064 verba

1958 2106 2131 2160 facere
2150 2146 2165 2168 ,
2208 2121 2325 2158 cum
2356 2114 2413 2181 et
2438 2105 2581 2173 ipsos
2610 2104 2806 2157 liberos
2832 2106 2959 2158 Suos
2985 2088 3271 2157 occiderint
3295 2100 3319 2155 ?
3350 2100 3543 2155 Immo-

1958 2196 2129 2250 larunt
2158 2196 2299 2249 enim
2334 2195 2471 2249 filius
2500 2208 2625 2249 suos
2654 2203 2707 2249 et
2748 2193 2882 2248 tilias
2911 2209 3035 2249 suas
3063 2193 3342 2249 daamoniis
3368 2191 3540 2266 (Psal.

1960 2290 2080 2344 103.
2106 2290 2173 2344 '57
2194 2290 2234 2359 ).
2277 2288 2529 2361 Naturam
2564 2288 2910 2355 ignorarunt,
2956 2303 3081 2343 num
3113 2288 3270 2358 igitur
3290 2329 3307 2359 ,
3339 2301 3541 2357 qua'so,

1957 2382 2072 2438 dies
2090 2390 2242 2436 erant
2262 2381 2637 2436 observatnri?
2669 2382 3118 2450 Propinquitatem
3141 2381 3542 2447 conculcarunt,

1956 2483 2009 2529 et
2040 2473 2266 2527 filiorum
2298 2473 2447 2528 obliti
2474 2482 2632 2536 sunt,
2667 2462 2755 2528 hei
2787 2473 2973 2542 ipsius,
3004 2488 3034 2527 a
3064 2487 3169 2542 quo
3194 2471 3392 2526 conditi
3424 2470 3542 2526 fue-

1958 2575 2098 2627 rant,
2126 2574 2249 2619 sunt
2277 2564 2445 2619 obliti.
2477 2562 2642 2616 Deum
2668 2563 2836 2626 enim,
2870 2563 3058 2631 inquit,
3086 2562 3394 2633 dereliquisti
3412 2564 3437 2624 ,‘
3458 2560 3545 2632 qui

1958 2668 2007 2711 te
2029 2666 2303 2728 genuerat,
2349 2665 2396 2710 et
2431 2655 2614 2709 oblitus
2643 2672 2692 2709 es
2730 2652 2823 2707 Dei
2853 2654 3118 2708 nutrientis
3147 2664 3193 2708 te
3230 2645 3425 2724 (Deut.
3451 2650 3541 2707 52.

1958 2748 2083 2819 18).
2124 2747 2288 2802 Deum
2320 2747 2751 2816 dereliquernnt,
2793 2754 2847 2800 et
2876 2745 3240 2800 solemnitates
3268 2752 3420 2799 erant
3445 2744 3540 2798 οι)-

1956 2841 2260 2896 servaturi?
2302 2831 2429 2909 Quis
2458 2840 2557 2893 ltoc
2586 2838 2768 2893 dicat?
2809 2834 3078 2908 Siquidem
3113 2836 3357 2895 Christus
3382 2841 3540 2892 etiam

1954 2934 2154 2989 idcirco
2180 2949 2300 2987 cum
2332 2934 2437 2989 illis
2482 2932 2680 2986 Pascha
2727 2931 2883 2996 fecit,
2927 2946 3031 2985 non
3073 2939 3128 2985 ut
3166 2946 3263 2984 nos
3292 2946 3411 2984 cum
3440 2929 3544 2983 illis

1958 3024 2234 3088 faciamus,
2261 3024 2353 3078 sed
2384 3032 2440 3076 ut
2467 3038 2558 3092 per
2582 3022 2821 3075 umbram
2847 3021 3122 3075 veritatem
3155 3020 3539 3073 introduceret.

1954 3113 2084 3169 Nam
2113 3122 2168 3168 et
2192 3111 2649 3168 cireumcisionem
2679 3125 2865 3181 passus
2890 3119 3006 3174 est,
3037 3118 3092 3164 et
3116 3108 3331 3163 sabbata
3362 3124 3543 3163 serva-

1953 3207 2065 3273 vit,
2112 3216 2166 3261 ct
2208 3206 2337 3260 festa
2382 3204 2704 3269 celebravit,
2736 3212 2790 3258 et
2817 3219 3002 3275 azyma
3032 3201 3295 3264 comedit,
3327 3211 3383 3256 et
3427 3200 3540 3254 lia'c

1953 3299 2134 3355 omnia
2170 3298 2516 3369 Jcrosolymis
2556 3297 2795 3367 peregit;
2842 3296 2935 3351 sed
2968 3296 3097 3350 nulli
3142 3306 3315 3348 tamen
3350 3294 3537 3348 liorutn

1954 3407 2053 3447 nos
2080 3391 2293 3446 obnoxii
2323 3406 2508 3445 sumus
2529 3433 2543 3458 ,
2573 3406 2633 3446 ac
2660 3392 2853 3446 clamat
2881 3388 3078 3444 Paulus
3106 3388 3318 3449 dicens,
3352 3386 3411 3441 Si
3440 3403 3542 3439 cir-

1952 3481 2310 3535 cumcidamini
2328 3522 2345 3549 ,
2374 3480 2603 3536 Christus
2628 3481 2766 3534 vobis
2795 3480 2924 3533 nihil
2963 3478 3186 3549 proderit
3215 3476 3356 3547 (Cal.
3379 3477 3429 3533 5.
3457 3475 3538 3547 2).

1955 3575 2022 3631 Et
2047 3575 2112 3630 de
2139 3576 2342 3647 azymis
2368 3590 2572 3638 rursus,
2603 3573 2784 3642 Itaque
2807 3575 2987 3643 festum
3010 3572 3334 3634 celebremus,
3363 3587 3461 3623 non
3486 3570 3536 3623 in

1952 3670 2197 3738 fermento
2221 3666 2400 3732 veteri,
2433 3681 2590 3736 neque
2621 3666 2672 3718 in
2706 3666 2948 3737 fernmito
2976 3663 3184 3716 malitia:
3208 3672 3253 3716 et
3282 3662 3534 3729 nequitur,

1952 3759 2041 3812 sed
2078 3760 2130 3813 in
2169 3759 2360 3830 azymis
2399 3757 2701 3812 sinceritatis
2744 3764 2789 3808 et
2829 3754 3053 3808 veritatis
3097 3753 3190 3824 (l.
3214 3750 3332 3806 Cor.
3356 3753 3410 3806 5.
3441 3751 3473 3805 8
3498 3756 3538 3819 ).

1952 3852 2143 3910 Nostra
2171 3852 2313 3907 enim
2355 3865 2539 3921 azyma
2578 3859 2701 3902 sunt
2733 3861 2837 3902 non
2870 3844 3037 3899 farina
3082 3843 3401 3905 commixta,
3446 3840 3541 3925 sed

1952 3944 2289 4001 conversatio
2313 3942 2518 3996 sincera
2547 3952 2599 3995 et
2631 3940 2733 3993 vita
2762 3954 2856 4008 per
2883 3937 3131 3991 virtutem
3162 3944 3448 3990 transacta.

2023 4036 2079 4090 4.
2118 4033 2222 4089 Cur
2264 4033 2489 4088 Christus
2532 4030 2734 4084 Pascha
2778 4027 3038 4082 celi‘brurit
3079 4024 3171 4080 illo
3218 4035 3539 4094 tempore.—

1953 4126 2119 4193 Quam
2153 4124 2311 4194 igitur
2335 4103 2412 4177 ob.
2431 4137 2646 4176 causam
2684 4129 2792 4174 tum
2822 4117 3074 4187 temporis
3103 4116 3223 4169 fecit
3252 4113 3536 4169 Christus?

1952 4216 2212 4284 Quoniam
2242 4224 2389 4271 vetus
2433 4212 2632 4269 Pascha
2667 4212 2821 4266 futttri
2860 4203 2979 4263 erat
3027 4210 3214 4278 figura,
3260 4206 3537 4261 veritatem

1953 4316 2129 4361 autem
2157 4306 2389 4375 oportuit
2414 4304 2533 4359 addi
2559 4304 2758 4372 figurae,
2782 4316 2901 4356 cmn
2928 4301 3074 4370 prius
3101 4297 3341 4352 umbram
3364 4308 3538 4352 osten-

1954 4392 2142 4462 disset,
2173 4397 2448 4449 veritatem
2490 4393 2683 4448 deinde
2729 4393 2780 4446 in
2826 4391 3013 4447 eadem
3058 4404 3241 4444 mensa
3294 4388 3535 4443 induxit:

1957 4504 2115 4561 porro
2138 4488 2247 4557 jam
2280 4488 2422 4542 illata
2453 4487 2697 4549 veritate,
2728 4484 2915 4539 umbra
2962 4481 3217 4550 deinceps
3258 4480 3541 4536 abscondi-

1955 4594 2058 4647 tur,
2089 4595 2262 4652 neque
2283 4580 2394 4651 jam
2418 4580 2649 4649 amplius
2674 4576 2984 4650 tempestiva
3014 4586 3115 4630 est.
3149 4574 3265 4630 Noli
3290 4590 3417 4644 ergo
3439 4573 3539 4628 lioc

1954 4673 2266 4736 obtendere,
2292 4673 2384 4728 sed
2429 4670 2559 4726 milii
2586 4669 2716 4726 illud
2745 4667 2988 4732 ostende,
3023 4667 3091 4721 ita
3122 4665 3233 4721 fieri
3264 4664 3536 4720 Cbristuut

1948 4765 2191 4836 iussisse.
2238 4765 2369 4820 Nam
2416 4778 2514 4835 ego
2553 4762 2765 4833 quidem
2792 4761 3113 4817 contrarium
3152 4756 3396 4821 ostendo,
3432 4770 3533 4810 non

1953 4859 2113 4915 modo
2143 4874 2247 4914 non
2284 4859 2509 4928 iussisse
2538 4857 2653 4911 dies
2680 4854 2974 4917 observari,
3021 4851 3114 4907 sed
3145 4852 3303 4905 etiam
3343 4850 3408 4902 ab
3440 4848 3537 4903 bac

1954 4968 2055 5008 nos
2084 4952 2404 5007 necessitate
2433 4950 2708 5005 liberasse.
2736 4946 2871 5002 Audi
2900 4959 3029 4999 sane
3054 4942 3177 5012 quid
3222 4942 3362 4994 dicat
3405 4940 3538 4993 l’au-

1955 5044 2060 5109 lus,
2091 5059 2211 5099 cum
2240 5059 2366 5097 vero
2393 5041 2611 5096 Paulum
2629 5040 2768 5104 dico,
2789 5037 2909 5091 dico
2929 5033 3195 5090 Christum
3222 5051 3234 5086 :
3266 5032 3534 5100 ipscenim

1954 5143 2036 5191 est
2059 5135 2150 5205 qui
2180 5133 2327 5188 Pauli
2355 5132 2587 5185 animam
2615 5136 2827 5183 movet:
2856 5126 2980 5197 quid
3030 5125 3188 5195 igitur
3231 5123 3329 5179 iste
3372 5121 3536 5176 dii-it?

1952 5226 2074 5281 Dies
2101 5226 2371 5281 observatis
2396 5233 2441 5278 et
2475 5238 2688 5286 menses,
2731 5229 2778 5273 et
2807 5229 3052 5288 tenuiora,
3081 5226 3126 5272 et
3153 5232 3332 5269 annos.
3360 5211 3536 5268 Timeo

1951 5336 2057 5386 uos,
2086 5336 2150 5373 ne
2176 5318 2307 5388 forte
2329 5317 2437 5370 sine
2464 5332 2616 5370 causa
2656 5313 2984 5368 laboraverim
3031 5311 3085 5364 in
3129 5309 3266 5365 vobis
3303 5305 3446 5371 (Cal.
3479 5308 3531 5362 4.

1953 5413 2042 5469 l0.
2070 5411 2159 5484 ll)
2184 5430 2199 5466 :
2222 5421 2275 5466 et
2296 5424 2498 5473 rursus,
2529 5408 2946 5477 Quotiescumque
2959 5405 3339 5462 manducabitis
3353 5417 3533 5472 panem

1951 5506 2103 5569 hunc,
2132 5515 2180 5561 et
2204 5505 2412 5559 calicem
2439 5503 2631 5568 bibatis,
2678 5509 2888 5556 mortem
2931 5499 3133 5554 Donum
3174 5495 3534 5550 annuutiabitis

1955 5600 2032 5672 (ι’.
2075 5598 2194 5655 Cor.
2228 5598 2313 5654 ll.
2344 5595 2461 5669 26).
2503 5595 2939 5663 Quotiescumque
2988 5603 3117 5645 vero
3162 5605 3283 5645 cum
3314 5587 3529 5651 dixerit,

1952 5690 2192 5765 permisit
2224 5691 2325 5747 hoc
2353 5689 2471 5762 ejus
2497 5685 2738 5756 arbitrio,
2763 5685 2850 5765 qui
2876 5683 3103 5750 accedit,
3129 5694 3358 5754 eumque
3386 5674 3533 5735 omni
