3990 6198
211 343 308 397 8ύ9
995 337 1059 392 IN
1093 336 1222 392 EOS
1247 336 1360 404 QUI
1401 336 1661 393 PASCllA
1705 331 2064 391 JEJUNANT.
2106 334 2464 391 ADV’ERSUS
2500 335 2640 391 δεῖ).
2685 334 2770 390 ill.

202 473 312 510 mus
340 471 498 525 super
520 455 763 518 animam,
792 450 1042 521 quomodo
1070 468 1168 504 non
1194 451 1546 522 fraudabimnr
1572 450 1639 503 ad
1663 448 1789 516 olfe-

202 548 412 601 reudum
431 547 569 599 dona
587 545 801 598 Domino
820 542 1002 613 (Num.
1027 543 1078 597 9.
1097 541 1188 611 7)?
1210 543 1354 596 State
1378 542 1508 602 istic,
1534 540 1723 610 inquit,
1745 549 1791 592 et

202 639 474 706 oﬂ'crcmus
522 637 590 689 ad
640 636 799 689 Deum
855 633 963 705 (Ib.
993 653 1043 688 υ.
1075 636 1158 702 8).
1198 634 1398 688 Deinde
1427 647 1546 686 cum
1578 631 1790 686 retulis-

202 738 304 789 set,
338 730 507 798 legem
539 727 747 791 detulit,
781 742 898 796 qua:
925 725 1266 794 percipiebat
1288 743 1301 777 :
1327 725 1389 778 Si
1425 723 1535 794 quis
1567 723 1791 776 immun-

204 821 298 870 dus
320 819 472 887 fuerit
492 834 647 886 super
665 817 885 869 animam
906 816 984 869 vel
1004 818 1054 869 in
1076 819 1154 868 via
1175 815 1348 886 longa,
1371 823 1416 868 et
1433 814 1595 883 primo
1626 828 1793 866 mense

208 909 410 964 Pascha
433 913 600 981 facere
627 927 726 962 non
751 911 988 980 potuerit,
1017 910 1165 978 faciet
1193 909 1245 961 in
1272 909 1488 962 secundo
1516 905 1564 972 (1
1573 905 1792 970 b.v.10).

209 1003 417 1070 Ergone
445 1000 585 1070 apud
611 999 825 1054 Judteos
858 1000 1110 1070 temporis
1134 1000 1356 1054 solvitur
1381 999 1702 1065 observatio,
1735 1007 1794 1052 ut

207 1091 558 1162 Jerosonmis
580 1090 781 1144 Pascha
801 1091 1133 1145 celebretur:
1157 1099 1208 1145 et
1232 1099 1287 1143 tu
1308 1088 1648 1144 concordiam
1671 1105 1790 1144 cum

209 1183 451 1240 Ecclesia
483 1183 706 1251 tempori
734 1197 836 1234 non
865 1182 1148 1242 anteferes,
1176 1181 1267 1235 sed
1293 1189 1348 1235 ut
1368 1180 1483 1235 dies
1508 1180 1795 1235 observare

206 1275 459 1339 videaris,
490 1288 828 1328 communem
858 1274 1094 1327 omnium
1120 1281 1359 1326 nostrum
1401 1282 1624 1325 matrem
1658 1271 1794 1338 injn.

205 1368 283 1420 ria
312 1368 535 1431 allicies,
561 1376 616 1421 et
638 1376 956 1420 conventum
987 1380 1197 1419 sacrum
1219 1363 1462 1419 divides?
1483 1364 1611 1430 Quis
1638 1364 1796 1433 igitur

204 1460 362 1511 venia
397 1465 449 1512 te
491 1457 708 1526 dignum
751 1456 1012 1522 censebit,
1062 1457 1151 1526 qui
1197 1456 1340 1510 nulla
1378 1455 1445 1510 de
1481 1469 1640 1510 causa
1673 1453 1794 1508 talia

206 1554 434 1616 peccare
464 1547 629 1600 velis?

282 1637 490 1691 Pasclta
519 1653 619 1690 non
650 1653 912 1706 possumus
937 1636 1216 1699 observare,
1268 1653 1366 1707 quo
1405 1637 1486 1691 die
1522 1637 1796 1703 cruciﬁxus

207 1739 283 1782 cst
305 1728 554 1782 Christus.
582 1759 654 1767 -—
679 1728 812 1795 Quid
844 1739 1019 1782 autem
1059 1728 1126 1782 de
1165 1727 1362 1782 Judaeis
1401 1727 1626 1798 loquor?
1663 1726 1794 1781 Nam

209 1839 279 1875 ne
310 1838 410 1877 nos
439 1822 651 1892 quidem
677 1822 836 1875 etiam
863 1822 906 1875 si
932 1821 1277 1876 vehementer
1304 1820 1582 1888 cupiamus
1611 1829 1666 1874 et
1698 1836 1796 1871 an-

208 1913 473 1977 nitamur,
502 1913 640 1966 diem
673 1913 820 1965 illum
868 1913 1086 1965 omnino
1135 1913 1423 1966 observare
1468 1926 1642 1980 posse,
1691 1926 1796 1980 quo

207 2004 506 2058 cruciﬁxus
549 2013 646 2061 est.
682 2003 804 2057 inde
832 2011 1056 2057 constat.
1088 2002 1235 2057 Licet
1261 2003 1400 2056 enim
1434 2011 1796 2072 transgresso-

209 2110 302 2150 res
330 2094 500 2150 Judaei
528 2111 630 2148 non
662 2095 902 2156 fuissent,
932 2111 1105 2165 neque
1133 2097 1322 2165 ingrati
1357 2094 1596 2158 fuissent,
1626 2109 1798 2165 neque

210 2185 434 2254 stupidi,
470 2201 641 2254 neque
667 2185 877 2239 desides
906 2201 968 2239 ac
993 2196 1412 2255 contemptores,
1447 2199 1617 2255 neque
1643 2201 1672 2238 a
1705 2201 1797 2251 pa-

208 2276 382 2330 ternis
401 2275 588 2329 ritibus
611 2276 948 2341 excidissent,
976 2277 1066 2330 sed
1095 2291 1187 2331 eos
1209 2277 1495 2331 etiamnutn
1517 2278 1799 2346 diligenter

208 2367 582 2429 observarent,
615 2383 680 2421 ne
709 2368 785 2420 sic
812 2368 1024 2438 quidem
1058 2367 1168 2422 ﬁeri
1201 2377 1399 2437 posset,
1454 2377 1510 2422 ut
1551 2384 1650 2422 nos
1680 2369 1800 2422 illo-

209 2474 333 2511 rum
358 2459 592 2529 vestigiis
614 2459 904 2513 insistendo
925 2461 1062 2514 diem
1088 2461 1243 2515 istum
1266 2476 1372 2530 qtto
1396 2462 1677 2516 cruciﬁxus
1692 2473 1794 2523 est,

208 2557 267 2602 et
299 2548 500 2603 Pascha
528 2549 837 2613 celebravit,
861 2565 1288 2620 assequeremur.
1322 2551 1438 2618 Quo
1467 2567 1596 2606 vero
1620 2562 1795 2621 pacto,

207 2653 316 2707 ego
344 2639 534 2692 dicam.
581 2640 804 2705 Quando
845 2642 1126 2695 cruciﬁxus
1153 2653 1257 2708 est,
1303 2651 1412 2696 tum
1455 2643 1655 2712 primus
1683 2644 1800 2698 dies

205 2740 521 2798 azymorum
549 2739 682 2795 erat,
706 2741 760 2785 et
791 2747 1107 2800 parasceve:
1140 2733 1254 2788 haec
1279 2733 1420 2788 enim
1445 2744 1666 2804 utraque
1687 2735 1800 2789 ﬁeri
1830 2749 1834 2753 ‘

208 2820 420 2890 nequit,
454 2829 508 2874 nt
536 2831 789 2891 perpetuo
812 2834 1154 2878 concurrant.
1188 2825 1321 2879 Ecce
1343 2840 1570 2894 namque
1598 2827 1800 2896 primus

204 2913 332 2966 dies
357 2927 663 2983 azymorum
691 2913 794 2968 hoc
821 2929 962 2968 anno
989 2916 1039 2969 in
1065 2915 1386 2971 dominicum
1417 2916 1556 2972 diem
1591 2918 1796 2984 incidit,

203 3013 263 3058 et
291 3005 518 3058 omnino
547 3019 765 3060 necesse
783 3017 882 3070 est,
905 3015 964 3060 ut
989 3015 1095 3060 tota
1119 3007 1448 3061 hebdomada
1475 3008 1798 3078 jejnnemus,

201 3106 255 3150 et
284 3111 413 3150 cum
437 3097 612 3165 passio
637 3097 973 3165 prteterierit,
996 3107 1048 3152 et
1069 3113 1197 3152 crux
1221 3098 1514 3165 advenerit,
1543 3109 1597 3154 et
1623 3115 1798 3154 resur-

203 3187 408 3250 rectio,
443 3201 540 3240 nos
568 3186 744 3240 adhuc
768 3187 1074 3256 jejunantes
1103 3203 1431 3243 maneamus.
1464 3191 1528 3243 Et
1556 3204 1802 3259 sa-penu-

201 3293 369 3334 utero
395 3279 532 3334 istud
557 3280 770 3346 accidit,
803 3291 860 3336 ut
888 3289 1007 3350 post
1029 3297 1266 3346 crucem,
1309 3293 1427 3353 post
1455 3284 1801 3340 resurrectio-

201 3385 364 3434 nem,
397 3368 726 3424 bebdomada
769 3371 1000 3426 nondum
1031 3373 1293 3441 absoluta,
1317 3375 1576 3444 jejunium
1618 3379 1800 3433 obser-

201 3477 424 3516 vemus.
456 3462 527 3516 lta
557 3463 700 3517 nulla
729 3465 984 3534 temporis
1007 3475 1090 3520 est
1117 3467 1441 3522 observatio.

279 3554 342 3609 6.
385 3553 462 3608 Ne
509 3554 666 3624 igitur
707 3556 1111 3620 contendamus,
1168 3574 1302 3614 neve
1352 3560 1482 3615 illud
1527 3560 1798 3629 dicamus,

201 3657 368 3700 tanto
392 3655 632 3716 tempore
647 3647 900 3716 jejunavi,
925 3657 978 3704 et
1004 3665 1144 3705 nunc
1170 3665 1370 3706 morem
1400 3653 1650 3708 mutabo?
1673 3655 1802 3708 Pro-

205 3751 335 3807 pter
357 3738 460 3792 hoc
487 3739 656 3807 ipsum
684 3750 826 3794 mnta
848 3758 860 3792 :
885 3741 1024 3808 quod
1050 3753 1152 3795 tam
1182 3743 1351 3796 multo
1378 3753 1616 3814 tempore
1641 3746 1802 3800 fueris

202 3833 280 3886 ab
315 3831 556 3888 Ecclesia
583 3833 805 3897 divisus,
848 3832 914 3886 ad
962 3842 1184 3888 matrem
1215 3834 1467 3906 deinceps
1507 3847 1797 3893 revertere.

203 3923 386 3976 Nemo
415 3923 567 3987 dicit,
599 3923 1024 3993 quandoquidem
1055 3933 1200 3978 tanto
1231 3934 1472 3996 tempore
1499 3927 1803 3983 inimicitias

203 4014 458 4079 exercui,
495 4028 638 4067 nunc
663 4014 991 4069 reconciliari
1020 4031 1106 4070 me
1133 4016 1315 4084 pudet.
1347 4017 1438 4071 Est
1463 4019 1604 4073 enim
1635 4019 1804 4087 pudor

200 4113 267 4157 et
296 4103 589 4173 ignominia
613 4119 716 4158 non
739 4105 790 4158 in
820 4106 1011 4160 melius
1047 4107 1262 4170 mutari,
1294 4107 1386 4162 sed
1419 4109 1470 4162 in
1499 4109 1801 4179 importuna

194 4197 566 4252 contentione
595 4197 898 4266 persistere.
946 4198 1057 4253 Hoc
1096 4198 1310 4254 Jutlzcos
1340 4199 1499 4254 etiam
1552 4201 1801 4270 perdidit,

195 4289 306 4357 qui
334 4289 462 4340 dum
505 4297 738 4342 veterem
781 4289 1217 4344 consuetudinem
1263 4303 1479 4359 semper
1507 4291 1802 4362 inquirunt,

193 4377 282 4432 ad
301 4379 631 4447 impietatem
661 4377 1093 4434 devolvebantur.

290 4470 452 4524 Pauli
501 4471 790 4541 exemplum
820 4473 1075 4542 prapouit.
1099 4472 1294 4529 —Sed
1333 4473 1458 4544 quid
1493 4488 1594 4544 ego
1617 4472 1685 4529 de
1721 4473 1804 4544 je-

183 4563 368 4634 junio
409 4563 723 4632 dierumque
763 4565 1136 4620 observatione
1180 4566 1340 4620 verba
1385 4566 1564 4622 facio?
1614 4568 1806 4623 Paulus

191 4657 392 4722 legem
435 4668 652 4708 servare
681 4669 785 4708 non
816 4655 1125 4722 desinebat,
1167 4667 1221 4711 et
1247 4659 1446 4713 multos
1492 4660 1700 4714 labores
1743 4675 1808 4715 ac

181 4742 450 4798 sudores
477 4743 803 4808 sustinebat,
832 4752 886 4798 et
918 4747 1110 4799 multas
1142 4748 1625 4817 peregrinationes,
1669 4751 1807 4804 mul-

183 4847 416 4899 tasque
443 4834 580 4886 alias
607 4849 870 4886 :rrumnas
899 4835 1180 4900 tolerabat,
1211 4847 1371 4906 atque
1400 4855 1588 4895 omnes
1616 4849 1807 4895 emeta-

174 4940 352 4980 s:cos
379 4939 509 4979 suos
530 4924 762 4992 diligenti
791 4925 1059 4993 religionis
1089 4926 1235 4981 illius
1257 4931 1630 4986 observatione
1646 4947 1808 5001 supe-

3377 315 3483 372 870

1901 459 2010 519 pter
2058 447 2311 506 Christum
2357 451 2655 505 detrimenta
2700 451 2935 521 (Philip.
2983 451 3036 506 5.
3079 450 3174 526 τ).
3224 453 3283 507 Si
3324 454 3486 522 o/j‘crs

1903 558 2087 595 munus
2118 550 2260 594 tuum
2298 543 2366 594 ad
2391 544 2553 594 altare
2575 584 2590 608 ,
2623 552 2670 596 ct
2710 543 2778 596 ibi
2805 543 3099 597 recordatus
3141 545 3295 613 fueris
3319 587 3334 610 ,
3363 547 3483 615 quia

1897 639 2058 703 frater
2075 644 2190 688 tuus
2210 635 2354 688 habet
2370 636 2566 706 aliquid
2585 635 2847 690 adversum
2862 646 2928 702 te,
2948 635 3093 700 vade,
3113 639 3254 706 prius
3269 639 3482 691 reconci-

1896 725 2022 779 liare
2039 726 2187 794 fratri
2213 735 2318 786 tuo,
2341 735 2384 779 et
2407 735 2522 779 tunc
2540 727 2740 780 veniens
2756 725 2884 793 o/[er
2903 742 3084 780 munus
3101 737 3237 780 tuum
3265 727 3478 798 (Matth.

1897 816 1954 870 5.
1982 815 2094 888 23).
2125 816 2260 882 Quid
2283 816 2398 872 ais?
2427 815 2480 871 Si
2509 817 2671 872 frater
2690 817 2902 886 quidem
2931 826 3052 871 tuus
3076 817 3268 873 habeat
3289 819 3481 889 aliquid

1897 909 2178 963 adversum
2205 918 2276 974 te,
2306 908 2624 962 sacriﬁcium
2657 919 2711 962 ut
2735 908 2926 962 olieras
2952 910 3043 962 tibi
3073 926 3177 963 non
3206 911 3481 977 permittit.

1897 999 2068 1053 donec
2088 999 2460 1055 reconciliatus
2487 998 2556 1052 illi
2579 997 2743 1052 fueris
2761 1036 2778 1064 ,
2801 1013 2920 1052 cum
2943 1014 3072 1053 vero
3093 1010 3199 1053 tota
3225 998 3483 1061 Ecclesia,

1898 1100 1953 1146 et
1979 1101 2084 1144 tam
2117 1091 2266 1145 multi
2312 1090 2494 1144 Patres
2526 1089 2759 1143 habeant
2785 1089 3066 1142 adversum
3101 1100 3186 1154 te,
3233 1089 3400 1144 audes
3425 1101 3486 1144 ac

1899 1184 2130 1236 sustines
2160 1197 2266 1236 non
2311 1181 2554 1251 deposito
2597 1181 2742 1250 prius
2783 1182 3085 1249 importuno
3144 1181 3245 1236 hoc
3272 1181 3396 1235 odio
3419 1181 3484 1234 ad

1901 1288 2176 1328 sacrorum
2200 1273 2659 1341 participationem
2689 1273 3065 1342 mysteriorum
3091 1271 3388 1326 accedere?
3419 1272 3484 1324 Et

1899 1379 2005 1435 quo
2026 1373 2180 1434 pacto
2209 1364 2408 1433 poteris
2431 1363 2508 1418 sic
2543 1362 2760 1418 affectus
2788 1363 2988 1416 Pascha
3020 1362 3334 1417 celebrare?
3363 1362 3485 1416 llrrc

1899 1475 1928 1512 a
1961 1473 2045 1512 me
2073 1473 2177 1512 non
2209 1457 2274 1511 ad
2312 1457 2431 1511 illos
2463 1465 2663 1510 tantum
2689 1456 2956 1521 dicuntur,
2987 1455 3080 1509 sed
3109 1456 3268 1510 etiam
3299 1453 3364 1508 ad
3396 1469 3488 1508 vos

1900 1551 1987 1620 qui
2014 1551 2127 1606 sani
2171 1550 2299 1604 estis
2319 1591 2333 1614 ,
2368 1558 2425 1602 ttt
2463 1559 2721 1618 quotquot
2750 1549 2881 1603 tales
2906 1563 3025 1603 esse
3065 1547 3300 1601 videritis
3321 1589 3335 1611 ,
3365 1562 3486 1601 cum

1901 1645 2063 1698 multa
2085 1644 2356 1712 diligentia
2381 1653 2428 1699 et
2465 1643 2678 1697 lenitate
2704 1643 2930 1696 selectos
2951 1641 3303 1710 congregetis,
3330 1648 3489 1708 atque

1900 1736 1965 1789 ad
1992 1744 2214 1788 matrem
2245 1735 2387 1802 ipsos
2411 1733 2697 1788 reducatis.
2727 1732 2874 1786 Licet
2899 1731 3173 1794 resistant,
3200 1731 3322 1785 licet
3352 1729 3490 1781 resi-

1900 1826 2052 1892 liant,
2080 1826 2206 1880 licet
2228 1824 2371 1880 aliud
2401 1824 2610 1894 quidvis
2640 1823 2851 1887 faciant,
2885 1839 2950 1877 ne
2976 1823 3358 1891 defatigcmttr,
3390 1817 3492 1874 do-

1901 1934 2004 1974 nec
2026 1920 2105 1973 eis
2131 1916 2572 1988 persuaserimus.
2597 1915 2736 1969 Nihil
2761 1915 2902 1970 enim
2931 1925 3032 1978 est,
3055 1915 3195 1984 quod
3217 1929 3335 1969 cum
3359 1927 3492 1984 pace

1908 2012 2078 2065 valeat
2105 2019 2160 2065 et
2184 2010 2466 2064 concordia
2487 2009 2803 2076 comparari.
2828 2009 3111 2077 Propterea
3137 2023 3348 2078 quoque
3367 2022 3490 2062 cmn

1905 2101 2201 2171 ingreditur
2228 2101 2402 2165 Pater,
2434 2115 2540 2154 non
2567 2101 2712 2169 prius
2737 2098 2802 2153 ad
2833 2099 2968 2152 hanc
2993 2097 3180 2153 sedem
3209 2096 3485 2159 ascendit,

1902 2206 2058 2261 quam
2100 2190 2251 2244 vobis
2277 2189 2522 2243 omnibus
2564 2203 2744 2259 pacem
2777 2188 2935 2242 fuerit
2980 2196 3256 2257 precatus,
3288 2196 3488 2241 etcum

1901 2283 2069 2350 surgit
2096 2323 2111 2347 ,
2143 2295 2247 2335 non
2281 2281 2430 2350 prius
2467 2279 2662 2334 docere
2691 2294 2784 2333 vos
2813 2279 3029 2348 incipit,
3056 2293 3215 2349 quam
3245 2276 3488 2331 omnibus

1904 2390 2088 2444 pacem
2129 2373 2358 2428 dederit.
2389 2372 2708 2429 Sacerdotes
2750 2372 2909 2426 etiam
2940 2387 3061 2425 cum
3104 2371 3296 2424 fuerint
3323 2367 3488 2424 bene-

1901 2469 2112 2532 dicturi,
2137 2468 2224 2522 ubi
2246 2468 2392 2538 prius
2414 2466 2515 2522 hoc
2536 2466 2682 2522 vobis
2703 2465 2968 2536 apprecati
2999 2463 3212 2529 fuerint,
3238 2463 3487 2533 deinceps

1903 2560 2161 2628 incipiunt
2205 2558 2544 2614 benedicere.

1973 2650 2193 2706 Diaconi
2229 2668 2326 2706 vox
2363 2651 2416 2704 in
2458 2649 2689 2722 Liturgia
2731 2650 2976 2719 populum
3005 2648 3405 2703 dimitlcntis.—
3428 2644 3494 2702 Et

1903 2758 2032 2798 vero
2063 2743 2326 2796 Diaconos
2355 2741 2481 2796 dum
2509 2757 2630 2795 cum
2660 2741 2779 2795 aliis
2805 2741 3009 2810 precari
3028 2740 3203 2810 jubet,
3232 2739 3333 2793 hoc
3354 2754 3492 2809 quo-

1902 2848 2010 2906 que
2035 2834 2261 2904 imperat
2289 2833 2340 2887 in
2370 2833 2610 2888 oratione
2630 2876 2644 2897 ,
2671 2847 2725 2886 ut
2751 2833 2996 2902 angelum
3035 2831 3183 2902 pacis
3208 2843 3489 2900 rogemus,

1903 2935 1956 2982 et
1984 2941 2104 2995 qua:
2131 2927 2401 2996 proposita
2431 2934 2554 2980 sunt
2581 2935 2770 2979 cuncta
2796 2925 3036 2992 paciﬁca.
3067 2932 3116 2978 et
3146 2923 3215 2976 ab
3241 2923 3341 2976 hoc
3364 2935 3495 2976 con-

1907 3026 2067 3073 ventu
2111 3033 2209 3072 vos
2250 3017 2523 3072 dimittens
2567 3016 2668 3070 hoc
2697 3015 2848 3070 vobis
2899 3023 3147 3084 precatur
3186 3014 3402 3068 dicens:
3429 3011 3493 3065 lu

1906 3124 2030 3178 pace
2056 3107 2331 3162 discedite:
2357 3116 2411 3161 et
2455 3107 2584 3160 nihil
2629 3107 2680 3159 in
2713 3107 3019 3160 universum
3067 3113 3242 3173 potest
3267 3104 3352 3158 vel
3386 3103 3490 3157 dici

1903 3199 1990 3255 vel
2017 3199 2131 3254 ﬁeri
2155 3199 2271 3253 sine
2296 3199 2414 3252 ista.
2455 3198 2549 3251 Est
2572 3197 2715 3252 enim
2755 3195 2870 3251 haec
2897 3197 3072 3250 nutrix
3099 3211 3160 3250 ac
3201 3204 3371 3250 mater
3398 3211 3486 3248 no-

1907 3300 2014 3345 stra
2033 3332 2049 3355 ,
2079 3305 2198 3360 qua:
2229 3289 2396 3343 multo
2425 3303 2544 3344 cum
2587 3288 2763 3343 studio
2793 3303 2856 3342 ac
2881 3288 3152 3358 diligentia
3199 3302 3298 3343 nos
3325 3285 3490 3342 fovet.

1905 3378 2096 3435 Pacem
2129 3393 2290 3448 porro
2311 3378 2433 3433 dico
2460 3394 2563 3433 non
2593 3377 2729 3433 hanc
2762 3393 2791 3431 a
2837 3377 2948 3431 sola
2991 3378 3367 3447 appellatione,
3397 3393 3492 3432 ne-

1906 3486 2008 3541 que
2038 3470 2182 3524 illam
2207 3486 2328 3540 qua:
2354 3470 2404 3523 in
2433 3483 2632 3524 mensae
2674 3469 3050 3524 communione
3091 3469 3334 3523 consistit
3353 3511 3368 3532 ,
3399 3468 3492 3521 sed

1904 3580 2092 3636 pacem
2118 3563 2411 3619 secundum
2444 3563 2610 3618 Deum
2635 3603 2650 3625 ,
2684 3579 2802 3632 qum
2831 3579 2894 3618 ex
2927 3562 3184 3632 spiritttali
3211 3562 3493 3616 concordia

1907 3657 2144 3711 nascitur
2167 3698 2182 3719 ,
2215 3670 2374 3725 quam
2431 3655 2580 3709 multi
2611 3669 2748 3708 nunc
2794 3654 3090 3722 dissipant,
3135 3667 3161 3704 a
3190 3653 3381 3723 quibus
3410 3669 3496 3707 res

1907 3757 2104 3806 nostra:
2127 3749 2494 3819 intempestiva
2518 3747 2744 3818 quadam
2765 3747 3106 3801 contentione
3128 3745 3492 3808 destruantur,

1906 3851 1962 3898 et
1999 3857 2088 3896 res
2128 3840 2430 3896 Judteorum
2474 3849 2767 3909 augentur,
2796 3837 2921 3892 dum
2952 3852 3046 3893 eos
3089 3838 3190 3892 ﬁde
3225 3837 3496 3908 digniores

1909 3933 2163 3988 doctores
2187 3948 2344 4003 qnam
2369 3946 2492 3986 suos
2520 3930 2702 3985 Patres
2728 3929 3070 3993 arbitrantur,
3088 3940 3136 3983 et
3159 3928 3356 3985 Christi
3386 3944 3487 3999 par

1908 4025 2090 4079 ricidis
2131 4023 2199 4079 de
2231 4022 2473 4092 passione
2499 4020 2740 4084 credunt,
2767 4037 2873 4091 quo
2906 4020 3032 4090 quid
3059 4021 3337 4076 absurdius
3384 4021 3490 4076 ﬁeri

1908 4114 2110 4184 possit?
2153 4112 2379 4168 Nescitis
2410 4112 2534 4166 illud
2566 4111 2818 4180 ﬁguram,
2852 4111 2951 4166 hoc
2977 4113 3250 4166 veritatem
3294 4110 3494 4166 fuisse?

1911 4205 2045 4258 Vide
2076 4217 2304 4273 namque
2327 4212 2581 4272 quantum
2612 4202 2682 4255 sit
2723 4200 3036 4255 discrimen.
3076 4201 3204 4254 lllttd
3243 4214 3502 4270 corpora-

1909 4298 2012 4352 lem
2045 4303 2269 4349 mortem
2303 4293 2656 4363 prohibebat,
2696 4292 2798 4346 hoc
2827 4293 2958 4346 iram
2983 4291 3222 4357 sedavit,
3253 4306 3373 4362 qua:
3399 4291 3488 4344 ad-

1908 4404 2098 4443 versus
2137 4385 2443 4440 universum
2485 4395 2748 4440 terrarum
2778 4383 2961 4440 orbem
3005 4383 3269 4439 ferebatur
3305 4401 3319 4438 :
3366 4381 3492 4438 illud

1910 4483 1978 4536 ab
2015 4480 2249 4551 Egypto
2289 4475 2574 4532 vindicavit
2599 4519 2613 4540 ,
2646 4475 2748 4531 hoc
2791 4475 2858 4530 ab
2889 4475 3184 4530 idololatria
3214 4476 3488 4531 liberavit:

1911 4572 2036 4627 illud
2064 4573 2394 4625 Pharaonem
2418 4611 2433 4632 ,
2466 4569 2567 4623 hoc
2590 4567 2860 4622 diabolum
2885 4565 3194 4621 suﬁ'ocavit:
3222 4575 3343 4636 post
3368 4565 3498 4621 illud

1912 4663 2212 4723 Palaestina,
2240 4669 2360 4730 post
2386 4659 2488 4714 hoc
2512 4658 2720 4714 omium.

1983 4753 2058 4807 Ab
2078 4751 2416 4806 observatione
2442 4750 2631 4802 rituum
2653 4744 2987 4801 Iudaicarum
3015 4747 3246 4800 deterret.
3271 4776 3342 4787 —
3360 4745 3498 4812 Quid

1913 4845 2072 4916 igitur
2107 4845 2340 4897 lucernte
2385 4839 2625 4903 assides,
2655 4854 2776 4893 cum
2827 4840 2908 4894 sol
2960 4837 3307 4910 apparuerit?
3353 4837 3495 4900 Cur,

1912 4951 2114 5005 quaeso,
2142 4935 2279 4989 lacte
2308 4932 2386 4986 vis
2415 4930 2643 4995 nutriri,
2675 4946 2794 4986 cum
2819 4930 2968 4984 cibus
3008 4929 3097 4982 tibi
3135 4927 3334 4981 solidus
3361 4943 3502 4998 prte-

168 5032 258 5070 ra
273 5015 373 5065 bat
397 5031 411 5064 :
465 5023 829 5069 verumtamen
858 5024 1134 5086 postquam
1161 5019 1226 5072 ad
1253 5033 1516 5074 summum
1539 5023 1809 5092 religionis

165 5105 361 5160 illius
390 5103 656 5171 fastigium
690 5117 1040 5173 pervenerat,
1082 5124 1200 5163 cum
1231 5110 1577 5168 intellexisset
1609 5115 1658 5168 in
1688 5131 1809 5184 per-

158 5197 414 5255 niricm
441 5209 503 5248 ac
530 5194 903 5251 detrimentum
930 5213 990 5254 se
1011 5208 1198 5254 cuncta
1213 5212 1491 5268 praestare.
1516 5205 1808 5260 confestim-

161 5295 463 5343 snutatus
506 5295 606 5338 est.
632 5285 742 5341 Nec
790 5289 928 5357 apud
958 5304 1018 5343 se
1042 5290 1176 5344 dixit
1205 5309 1218 5345 :
1268 5292 1392 5360 quid
1423 5291 1524 5347 hoc
1555 5296 1629 5350 rei
1681 5309 1761 5350 est
1781 5299 1806 5350 τ

155 5379 274 5434 Ta
289 5385 395 5428 mo
418 5374 598 5427 studio
626 5375 878 5431 fraudor?
903 5378 1130 5434 Tantum
1159 5380 1395 5436 laborem
1425 5385 1650 5438 amitto?
1699 5387 1811 5441 lino

161 5482 354 5525 vero
384 5477 605 5536 propter
633 5469 733 5523 hoc
763 5470 932 5538 ipsum
962 5472 1118 5526 citius
1141 5483 1223 5527 est
1252 5483 1483 5528 mutatus
1503 5517 1518 5540 ,
1554 5492 1620 5531 ne
1645 5478 1811 5532 detri-

165 5568 468 5618 mentum
499 5559 626 5612 illud
655 5561 844 5614 iterum
875 5571 1163 5630 pateretur,
1212 5579 1274 5619 ac
1316 5565 1571 5634 justitiam
1599 5585 1662 5624 ex
1693 5570 1810 5638 lege

159 5650 575 5714 contempsit,
609 5659 663 5702 ut
690 5649 807 5704 ﬁdei
830 5651 1087 5718 justitiam
1116 5657 1398 5724 acciperet,
1429 5667 1483 5713 et
1501 5659 1696 5716 clamat
1723 5663 1806 5718 di-

163 5746 395 5791 cens:
423 5738 552 5804 Qua
571 5739 692 5792 mihi
712 5743 914 5812 [uerunt
939 5747 1102 5809 lucra,
1133 5750 1239 5800 hac
1261 5749 1527 5804 arbitratus
1547 5767 1655 5805 sum
1685 5771 1806 5824 pro-

1916 5027 2105 5080 beatur
2123 5027 2148 5079 ‘l
2175 5026 2458 5094 Propterea
2491 5024 2627 5078 laete
2655 5024 2880 5077 nutritus
2907 5037 2985 5082 es,
3019 5036 3085 5075 ne
3117 5022 3251 5074 lacte
3275 5031 3496 5074 conten-

1914 5126 1998 5171 tus
2017 5131 2197 5172 esses:
2230 5126 2508 5185 pr0pterea
2533 5115 2620 5168 tibi
2648 5114 2859 5168 lucerna
2881 5112 3142 5181 apparuit,
3167 5121 3221 5164 ut
3239 5111 3307 5163 ad
3331 5111 3500 5166 solem

1913 5207 2274 5262 deducereris.
2305 5206 2438 5262 Cum
2470 5206 2627 5275 igitur
2663 5220 2750 5258 res
2785 5203 3129 5273 perfectiores
3167 5201 3497 5264 advenerint,

1914 5300 1980 5354 ad
2011 5300 2212 5368 priores
2239 5315 2304 5352 ne
2331 5311 2668 5352 recnrramus
2692 5339 2706 5359 ,
2737 5312 2910 5364 neque
2936 5295 3050 5350 dies
3075 5304 3130 5349 et
3165 5303 3405 5365 tempora
3447 5308 3510 5348 et

1914 5407 2082 5446 annos
2107 5389 2450 5445 observemus
2473 5430 2490 5454 ,
2537 5388 2629 5443 sed
2659 5387 2854 5457 ubique
2899 5386 3178 5456 diligenter
3207 5385 3441 5440 Ecclesia
3460 5403 3508 5438 tn

1915 5496 2201 5552 sequamur
2219 5491 2271 5535 et
2287 5480 2559 5534 caritatem
2577 5494 2638 5533 ac
2659 5494 2842 5548 pacem
2864 5478 3109 5532 omnibus
3127 5477 3472 5547 prteferamus
3491 5519 3498 5527 .

1918 5573 2066 5628 Licet
2092 5571 2233 5627 enim
2261 5570 2498 5625 Ecclesia
2528 5570 2796 5626 falleretur
2815 5611 2830 5636 ,
2869 5587 2976 5625 non
3005 5577 3218 5650 tantum
3234 5567 3407 5623 laudis
3435 5584 3503 5623 ac

1915 5666 2046 5722 lucri
2075 5679 2140 5718 ex
2169 5673 2466 5733 temporum
2497 5672 2680 5718 exacta
2704 5665 2930 5728 ratione,
2963 5673 3216 5734 quantum
3249 5660 3500 5732 vituperii

1916 5771 1984 5811 ex
2013 5754 2270 5810 divisione
2296 5769 2358 5808 ac
2389 5754 2676 5809 schismate
2704 5763 3052 5820 nasceretur;
3077 5753 3188 5824 jam
3220 5766 3350 5810 vero
3381 5751 3498 5807 nul-
