3990 6198
466 338 560 392 87f

472 462 578 516 lam
632 476 734 534 ego
768 457 1028 528 temporis
1057 456 1324 511 rationem
1376 453 1583 520 habeo,
1634 451 2077 523 quandoqnidem'

473 566 644 621 neque
670 550 830 604 habet
861 548 998 602 Deus
1020 588 1035 611 ,
1067 544 1512 618 quemadmodum
1540 542 2019 597 demonstravimus
2043 582 2058 608 ,

473 660 592 699 cum
628 646 727 698 hac
754 643 822 697 de
850 658 908 696 re
945 641 1095 696 multi
1126 640 1293 695 habili
1333 638 1526 694 fuerint
1568 652 1596 690 a
1623 651 1709 690 me
1746 647 2057 689 sermones:

471 735 566 790 sed
607 750 767 790 unum
809 734 861 790 id
901 748 1104 804 qnmro,
1136 742 1193 788 ut
1219 732 1273 788 in
1305 747 1432 803 pace
1456 729 1848 799 concordiaque
1874 736 2061 782 cuncta

470 828 751 892 faciamus,
789 843 857 882 ne
880 827 1006 882 dum
1046 841 1143 880 nos
1164 825 1486 896 jejunamns,
1518 837 1580 877 ac
1611 823 1837 893 populus
1864 820 2059 886 omnis,

463 929 518 973 et
556 934 746 988 preces
781 933 876 987 pro
908 928 1169 973 terrarum
1197 916 1328 972 orbe
1370 915 1592 969 fnndnnt
1627 912 1970 977 Sacerdotes,
2006 920 2061 966 tu

468 1008 720 1063 ebrietati
748 1009 890 1063 domi
919 1024 1091 1063 vaces.
1127 1008 1311 1077 Cogita
1335 1022 1492 1077 quam
1513 1005 1614 1060 hoc
1642 1005 1713 1059 sit
1736 1002 2062 1075 operationis

475 1099 752 1156 diabolicae
775 1141 791 1168 ,
821 1115 919 1154 nee
946 1115 1108 1153 unum
1135 1099 1308 1153 solum
1334 1140 1349 1165 ,
1378 1113 1477 1153 nec
1500 1097 1607 1151 duo
1631 1138 1645 1163 ,
1674 1110 1772 1150 ncc
1799 1095 1895 1149 tria
1922 1136 1936 1160 ,
1965 1092 2061 1147 sed

475 1194 642 1249 multo
672 1194 818 1263 plura
853 1205 1063 1263 peccata
1086 1207 1266 1247 secum
1298 1192 1489 1246 trahat.
1513 1192 1557 1245 A
1580 1204 1739 1261 grege
1768 1198 1818 1242 te
1839 1187 2059 1249 divellit,

477 1295 529 1339 et
556 1282 753 1351 efficit,
783 1295 838 1339 ut
884 1295 988 1339 tam
1030 1283 1226 1339 multos
1253 1281 1443 1337 Patres
1461 1282 1818 1347 condemnes,
1848 1280 1898 1334 in
1929 1293 2061 1333 con-

477 1374 742 1431 tentiones
773 1376 1095 1446 pra-cipitat,
1134 1373 1199 1428 ad
1226 1373 1440 1429 Judzeos
1477 1369 1727 1441 expellit,
1756 1370 2060 1425 scandalum

477 1477 531 1524 te
561 1483 745 1523 rursus
769 1477 823 1523 et
849 1466 1156 1523 domesticis
1198 1476 1251 1522 et
1276 1466 1463 1522 alienis
1491 1465 1757 1535 proponit.
1787 1463 1888 1532 Qui
1914 1478 2063 1517 nam-

477 1573 582 1629 que
611 1560 903 1628 p0terimus
930 1557 1047 1613 illos
1073 1556 1465 1627 reprehendere
1488 1597 1504 1622 ,
1533 1556 1576 1610 si
1603 1554 1749 1610 domi
1777 1563 2061 1618 maneant,

478 1663 598 1703 eum
628 1658 683 1703 tu
708 1648 774 1702 ad
804 1648 926 1704 illos
951 1648 1178 1702 curras?
1211 1646 1397 1717 Neque
1436 1660 1566 1701 vero
1590 1644 1705 1700 haec
1743 1645 1912 1698 solum
1938 1657 2064 1713 pec-

478 1749 597 1796 cata
626 1749 783 1805 sunt,
815 1741 909 1795 sed
938 1740 1079 1811 quod
1109 1755 1356 1810 magnum
1382 1740 1760 1794 detrimentum
1788 1738 2028 1808 capiatur
2047 1777 2060 1799 ,

478 1846 599 1887 cum
625 1847 798 1902 neque
825 1830 1112 1901 Seripturis
1131 1874 1145 1897 ,
1182 1846 1351 1902 neque
1377 1830 1741 1894 concionibus,
1770 1845 1941 1899 neque
1969 1830 2062 1883 he-

479 1923 782 1979 nedictione
807 1965 822 1992 ,
869 1938 1043 1994 neque
1082 1922 1453 1977 communibus
1497 1921 1742 1991 precibus
1770 1920 1821 1974 in
1847 1918 2065 1990 jejuniis

483 2015 589 2069 illis
616 2015 806 2087 fruaris
829 2057 844 2081 ,
887 2015 982 2071 sed
1013 2028 1132 2070 cum
1160 2028 1320 2085 prava
1363 2012 1688 2069 conscientia
1732 2019 1900 2066 totum
1939 2010 2063 2065 illud

478 2112 688 2176 tempus
718 2104 964 2160 traducas
982 2145 999 2170 ,
1029 2112 1274 2159 metuens
1295 2117 1357 2158 ac
1383 2114 1644 2169 tremens,
1672 2117 1738 2156 ne
1763 2102 2065 2172 deprchen-

476 2194 622 2250 daris
644 2204 911 2265 tamquam
939 2194 1234 2265 alienigena
1262 2193 1476 2266 quidam
1504 2203 1557 2249 et
1584 2193 1911 2265 peregrinus,
1944 2208 2065 2248 cum

479 2297 532 2345 te
557 2297 829 2359 oporteret
853 2304 975 2343 cum
1016 2288 1205 2343 fiducia
1257 2298 1313 2342 et
1339 2287 1610 2357 voluptate
1634 2329 1649 2353 ,
1681 2302 1803 2341 cum
1843 2285 2023 2341 lictitia
2050 2328 2064 2352 ,

478 2395 598 2436 eum
629 2380 777 2435 omni
803 2381 1050 2435 libertate
1080 2378 1270 2444 simul,
1300 2394 1420 2433 cum
1450 2379 1687 2434 Ecclesia
1710 2386 1903 2434 cuncta
1943 2394 2066 2449 per—

479 2469 659 2526 licere.
706 2469 891 2540 Neque
933 2470 1074 2524 enim
1104 2469 1346 2525 Ecclesia
1374 2478 1614 2525 exactam
1647 2468 1905 2523 rationem
1937 2476 2071 2522 tcm-

480 2573 671 2631 porum
711 2561 888 2614 novit:
920 2559 1013 2614 sed
1041 2560 1291 2630 quoniam
1333 2559 1402 2614 ab
1427 2559 1577 2614 initio
1605 2558 1852 2613 Patrihus
1895 2558 2065 2613 visum

1179 339 1220 399 5
1276 334 1555 395 JO.\NNlS
1592 336 2069 393 (IllitYSOSTOXll
2106 334 2423 391 ARCHIEP.
2464 329 3002 388 CONSTANTINOP.

3579 345 3664 404 872

2167 457 2251 504 est
2279 444 2397 500 loco
2435 444 2635 500 dissitis
2674 444 2829 499 simul
2859 442 3145 500 convenire
3169 486 3183 503 ,
3228 455 3373 515 atque
3414 448 3531 508 hunc
3556 453 3666 513 diem

2166 539 2393 597 delinire
2413 581 2428 606 ,
2460 553 2782 594 consensum
2813 537 3010 606 ubique
3037 536 3243 606 plurimi
3270 537 3449 596 faciens
3466 585 3479 608 ,
3504 555 3550 599 et
3572 564 3671 601 con-

2164 634 2402 692 cordiam
2432 633 2659 703 diligens
2683 674 2697 696 ,
2727 630 2866 701 quod
2898 630 3202 685 mandatum
3247 631 3339 686 fuit
3364 636 3572 704 amplexa
3597 652 3672 693 est.

2164 727 2307 783 Fieri
2335 727 2529 797 quippe
2556 739 2659 779 non
2690 736 2848 793 posse
2868 764 2883 789 ,
2914 731 2972 776 ut
3002 722 3083 777 vel
3116 737 3210 776 nos
3242 723 3322 779 vcl
3346 740 3456 791 vos,
3482 728 3550 780 vel
3571 729 3675 783 alius

2164 820 2336 890 quivis
2360 819 2528 888 ipsum
2556 815 2880 871 dominicum
2904 814 3044 870 diem
3067 824 3386 885 assequatnr,
3413 817 3678 875 sufﬁcienter

2167 922 2249 965 est
2284 911 2335 962 in
2368 907 2790 980 prmcedentibus
2835 906 3277 961 demonstratum.
3316 905 3387 961 Ne
3414 908 3549 978 igitur
3586 925 3676 965 eum

2167 1001 2356 1056 umbra
2385 998 2738 1071 digladiemur
2757 1039 2771 1063 ,
2801 1012 2975 1067 neque
3005 996 3073 1051 de
3102 996 3260 1050 rebus
3286 998 3558 1068 vulgaribus
3578 1015 3678 1055 con-

2167 1092 2443 1146 tendentes
2468 1092 2521 1145 in
2556 1092 2759 1160 magnis
2784 1102 2882 1144 nos
2910 1089 3051 1158 ipsos
3079 1087 3349 1143 laudamus.
3376 1088 3491 1142 Nam
3517 1090 3599 1145 hoc
3615 1093 3677 1147 vel

2167 1182 2257 1237 illo
2286 1191 2524 1251 tempore
2560 1180 2805 1251 jejunare
2832 1180 3035 1235 nullum
3063 1190 3144 1233 est
3181 1180 3372 1233 crimen
3409 1198 3421 1233 :
3448 1180 3683 1239 Ecclesiam

2172 1282 2353 1328 autem
2380 1272 2618 1327 dividere
2639 1313 2654 1337 ,
2684 1284 2746 1326 ac
2774 1271 3204 1326 contentionibus
3232 1284 3433 1335 vacare,
3456 1280 3503 1325 et
3526 1272 3684 1328 discor-

2166 1366 2279 1420 dias
2303 1379 2484 1421 serere
2509 1408 2523 1431 ,
2558 1381 2721 1436 seque
2755 1379 2919 1421 sacro,
2931 1373 3194 1420 conventu
3223 1373 3462 1433 perpetuo
3489 1365 3680 1434 prime,

2165 1457 2321 1513 venia
2352 1466 2522 1523 caret,
2552 1457 2926 1512 criminatione
2952 1456 3191 1526 dignum,
3224 1463 3279 1509 et
3301 1454 3458 1509 multo
3482 1456 3682 1524 supplicio

2167 1557 2250 1603 est
2276 1548 2585 1603 obnoxium.
2614 1550 2690 1601 Ac
2721 1555 2964 1617 poterant
2989 1545 3203 1617 quidem
3240 1545 3383 1615 plura
3409 1544 3522 1610 dici,
3546 1560 3681 1599 verum

2168 1642 2233 1696 iis
2258 1642 2346 1711 qui
2374 1640 2562 1696 attenti
2605 1638 2839 1704 fuerint,
2869 1653 2932 1693 ea
2977 1654 3095 1709 quae
3124 1636 3236 1707 jam
3267 1645 3387 1691 sunt
3419 1636 3546 1692 dicta
3577 1636 3684 1691 sulti-

2167 1732 2345 1787 ciunt:
2375 1729 2550 1784 minus
2574 1731 2790 1785 attentis
2817 1739 3018 1798 autem,
3046 1744 3222 1798 neque
3248 1728 3293 1783 si
3323 1727 3462 1797 plura
3482 1727 3685 1791 dicantur,

2168 1823 2453 1895 quidquam
2484 1822 2743 1894 proderit.
2789 1823 3046 1892 Quocirca
3091 1822 3255 1876 linem
3299 1822 3385 1876 hic
3423 1820 3599 1875 dicendi
3636 1818 3693 1871 fa-

2169 1916 2372 1972 cientes
2397 1930 2584 1971 omnes
2610 1915 2769 1971 simul
2797 1914 2988 1969 fratres
3013 1920 3228 1968 nostros
3252 1928 3457 1967 oremus
3481 1919 3530 1965 ut
3547 1910 3598 1964 ad
3620 1924 3691 1963 nos

2169 2008 2429 2078 redeant,
2460 2019 2517 2063 et
2542 2024 2727 2085 pacem
2759 2008 3175 2078 amplectantur,
3210 2005 3278 2061 ah
3306 2004 3574 2073 importuna
3595 2016 3693 2056 con-

2172 2101 2406 2155 tentione
2431 2099 2725 2165 discedant,
2760 2107 2814 2153 et
2843 2099 2923 2154 his
2963 2099 3176 2168 ineptiis
3222 2097 3468 2168 neglectis
3510 2101 3691 2148 mentem

2170 2200 2226 2247 et
2254 2192 2628 2262 cogitationem
2675 2192 2957 2255 attollant,
2998 2200 3164 2261 atque
3198 2205 3228 2244 a
3257 2199 3535 2259 temporum
3560 2185 3699 2240 obsero

2174 2283 2385 2338 vatione
2428 2283 2720 2339 liberentur
2740 2324 2754 2347 ,
2801 2293 2857 2338 ut
2900 2298 3005 2338 uno
3036 2297 3227 2338 omnes
3252 2282 3427 2336 animo
3461 2287 3597 2347 atque
3619 2290 3698 2328 uno

2173 2393 2269 2432 ore
2296 2376 2656 2448 glorificemns
2682 2378 2849 2431 Deum
2877 2387 2932 2432 et
2957 2377 3169 2432 Patrem
3207 2374 3413 2431 Domini
3441 2373 3585 2428 nostri
3605 2369 3700 2425 Iesu

2176 2468 2404 2535 Christi,
2431 2469 2514 2523 cui
2540 2468 2710 2539 gloria
2736 2476 2791 2524 et
2817 2468 3097 2538 imperium
3126 2482 3273 2524 nunc
3310 2475 3363 2523 et
3388 2479 3578 2535 semper
3598 2459 3701 2515 etin

2176 2558 2369 2614 saecula
2392 2559 2734 2615 smculorum.
2772 2560 2964 2614 Amen.
3363 2574 3367 2578 '

542 2767 865 2832 CONTRA
892 2768 1214 2833 JUD/‘EOS
1244 2770 1325 2832 IN
1369 2769 1624 2832 TUBAS
1666 2766 2103 2831 PASCHATIS
2144 2767 2450 2846 EORUM,
2495 2771 2960 2837 ANTIOCHUE
3002 2774 3314 2837 HABITA
3360 2776 3436 2837 IN
3475 2770 3710 2834 MAG-NA

1880 2867 2265 2930 ECCLESIA
2289 2868 2332 2929 ⁸.

1894 3010 2313 3083 mm

1054 3167 1252 3209 ORATIO
1280 3168 1509 3218 QUABTA.

555 3305 609 3363 Ι.
642 3307 849 3364 Rursus
876 3307 1117 3364 infelices
1137 3308 1213 3363 illi
1240 3309 1650 3380 mortaliumque
1688 3311 1929 3366 omnium
1971 3313 2072 3367 mi-

483 3397 695 3453 serrimi
715 3397 888 3453 Judzei
908 3398 1198 3468 jejunaturi
1222 3406 1346 3452 sunt
1377 3415 1390 3452 :
1421 3412 1606 3452 rursus
1630 3397 1826 3455 Christi
1856 3415 2071 3472 gregem

483 3488 789 3544 muniamus
810 3503 1034 3544 necesse
1076 3497 1178 3543 est.
1229 3488 1666 3561 Quandoquidem
1713 3500 1768 3546 ct
1807 3478 2069 3561 pastores,

484 3578 740 3648 quamdiu
770 3577 929 3633 noxia
957 3579 1127 3635 bestia
1153 3581 1374 3634 molesta
1398 3595 1502 3636 non
1525 3590 1627 3649 est,
1661 3583 1761 3639 sub
1786 3583 1960 3639 ilicem
1983 3594 2075 3639 aut

486 3669 744 3739 populum
772 3669 1024 3740 porrecti,
1048 3668 1222 3724 fistula
1253 3680 1471 3739 canunt,
1493 3671 1729 3729 sinentes
1754 3688 1882 3730 oves
1908 3675 2075 3732 libere

487 3777 586 3832 pro
609 3776 706 3818 suo
727 3763 984 3819 arbitratu
1016 3778 1236 3834 pascere
1263 3781 1276 3817 :
1306 3779 1488 3819 verum
1509 3765 1668 3821 simul
1696 3775 1853 3838 atque
1878 3782 2066 3825 sense.

483 3851 594 3909 rint
637 3853 881 3909 alicunde
920 3854 1164 3924 luporum
1201 3854 1560 3912 incursionem
1608 3858 1911 3923 imminere,
1950 3874 2073 3914 mox

485 3943 694 4015 abjecta
720 3944 915 4013 ﬁstula,
941 3945 1156 4001 fundam
1192 3946 1474 4017 arripiunt,
1512 3957 1567 4003 et
1601 3949 1802 4004 omisso
1842 3951 2073 4016 calamo,

485 4036 712 4094 fustibus
737 4046 791 4093 et
815 4038 957 4093 saxis
986 4038 1263 4095 obarmant
1291 4053 1430 4107 sese,
1473 4054 1675 4111 proque
1723 4041 1849 4096 ovili
1894 4042 2075 4098 consi-

484 4135 710 4196 stentes,
730 4144 926 4201 magno
952 4129 1208 4198 clamore,
1233 4130 1540 4202 ingentique
1560 4132 1759 4187 ululatu
1782 4132 2077 4189 vociferan-

488 4230 589 4284 tes,
619 4222 927 4292 frequenter
947 4221 1064 4292 ipso
1091 4221 1326 4278 clamore
1347 4220 1537 4290 feram,
1557 4223 1864 4295 priusquam
1893 4225 2078 4280 irrum-

485 4320 598 4381 pat,
626 4312 873 4383 abigunt.
918 4312 1105 4369 Itidem
1145 4323 1201 4368 et
1242 4328 1339 4369 nos
1385 4314 1751 4384 superioribus
1785 4314 1976 4372 diebus
2024 4318 2075 4371 in

488 4402 782 4472 Scriptura,
812 4402 959 4457 velut
996 4404 1048 4458 in
1099 4411 1274 4474 prato,
1317 4403 1561 4460 ludentes
1607 4405 1939 4478 choreasque
1977 4405 2078 4462 du-

488 4503 693 4560 centes,
724 4493 853 4548 nihil
883 4495 934 4548 in
961 4496 1297 4551 enarratione
1320 4498 1591 4568 attigimus
1622 4501 1940 4556 contentiosi
1965 4514 2078 4557 ser-

490 4584 701 4638 monis:
735 4597 801 4638 eo
820 4583 961 4654 quod
987 4585 1164 4640 nullus
1197 4595 1360 4653 esset,
1403 4587 1493 4659 qui
1543 4587 1700 4644 nobis
1743 4590 2073 4659 obturbaret,

402 4746 405 4749 _
487 4685 580 4730 aut
624 4674 883 4730 molestus
920 4684 1082 4730 esset.
1127 4675 1395 4732 Caeterum
1437 4680 1689 4749 quoniam
1738 4679 1897 4737 hodie
1939 4682 2078 4755 lupis

489 4766 739 4823 omnibus
759 4766 1011 4821 smviores
1043 4766 1213 4825 Judaei
1259 4783 1389 4823 oves
1432 4770 1586 4825 nobis
1627 4771 2076 4829 circumvallaturi

488 4866 634 4924 sunt,
654 4858 720 4914 ad
750 4873 956 4930 pugnos
981 4867 1036 4913 et
1073 4872 1304 4929 pugnam
1348 4859 1688 4931 ac’cingamur
1724 4872 1959 4932 oportet,
2009 4880 2078 4921 ne

487 4949 614 5021 quid
646 4950 798 5006 nobis
832 4959 1072 5021 ereptum
1121 4951 1276 5007 cedat
1321 4952 1373 5007 in
1422 4952 1655 5022 praedam
1698 4953 1954 5010 ferarum.
2000 4956 2078 5013 Ne

487 5057 617 5098 vero
650 5043 845 5098 mirum
887 5043 1040 5099 vobis
1086 5043 1362 5109 videatur,
1401 5044 1445 5100 si
1485 5059 1607 5099 cum
1651 5045 1907 5116 jejunium
1947 5048 2077 5103 illud

489 5142 611 5202 post
637 5132 820 5190 decem
853 5143 908 5189 et
937 5150 1002 5190 eo
1027 5136 1255 5206 amplius
1276 5135 1392 5192 dies
1419 5145 1703 5192 venturum
1749 5138 1839 5204 sit,
1873 5154 1969 5194 nos
2009 5140 2078 5196 ab

490 5225 593 5280 hoc
622 5226 800 5281 statim
824 5234 1062 5297 tempore
1080 5230 1349 5285 munimus
1369 5237 1424 5284 et
1446 5244 1714 5286 armamus
1743 5232 1948 5288 animas
1982 5248 2078 5289 ve-

490 5328 630 5374 stras
657 5336 671 5372 :
699 5320 1127 5391 quandoquidem
1154 5329 1210 5376 et
1235 5322 1373 5377 inter
1400 5322 1661 5394 agricolas
1679 5323 1768 5395 qui
1799 5325 2078 5394 vigilantes

487 5421 545 5469 et
572 5410 816 5465 industrii
847 5420 988 5479 sunt,
1023 5426 1144 5467 cum
1172 5410 1369 5468 habent
1389 5412 1620 5469 vicinum
1650 5423 1963 5484 torrentem,
1987 5416 2075 5487 qui

556 5586 692 5656 f__5ic_
707 5593 811 5637 tres
834 5593 965 5648 Mss;
987 5592 1281 5656 postremam
1295 5599 1417 5656 vero
1446 5595 1636 5649 partem
1659 5590 1800 5656 tituli,
1821 5586 2081 5656 Ληιξρσιιὶω

672 5643 1385 5724 ῐῐιμξηεςηαξέςειξξξακιξθῠεξ
1420 5643 1567 5724 sint,“
1593 5651 1733 5724 Sat.“-
1753 5643 1823 5724 In
1867 5652 2080 5724 οβίιιρειρ

491 5704 885 5830 ῗῐζῗὲέἓὲἰωιτ,
928 5707 1146 5769 ejusdem
1166 5704 1334 5761 contra
1352 5711 1550 5762 Judwos
1570 5713 1721 5763 oratio
1745 5721 1823 5776 ιι,
1864 5721 1917 5764 et
1962 5712 2082 5764 nihil

2177 3164 2356 3224 vexat,
2383 3155 2638 3228 lmditque
2658 3164 2914 3228 segetem,
2937 3171 3046 3212 non
3066 3156 3395 3213 adventante
3436 3155 3614 3220 hieme,
3644 3151 3715 3207 sed

2175 3257 2387 3321 tempus
2410 3249 2538 3305 illud
2567 3257 2949 3322 praevertentes
2978 3259 3035 3306 et
3060 3251 3210 3321 ripas
3249 3250 3541 3320 ohsepiunt,
3570 3256 3616 3302 et
3645 3256 3717 3313 ag-

2174 3357 2329 3413 geres
2353 3342 2583 3414 erignnt,
2611 3351 2668 3397 et
2695 3341 2866 3398 fossas
2890 3352 3073 3413 agunt,
3115 3342 3356 3415 denique
3388 3341 3553 3397 modis
3577 3336 3720 3394 omni-

2176 3433 2277 3489 bus
2303 3449 2422 3489 sese
2455 3442 2759 3506 praeparant
2781 3434 3037 3507 adversus
3076 3435 3339 3489 torrentis
3379 3432 3592 3487 futuram
3627 3428 3717 3481 vin-

2175 3525 2416 3582 lentiam.
2450 3526 2583 3581 Dum
2612 3527 2755 3582 enim
2784 3526 3103 3597 tranquillus
3140 3536 3251 3591 est,
3291 3533 3451 3596 atque
3483 3530 3718 3593 anguslm.

2177 3616 2335 3673 facile
2360 3624 2444 3672 est
2467 3616 2543 3673 illi
2580 3616 2826 3672 admoliri
2876 3632 3067 3672 manus
3121 3634 3136 3672 :
3190 3632 3380 3672 verum
3423 3618 3718 3686 posteaquam

2177 3709 2424 3775 increvit,
2442 3708 2717 3779 multoque
2742 3724 3003 3779 aquarum
3035 3709 3240 3779 impetu
3277 3708 3448 3764 fertur
3476 3706 3719 3764 violentus.

2177 3818 2286 3857 non
2335 3802 2560 3872 perinde
2601 3801 2757 3858 facile
2794 3811 2877 3858 est
2920 3802 3217 3858 exundanti
3256 3803 3537 3857 obsistere.
3572 3797 3722 3863 quue

2176 3896 2350 3951 multo
2374 3904 2501 3951 ante
2544 3904 2785 3965 tempore
2833 3895 3168 3966 praeveniunt
3214 3896 3365 3951 illius
3409 3890 3720 3962 eruptionem.

2176 3987 2530 4058 undequaqne
2555 3996 2918 4058 prmpamntes
2953 3986 3210 4057 quidquid
3237 4000 3402 4057 agros
3436 3983 3591 4055 possit
3612 3986 3723 4034 tutos

2176 4079 2425 4136 reddere.
2443 4079 2533 4135 Sic
2551 4088 2605 4135 et
2626 4079 2826 4135 milites
2845 4086 2900 4133 et
2927 4088 3125 4141 nautae,
3155 4086 3214 4134 et
3239 4077 3512 4149 agricolas,
3540 4081 3589 4130 et
3610 4084 3723 4125 mes-

2177 4189 2328 4229 sores
2361 4172 2537 4229 facere
2577 4180 2991 4229 consueverunt.
3029 4171 3312 4243 Siquidem
3361 4171 3553 4226 milites
3583 4164 3722 4236 prius-

2177 4280 2338 4335 quam
2364 4264 2543 4321 veniat
2581 4262 2849 4335 pugnandi
2889 4270 3117 4332 tempus,
3157 4273 3215 4317 et
3248 4261 3524 4316 thoracem
3554 4256 3722 4310 abster-

2176 4366 2330 4428 gnnt,
2363 4367 2417 4414 et
2441 4365 2648 4413 scutum
2679 4353 3140 4424 cireumSpiciunt,
3173 4361 3233 4409 et
3278 4352 3465 4408 frenos
3491 4351 3719 4420 apparat“.

2179 4460 2232 4507 et
2260 4448 2426 4521 equos
2452 4449 2599 4504 omni
2636 4447 2910 4518 diligentia
2946 4445 3208 4508 nutriunt,
3252 4452 3555 4512 emet-aque
3586 4433 3721 4491 omnia

2179 4549 2325 4597 recte
2350 4540 2738 4610 diligenterque
2761 4546 2973 4594 curant.
3002 4534 3269 4591 Similiter
3297 4542 3357 4591 et
3384 4540 3557 4589 nauta:
3589 4529 3724 4598 ptius-

2179 4648 2338 4703 quam
2363 4634 2539 4687 navim
2562 4634 2613 4687 in
2645 4639 2856 4701 portum
2877 4629 3179 4695 detrahant,
3218 4636 3277 4682 et
3320 4626 3556 4682 carinam
3596 4631 3721 4689 appr

2180 4737 2322 4792 rant,
2346 4736 2400 4782 et
2425 4726 2726 4781 instaurant
2762 4724 2949 4788 latera,
2992 4730 3047 4777 et
3087 4734 3275 4776 remos
3315 4718 3520 4781 dolant,
3555 4721 3604 4768 et
3642 4707 3723 4761 vel!

2179 4819 2573 4880 consarcinant,
2607 4815 2841 4885 denique
2880 4811 3137 4883 quidquid
3178 4818 3453 4880 praeterea
3498 4804 3560 4859 ad
3602 4798 3720 4856 totius

2180 4910 2330 4964 navis
2353 4916 2676 4964 armaturam
2702 4904 2953 4976 pertinet,
2984 4900 3278 4971 diligenter
3307 4905 3592 4955 accurant:
3616 4903 3721 4946 me?

2179 5016 2331 5057 sores
2367 5001 2491 5055 item
2536 4997 2716 5053 multis
2751 5006 2875 5050 ante
2907 4994 3096 5049 diebus
3136 5002 3193 5048 et
3238 4991 3416 5047 falces
3461 4990 3653 5043 acuunt.
3682 4985 3714 5030 εί

2179 5110 2358 5151 aream
2388 5097 2718 5165 pratparant,
2769 5089 2935 5145 boves
2984 5088 3112 5143 item
3149 5094 3209 5140 et
3249 5099 3497 5149 currum,
3545 5074 3715 5165 breviat

2179 5162 2433 5259 quidquid
2459 5162 2589 5254 ipsis
2612 5181 2679 5237 ad
2705 5194 2936 5236 messem
2964 5188 3021 5235 et
3043 5173 3295 5233 trituram
3327 5162 3714 5231 eondueibilciﬂ‘

2179 5279 2378 5335 dicant.
2406 5275 2519 5331 imo
2543 5273 2726 5330 videas
2778 5285 2969 5328 omnes
3014 5267 3294 5333 homines,
3343 5267 3391 5322 si
3425 5262 3549 5336 quid
3590 5264 3720 5313 rerum

2181 5362 2445 5445 agendum
2471 5377 2574 5434 est,
2601 5369 2749 5440 prius
2769 5364 2835 5419 ad
2854 5379 2946 5421 eas
2976 5369 3301 5433 apparatum
3344 5359 3540 5421 facere,
3567 5362 3616 5408 ut
3635 5358 3724 5445 cunt

2181 5435 2461 5522 advenerit
2488 5465 2564 5521 rei
2593 5435 2843 5534 gerenda:
2863 5468 3095 5530 tempus,
3117 5454 3282 5512 facile
3311 5452 3605 5513 conficiant,
3618 5435 3729 5514 ιιιιοά

2181 5567 2265 5616 est
2287 5571 2444 5629 opus.

2253 5670 2552 5726 Judworum
2572 5667 2831 5742 jejunium
2856 5662 3087 5735 impium.
3126 5687 3201 5701 —
3242 5656 3360 5713 Hos
3394 5656 3549 5728 ἰϐῖωτ
3576 5651 3730 5742 eum?

2152 5744 2473 5829 imitantes,
2509 5737 2693 5817 multis
2735 5769 2864 5817 ante
2905 5754 3094 5811 diebus
3130 5746 3532 5821 praemunimus
3558 5737 3727 5791 animal
