3990 6198
266 215 366 274 871

268 351 386 424 τους
439 337 557 424 νυνί
605 338 664 424 δέ
695 337 872 424 οὐδείς
915 356 1008 413 μοι
1045 340 1176 414 περὶ
1215 343 1410 419 καιροῦ
1448 345 1635 417 λόγος,
1665 351 1852 424 ἐπειδὴ

264 418 392 507 οὐδὲ
410 419 491 492 τῷ
521 420 641 507 Θεῷ
666 462 683 507 ,
710 421 963 497 καθάπερ
1000 418 1394 501 ἀπεδείξαμεν,
1428 431 1552 484 ἐπεὶ
1593 433 1687 487 καὶ
1713 418 1854 507 ὑπὲρ

262 503 459 591 τούτου
504 504 736 591 πολλοὺς
769 507 1022 591 ἀνήλωσα
1048 510 1241 581 λόγους
1260 530 1275 545 °
1304 514 1442 569 ἀλλά
1474 515 1533 571 ἐν
1564 516 1724 588 μόνον
1752 503 1851 591 ζηλ-

261 586 344 673 τῶ
367 627 381 651 ,
410 587 561 673 ὅπως
590 588 649 642 ἐν
681 590 873 662 ειρὴνῃ
918 592 1012 646 καὶ
1059 596 1280 668 ὁμονοίᾳ
1316 599 1534 653 ἅπαντα
1566 586 1849 673 ποιῶμεν,

260 671 416 734 ὅπως
453 670 556 742 μή,
585 673 955 743 νηστευόντων
984 677 1142 747 ἡμῶν
1164 680 1258 732 καὶ
1290 680 1384 734 τοῦ
1414 681 1588 753 δήμου
1630 670 1847 749 παντὸς,

260 753 508 837 καὶτῶν
548 754 739 827 ἱερέων
790 756 890 821 τὰς
935 758 1123 823 κοινὰς
1171 763 1510 834 ποιουμένων
1560 764 1702 837 ὑπὲρ
1752 767 1850 837 τῆς

258 835 591 920 οἰκουμένης
625 840 952 912 ἱκετηρίας,
1001 843 1065 896 σὺ
1123 843 1292 916 μένῃς
1346 846 1560 917 μεθύων
1614 835 1708 901 ἐπὶ
1748 835 1849 920 τῆς

258 919 462 1003 οἱκίας.
508 920 788 991 Ἐννόησον
822 922 940 986 πῶς
977 922 1288 997 διαϐολικῆς
1326 928 1484 982 τοῦτό
1516 931 1661 984 ἐστιν
1692 919 1847 1003 ἐνερ-

258 1002 591 1085 γείαςςκαὶ
639 1003 716 1067 ὡς
751 1004 849 1075 οὐχ
893 1003 950 1059 ἓν
998 1008 1190 1078 μόνον,
1235 1010 1355 1064 οὐδέ
1392 1010 1519 1076 δύο,
1560 1012 1681 1067 οὐδέ
1719 1014 1847 1085 τρία

257 1084 382 1137 ἐστὶ
427 1083 497 1138 τά
553 1085 928 1158 ἁμαρτήματα
951 1127 967 1153 ,
1024 1090 1162 1145 ἀλλά
1214 1091 1394 1164 πολλῷ
1444 1093 1633 1151 πλείω.
1688 1083 1841 1150 Ἀποο

260 1163 442 1236 σχίζει
476 1183 535 1220 σε
580 1169 680 1238 τῆς
727 1169 968 1242 ἀγέλης,
1005 1174 1100 1227 καὶ
1153 1163 1587 1243 καταγινώσκειν
1636 1195 1697 1231 σε
1738 1197 1845 1234 πα-

260 1250 596 1333 ρασκευάζει
629 1252 882 1323 πατέριον
909 1255 1210 1325 τοσούτων,
1253 1260 1335 1319 εἰς
1370 1259 1701 1327 φιλονεικίαν
1746 1264 1846 1333 ἐμ-

258 1330 450 1384 ϐάλλει
470 1375 485 1398 ,
536 1334 672 1405 πρὸς
710 1334 992 1398 Ἰουδαίους
1016 1336 1151 1392 ὠθεῖ
1171 1378 1186 1403 ,
1224 1341 1518 1398 σκάνδαλόν
1552 1360 1611 1396 σε
1644 1340 1711 1397 αὖ
1741 1330 1845 1400 πά-

256 1412 350 1497 )ἐν
376 1415 665 1497 προτίθησι
692 1418 787 1470 καὶ
816 1421 928 1482 τοῖς
972 1420 1193 1486 οἰκείοις
1230 1423 1325 1476 καὶ
1366 1426 1478 1487 τοῖς
1522 1424 1839 1497 ἀλλοτρίοις.

258 1494 390 1578 ῌῶς
419 1496 529 1569 γὰρ
553 1497 890 1570 δυνησόμεθα
908 1503 1173 1571 ἐγκαλεῖν
1205 1506 1434 1570 ἐκείνοις
1476 1494 1725 1578 μένουσιν
1752 1511 1844 1563 ἐπὶ

252 1576 366 1662 τῆς
420 1580 638 1645 οἰκίας,
684 1583 813 1638 ὅταν
876 1584 940 1636 σὺ
994 1587 1128 1655 πρὸς
1178 1589 1420 1652 ἐκείνους
1470 1576 1712 1662 τρέχῃς;
1764 1590 1841 1647 Οὐ

251 1660 435 1715 ταῦτα
467 1662 523 1716 δὲ
572 1664 730 1735 μόνον
777 1667 895 1721 ἐστὶ
943 1668 1011 1724 τά
1042 1670 1260 1740 ἀμαρτή
1270 1688 1418 1742 ματα
1441 1714 1455 1737 ,
1492 1660 1721 1729 ἀλλ’ήήὸτι
1752 1678 1845 1730 καὶ

255 1746 477 1817 μεγάλη
507 1744 677 1821 βλάϐη
715 1750 909 1818 γένοιτ’
946 1751 1033 1817 ἂν,
1077 1754 1204 1807 ὅταν
1234 1756 1372 1826 μήτε
1411 1756 1672 1827 Γραφῶν,
1704 1760 1843 1829 μήτε

252 1830 531 1896 συνόδων,
570 1834 710 1903 μήτε
762 1834 1041 1903 εὐλογίας,
1086 1838 1223 1909 μήτε
1260 1838 1453 1893 κοινῶν
1499 1839 1673 1911 εὐχῶν
1708 1843 1844 1895 ἀπο-

250 1911 432 1984 λαύῃς
457 1915 514 1967 ἐν
540 1917 660 1980 ταῖς
687 1918 962 1987 νηστείαις
987 1920 1223 1985 ἐκείναις
1241 1963 1257 1988 ,
1286 1920 1422 1975 ἀλλά
1445 1924 1584 1994 μετὰ
1606 1924 1840 1997 πονηροῦ

254 1997 562 2063 συνειδότος
584 1999 798 2054 ἅπαντα
818 1999 1006 2056 τοῦτον
1024 2001 1214 2076 διάγῃς
1235 2004 1325 2058 τὸν
1350 2006 1560 2076 χρόνον,
1587 2006 1841 2072 δεδοικὼς

250 2080 357 2132 καὶ
390 2081 609 2154 τρέμων
644 2083 717 2155 μὴ
747 2084 882 2158 γένῃ
915 2086 1259 2158 κατάφωρος,
1292 2089 1543 2160 καθάπερ
1574 2107 1658 2153 τις
1686 2090 1839 2144 άλλό·

252 2163 429 2231 φυλος
474 2167 566 2219 καὶ
611 2166 939 2239 ἀλλογενὴς,
969 2168 1087 2223 δέον
1144 2171 1279 2242 μετὰ
1321 2171 1668 2244 παρρησίας,
1718 2173 1839 2242 μεθ’

251 2245 458 2318 ἡδονῆς
478 2288 493 2311 ,
539 2249 680 2321 μετά
712 2250 1078 2323 εὐφροσύνης,
1122 2253 1240 2324 μετ’
1270 2254 1585 2325 ἐλευθερίας
1620 2255 1839 2326 ἀπάσης

251 2332 416 2400 κοινῇ
472 2331 610 2399 μετά
651 2332 750 2403 τῆς
794 2334 1119 2406 Ἐκκλησίας
1165 2336 1341 2390 πάντα
1378 2337 1664 2391 ἐπιτελεῖν.
1702 2338 1837 2392 Οὐδὲ

250 2412 373 2485 γάρ
395 2415 428 2483 ἡ
452 2415 743 2487 Ἐκκλησία
771 2416 978 2489 χρόνων
1006 2418 1292 2491 ἀκρίϐειαν
1325 2416 1484 2473 οἶδεν·
1504 2421 1618 2473 ἀλλ’
1647 2421 1836 2494 ἐπειδὴ

250 2495 416 2564 παρά
447 2498 545 2567 τὴν
573 2499 750 2571 ἀρχὴν
786 2501 949 2553 πᾶσιν
972 2500 1119 2567 ἔδοξε
1148 2504 1259 2565 τοῖς
1288 2502 1528 2574 πατράσι
1568 2503 1834 2576 διῃρημέ-

1508 228 1879 291 ADVERSUS
1911 234 2220 294 ιυῡιεοε.
2260 236 2349 291 1V.

3432 238 3544 300 872

1964 372 2077 439 νοις
2101 357 2236 428 ὁμοῦ
2273 357 2571 424 συνελθεῖν,
2597 359 2692 413 καὶ
2728 360 2933 432 ταύτην
2961 360 3142 433 ὁρίσαι
3169 362 3269 437 τήν
3301 366 3533 439 ἡμέραν,

1960 437 2059 510 τὴν
2094 442 2416 510 συμφωνίαν
2461 443 2738 513 πανταχοῦ
2784 446 3003 516 τιμῶσα
3031 447 3124 500 καὶ
3149 447 3249 518 τὴν
3285 437 3508 519 ὁμόνοια

1960 520 2252 589 ἀγαπῶσα,
2297 523 2625 591 κατεδέξατο
2649 524 2711 577 τὸ
2742 527 3054 596 ἐπιταχθέν.
3095 529 3218 581 Ὀτι
3253 528 3363 601 γάρ
3408 531 3534 586 ἀδύ-

1958 604 2170 675 νατονὴ
2201 605 2421 676 ἡμᾶς,ἢ
2453 606 2667 677 ὐμᾶς,ή
2698 607 2884 679 ἕτερον
2911 608 3185 663 ὁντιναοῦν
3212 612 3384 680 αὐτῆς
3413 613 3535 666 ἐπι-

1955 684 2213 739 λαϐέσθαι
2230 686 2329 755 τῆς
2356 690 2625 758 κυριακῆς
2645 689 2876 761 ἡμέρας,
2900 690 3099 755 ἱκανῶς
3121 692 3179 744 ἐν
3196 694 3306 754 τοῖς
3325 692 3536 762 ἔμπρο-

1956 766 2083 820 σθεν
2112 769 2509 823 ἀποδέδεικται.
2565 771 2657 842 Μὴ
2709 771 2888 826 τοίνυν
2936 773 3346 843 σκιομαχῶμεν,
3399 774 3534 843 μηδὲ

1954 850 2093 922 ὑπὲρ
2122 851 2230 905 τῶν
2263 853 2533 921 τυχόντων
2565 853 3013 923 φιλονεικοῦντες,
3039 856 3097 908 ἐν
3126 858 3237 919 τοῖς
3275 853 3530 925 μεγάλοις

1955 933 2182 996 ἑαυτοὺς
2231 934 2716 1005 καταδλάπτωμεν.
2754 935 2827 987 Τὸ
2860 937 2956 1007 μὲν
2986 936 3095 1008 γὰρ
3123 936 3257 1007 τῷδε
3308 936 3340 1007 ἡ
3390 936 3526 1006 τῷδε

1952 1015 2131 1086 χρόνῳ
2181 1017 2475 1087 νηστεῦσαι
2507 1020 2606 1071 οὐκ
2651 1019 2922 1089 ἔγκλημα,
2958 1020 3019 1074 τὸ
3068 1021 3125 1074 δέ
3176 1020 3359 1089 σχίσαι
3402 1021 3525 1072 Ἐκ-

1952 1097 2202 1167 κλησίαν,
2236 1100 2329 1152 καὶ
2360 1100 2678 1168 φιλονείκως
2702 1101 3033 1171 διατεθῆναι,
3061 1103 3154 1157 καὶ
3183 1102 3525 1172 διχοστασίας

1951 1183 2224 1252 ἐμποιεῖν,
2260 1183 2356 1235 καὶ
2384 1185 2483 1254 τῆς
2513 1184 2733 1237 συνόδου
2766 1185 3029 1255 διηνεκῶς
3075 1185 3265 1238 ἐαυτὸν
3291 1186 3525 1237 ἀποστε-

1950 1267 2087 1335 ρεῖν,
2114 1265 2498 1333 ἀσύγγνωστον
2532 1268 2625 1320 καὶ
2651 1266 2984 1339 κατηγορίας
3000 1267 3169 1333 ἀξιον,
3199 1268 3293 1321 καὶ
3326 1266 3523 1337 πολλὴν

1949 1348 2064 1419 ἔχει
2094 1351 2194 1421 τὴν
2227 1350 2516 1421 τιμωρίαν.
2536 1350 2696 1421 Ἐνῆν
2721 1352 2817 1421 μὲν
2838 1347 2932 1405 οὖν
2956 1352 3050 1406 καί¹
3076 1351 3296 1406 πλείονα
3319 1351 3523 1404 τούτων

1949 1434 2145 1496 εἰπεῖν,
2187 1431 2324 1486 ἀλλά
2368 1435 2483 1495 τοῖς
2514 1433 2611 1504 μὲν
2639 1433 2970 1505 προσέχουσι
3000 1434 3092 1488 καὶ
3135 1434 3204 1486 τά
3256 1433 3523 1503 εἰρημένα

1947 1517 2129 1586 ἀρκεῖ,
2164 1520 2278 1580 τοῖς
2307 1516 2364 1569 δὲ
2403 1517 2477 1588 μὴ
2508 1519 2865 1587 προσέχουσιν
2895 1517 3015 1571 οὐδέ
3046 1520 3094 1571 εἱ
3125 1516 3296 1569 πλείω
3320 1515 3522 1567 τούτων

1948 1598 2185 1671 λεχθείη,
2221 1600 2375 1654 ἐσται
2404 1618 2455 1654 τι
2478 1599 2659 1654 πλέον.
2685 1602 2887 1673 Διόπερ
2920 1599 3155 1654 ἐνταῦθα
3178 1598 3525 1652 καταλύσαν-

1946 1699 2041 1745 τες
2058 1682 2147 1736 τὸν
2172 1683 2352 1751 λόγον,
2385 1687 2536 1755 κοινῇ
2572 1683 2776 1748 πάντες
2807 1684 3093 1755 εὐξώμεθα
3119 1684 3244 1745 τούς
3261 1681 3522 1751 ἀδελφοὺς

1945 1766 2073 1828 τούς
2109 1766 2414 1837 ἡμετέρους
2448 1766 2766 1820 ἐπανελθεῖν
2808 1767 2944 1838 πρὸς
2979 1767 3150 1836 ἡμᾶς,
3187 1765 3283 1818 καὶ
3312 1763 3408 1834 τὴν
3448 1764 3525 1816 εἰ·

1951 1849 2119 1919 ρήνην
2162 1849 2548 1913 ἀσπάσασθαι,
2610 1850 2703 1903 καὶ
2748 1850 2849 1919 τῆς
2903 1849 3136 1919 ἀκαίρου
3192 1845 3520 1916 φιλονεικίας

1948 1931 2273 2001 ἀποστῆναι,
2328 1933 2423 1984 καὶ
2468 1932 2567 2002 τῆς
2594 1931 2933 2003 ψυχρότητος
2986 1931 3187 2002 ταύτης
3220 1926 3524 1996 καταγελά-

1947 2030 2167 2076 σαντας,
2210 2013 2420 2084 ὑψηλήν
2464 2030 2589 2067 τινα
2646 2015 2739 2067 καὶ
2774 2014 3019 2084 μεγάλην
3051 2013 3236 2067 λαϐεῖν
3262 2012 3519 2074 διάνοιαν,

1947 2099 2040 2151 καὶ
2078 2098 2179 2166 τῆς
2221 2096 2331 2149 τῶν
2380 2098 2603 2167 ἡμερῶν
2636 2096 3017 2168 ἀπαλλαγῆναι
3060 2095 3517 2167 παρατηρήσεως,

1944 2180 2033 2234 ἵνα
2065 2180 2408 2250 ὁμοθυμαδὸν
2454 2180 2655 2243 πάντες
2691 2182 2747 2233 ἐν
2804 2182 2885 2233 ἐνὶ
2924 2179 3153 2249 στόματι
3208 2175 3519 2245 δοξάζωμεν

1942 2262 2033 2315 τὸν
2064 2262 2195 2315 Θεὸν
2229 2262 2323 2314 καὶ
2356 2262 2575 2333 Πατέρα
2603 2262 2697 2315 τοῦ
2742 2261 2949 2334 Κυρίου
2977 2261 3134 2333 ἡμῶν
3184 2258 3357 2331 Ἰησοῦ
3386 2256 3520 2328 Χρι-

1943 2344 2092 2410 στοῦ,
2130 2338 2173 2410 ᾧ
2209 2344 2394 2414 ἡδόξα
2429 2346 2524 2397 καὶ
2559 2345 2621 2397 τὸ
2653 2344 2875 2416 κράτος,
2902 2343 2996 2398 νῦν
3022 2345 3116 2398 καὶ
3147 2342 3268 2408 ἀεὶ,
3306 2340 3401 2395 καὶ
3437 2340 3518 2404 εἰς

1940 2429 2066 2490 τοὺς
2098 2427 2301 2490 αἰῶνας
2334 2427 2442 2480 τῶν
2480 2426 2712 2481 αἰώνων.
2756 2429 2949 2498 Ἀμήν.
3048 2463 3070 2474 ς

252 2821 431 2898 [616]
477 2835 505 2865 ι
558 2824 697 2879 ΤΟΥ
733 2824 969 2879 ΑΥΤΟΥ
1017 2823 1210 2878 ΚΑΤΑ
1256 2822 1612 2890 ΙΟΥΔΑΙΩΝ,
1652 2825 1759 2879 ΕΙΣ
1799 2826 1932 2879 ΤΑΣ
1966 2816 2351 2883 ΣᾹΔΠΙΓΓΔΣ
2387 2830 2524 2884 ΤΟΥ
2562 2830 2795 2884 ΠΑΣΧΑ
2829 2828 3080 2885 ΔΥΤΩΝ.
3119 2828 3397 2884 ΕΔΕΧΘΗ
3432 2828 3515 2882 ΔΕ

1146 2917 1239 2969 EN
1275 2916 1649 2990 ΑΝΤΙΟΧΕΙᾼ
1686 2919 1778 2972 EN
1815 2919 1908 2991 τῃ
1949 2918 2234 2992 ΜΕΓΔΛῌ
2271 2922 2648 2991 ΕΚΚΑΗΣΙᾼ.

797 3166 989 3233 Λόγος
1021 3169 1320 3237 τέταρτος.

334 3253 406 3302 α’.
425 3246 593 3301 Πάλιν
613 3248 661 3300 οἱ
683 3245 901 3301 δείλαιοι
930 3250 1023 3303 καὶ
1054 3251 1269 3305 πάντων
1302 3249 1606 3324 ἀνθρώπων
1639 3251 1840 3306 ἀθλιώ-

248 3349 413 3403 τεροι
442 3332 726 3401 νηστεύειν
773 3330 1061 3401 μέλλουσιν
1090 3334 1354 3400 Ἰουδαῖοι,
1377 3335 1472 3388 καὶ
1492 3334 1654 3390 πάλιν
1671 3338 1841 3407 ἀσφα-

249 3414 516 3468 λίσασθαι
540 3414 639 3480 τὴν
670 3414 765 3469 τοῦ
796 3415 1037 3487 Χριστοῦ
1074 3418 1311 3486 ποίμνην
1336 3418 1650 3486 ἀναγκαῖον.
1688 3421 1840 3474 Ἐπεὶ

250 3498 358 3554 καὶ
387 3498 663 3569 ποιμένες,
683 3496 789 3561 ἕως
825 3499 923 3569 μὲν
962 3498 1028 3553 ἂν
1064 3500 1231 3572 μηδὲν
1265 3500 1455 3572 ἐνοχλῇ
1490 3501 1701 3573 θηρίον,
1734 3503 1841 3556 ὐπὸ

252 3579 396 3653 δρῦν
420 3581 455 3651 ἢ
484 3580 696 3652 πεύκην
728 3581 957 3645 ἑαυτοὺς
991 3581 1245 3653 ῥίψαντες
1275 3583 1354 3654 τῷ
1404 3585 1637 3657 καλάμῳ
1690 3586 1841 3659 συρί-

250 3666 477 3729 ζουσιν,
516 3663 747 3732 ἀφέντες
794 3663 1176 3730 ἐπ”ἐξουσίας
1205 3666 1424 3738 ἀπάσης
1475 3667 1544 3721 τά
1592 3667 1842 3739 πρόϐατα

250 3745 554 3818 νέμεσθαι’
587 3746 807 3799 ἐπειδάν
838 3746 896 3799 δέ
938 3746 1119 3802 λύκων
1153 3748 1502 3821 καταδρομὴν
1547 3749 1838 3804 αἴσθωνται

250 3828 579 3899 γινομένην,
602 3829 813 3899 ταχέως
832 3828 925 3881 τὸν
949 3830 1195 3901 κάλαμον
1233 3831 1506 3901 ῥίψαντες,
1544 3833 1642 3903 τὴν
1681 3850 1842 3902 σφεν-

249 3912 421 3983 δόνην
455 3911 943 3983 μεταχειρίζονται,
964 3914 1056 3966 καὶ
1090 3914 1187 3986 τὴν
1219 3912 1456 3985 σύριγγα
1482 3915 1732 3987 ἀφέντες,
1752 3918 1842 3987 ῥο-

252 3994 459 4057 πάλοις
496 3995 592 4046 καὶ
622 3993 789 4059 λίθοις
839 3996 1069 4059 ἑαυτοὺς
1125 3996 1549 4071 καθοπλίζουσι,
1606 3986 1702 4052 καὶ
1734 3986 1842 4069 πρὸ

250 4078 360 4150 τῆς
390 4078 628 4149 ποίμνης
659 4078 904 4142 στάντες,
934 4079 1028 4133 καὶ
1067 4079 1208 4150 μέγα
1244 4081 1339 4134 καὶ
1388 4079 1673 4149 διωλύγιον
1724 4080 1842 4134 όλοο

253 4162 522 4227 λύξαντες
549 4161 600 4227 δ,
634 4164 700 4232 τῇ
736 4164 888 4233 φωνῇ
922 4162 1181 4227 πολλάκις
1211 4163 1317 4235 πρὸ
1347 4164 1445 4234 τῆς
1473 4163 1636 4234 βολῆς
1654 4165 1715 4218 τὸ
1744 4166 1840 4236 θην

256 4250 379 4320 ρὶον
425 4245 736 4317 ἀπήλασαν.
792 4244 947 4301 Οῦτω
984 4246 1048 4317 δὴ
1097 4248 1191 4300 καὶ
1241 4248 1401 4318 ἡμεῖς
1452 4249 1510 4301 ἐν
1573 4249 1671 4319 μὲν
1721 4252 1842 4313 ταῖς

254 4329 574 4401 ἔμπροσθεν
609 4330 868 4401 ἡμέραις,
919 4328 1107 4401 ῶσπερ
1135 4332 1193 4383 ἐν
1229 4329 1459 4399 λειμῶνι
1482 4347 1612 4393 τινι,
1639 4334 1705 4403 τῇ
1734 4331 1841 4385 τῶν

254 4416 299 4468 Γ
305 4412 495 4486 ραφῶν
521 4412 773 4485 διηγήσει
808 4412 1161 4484 σκιρτῶντες,
1180 4413 1392 4476 οὐδενὸς
1412 4413 1674 4484 ἡψάμεθα
1697 4415 1842 4482 ἀγω-

254 4496 508 4551 νιστικοῦ
561 4497 721 4565 λόγου
744 4514 758 4528 ·
789 4497 966 4561 οὐδεὶς
1006 4496 1116 4568 γάρ
1150 4491 1218 4568 ἦν
1253 4498 1385 4568 ἡμῖν
1436 4500 1465 4550 ό
1515 4497 1837 4568 διενοχλῶν’

253 4581 450 4651 ἐπειδὴ
481 4580 539 4634 δὲ
567 4582 808 4652 σήμερον
836 4580 886 4634 οἱ
937 4579 1118 4634 λύκων
1170 4579 1425 4633 ἁπάντων
1468 4578 1841 4652 χαλεπώτεροι

268 4662 515 4719 Ἰουδαῖοι
542 4662 924 4734 περιίστασθαι
956 4663 1116 4734 ἡμῶν
1140 4662 1207 4716 τά
1239 4662 1488 4733 πρόὸατα
1520 4661 1804 4731 μέλλουσιν
1824 4701 1839 4726 ,

252 4748 479 4817 ἀνάγκη
523 4748 812 4799 πυκτεύειν
839 4746 933 4800 καὶ
964 4744 1257 4816 μάχεσθαι,
1295 4746 1445 4809 ὅπως
1488 4743 1660 4816 μηδὲν
1708 4747 1842 4816 ἡμῖν

250 4829 601 4902 θηριάλωτον
647 4830 896 4899 γένηται.
932 4829 1043 4883 Καὶ
1093 4829 1168 4901 μὴ
1221 4828 1562 4899 θαυμάσητε,
1597 4830 1647 4881 εἰ
1704 4827 1842 4899 μετά

246 4913 396 4967 δέκα
424 4914 518 4965 καὶ
531 4911 752 4975 πλείους
769 4912 1006 4983 ἡμέρας,
1036 4912 1134 4982 τῆς
1155 4911 1413 4982 νηστείας
1434 4911 1649 4982 ἐκείνης
1674 4911 1844 4965 ἀπανι-

242 4997 359 5066 τᾷν
387 4994 711 5066 μελλούσης,
744 4996 907 5065 ἡμεῖς
945 4993 1195 5048 ἐντεῦθεν
1240 4995 1343 5065 ήδη
1374 4994 1838 5066 καθοπλιζόμεθα,

242 5080 356 5136 καὶ
403 5079 850 5150 περιφράττομεν
893 5076 994 5141 τὰς
1023 5076 1295 5149 ὑμετέρας
1339 5076 1537 5148 ψυχὰς,
1586 5079 1708 5131 ἐπεὶ
1747 5079 1842 5132 καὶ

237 5164 368 5220 τῶν
424 5160 684 5237 γεωργῶν
708 5162 757 5214 οἱ
814 5160 1113 5230 φιλόπονοι,
1147 5159 1369 5215 ἐπειδὰν
1407 5161 1573 5232 ἔχωσι
1624 5161 1841 5231 γείτονα

234 5248 566 5324 χείμαρρον
613 5245 1008 5322 παρασύροντα
1043 5245 1144 5311 τὰς
1188 5243 1485 5316 γεωργίας,
1519 5244 1619 5299 οὐκ
1675 5248 1732 5299 ἐν
1763 5244 1841 5316 τῷ

336 5418 458 5496 ἵεις
497 5422 603 5467 "es
818 5423 1116 5496 ροειτιιξιεηι
1135 5431 1256 5496 vero
1282 5417 1840 5496 .P"3?£':.“E‘3!‘9‘24°‘1

233 5482 305 5531 δέ
329 5483 377 5528 έν
414 5479 681 5543 Ἀντιοχεία
705 5481 754 5529 έν
788 5479 846 5543 τῇ
977 5482 1054 5544 ’λῃ
1097 5480 1328 5543 ἐκκλησίᾳ
1373 5479 1524 5528 habet
1560 5480 1707 5528 etiam
1752 5479 1841 5529 Sa-

238 5541 342 5591 vil.
386 5541 438 5589 In
465 5530 688 5591 edikioné
732 5498 1121 5591 mmmam:
1140 5540 1228 5591 τοῦ
1257 5540 1406 5590 αὐτοῦ
1441 5540 1568 5589 κατὰ
1598 5540 1841 5590 Ἰουδαίων

238 5541 342 5624 fit
378 5540 696 5624 Alqui‘tigqu‘
720 5540 1121 5624 ﬁgis-gitur
1140 5540 1228 5591 τοῦ
1257 5540 1406 5590 αὐτοῦ
1441 5540 1568 5589 κατά
1598 5540 1841 5590 Ἰουδαίων

234 5606 394 5665 λόγος
453 5605 561 5664 ’,ει
580 5605 697 5654 nihil
754 5611 976 5654 relerea.

321 5668 349 5702 δ
379 5605 507 5716 fres
536 5680 654 5717 mss.
684 5618 1013 5729 ἀλαλάξαντες,
1052 5666 1203 5717 Savil.
1239 5664 1413 5717 Morel.
1456 5669 1510 5715 et
1542 5663 1627 5714 alii
1669 5664 1838 5714 ὀλολύ-

234 5735 431 5787 Eam:-

1940 3171 2118 3243 καιρῷ
2159 3169 2255 3224 τοῦ
2296 3168 2586 3241 χειμῶνος,
2633 3166 2771 3222 ἀλλά
2802 3167 3044 3239 πρὸτῆς
3077 3165 3228 3236 ὧρας
3277 3164 3514 3235 ἐκείνης,

1940 3257 2034 3309 καὶ
2060 3254 2226 3325 ὄχθας
2251 3252 2701 3324 περιφράττουσι,
2732 3251 2826 3306 καὶ
2852 3249 3082 3322 χώματα
3111 3248 3406 3321 ἐγείρουσι,
3422 3253 3517 3302 καὶ

1937 3340 2179 3409 τάφρους
2214 3335 2518 3399 ἐλαύνουσι,
2576 3334 2672 3388 καὶ
2727 3334 2889 3388 παντὶ
2944 3332 3082 3403 πρὸς
3126 3331 3289 3385 αὐτὸν
3342 3349 3520 3402 παρα-

1942 3418 2298 3483 σκευάζονται
2318 3418 2523 3490 τρόπῳ.
2564 3416 2925 3487 Ἠσυχάζοντι
2960 3415 3059 3486 μὲν
3087 3414 3197 3483 γὰρ
3228 3415 3322 3467 καὶ
3354 3431 3517 3468 κπε-

1942 3503 2228 3575 σταλμένφ
2258 3502 2439 3574 ῥᾴδιον
2473 3500 2781 3565 ἐπιθέσθαι,
2834 3499 3120 3571 αὐξομένῳ
3161 3499 3219 3553 δὲ
3250 3503 3344 3553 καί¹
3379 3497 3518 3569 μετά

1941 3587 2141 3658 πολλῆς
2177 3584 2462 3657 φερομένῳ
2513 3584 2612 3655 τῆς
2664 3583 2771 3636 τῶν
2810 3582 3021 3637 ὑδάτων
3065 3582 3280 3654 ῥύμης,
3334 3580 3515 3636 οὐκέθ’

1940 3671 2141 3741 ὁμοίως
2172 3669 2393 3723 εὔκολον
2418 3667 2685 3737 ἀπαντᾷν.
2710 3666 2809 3720 Διά
2836 3664 2995 3719 τοῦτο
3028 3665 3321 3735 φθάνουσιν
3349 3662 3516 3718 αὐτοῦ

1941 3754 2036 3817 τὰς
2065 3751 2323 3815 ἐπιϐολάς
2348 3762 2370 3789 ο
2405 3750 2512 3821 πρὸ
2562 3748 2756 3803 πολλοῦ
2788 3747 2883 3802 τοῦ
2916 3748 3132 3820 χρόνου,
3171 3750 3351 3803 πᾶσαν
3382 3765 3519 3801 παν⁹

1939 3838 2169 3909 ταχόθεν
2201 3833 2545 3898 ἐπινοοῦντες
2579 3833 2900 3903 ἀσφάλειαν.
2934 3832 3093 3889 Οὕτω
3133 3833 3228 3886 καὶ
3253 3829 3519 3901 στρατιῶο

1939 3939 2028 3976 ται
2052 3920 2147 3975 καὶ
2166 3919 2359 3974 ναῦται
2382 3920 2478 3973 καὶ
2515 3918 2752 3989 γεωργοὶ
2791 3917 2884 3971 καὶ
2914 3916 3163 3988 θερισταὶ
3195 3917 3368 3969 ποιεῖν
3391 3912 3517 3967 εἱώ-

1941 4006 2086 4061 θασι.
2116 4006 2225 4059 Καὶ
2257 4004 2367 4076 γὰρ
2400 4005 2598 4057 ἐκεῖνοι
2634 4001 2741 4073 πρὸ
2792 4000 2888 4054 τοῦ
2932 3998 3130 4072 καιροῦ
3183 3999 3284 4070 τῆς
3338 3999 3518 4069 μάχης

1941 4090 2036 4143 καὶ
2054 4087 2282 4159 θώρακα
2312 4086 2714 4156 ἀποσμήχουσι,
2733 4083 2828 4137 καὶ
2863 4083 3065 4137 ἀσπίδα
3098 4081 3515 4159 περισκοποῦσι,

1942 4172 2036 4226 καὶ
2064 4156 2319 4241 χαλινοὺς
2350 4167 2855 4239 παρασκευάζουσι,
2894 4167 2988 4219 καὶ
3028 4167 3228 4229 ἵππους
3255 4156 3517 4236 τρέφούσι

1945 4254 2086 4324 μετά
2139 4252 2340 4323 πολλῆς
2390 4252 2489 4321 τῆς
2531 4250 2869 4320 ἐπιμελείας,
2913 4250 3010 4303 καὶ
3050 4248 3119 4301 τά
3158 4247 3293 4304 ἄλλα
3341 4246 3519 4300 πάντα

1941 4333 2001 4391 εὖ
2049 4336 2399 4390 διατίθενται.
2435 4336 2546 4389 Καὶ
2576 4333 2791 4393 ναῦται,
2840 4332 2969 4403 πρὶν
3002 4332 3035 4402 ἢ
3086 4332 3148 4386 τὸ
3181 4333 3388 4401 σκάφος
3438 4332 3517 4392 είς

1941 4419 2137 4491 λιμένα
2179 4418 2536 4481 καθελκύσαι,
2575 4417 2670 4471 καὶ
2705 4415 2897 4484 τρόπιν
2949 4414 3391 4481 ἐπισκευάζουσι,
3425 4414 3518 4466 καὶ

1941 4504 2156 4574 τοίχους
2193 4500 2501 4563 ἀνανεοῦσι,
2542 4500 2636 4553 καὶ
2674 4498 2864 4562 κώπας
2889 4498 3203 4565 ἀποξέουσι,
3249 4498 3341 4551 καὶ
3373 4497 3517 4551 ἱστία

1942 4588 2230 4658 ῥάπτουσι,
2261 4586 2355 4640 καὶ
2399 4584 2498 4656 τὴν
2551 4583 2719 4655 ἀλλην
2752 4582 2972 4637 ἅπασαν
3006 4580 3101 4635 τοῦ
3132 4580 3318 4635 πλοίου
3347 4598 3516 4635 κατα-

1942 4672 2147 4741 σκευὴν
2180 4668 2616 4741 εὐτρεπίζουσιν.
2658 4667 2770 4719 Καὶ
2798 4665 3048 4737 θερισταὶ
3088 4665 3145 4718 δέ
3177 4665 3378 4735 ὁμοίως
3412 4664 3518 4736 πρὸ

1942 4752 2152 4807 πολλῶν
2178 4752 2288 4806 τῶν
2317 4751 2539 4824 ἡμερῶν
2555 4751 2648 4803 καὶ
2667 4749 2943 4820 δρεπάνην
2968 4747 3321 4819 θήγουσι,καὶ
3338 4747 3517 4801 ἆλωνα

1943 4836 2423 4908 παρασκευάζουσι
2456 4836 2551 4890 καὶ
2583 4834 2709 4904 βοῦς
2742 4834 2837 4887 καὶ
2870 4832 3110 4904 ἅμαξαν,
3182 4833 3274 4885 καὶ
3303 4831 3403 4883 ὅσα
3453 4830 3518 4883 ἂν

1945 4917 2097 4991 [ΟΠ]
2111 4919 2248 4973 ἄλλα
2260 4921 2396 4991 πρὸς
2409 4920 2501 4972 τὸν
2516 4919 2727 4989 ἄμητον
2742 4919 2926 4978 αὐτοῖς
2937 4915 2964 4955 ά
2984 4914 3233 4984 συντελῇ.
3257 4914 3366 4967 Καὶ
3390 4912 3520 4966 πάν-

1940 5018 2039 5066 τας
2069 5000 2394 5071 ἀνθρώπους
2438 5002 2538 5056 ῐδοι
2580 5018 2666 5064 τις
2701 4999 2770 5055 ἂν
2802 4998 2907 5068 πρὸ
2936 4996 3031 5050 τοῦ
3065 4996 3255 5068 καιροῦ
3279 4993 3379 5057 τὰς
3406 4994 3517 5047 τῶν

1942 5084 2285 5155 πραγμάτων
2314 5084 2671 5154 ποιουμένους
2700 5079 3079 5152 παρασκευάς,
3108 5078 3249 5132 ὥστε
3275 5076 3367 5131 τοῦ
3389 5093 3517 5131 και-

1945 5168 2040 5239 ροῦ
2081 5167 2190 5221 τῶν
2225 5166 2563 5238 πραγμάτων
2592 5164 2913 5227 ἐπιστάντος
2957 5160 3178 5216 εὔκολον
3207 5162 3392 5224 αὐτοῖς
3420 5175 3517 5230 γε-

1942 5252 2128 5306 νέσθαι
2155 5251 2252 5323 τὴν
2281 5251 2390 5305 τῶν
2439 5252 2615 5323 ἔργων
2645 5250 3015 5320 ἐκπλήρωσιν.

2013 5334 2247 5397 Τούτους
2278 5335 2342 5403 δὴ
2369 5328 2462 5386 καὶ
2481 5335 2641 5404 ἡμεῖς
2671 5334 3021 5403 μιμούμενοι,
3054 5330 3160 5403 πρὸ
3180 5328 3391 5383 πολλῶν
3406 5326 3517 5381 τῶν

1943 5417 2163 5488 ἡμέρων
2188 5416 2287 5480 τάς
2315 5416 2581 5487 ὑμετέρας
2603 5414 3011 5486 ἀσφαλιζόμεθα
3036 5412 3236 5484 ψυχάς,
3268 5426 3518 5486 παρακαι-

2006 5606 2028 5633 ε
2054 5601 2281 5663 Quinque
2300 5615 2414 5651 mss.
2438 5602 2522 5658 τὰς
2544 5598 2810 5659 ἐπιϐουλάς,
2832 5612 3115 5663 perperam.

1943 5663 2030 5775 ﬂ;
2046 5665 2308 5776 :l'rﬁazglss.
2335 5666 2551 5728 συντελῇ,
2575 5662 2846 5715 recte.Sed
2863 5662 3032 5714 MOntf.
3056 5663 3109 5714 in
3127 5662 3389 5715 ίιιάίαιινο
3415 5674 3524 5708 συν-

2024 5743 2081 5776 ιι.
2226 5762 2239 5775 .
