3990 6198
339 247 449 305 875

294 373 526 427 vestras,
553 357 902 416 exhortantes
930 367 1049 421 vos,
1077 359 1135 409 ut
1165 350 1387 422 impium
1436 349 1539 406 hoc
1580 335 1888 406 inﬁmorum

298 464 357 510 et
399 453 721 508 sceleratum
740 447 1003 519 jejunium
1034 444 1268 515 fugiatis.
1295 442 1483 513 Neque
1525 442 1668 498 enim
1708 442 1780 496 ita
1805 442 1890 497 di~

299 546 474 609 xeris,
492 540 778 613 jejunant:
814 538 941 609 quin
967 536 1143 607 potius
1168 534 1301 590 illud
1325 534 1455 590 mihi
1477 533 1766 598 ostendito,
1794 547 1891 588 eos

297 654 367 693 ex
418 635 512 691 Dei
556 634 820 689 sententia
869 630 1135 702 jejunare.
1175 627 1328 695 Quod
1381 627 1435 682 ni
1482 627 1533 682 id
1562 626 1672 692 ﬁat,
1705 628 1892 697 quavis

298 727 562 783 ebrietate
588 722 906 781 sceleratius
925 731 1008 778 est
1025 720 1311 791 jejunium.
1337 718 1522 789 Neque
1546 717 1689 774 enim
1716 718 1891 774 solum

299 816 756 875 considerandum
798 825 879 871 est
922 812 1051 884 quid
1095 811 1164 866 ab
1210 812 1329 866 istis
1372 811 1485 875 ﬁat,
1532 826 1719 866 verum
1762 809 1890 865 illud

299 910 465 966 etiam
490 906 905 973 observandum,
936 920 1094 976 quam
1119 903 1189 958 oh
1212 916 1425 958 causam
1455 902 1674 957 faciant.

381 1000 465 1055 Ea:
490 1000 749 1055 voluntate
774 996 873 1052 Dei
902 1006 1009 1050 tum
1035 995 1221 1049 bonum
1264 1003 1369 1047 tum
1407 992 1599 1047 malum
1636 992 1891 1064 penditur.

301 1092 614 1147 —Etenim
653 1088 796 1160 quod
836 1087 896 1142 ﬁt
931 1088 1083 1157 juxta
1119 1084 1214 1140 Dei
1256 1083 1605 1151 voluntatem,
1652 1082 1896 1152 quamvis

306 1184 553 1240 videatur
581 1181 880 1252 improbum
913 1193 1053 1243 esse,
1076 1175 1314 1232 omnium
1338 1175 1597 1245 optimum
1623 1182 1724 1229 est.
1752 1175 1895 1228 Con-

307 1287 415 1342 tra,
438 1274 582 1347 quod
608 1274 668 1329 ﬁt
694 1281 887 1344 praeter
912 1269 1011 1326 Dei
1045 1268 1373 1325 voluntatem
1413 1276 1468 1322 et
1496 1266 1770 1336 placitum,
1797 1264 1897 1320 etsi

309 1376 533 1439 putetur
555 1364 837 1435 optimum,
875 1370 1053 1416 tamen
1101 1369 1186 1416 est
1227 1357 1467 1413 omnium
1505 1355 1799 1428 pessimum
1844 1364 1900 1411 et

310 1457 728 1531 iniquissimum.
755 1455 927 1509 Etiam
949 1453 994 1508 si
1015 1452 1134 1523 quis
1162 1450 1371 1507 occidat
1390 1449 1684 1514 hominem,
1709 1449 1780 1503 ita
1807 1461 1903 1503 vo—

309 1555 459 1608 lente
480 1552 609 1615 Deo,
641 1550 829 1620 quavis
853 1547 1183 1602 humanitate
1209 1544 1399 1600 melius
1425 1553 1509 1598 est
1543 1542 1645 1597 hoc
1672 1540 1901 1597 homici-

310 1647 485 1701 dium.
514 1644 724 1699 Rursus
752 1641 798 1696 si
829 1639 947 1711 quis
979 1647 1179 1709 parcat,
1212 1646 1265 1692 et
1292 1636 1637 1692 humanitatis
1665 1635 1899 1691 ofﬁcium

310 1737 592 1794 collocarit
618 1736 670 1790 in
698 1734 1003 1806 quempiam
1026 1739 1221 1802 praeter
1254 1729 1345 1784 Dei
1390 1728 1733 1793 sententiam,
1766 1742 1900 1796 qua-

311 1834 397 1888 vis
417 1830 567 1887 caede
592 1826 908 1885 sceleratior
932 1834 1015 1881 est
1051 1824 1168 1880 haec
1204 1821 1551 1893 indulgentia.
1594 1819 1712 1876 Non
1758 1820 1903 1875 enim

314 1927 432 1996 ipsa
460 1937 638 1979 rerum
667 1931 855 1976 natura
887 1918 1013 1974 facit
1051 1926 1107 1972 ut
1150 1915 1338 1972 eadem
1375 1915 1458 1971 vel
1498 1914 1638 1969 bona
1675 1914 1785 1968 sint
1821 1911 1905 1967 vel

313 2018 478 2078 mala,
507 2015 598 2071 sed
629 2012 725 2069 Dei
750 2010 1021 2082 placitum.
1120 2016 1133 2033 ‘

387 2107 447 2160 2.
485 2105 556 2162 Ut
598 2112 778 2159 autem
843 2100 1108 2170 intelligas
1160 2097 1264 2153 hoc
1316 2111 1436 2152 esse
1483 2111 1704 2160 verum,
1757 2091 1902 2148 audi.

316 2199 526 2263 Achab,
551 2212 673 2252 cum
701 2209 880 2266 regem
904 2191 1187 2264 quemdam
1212 2188 1471 2261 Syrorum
1499 2185 1747 2255 cepisset,
1771 2197 1905 2239 con-

317 2302 402 2347 tra
427 2291 520 2346 Dei
545 2290 871 2345 voluntatem
897 2284 1045 2341 dedit
1070 2284 1266 2348 vitam,
1314 2288 1370 2336 et
1403 2293 1620 2334 assessu
1662 2276 1910 2346 dignatus

319 2394 427 2449 est,
454 2382 685 2452 denique
712 2380 877 2434 multa
911 2393 1031 2434 cum
1076 2372 1479 2430 honoriﬁcentia
1519 2369 1741 2426 dimisit.
1788 2367 1909 2422 Mox

322 2475 585 2547 propheta
610 2470 872 2543 quispiam
889 2468 1171 2534 accedens,
1190 2465 1323 2521 dixit
1349 2465 1417 2518 ad
1441 2462 1543 2518 sibi
1572 2461 1908 2533 proximum:

321 2569 393 2624 In
418 2581 644 2623 sermone
672 2562 879 2619 Domini
905 2568 1105 2633 percute
1141 2573 1259 2624 me;
1304 2554 1392 2612 ille
1432 2571 1547 2610 vero
1590 2552 1753 2607 noluit
1799 2566 1914 2604 eum

324 2673 604 2733 percutere.
636 2657 780 2712 Dixit
808 2656 965 2728 igitur
989 2653 1058 2708 ad
1091 2652 1238 2708 illum
1264 2648 1381 2707 :Eo
1398 2646 1533 2721 quod
1576 2662 1677 2701 non
1724 2643 1915 2698 audisti

323 2768 496 2806 vocem
519 2748 747 2812 Domini,
776 2763 886 2802 ecce
913 2756 967 2799 tu
993 2743 1190 2798 recedes
1214 2759 1246 2796 a
1270 2757 1371 2805 me,
1398 2748 1445 2794 et
1470 2737 1713 2811 percutiet
1742 2744 1788 2788 te
1814 2733 1913 2787 leo.

328 2843 571 2900 Discessit
598 2842 661 2896 ab
687 2840 796 2908 illo,
822 2847 869 2893 et
897 2838 1080 2910 reperit
1105 2852 1217 2890 eum
1238 2834 1334 2899 leo,
1368 2841 1415 2888 et
1440 2829 1704 2903 percussit.
1733 2827 1806 2882 Ac
1830 2842 1915 2881 re-

326 2936 458 3007 perit
484 2933 645 2988 alium
672 2931 958 2997 hominem,
986 2927 1068 2982 cui
1095 2926 1225 2980 dixit
1248 2941 1264 2981 :
1297 2928 1519 2983 Percute
1537 2936 1635 2975 me.
1685 2917 1754 2973 Et
1797 2933 1916 2988 per-

327 3028 486 3082 cussit
525 3042 640 3080 eum
679 3024 830 3078 homo
869 3022 978 3087 ille,
1020 3018 1399 3087 vulneravitque
1431 3031 1566 3081 eum,
1606 3029 1665 3066 ac
1700 3010 1787 3066 ille
1825 3009 1919 3064 sibi

327 3117 566 3188 obligavit
613 3116 794 3187 faciem
838 3112 913 3185 ('5.
945 3111 1073 3183 Reg.
1100 3109 1190 3166 20.
1240 3107 1458 3177 55-38).
1496 3103 1634 3171 Quid
1670 3103 1773 3158 hoc
1802 3112 1919 3156 Stu-

330 3223 464 3280 pore
485 3205 698 3275 dignius
726 3204 840 3258 ﬁeri
888 3202 1093 3274 possit?
1135 3200 1236 3268 Qui
1278 3197 1542 3270 percussit
1580 3192 1917 3264 prophetam,

329 3298 505 3354 evasit
532 3293 964 3364 incolumis:qni
1005 3291 1265 3363 pepercit,
1306 3288 1455 3344 dedit
1503 3299 1688 3357 plenas
1714 3300 1731 3341 :
1760 3283 1921 3339 nimi-

331 3406 452 3446 rum
486 3397 544 3443 ut
586 3386 947 3457 intelligercs,
990 3384 1042 3438 in
1079 3382 1242 3453 jussis
1287 3379 1481 3434 divinis
1522 3392 1629 3431 non
1670 3384 1923 3445 oportere

332 3481 607 3538 curiosum
630 3493 773 3545 esse,
795 3476 1212 3545 examinareque
1231 3487 1414 3528 rerum
1453 3485 1573 3541 qua:
1601 3466 1922 3539 prazcipiun-

334 3583 427 3629 tur
472 3582 754 3638 naturam,
800 3569 896 3627 sed
952 3568 1083 3623 nihil
1131 3566 1276 3622 aliud
1325 3580 1484 3637 quam
1530 3564 1923 3632 obtemperare.

333 3666 552 3723 Etenim
585 3680 653 3719 ne
685 3664 832 3736 prior
856 3662 947 3718 ille
975 3664 1179 3718 veritus
1207 3665 1454 3730 parceret
1488 3656 1782 3727 prophetae,
1819 3667 1926 3708 non

333 3760 471 3816 dixit
492 3759 566 3813 illi
587 3756 921 3827 simpliciter,
964 3758 1186 3819 Percute
1210 3770 1313 3818 me,
1344 3749 1440 3805 sed
1470 3746 1693 3811 addidit,
1724 3744 1791 3799 In
1820 3760 1927 3799 ser-

334 3867 486 3907 mone
511 3848 715 3903 Domini
742 3862 761 3901 :
783 3848 887 3901 hoc
911 3853 1011 3911 est,
1044 3843 1188 3899 Deus
1215 3840 1488 3913 praecepit,
1520 3839 1599 3895 Ne
1626 3851 1807 3909 quaere
1842 3834 1929 3891 nl-

337 3943 511 3998 terius
546 3957 559 3994 :
591 3938 705 3995 Rex
723 3948 806 3993 est
830 3936 921 4007 qui
944 3936 1085 3991 hanc
1106 3932 1408 4005 prtescribit
1434 3931 1602 4001 legem
1632 3929 1931 3984 :Reverere

332 4033 576 4107 juhentis
601 4030 1002 4097 auctoritatem,
1026 4040 1342 4096 summaque
1373 4039 1496 4079 cum
1542 4021 1707 4077 animi
1750 4034 1932 4091 prom-

336 4126 607 4200 ptitudine
619 4124 953 4193 obtempera.
974 4122 1041 4175 At
1057 4119 1109 4174 id
1138 4117 1313 4173 facere
1336 4130 1442 4171 non
1464 4111 1738 4178 sustinuit,
1761 4123 1933 4178 eoque

340 4198 532 4293 pinnas
558 4214 1092 4287 deditgravissimas,
1123 4224 1222 4265 suo
1252 4206 1503 4276 exemplo
1543 4210 1788 4275 posteros
1834 4198 1934 4253 ad-

341 4290 590 4377 hortans,
612 4316 674 4364 ut
696 4304 952 4378 quidquid
980 4300 1298 4376 praeceperit
1335 4299 1475 4353 Deus
1494 4338 1510 4363 ,
1541 4294 1591 4350 ei
1624 4308 1721 4364 per
1753 4290 1933 4347 omnia

339 4406 781 4474 obtemperarent
805 4411 1119 4468 moremque
1143 4400 1412 4467 gererent.
1445 4390 1575 4445 Dein
1602 4403 1722 4444 cum
1752 4394 1936 4458 poste-

339 4500 454 4553 rior
492 4495 584 4552 ille
624 4490 979 4564 percussisset
1011 4504 1135 4545 eum
1175 4496 1231 4542 et
1269 4484 1631 4546 vulnerasset,
1675 4476 1935 4551 prepheta

338 4590 446 4646 sibi
473 4594 637 4658 caput
659 4583 906 4640 obvinxit
931 4582 1070 4647 loro,
1092 4588 1147 4635 et
1166 4577 1352 4635 oculos
1372 4572 1601 4638 obtexit,
1631 4572 1860 4642 denique
1881 4567 1935 4623 in

336 4696 462 4738 eam
488 4679 725 4750 speciem
751 4690 875 4733 sese
915 4670 1333 4736 transformavit,
1370 4677 1485 4724 uta
1513 4666 1727 4722 nemine
1755 4670 1937 4735 posset

337 4771 582 4843 agnosci.
611 4770 774 4839 Cujus
795 4767 872 4823 rei
901 4766 1070 4837 gratia
1095 4763 1201 4819 hoc
1226 4760 1528 4818 fecitlErat
1553 4756 1936 4826 redarguturus

340 4867 570 4935 Regem,
592 4870 646 4917 et
673 4859 994 4917 sententiam
1026 4856 1080 4911 in
1096 4871 1227 4911 eum
1258 4855 1464 4909 laturus
1491 4849 1767 4908 de‘salute
1797 4848 1938 4918 regis

339 4958 542 5032 Syriae.
571 4956 625 5012 Is
649 4955 813 5026 igitur
837 4968 982 5020 cum,
1017 4959 1072 5005 ut
1093 4959 1210 5005 erat
1246 4948 1463 5019 impius,
1494 4960 1711 5016 semper
1753 4943 1935 4999 odium

336 5050 598 5123 gessisset
633 5047 891 5103 adversus
919 5042 1241 5116 prophetas,
1274 5056 1341 5096 ne
1370 5047 1715 5111 conspectum
1760 5037 1936 5108 ipsum

336 5153 395 5199 et
436 5141 678 5213 agnitum
715 5140 784 5195 ab
824 5136 995 5194 oculis
1034 5136 1146 5191 suis
1182 5133 1543 5196 submoveret,
1588 5144 1760 5201 eoque
1798 5128 1938 5183 facto

340 5252 448 5291 non
490 5234 755 5305 reciperet
781 5230 1200 5296 correctionem,
1231 5226 1375 5282 velut
1403 5223 1657 5295 propheta
1698 5220 1857 5277 simul
1885 5228 1940 5276 et

341 5328 535 5383 faciem
556 5341 730 5391 suam,
753 5333 809 5381 et
832 5321 1030 5394 negotii
1056 5318 1439 5384 narrationem,
1462 5323 1593 5373 utet
1617 5313 1717 5384 ipsi
1737 5312 1939 5368 contin-

339 5427 495 5489 geret
534 5425 770 5487 potestas
806 5411 1019 5469 dicendi
1044 5427 1164 5482 quae
1190 5409 1425 5475 volebat,
1456 5417 1510 5462 et
1539 5406 1698 5479 Regis
1726 5403 1939 5460 confes-

340 5510 553 5565 sionem
574 5512 938 5577 extorqueret.
968 5498 1173 5560 Etenim
1195 5516 1317 5557 cum
1345 5499 1457 5555 Rex
1490 5498 1806 5568 praeteriret,
1832 5496 1940 5552 cla-

344 5616 501 5658 more
523 5599 857 5670 compellans
884 5614 1029 5662 eum,
1054 5594 1190 5650 dixit
1218 5610 1231 5648 :
1256 5592 1448 5649 Servus
1475 5600 1590 5645 tuus
1616 5606 1842 5662 egressus
1866 5598 1940 5644 est

351 5704 421 5758 ml
513 5696 703 5752 ercitus
725 5695 915 5761 aciem,
946 5701 992 5747 ct
1027 5706 1137 5747 ecce
1174 5689 1246 5744 vir
1272 5686 1482 5758 quidam
1522 5684 1738 5741 adduxit
1767 5685 1834 5740 ad
1863 5700 1942 5740 me

1531 233 1895 293 ADVERSUS
1929 232 2228 292 JUDIEOS.
2269 233 2359 290 Ν.

3436 240 3443 243 “
3465 233 3568 287 874

1999 351 2181 417 uirum,
2214 347 2644 425 dixitque:Serva
2673 349 2801 404 milii
2822 348 2957 402 [tunc
2983 364 3003 402 :
3022 347 3159 419 quod
3179 348 3223 403 si
3242 349 3442 419 elapsus
3468 364 3580 402 eua-

1996 445 2136 507 serit,
2168 443 2264 497 erit
2290 443 2461 497 animo
2480 451 2569 496 tua
2594 458 2689 514 pro
2714 441 2887 496 anima
2913 441 3074 507 illius,
3103 451 3192 495 aut
3221 440 3473 511 dependes
3498 456 3584 492 ar.

1994 536 2130 608 genti
2161 537 2425 590 talentum.
2455 533 2524 588 Et
2561 535 2748 588 accidit
2783 533 2905 587 dum
2938 548 3110 587 seruus
3139 542 3255 586 tuus
3288 531 3588 599 circumspi-

1995 639 2127 685 ceret
2158 629 2257 684 Izuc
2280 637 2329 682 et
2361 628 2506 695 illuc,
2533 636 2581 681 et
2606 642 2719 682 ecce
2741 626 2818 680 vir
2840 642 2941 680 non
2978 623 3317 690 comparebat.
3349 621 3416 675 Et
3455 621 3586 675 dixit

1998 721 2110 777 Rea:
2137 721 2302 776 Israel
2327 714 2497 774 :Ecce
2524 720 2686 791 judea:
2725 728 2779 773 tu
2813 718 2952 789 apud
2990 732 3068 770 me
3098 732 3117 770 :
3143 714 3391 770 occidisti.
3420 711 3489 766 Et
3517 711 3585 766 il-

1997 813 2095 867 lico
2126 812 2371 884 propheta
2399 810 2618 865 detraxit
2641 811 2863 865 uelamen
2882 811 2946 863 ab
2966 808 3124 862 oculis
3153 804 3281 871 suis,
3309 814 3356 860 et
3381 804 3586 876 agnovit

1996 906 2144 960 illum
2175 903 2289 958 Rea:
2317 903 2514 968 Israel,
2556 901 2691 974 quod
2729 909 2856 956 esset
2891 916 3024 955 unus
3050 915 3113 953 ea:
3150 897 3273 968 ﬁliis
3305 896 3585 969 propheta-

1998 999 2142 1064 rum',
2166 998 2393 1068 dixitque
2428 997 2498 1050 ad
2526 989 2850 1050 illum:ch
2877 993 2998 1047 dicit
3030 991 3283 1047 Dominus
3314 989 3428 1045 :Eo
3450 987 3587 1058 quod

2000 1089 2237 1144 dimisisti
2274 1089 2436 1142 virum
2470 1086 2622 1141 exitio
2651 1085 2861 1156 dignum
2897 1100 2924 1138 e
2952 1099 3108 1137 manu
3134 1090 3241 1149 tua,
3279 1080 3374 1136 erit
3416 1079 3588 1133 anima

2002 1191 2090 1235 tua
2114 1194 2207 1251 pro
2233 1178 2405 1231 anima
2434 1175 2594 1241 illius,
2622 1184 2668 1230 et
2696 1184 2812 1229 tuus
2839 1174 3059 1245 populus
3088 1188 3181 1243 pro
3223 1171 3414 1244 populo
3442 1169 3588 1225 illius

2005 1272 2083 1342 (5.
2128 1266 2257 1335 Reg.
2301 1267 2481 1325 20.56.
2502 1264 2800 1338 sqq.)Vides
2843 1265 2982 1337 quod
3006 1280 3110 1320 non
3125 1263 3297 1319 solum
3316 1263 3475 1326 Deus,
3493 1261 3592 1318 sed

2003 1371 2059 1420 et
2083 1363 2327 1417 homines
2351 1360 2510 1417 simili
2531 1358 2970 1429 modojudicant,
3010 1372 3115 1413 non
3144 1355 3492 1426 respicientes
3522 1353 3590 1407 ad

2003 1471 2188 1512 eorum
2232 1470 2351 1526 quae
2394 1454 2527 1509 ﬁunt
2568 1461 2832 1515 naturam,
2872 1450 2967 1507 sed
3009 1450 3076 1505 ad
3117 1449 3277 1505 ﬁnem
3321 1447 3498 1518 potius
3537 1455 3594 1501 et

2004 1548 2223 1604 causas?
2256 1548 2412 1613 Ecce,
2449 1546 2616 1617 inquit
2651 1545 2811 1601 etiam
2841 1545 2953 1615 ipse
2983 1544 3131 1609 Rex,
3167 1551 3222 1597 tu
3252 1541 3420 1613 judex
3449 1537 3592 1610 apud

2005 1656 2113 1707 me,
2165 1640 2256 1711 qui
2306 1639 2586 1695 occideris.
2634 1635 2910 1692 Homicida
2957 1650 3045 1703 es,
3096 1634 3284 1705 inquit,
3332 1646 3400 1688 eo
3450 1629 3595 1702 quod

2008 1734 2214 1788 hostem
2244 1729 2534 1786 dimiseris.
2565 1728 2646 1783 0b
2677 1726 2779 1782 hoc
2802 1727 2944 1782 enim
2973 1725 3230 1796 propheta
3250 1724 3426 1778 velum
3453 1720 3596 1776 addi-

2008 1824 2183 1891 derat,
2214 1831 2269 1879 et
2302 1822 2446 1877 velut
2481 1822 2532 1875 in
2561 1820 2733 1874 aliena
2768 1832 2927 1873 causa
2953 1817 3099 1872 litem
3127 1813 3363 1881 induxit,
3391 1822 3448 1867 ut
3482 1812 3598 1866 Rex

2009 1914 2330 1971 sententiam
2377 1920 2578 1967 rectam
2627 1908 2995 1981 pronuntiaret
3035 1924 3051 1961 ε
3086 1904 3231 1977 quod
3280 1913 3334 1959 et
3381 1901 3596 1958 accidit.

2012 2008 2224 2065 Etenim
2255 2014 2534 2076 postquam
2564 2004 2798 2073 seipsum
2824 2016 2917 2057 sua
2950 1999 3212 2057 sententia
3242 1997 3598 2053 condemnas-

2011 2110 2113 2165 set,
2154 2100 2395 2155 detracto
2429 2097 2570 2161 velo,
2607 2094 2740 2151 dixit
2780 2092 3036 2165 propheta
3067 2109 3080 2145 :
3113 2090 3370 2159 Quoniam
3413 2096 3467 2141 tu
3519 2086 3601 2140 di-

2010 2191 2193 2247 misisti
2217 2191 2378 2245 visum
2409 2188 2561 2243 exitio
2589 2185 2798 2257 dignum
2824 2201 2851 2239 e
2878 2199 3029 2237 manu
3059 2190 3164 2245 tua,
3198 2180 3293 2235 erit
3315 2179 3488 2233 anima
3514 2187 3603 2231 tua

2013 2299 2107 2352 pro
2148 2281 2321 2335 anima
2363 2280 2521 2343 illius,
2566 2287 2613 2332 et
2655 2276 2877 2348 populus
2915 2283 3034 2328 tuus
3071 2289 3163 2342 pro
3206 2270 3396 2342 papula
3438 2268 3600 2323 illius.

2020 2374 2179 2430 Vides
2207 2386 2340 2444 quas
2364 2386 2462 2442 pro
2489 2369 2812 2425 humanitate
2844 2380 3028 2436 poenas
3058 2362 3217 2419 luerit
3236 2362 3372 2428 Rex,
3403 2374 3605 2430 proque

2016 2464 2391 2536 intempestiva
2420 2459 2700 2517 clementia
2729 2473 2835 2528 quo
2863 2455 3083 2511 aﬁ‘ectus
3112 2455 3181 2509 sit
3209 2450 3510 2524 supplicio?
3538 2449 3608 2505 Et

2018 2557 2107 2614 hic
2131 2556 2347 2629 quidem
2376 2554 2468 2625 qui
2507 2550 2764 2617 servavit,
2796 2548 3041 2619 punitur;
3073 2546 3206 2601 alter
3233 2559 3362 2601 vero
3391 2543 3479 2615 qui
3511 2557 3606 2596 oc-

2018 2647 2168 2713 cidit,
2212 2645 2470 2716 probatus
2517 2651 2619 2698 est.
2667 2640 2828 2711 Igitur
2879 2645 2932 2694 et
2975 2635 3229 2702 Phinees,
3279 2633 3369 2704 qui
3417 2631 3609 2687 eodem

2023 2737 2277 2808 temporis
2325 2735 2552 2790 articulo
2596 2731 2791 2802 duplex
2841 2725 3166 2799 perpetravit
3220 2722 3607 2789 homicidium,

2021 2830 2298 2898 virumque
2329 2825 2485 2881 simul
2512 2838 2632 2879 cum
2672 2821 2893 2877 muliere
2918 2817 3162 2884 sustulit,
3189 2814 3489 2871 sacerdotio
3517 2812 3612 2869 ho-

2021 2928 2244 2977 noratur
2263 2918 2339 2992 (Ν
2345 2935 2450 2973 um.
2467 2917 2558 2988 25)
2580 2933 2594 2969 :
2618 2931 2719 2971 nec
2744 2914 2917 2969 solum
2947 2928 3052 2966 non
3080 2910 3376 2981 inquinavit
3396 2922 3612 2963 manum

2021 3013 2303 3084 sanguine,
2344 3025 2529 3067 verum
2572 3008 2732 3063 etiam
2773 3007 3043 3076 puriorem
3087 3002 3337 3059 reddidit.
3382 3000 3614 3055 Proinde

2022 3120 2145 3162 cum
2172 3102 2370 3159 videris
2399 3117 2520 3157 eum
2542 3101 2631 3171 qui
2661 3098 2973 3170 prephetam
3006 3095 3271 3167 percussit
3293 3108 3413 3149 esse
3433 3107 3615 3148 serva-

2026 3207 2160 3263 tum,
2187 3210 2311 3251 eum
2332 3208 2461 3250 vero
2484 3193 2575 3263 qui
2604 3207 2708 3246 non
2735 3188 2997 3261 percussit
3020 3188 3365 3249 exstinctum,
3391 3193 3447 3239 et
3465 3183 3615 3238 illum

2026 3289 2115 3361 qui
2147 3293 2461 3359 pepercerat
2483 3284 2612 3341 dare
2639 3297 2846 3353 pmnas,
2879 3280 3140 3351 punitum,
3172 3291 3356 3334 rursus
3378 3291 3498 3331 eum
3526 3273 3615 3345 qui

2028 3396 2134 3436 non
2169 3378 2428 3449 pepercit,
2470 3374 2822 3446 approbatum
2867 3389 2881 3426 :
2914 3385 3128 3440 semper
3169 3366 3310 3438 apud
3355 3375 3408 3421 te
3439 3365 3618 3435 potior

2030 3472 2101 3528 sit
2138 3471 2308 3537 ratio,
2337 3467 2464 3539 quid
2496 3467 2636 3521 Deus
2676 3463 2969 3536 praecipiat,
3011 3477 3170 3532 quam
3201 3475 3320 3529 quae
3358 3458 3428 3512 sit
3456 3470 3619 3527 nego-

2030 3565 2227 3620 tiorum
2253 3570 2441 3618 natura
2473 3578 2488 3616 :
2523 3557 2667 3629 quod
2701 3557 2746 3612 si
2776 3555 2900 3628 quid
2931 3553 3258 3625 compereris
3299 3552 3391 3607 illo
3419 3563 3620 3621 appret

2030 3661 2193 3717 hante
2221 3655 2354 3726 geri,
2386 3652 2515 3709 illud
2542 3652 2715 3706 solum
2735 3650 3083 3719 amplectere.

2103 3750 2157 3805 5.
2184 3748 2360 3818 Atque
2392 3746 2491 3799 hac
2521 3752 2731 3798 utentes
2756 3741 2937 3811 regula
2957 3779 2972 3805 ,
3001 3748 3054 3793 et
3079 3736 3342 3808 jejunium
3383 3733 3490 3789 hoc
3529 3732 3624 3789 Ju-

2033 3842 2270 3898 dzeorum
2302 3834 2688 3907 expendamus.
2715 3832 2927 3888 Etenim
2973 3830 3026 3884 ni
3076 3828 3128 3883 id
3174 3825 3480 3889 fecerimus,
3524 3821 3624 3880 sed

2034 3933 2274 3988 actiones
2299 3926 2489 3993 nudas,
2524 3940 2619 3995 per
2654 3940 2713 3979 se
2744 3930 2944 3978 tantum
2979 3918 3032 3974 in
3071 3916 3305 3974 medium
3341 3913 3573 3985 prolatas
3597 3953 3614 3979 ,

2035 4022 2439 4081 consideremus
2468 4037 2483 4074 :
2516 4018 2706 4088 ingens
2735 4015 2838 4070 erit
2874 4012 3138 4076 confusio,
3177 4022 3474 4079 magnaque
3505 4019 3626 4075 per-

2039 4115 2291 4171 turbatio.
2318 4111 2451 4167 Nam
2477 4108 2770 4163 latronibus
2795 4105 3096 4161 lacerantur
3121 4100 3317 4168 latera,
3340 4106 3396 4153 et
3431 4111 3629 4151 monu-

2038 4216 2340 4263 mentorum
2370 4198 2786 4273 perfossoribns,
2817 4205 2870 4251 et
2900 4191 3372 4266 praestigiatoribus
3398 4206 3409 4242 :
3437 4201 3625 4243 verum

2039 4298 2179 4353 idem
2214 4293 2488 4366 patiuntur
2528 4298 2584 4345 et
2625 4283 3108 4359 martyrescFacta
3133 4280 3353 4351 quidem
3383 4288 3509 4333 sunt
3536 4292 3627 4331 ea-

2038 4390 2160 4446 dem
2182 4429 2198 4457 ,
2241 4395 2495 4442 cancrum
2542 4380 2752 4436 animus
2781 4385 2836 4433 et
2863 4389 3024 4431 causa
3050 4389 3148 4431 cur
3175 4372 3291 4427 lucc
3321 4371 3449 4425 ﬁant
3473 4411 3489 4437 ,
3523 4386 3628 4424 non

2039 4490 2123 4537 est
2150 4477 2360 4541 eadem,
2393 4488 2564 4545 eoque
2591 4470 2879 4543 plurimum
2907 4475 2990 4522 est
3017 4464 3339 4521 discriminis
3366 4462 3509 4517 inter
3532 4460 3629 4515 hos

2040 4581 2095 4628 et
2136 4569 2274 4625 illos.
2303 4566 2453 4623 Sicut
2500 4564 2660 4635 igitur
2686 4561 2740 4616 in
2770 4559 2876 4615 illis
2917 4574 3024 4613 non
3062 4565 3384 4612 tormentum
3427 4562 3630 4608 tantum

2041 4660 2413 4733 expendimus,
2444 4656 2538 4712 sed
2570 4653 2718 4726 prius
2742 4651 2979 4706 animum
3008 4658 3062 4703 et
3089 4662 3304 4704 causam
3326 4687 3342 4713 ,
3373 4646 3443 4701 ob
3471 4657 3633 4714 quam

2041 4755 2308 4811 cruciatus
2329 4750 2645 4813 inferuntur,
2675 4743 3098 4808 consideramus,
3123 4750 3177 4796 et
3196 4741 3265 4795 ob
3290 4738 3341 4794 id
3368 4744 3635 4809 martyres

2043 4861 2304 4911 amamus,
2330 4859 2435 4898 non
2463 4838 2606 4913 quod
2630 4838 2958 4902 crucientur,
2982 4833 3075 4889 sed
3095 4829 3331 4903 quodcb
3359 4828 3631 4884 Christum

2042 4938 2312 4994 cruciatus
2332 4936 2530 4998 ferant;
2556 4938 2739 4987 contra
2757 4928 2992 4982 latrones
3007 4923 3356 4986 detestamur,
3384 4933 3487 4973 non
3511 4917 3634 4988 quia

2045 5030 2357 5102 puniuntur,
2387 5025 2479 5080 sed
2507 5021 2650 5094 quod
2679 5020 2749 5075 ob
2775 5016 3048 5074 malefacta
3088 5013 3413 5085 puniuntur:
3442 5010 3632 5064 eodem

2044 5125 2204 5181 modo
2225 5122 2325 5177 hac
2346 5122 2397 5175 in
2415 5135 2474 5173 re
2497 5115 2757 5172 calculum
2787 5124 2953 5182 ponas
2976 5127 2991 5164 :
3018 5108 3065 5164 si
3089 5105 3285 5161 videris
3314 5103 3431 5159 illos
3452 5117 3637 5157 amore

2044 5218 2138 5273 Dei
2165 5216 2503 5285 jejunantes,
2529 5206 2854 5278 amplectere
2881 5200 3022 5274 quod
3054 5200 3113 5255 ﬁt
3142 5217 3156 5254 :
3188 5205 3244 5253 at
3275 5196 3323 5252 si
3354 5209 3639 5266 perspexe-

2045 5311 2153 5374 ris,
2185 5307 2305 5362 illos
2331 5305 2433 5360 hoc
2474 5311 2667 5372 przeter
2695 5298 2927 5353 divinam
2970 5295 3295 5350 voluntatem
3340 5289 3596 5344 facientes
3620 5328 3636 5354 ,

2044 5401 2212 5470 magis
2263 5411 2357 5451 eos
2403 5394 2711 5457 detestare,
2756 5388 3065 5457 majoreque
3108 5383 3233 5439 odio
3274 5396 3636 5453 prosequere,

2044 5507 2201 5563 quam
2232 5487 2446 5553 ebrios,
2478 5499 2636 5556 quam
2688 5478 3012 5537 temulentiae
3058 5483 3113 5532 et
3155 5470 3639 5530 comessationibus

2048 5586 2402 5656 indulgentes.
2436 5580 2493 5637 In
2521 5580 2624 5634 hoc
2647 5582 2824 5632 autem
2853 5570 3057 5646 jejunio
3082 5584 3192 5626 non
3228 5566 3358 5624 satis
3396 5572 3483 5622 est
3505 5578 3639 5619 cau-

2056 5695 2169 5737 sam
2215 5675 2481 5749 inquirere
2500 5715 2515 5745 ,
2548 5668 2645 5728 sed
2665 5677 2719 5727 et
2748 5668 2900 5725 locus
2928 5674 2978 5723 et
3009 5674 3224 5736 tempus
3250 5656 3533 5720 considera
3547 5660 3653 5717 ads
