  <div class='ocr_page' id='page_1' title='image "/cluster/home/n/w/nwhite01/storage/ocr_20150623/48/hvd.32044073501892/353.png"; bbox 0 0 3990 6198; ppageno 0'>
   <div class='ocr_carea' id='block_1_1' title="bbox 521 205 627 264">
    <p class='ocr_par' dir='ltr' id='par_1_1' title="bbox 521 205 627 264">
     <span class='ocr_line' id='line_1_1' title="bbox 521 205 627 264; baseline 0.019 -1"><span class='ocrx_word' id='word_1_1' title='bbox 521 205 627 264; x_wconf 75' lang='grc'><strong>873</strong></span> 
     </span>
    </p>
   </div>
   <div class='ocr_carea' id='block_1_2' title="bbox 520 324 2090 409">
    <p class='ocr_par' dir='ltr' id='par_1_2' title="bbox 520 324 2090 409">
     <span class='ocr_line' id='line_1_2' title="bbox 520 324 2090 409; baseline 0.019 -30"><span class='ocrx_word' id='word_1_2' title='bbox 520 333 666 380; x_wconf 89' lang='lat' dir='ltr'><strong>sunt.</strong></span> <span class='ocrx_word' id='word_1_3' title='bbox 702 324 901 382; x_wconf 80' lang='lat' dir='ltr'><strong>Verum</strong></span> <span class='ocrx_word' id='word_1_4' title='bbox 927 330 1248 402; x_wconf 79' lang='lat' dir='ltr'><strong>priusquam</strong></span> <span class='ocrx_word' id='word_1_5' title='bbox 1280 351 1595 398; x_wconf 79' lang='lat' dir='ltr'><strong>moveamus</strong></span> <span class='ocrx_word' id='word_1_6' title='bbox 1624 347 1797 402; x_wconf 86' lang='lat' dir='ltr'><strong>aciem</strong></span> <span class='ocrx_word' id='word_1_7' title='bbox 1826 351 2090 409; x_wconf 83' lang='lat' dir='ltr'><strong>adversus</strong></span> 
     </span>
    </p>
   </div>
   <div class='ocr_carea' id='block_1_3' title="bbox 515 417 2089 513">
    <p class='ocr_par' dir='ltr' id='par_1_3' title="bbox 515 417 2089 513">
     <span class='ocr_line' id='line_1_3' title="bbox 515 417 2089 513; baseline 0.017 -39"><span class='ocrx_word' id='word_1_8' title='bbox 515 417 754 487; x_wconf 83' lang='lat' dir='ltr'><strong>Judaeos,</strong></span> <span class='ocrx_word' id='word_1_9' title='bbox 788 424 980 479; x_wconf 90' lang='lat' dir='ltr'><strong>lubens</strong></span> <span class='ocrx_word' id='word_1_10' title='bbox 1003 427 1307 484; x_wconf 88' lang='lat' dir='ltr'><strong>orationem</strong></span> <span class='ocrx_word' id='word_1_11' title='bbox 1331 436 1589 490; x_wconf 87' lang='lat' dir='ltr'><strong>verterim</strong></span> <span class='ocrx_word' id='word_1_12' title='bbox 1620 439 1687 493; x_wconf 91' lang='lat' dir='ltr'><strong>ad</strong></span> <span class='ocrx_word' id='word_1_13' title='bbox 1716 457 1812 498; x_wconf 89' lang='lat' dir='ltr'><strong>eos</strong></span> <span class='ocrx_word' id='word_1_14' title='bbox 1842 445 1934 513; x_wconf 85' lang='lat' dir='ltr'><strong>qui</strong></span> <span class='ocrx_word' id='word_1_15' title='bbox 1958 455 2089 500; x_wconf 88' lang='lat' dir='ltr'><strong>sunt</strong></span> 
     </span>
    </p>
   </div>
   <div class='ocr_carea' id='block_1_4' title="bbox 514 512 2087 593">
    <p class='ocr_par' dir='ltr' id='par_1_4' title="bbox 514 512 2087 593">
     <span class='ocr_line' id='line_1_4' title="bbox 514 512 2087 593; baseline 0.017 -30"><span class='ocrx_word' id='word_1_16' title='bbox 514 512 691 564; x_wconf 88' lang='lat' dir='ltr'><strong>nostri</strong></span> <span class='ocrx_word' id='word_1_17' title='bbox 709 513 954 581; x_wconf 90' lang='lat' dir='ltr'><strong>corporis</strong></span> <span class='ocrx_word' id='word_1_18' title='bbox 974 517 1216 570; x_wconf 80' lang='lat' dir='ltr'><strong>membra</strong></span> <span class='ocrx_word' id='word_1_19' title='bbox 1227 533 1311 580; x_wconf 88' lang='lat' dir='ltr'><strong>,ac</strong></span> <span class='ocrx_word' id='word_1_20' title='bbox 1325 524 1499 576; x_wconf 93' lang='lat' dir='ltr'><strong>nostri</strong></span> <span class='ocrx_word' id='word_1_21' title='bbox 1514 527 1730 593; x_wconf 84' lang='lat' dir='ltr'><strong>quidem</strong></span> <span class='ocrx_word' id='word_1_22' title='bbox 1745 529 1954 587; x_wconf 81' lang='lat' dir='ltr'><strong>ordinis</strong></span> <span class='ocrx_word' id='word_1_23' title='bbox 1965 547 2087 588; x_wconf 87' lang='lat' dir='ltr'><strong>esse</strong></span> 
     </span>
    </p>
   </div>
   <div class='ocr_carea' id='block_1_5' title="bbox 512 603 2084 692">
    <p class='ocr_par' dir='ltr' id='par_1_5' title="bbox 512 603 2084 692">
     <span class='ocr_line' id='line_1_5' title="bbox 512 603 2084 692; baseline 0.015 -38"><span class='ocrx_word' id='word_1_24' title='bbox 512 603 788 668; x_wconf 86' lang='lat' dir='ltr'><strong>videntur,</strong></span> <span class='ocrx_word' id='word_1_25' title='bbox 808 615 1064 659; x_wconf 64' lang='lat' dir='ltr'><strong>caeterum</strong></span> <span class='ocrx_word' id='word_1_26' title='bbox 1087 607 1302 663; x_wconf 90' lang='lat' dir='ltr'><strong>illorum</strong></span> <span class='ocrx_word' id='word_1_27' title='bbox 1325 613 1529 666; x_wconf 85' lang='lat' dir='ltr'><strong>cultqu</strong></span> <span class='ocrx_word' id='word_1_28' title='bbox 1543 627 2084 692; x_wconf 88' lang='lat' dir='ltr'><strong>sequuntur,proque</strong></span> 
     </span>
    </p>
   </div>
   <div class='ocr_carea' id='block_1_6' title="bbox 510 695 2079 784">
    <p class='ocr_par' dir='ltr' id='par_1_6' title="bbox 510 695 2079 784">
     <span class='ocr_line' id='line_1_6' title="bbox 510 695 2079 784; baseline 0.016 -39"><span class='ocrx_word' id='word_1_29' title='bbox 510 695 622 748; x_wconf 83' lang='lat' dir='ltr'><strong>illis</strong></span> <span class='ocrx_word' id='word_1_30' title='bbox 649 695 1009 752; x_wconf 75' lang='lat' dir='ltr'><strong>defendendis</strong></span> <span class='ocrx_word' id='word_1_31' title='bbox 1025 699 1158 752; x_wconf 90' lang='lat' dir='ltr'><strong>nihil</strong></span> <span class='ocrx_word' id='word_1_32' title='bbox 1190 701 1395 758; x_wconf 85' lang='lat' dir='ltr'><strong>laboris</strong></span> <span class='ocrx_word' id='word_1_33' title='bbox 1416 721 1529 759; x_wconf 84' lang='lat' dir='ltr'><strong>non</strong></span> <span class='ocrx_word' id='word_1_34' title='bbox 1544 710 1874 780; x_wconf 88' lang='lat' dir='ltr'><strong>suscipiunt,</strong></span> <span class='ocrx_word' id='word_1_35' title='bbox 1894 729 2002 784; x_wconf 88' lang='lat' dir='ltr'><strong>qua</strong></span> <span class='ocrx_word' id='word_1_36' title='bbox 2024 715 2079 770; x_wconf 94' lang='lat' dir='ltr'><strong>in</strong></span> 
     </span>
    </p>
   </div>
   <div class='ocr_carea' id='block_1_7' title="bbox 511 785 2076 870">
    <p class='ocr_par' dir='ltr' id='par_1_7' title="bbox 511 785 2076 870">
     <span class='ocr_line' id='line_1_7' title="bbox 511 785 2076 870; baseline 0.015 -34"><span class='ocrx_word' id='word_1_37' title='bbox 511 792 662 852; x_wconf 87' lang='lat' dir='ltr'><strong>parte</strong></span> <span class='ocrx_word' id='word_1_38' title='bbox 709 785 902 856; x_wconf 89' lang='lat' dir='ltr'><strong>dignos</strong></span> <span class='ocrx_word' id='word_1_39' title='bbox 937 802 1064 844; x_wconf 88' lang='lat' dir='ltr'><strong>esse</strong></span> <span class='ocrx_word' id='word_1_40' title='bbox 1110 791 1270 859; x_wconf 82' lang='lat' dir='ltr'><strong>video</strong></span> <span class='ocrx_word' id='word_1_41' title='bbox 1318 796 1569 863; x_wconf 75' lang='lat' dir='ltr'><strong>graviore</strong></span> <span class='ocrx_word' id='word_1_42' title='bbox 1599 802 2076 870; x_wconf 88' lang='lat' dir='ltr'><strong>condemnatione,</strong></span> 
     </span>
    </p>
   </div>
   <div class='ocr_carea' id='block_1_8' title="bbox 507 875 2078 958">
    <p class='ocr_par' dir='ltr' id='par_1_8' title="bbox 507 875 2078 958">
     <span class='ocr_line' id='line_1_8' title="bbox 507 875 2078 958; baseline 0.017 -32"><span class='ocrx_word' id='word_1_43' title='bbox 507 891 670 944; x_wconf 78' lang='lat' dir='ltr'><strong>quam</strong></span> <span class='ocrx_word' id='word_1_44' title='bbox 708 875 930 934; x_wconf 71' lang='lat' dir='ltr'><strong>Iudaeos</strong></span> <span class='ocrx_word' id='word_1_45' title='bbox 967 881 1277 939; x_wconf 88' lang='lat' dir='ltr'><strong>universos.</strong></span> <span class='ocrx_word' id='word_1_46' title='bbox 1314 885 1366 940; x_wconf 91' lang='lat' dir='ltr'><strong>Id</strong></span> <span class='ocrx_word' id='word_1_47' title='bbox 1397 903 1519 943; x_wconf 88' lang='lat' dir='ltr'><strong>esse</strong></span> <span class='ocrx_word' id='word_1_48' title='bbox 1539 903 1752 958; x_wconf 91' lang='lat' dir='ltr'><strong>verum,</strong></span> <span class='ocrx_word' id='word_1_49' title='bbox 1779 909 1886 948; x_wconf 91' lang='lat' dir='ltr'><strong>non</strong></span> <span class='ocrx_word' id='word_1_50' title='bbox 1917 897 2078 952; x_wconf 82' lang='lat' dir='ltr'><strong>modo</strong></span> 
     </span>
    </p>
   </div>
   <div class='ocr_carea' id='block_1_9' title="bbox 505 967 2077 1057">
    <p class='ocr_par' dir='ltr' id='par_1_9' title="bbox 505 967 2077 1057">
     <span class='ocr_line' id='line_1_9' title="bbox 505 967 2077 1057; baseline 0.015 -37"><span class='ocrx_word' id='word_1_51' title='bbox 505 967 782 1036; x_wconf 76' lang='lat' dir='ltr'><strong>sapientes</strong></span> <span class='ocrx_word' id='word_1_52' title='bbox 796 978 851 1023; x_wconf 92' lang='lat' dir='ltr'><strong>et</strong></span> <span class='ocrx_word' id='word_1_53' title='bbox 868 972 1294 1034; x_wconf 86' lang='lat' dir='ltr'><strong>cordati,verum</strong></span> <span class='ocrx_word' id='word_1_54' title='bbox 1313 980 1479 1033; x_wconf 90' lang='lat' dir='ltr'><strong>etiam</strong></span> <span class='ocrx_word' id='word_1_55' title='bbox 1502 983 1834 1054; x_wconf 79' lang='lat' dir='ltr'><strong>quicumque</strong></span> <span class='ocrx_word' id='word_1_56' title='bbox 1848 988 1930 1042; x_wconf 85' lang='lat' dir='ltr'><strong>vel</strong></span> <span class='ocrx_word' id='word_1_57' title='bbox 1951 1003 2077 1057; x_wconf 88' lang='lat' dir='ltr'><strong>pau-</strong></span> 
     </span>
    </p>
   </div>
   <div class='ocr_carea' id='block_1_10' title="bbox 507 1059 2070 1135">
    <p class='ocr_par' dir='ltr' id='par_1_10' title="bbox 507 1059 2070 1135">
     <span class='ocr_line' id='line_1_10' title="bbox 507 1059 2070 1135; baseline 0.015 -24"><span class='ocrx_word' id='word_1_58' title='bbox 507 1059 614 1112; x_wconf 80' lang='lat' dir='ltr'><strong>lum</strong></span> <span class='ocrx_word' id='word_1_59' title='bbox 647 1060 844 1115; x_wconf 84' lang='lat' dir='ltr'><strong>habent</strong></span> <span class='ocrx_word' id='word_1_60' title='bbox 869 1065 1070 1119; x_wconf 90' lang='lat' dir='ltr'><strong>mentis</strong></span> <span class='ocrx_word' id='word_1_61' title='bbox 1104 1073 1158 1120; x_wconf 92' lang='lat' dir='ltr'><strong>et</strong></span> <span class='ocrx_word' id='word_1_62' title='bbox 1197 1069 1453 1135; x_wconf 75' lang='lat' dir='ltr'><strong>rationis,</strong></span> <span class='ocrx_word' id='word_1_63' title='bbox 1490 1087 1702 1128; x_wconf 86' lang='lat' dir='ltr'><strong>mecum</strong></span> <span class='ocrx_word' id='word_1_64' title='bbox 1737 1075 2070 1135; x_wconf 89' lang='lat' dir='ltr'><strong>fatebuntur.</strong></span> 
     </span>
    </p>
   </div>
   <div class='ocr_carea' id='block_1_11' title="bbox 499 1149 2075 1237">
    <p class='ocr_par' dir='ltr' id='par_1_11' title="bbox 499 1149 2075 1237">
     <span class='ocr_line' id='line_1_11' title="bbox 499 1149 2075 1237; baseline 0.016 -35"><span class='ocrx_word' id='word_1_65' title='bbox 499 1149 612 1205; x_wconf 83' lang='lat' dir='ltr'><strong>Nec</strong></span> <span class='ocrx_word' id='word_1_66' title='bbox 632 1154 774 1206; x_wconf 91' lang='lat' dir='ltr'><strong>enim</strong></span> <span class='ocrx_word' id='word_1_67' title='bbox 799 1170 936 1224; x_wconf 85' lang='lat' dir='ltr'><strong>opus</strong></span> <span class='ocrx_word' id='word_1_68' title='bbox 965 1165 1049 1210; x_wconf 91' lang='lat' dir='ltr'><strong>est</strong></span> <span class='ocrx_word' id='word_1_69' title='bbox 1075 1159 1531 1227; x_wconf 88' lang='lat' dir='ltr'><strong>sophismatibus,</strong></span> <span class='ocrx_word' id='word_1_70' title='bbox 1560 1180 1660 1220; x_wconf 85' lang='lat' dir='ltr'><strong>nec</strong></span> <span class='ocrx_word' id='word_1_71' title='bbox 1682 1179 1945 1237; x_wconf 87' lang='lat' dir='ltr'><strong>apparatu</strong></span> <span class='ocrx_word' id='word_1_72' title='bbox 1963 1183 2075 1227; x_wconf 87' lang='lat' dir='ltr'><strong>ser-</strong></span> 
     </span>
    </p>
   </div>
   <div class='ocr_carea' id='block_1_12' title="bbox 500 1243 2068 1329">
    <p class='ocr_par' dir='ltr' id='par_1_12' title="bbox 500 1243 2068 1329">
     <span class='ocr_line' id='line_1_12' title="bbox 500 1243 2068 1329; baseline 0.015 -35"><span class='ocrx_word' id='word_1_73' title='bbox 500 1243 703 1309; x_wconf 87' lang='lat' dir='ltr'><strong>monis,</strong></span> <span class='ocrx_word' id='word_1_74' title='bbox 722 1259 823 1300; x_wconf 90' lang='lat' dir='ltr'><strong>nec</strong></span> <span class='ocrx_word' id='word_1_75' title='bbox 844 1248 1068 1316; x_wconf 79' lang='lat' dir='ltr'><strong>prolixis</strong></span> <span class='ocrx_word' id='word_1_76' title='bbox 1093 1253 1334 1319; x_wconf 81' lang='lat' dir='ltr'><strong>periodis</strong></span> <span class='ocrx_word' id='word_1_77' title='bbox 1354 1255 1419 1308; x_wconf 82' lang='lat' dir='ltr'><strong>ad</strong></span> <span class='ocrx_word' id='word_1_78' title='bbox 1443 1255 1546 1310; x_wconf 92' lang='lat' dir='ltr'><strong>hoc</strong></span> <span class='ocrx_word' id='word_1_79' title='bbox 1563 1255 2068 1329; x_wconf 87' lang='lat' dir='ltr'><strong>demonstrandum,</strong></span> 
     </span>
    </p>
   </div>
   <div class='ocr_carea' id='block_1_13' title="bbox 499 1337 2070 1426">
    <p class='ocr_par' dir='ltr' id='par_1_13' title="bbox 499 1337 2070 1426">
     <span class='ocr_line' id='line_1_13' title="bbox 499 1337 2070 1426; baseline 0.015 -38"><span class='ocrx_word' id='word_1_80' title='bbox 499 1349 624 1389; x_wconf 88' lang='lat' dir='ltr'><strong>cum</strong></span> <span class='ocrx_word' id='word_1_81' title='bbox 643 1337 778 1392; x_wconf 85' lang='lat' dir='ltr'><strong>satis</strong></span> <span class='ocrx_word' id='word_1_82' title='bbox 791 1339 996 1395; x_wconf 92' lang='lat' dir='ltr'><strong>sitillos</strong></span> <span class='ocrx_word' id='word_1_83' title='bbox 1017 1340 1249 1412; x_wconf 80' lang='lat' dir='ltr'><strong>simplici</strong></span> <span class='ocrx_word' id='word_1_84' title='bbox 1276 1349 1689 1413; x_wconf 76' lang='lat' dir='ltr'><strong>percontatione</strong></span> <span class='ocrx_word' id='word_1_85' title='bbox 1704 1352 2070 1426; x_wconf 78' lang='lat' dir='ltr'><strong>interrogatos</strong></span> 
     </span>
    </p>
   </div>
   <div class='ocr_carea' id='block_1_14' title="bbox 496 1426 2061 1518">
    <p class='ocr_par' dir='ltr' id='par_1_14' title="bbox 496 1426 2061 1518">
     <span class='ocr_line' id='line_1_14' title="bbox 496 1426 2061 1518; baseline 0.016 -38"><span class='ocrx_word' id='word_1_86' title='bbox 496 1442 564 1481; x_wconf 87' lang='lat' dir='ltr'><strong>ex</strong></span> <span class='ocrx_word' id='word_1_87' title='bbox 585 1426 699 1499; x_wconf 86' lang='lat' dir='ltr'><strong>ipsa</strong></span> <span class='ocrx_word' id='word_1_88' title='bbox 719 1434 1076 1501; x_wconf 87' lang='lat' dir='ltr'><strong>responsione</strong></span> <span class='ocrx_word' id='word_1_89' title='bbox 1090 1438 1452 1504; x_wconf 88' lang='lat' dir='ltr'><strong>capere.Qnid</strong></span> <span class='ocrx_word' id='word_1_90' title='bbox 1475 1443 1664 1512; x_wconf 81' lang='lat' dir='ltr'><strong>igitur?</strong></span> <span class='ocrx_word' id='word_1_91' title='bbox 1688 1444 2061 1518; x_wconf 89' lang='lat' dir='ltr'><strong>Unumquem-</strong></span> 
     </span>
    </p>
   </div>
   <div class='ocr_carea' id='block_1_15' title="bbox 495 1516 2068 1595">
    <p class='ocr_par' dir='ltr' id='par_1_15' title="bbox 495 1516 2068 1595">
     <span class='ocr_line' id='line_1_15' title="bbox 495 1516 2068 1595; baseline 0.018 -27"><span class='ocrx_word' id='word_1_92' title='bbox 495 1530 604 1583; x_wconf 87' lang='lat' dir='ltr'><strong>que</strong></span> <span class='ocrx_word' id='word_1_93' title='bbox 617 1516 726 1572; x_wconf 85' lang='lat' dir='ltr'><strong>isto</strong></span> <span class='ocrx_word' id='word_1_94' title='bbox 743 1520 1191 1576; x_wconf 72' lang='lat' dir='ltr'><strong>morboatlectiiiii</strong></span> <span class='ocrx_word' id='word_1_95' title='bbox 1211 1533 1574 1593; x_wconf 77' lang='lat' dir='ltr'><strong>percontabor</strong></span> <span class='ocrx_word' id='word_1_96' title='bbox 1592 1552 1604 1586; x_wconf 88' lang='lat'>:</span> <span class='ocrx_word' id='word_1_97' title='bbox 1621 1516 1968 1594; x_wconf 80' lang='lat' dir='ltr'><strong>Christianus</strong></span> <span class='ocrx_word' id='word_1_98' title='bbox 1981 1541 2068 1595; x_wconf 84' lang='lat' dir='ltr'><strong>es?</strong></span> 
     </span>
    </p>
   </div>
   <div class='ocr_carea' id='block_1_16' title="bbox 491 1606 2066 1697">
    <p class='ocr_par' dir='ltr' id='par_1_16' title="bbox 491 1606 2066 1697">
     <span class='ocr_line' id='line_1_16' title="bbox 491 1606 2066 1697; baseline 0.016 -36"><span class='ocrx_word' id='word_1_99' title='bbox 491 1606 604 1661; x_wconf 79' lang='lat' dir='ltr'><strong>Cur</strong></span> <span class='ocrx_word' id='word_1_100' title='bbox 648 1623 780 1680; x_wconf 87' lang='lat' dir='ltr'><strong>ergo</strong></span> <span class='ocrx_word' id='word_1_101' title='bbox 807 1614 1083 1670; x_wconf 69' lang='lat' dir='ltr'><strong>aemularis</strong></span> <span class='ocrx_word' id='word_1_102' title='bbox 1112 1615 1372 1673; x_wconf 83' lang='lat' dir='ltr'><strong>Judaica?</strong></span> <span class='ocrx_word' id='word_1_103' title='bbox 1397 1621 1462 1674; x_wconf 79' lang='lat' dir='ltr'><strong>At</strong></span> <span class='ocrx_word' id='word_1_104' title='bbox 1502 1623 1722 1681; x_wconf 65' lang='lat' dir='ltr'><strong>Jndaaus</strong></span> <span class='ocrx_word' id='word_1_105' title='bbox 1769 1630 1865 1683; x_wconf 86' lang='lat' dir='ltr'><strong>es?</strong></span> <span class='ocrx_word' id='word_1_106' title='bbox 1894 1631 2066 1697; x_wconf 89' lang='lat' dir='ltr'><strong>Quam</strong></span> 
     </span>
    </p>
   </div>
   <div class='ocr_carea' id='block_1_17' title="bbox 487 1698 2064 1785">
    <p class='ocr_par' dir='ltr' id='par_1_17' title="bbox 487 1698 2064 1785">
     <span class='ocr_line' id='line_1_17' title="bbox 487 1698 2064 1785; baseline 0.018 -38"><span class='ocrx_word' id='word_1_107' title='bbox 487 1698 657 1762; x_wconf 83' lang='lat' dir='ltr'><strong>igitur</strong></span> <span class='ocrx_word' id='word_1_108' title='bbox 670 1703 740 1756; x_wconf 92' lang='lat' dir='ltr'><strong>ob</strong></span> <span class='ocrx_word' id='word_1_109' title='bbox 759 1719 979 1785; x_wconf 63' lang='lat' dir='ltr'><strong>causam</strong></span> <span class='ocrx_word' id='word_1_110' title='bbox 997 1710 1256 1763; x_wconf 81' lang='lat' dir='ltr'><strong>molestus</strong></span> <span class='ocrx_word' id='word_1_111' title='bbox 1277 1727 1334 1763; x_wconf 76' lang='lat' dir='ltr'><strong>es</strong></span> <span class='ocrx_word' id='word_1_112' title='bbox 1353 1713 1631 1767; x_wconf 75' lang='lat' dir='ltr'><strong>Ecclesiae?</strong></span> <span class='ocrx_word' id='word_1_113' title='bbox 1650 1715 1751 1779; x_wconf 83' lang='lat' dir='ltr'><strong>Qui</strong></span> <span class='ocrx_word' id='word_1_114' title='bbox 1774 1719 1935 1777; x_wconf 80' lang='lat' dir='ltr'><strong>Persa</strong></span> <span class='ocrx_word' id='word_1_115' title='bbox 1957 1734 2064 1785; x_wconf 80' lang='lat' dir='ltr'><strong>est,</strong></span> 
     </span>
    </p>
   </div>
   <div class='ocr_carea' id='block_1_18' title="bbox 485 1776 2058 1856">
    <p class='ocr_par' dir='ltr' id='par_1_18' title="bbox 485 1776 2058 1856">
     <span class='ocr_line' id='line_1_18' title="bbox 485 1776 2058 1856; baseline 0.015 -36"><span class='ocrx_word' id='word_1_116' title='bbox 485 1783 666 1826; x_wconf 88' lang='lat' dir='ltr'><strong>nonne</strong></span> <span class='ocrx_word' id='word_1_117' title='bbox 703 1788 823 1844; x_wconf 67' lang='lat' dir='ltr'><strong>quas</strong></span> <span class='ocrx_word' id='word_1_118' title='bbox 865 1776 1145 1834; x_wconf 86' lang='lat' dir='ltr'><strong>Persarum</strong></span> <span class='ocrx_word' id='word_1_119' title='bbox 1191 1792 1315 1836; x_wconf 90' lang='lat' dir='ltr'><strong>sunt</strong></span> <span class='ocrx_word' id='word_1_120' title='bbox 1351 1785 1542 1840; x_wconf 75' lang='lat' dir='ltr'><strong>curat?</strong></span> <span class='ocrx_word' id='word_1_121' title='bbox 1569 1776 1850 1856; x_wconf 82' lang='lat' dir='ltr'><strong>Barbarus,</strong></span> <span class='ocrx_word' id='word_1_122' title='bbox 1884 1776 2058 1845; x_wconf 77' lang='lat' dir='ltr'><strong>nonne</strong></span> 
     </span>
    </p>
   </div>
   <div class='ocr_carea' id='block_1_19' title="bbox 463 1859 2059 1940">
    <p class='ocr_par' dir='ltr' id='par_1_19' title="bbox 463 1859 2059 1940">
     <span class='ocr_line' id='line_1_19' title="bbox 463 1859 2059 1940; baseline 0.019 -31"><span class='ocrx_word' id='word_1_123' title='bbox 463 1859 832 1934; x_wconf 78' lang='lat' dir='ltr'><strong>barbarorum</strong></span> <span class='ocrx_word' id='word_1_124' title='bbox 882 1868 1014 1922; x_wconf 91' lang='lat' dir='ltr'><strong>ritus</strong></span> <span class='ocrx_word' id='word_1_125' title='bbox 1051 1869 1361 1925; x_wconf 82' lang='lat' dir='ltr'><strong>:emulatur?</strong></span> <span class='ocrx_word' id='word_1_126' title='bbox 1396 1873 1494 1940; x_wconf 87' lang='lat' dir='ltr'><strong>Qui</strong></span> <span class='ocrx_word' id='word_1_127' title='bbox 1534 1875 1732 1931; x_wconf 78' lang='lat' dir='ltr'><strong>habitat</strong></span> <span class='ocrx_word' id='word_1_128' title='bbox 1771 1880 1820 1932; x_wconf 91' lang='lat' dir='ltr'><strong>in</strong></span> <span class='ocrx_word' id='word_1_129' title='bbox 1861 1881 2059 1938; x_wconf 83' lang='lat' dir='ltr'><strong>ditione</strong></span> 
     </span>
    </p>
   </div>
   <div class='ocr_carea' id='block_1_20' title="bbox 491 1948 2054 2040">
    <p class='ocr_par' dir='ltr' id='par_1_20' title="bbox 491 1948 2054 2040">
     <span class='ocr_line' id='line_1_20' title="bbox 491 1948 2054 2040; baseline 0.015 -39"><span class='ocrx_word' id='word_1_130' title='bbox 491 1948 872 2021; x_wconf 73' lang='lat' dir='ltr'><strong>Romanorum,</strong></span> <span class='ocrx_word' id='word_1_131' title='bbox 893 1972 996 2010; x_wconf 93' lang='lat' dir='ltr'><strong>non</strong></span> <span class='ocrx_word' id='word_1_132' title='bbox 1021 1959 1181 2013; x_wconf 84' lang='lat' dir='ltr'><strong>utitur</strong></span> <span class='ocrx_word' id='word_1_133' title='bbox 1203 1963 1395 2015; x_wconf 90' lang='lat' dir='ltr'><strong>nostris</strong></span> <span class='ocrx_word' id='word_1_134' title='bbox 1417 1964 1652 2033; x_wconf 76' lang='lat' dir='ltr'><strong>legibus?</strong></span> <span class='ocrx_word' id='word_1_135' title='bbox 1673 1969 1782 2039; x_wconf 84' lang='lat' dir='ltr'><strong>Age</strong></span> <span class='ocrx_word' id='word_1_136' title='bbox 1801 1970 1886 2024; x_wconf 87' lang='lat' dir='ltr'><strong>die</strong></span> <span class='ocrx_word' id='word_1_137' title='bbox 1908 1973 2054 2040; x_wconf 90' lang='lat' dir='ltr'><strong>mihi,</strong></span> 
     </span>
    </p>
   </div>
   <div class='ocr_carea' id='block_1_21' title="bbox 489 2041 2057 2125">
    <p class='ocr_par' dir='ltr' id='par_1_21' title="bbox 489 2041 2057 2125">
     <span class='ocr_line' id='line_1_21' title="bbox 489 2041 2057 2125; baseline 0.018 -35"><span class='ocrx_word' id='word_1_138' title='bbox 489 2053 666 2094; x_wconf 89' lang='lat' dir='ltr'><strong>nonne</strong></span> <span class='ocrx_word' id='word_1_139' title='bbox 691 2041 734 2094; x_wconf 93' lang='lat' dir='ltr'><strong>si</strong></span> <span class='ocrx_word' id='word_1_140' title='bbox 762 2045 879 2112; x_wconf 85' lang='lat' dir='ltr'><strong>quis</strong></span> <span class='ocrx_word' id='word_1_141' title='bbox 905 2045 1092 2100; x_wconf 87' lang='lat' dir='ltr'><strong>horum</strong></span> <span class='ocrx_word' id='word_1_142' title='bbox 1117 2089 1132 2112; x_wconf 92' lang='lat'><strong>,</strong></span> <span class='ocrx_word' id='word_1_143' title='bbox 1163 2051 1251 2118; x_wconf 91' lang='lat' dir='ltr'><strong>qui</strong></span> <span class='ocrx_word' id='word_1_144' title='bbox 1280 2052 1417 2118; x_wconf 88' lang='lat' dir='ltr'><strong>apud</strong></span> <span class='ocrx_word' id='word_1_145' title='bbox 1445 2069 1540 2108; x_wconf 93' lang='lat' dir='ltr'><strong>nos</strong></span> <span class='ocrx_word' id='word_1_146' title='bbox 1561 2057 1777 2125; x_wconf 87' lang='lat' dir='ltr'><strong>vivunt,</strong></span> <span class='ocrx_word' id='word_1_147' title='bbox 1809 2075 1926 2115; x_wconf 91' lang='lat' dir='ltr'><strong>cum</strong></span> <span class='ocrx_word' id='word_1_148' title='bbox 1955 2065 2057 2119; x_wconf 91' lang='lat' dir='ltr'><strong>illis</strong></span> 
     </span>
    </p>
   </div>
   <div class='ocr_carea' id='block_1_22' title="bbox 488 2131 2055 2221">
    <p class='ocr_par' dir='ltr' id='par_1_22' title="bbox 488 2131 2055 2221">
     <span class='ocr_line' id='line_1_22' title="bbox 488 2131 2055 2221; baseline 0.019 -40"><span class='ocrx_word' id='word_1_149' title='bbox 488 2131 684 2186; x_wconf 87' lang='lat' dir='ltr'><strong>sentire</strong></span> <span class='ocrx_word' id='word_1_150' title='bbox 707 2132 866 2190; x_wconf 81' lang='lat' dir='ltr'><strong>fuerit</strong></span> <span class='ocrx_word' id='word_1_151' title='bbox 888 2133 1267 2208; x_wconf 86' lang='lat' dir='ltr'><strong>deprehensus,</strong></span> <span class='ocrx_word' id='word_1_152' title='bbox 1298 2144 1557 2201; x_wconf 89' lang='lat' dir='ltr'><strong>inauditus</strong></span> <span class='ocrx_word' id='word_1_153' title='bbox 1582 2150 1819 2221; x_wconf 84' lang='lat' dir='ltr'><strong>citraque</strong></span> <span class='ocrx_word' id='word_1_154' title='bbox 1839 2169 2055 2210; x_wconf 83' lang='lat' dir='ltr'><strong>examen</strong></span> 
     </span>
    </p>
   </div>
   <div class='ocr_carea' id='block_1_23' title="bbox 488 2223 2054 2306">
    <p class='ocr_par' dir='ltr' id='par_1_23' title="bbox 488 2223 2054 2306">
     <span class='ocr_line' id='line_1_23' title="bbox 488 2223 2054 2306; baseline 0.018 -33"><span class='ocrx_word' id='word_1_155' title='bbox 488 2223 718 2291; x_wconf 89' lang='lat' dir='ltr'><strong>punitur,</strong></span> <span class='ocrx_word' id='word_1_156' title='bbox 751 2227 954 2282; x_wconf 92' lang='lat' dir='ltr'><strong>etiamsi</strong></span> <span class='ocrx_word' id='word_1_157' title='bbox 985 2229 1182 2286; x_wconf 78' lang='lat' dir='ltr'><strong>inﬁnita</strong></span> <span class='ocrx_word' id='word_1_158' title='bbox 1212 2232 1420 2298; x_wconf 88' lang='lat' dir='ltr'><strong>habeat,</strong></span> <span class='ocrx_word' id='word_1_159' title='bbox 1452 2239 1641 2306; x_wconf 89' lang='lat' dir='ltr'><strong>quibus</strong></span> <span class='ocrx_word' id='word_1_160' title='bbox 1665 2256 1875 2299; x_wconf 88' lang='lat' dir='ltr'><strong>causam</strong></span> <span class='ocrx_word' id='word_1_161' title='bbox 1908 2262 2054 2301; x_wconf 90' lang='lat' dir='ltr'><strong>suam</strong></span> 
     </span>
    </p>
   </div>
   <div class='ocr_carea' id='block_1_24' title="bbox 487 2315 2054 2406">
    <p class='ocr_par' dir='ltr' id='par_1_24' title="bbox 487 2315 2054 2406">
     <span class='ocr_line' id='line_1_24' title="bbox 487 2315 2054 2406; baseline 0.015 -39"><span class='ocrx_word' id='word_1_162' title='bbox 487 2315 652 2381; x_wconf 85' lang='lat' dir='ltr'><strong>possit</strong></span> <span class='ocrx_word' id='word_1_163' title='bbox 676 2317 995 2376; x_wconf 81' lang='lat' dir='ltr'><strong>defendere?</strong></span> <span class='ocrx_word' id='word_1_164' title='bbox 1022 2323 1087 2377; x_wconf 87' lang='lat' dir='ltr'><strong>Et</strong></span> <span class='ocrx_word' id='word_1_165' title='bbox 1111 2325 1155 2380; x_wconf 93' lang='lat' dir='ltr'><strong>si</strong></span> <span class='ocrx_word' id='word_1_166' title='bbox 1184 2327 1300 2395; x_wconf 90' lang='lat' dir='ltr'><strong>quis</strong></span> <span class='ocrx_word' id='word_1_167' title='bbox 1324 2330 1460 2396; x_wconf 91' lang='lat' dir='ltr'><strong>apud</strong></span> <span class='ocrx_word' id='word_1_168' title='bbox 1493 2329 1618 2386; x_wconf 89' lang='lat' dir='ltr'><strong>istos</strong></span> <span class='ocrx_word' id='word_1_169' title='bbox 1644 2336 1939 2403; x_wconf 87' lang='lat' dir='ltr'><strong>exstiterit,</strong></span> <span class='ocrx_word' id='word_1_170' title='bbox 1969 2340 2054 2406; x_wconf 89' lang='lat' dir='ltr'><strong>qui</strong></span> 
     </span>
    </p>
   </div>
   <div class='ocr_carea' id='block_1_25' title="bbox 487 2405 2056 2498">
    <p class='ocr_par' dir='ltr' id='par_1_25' title="bbox 487 2405 2056 2498">
     <span class='ocr_line' id='line_1_25' title="bbox 487 2405 2056 2498; baseline 0.017 -40"><span class='ocrx_word' id='word_1_171' title='bbox 487 2405 740 2463; x_wconf 80' lang='lat' dir='ltr'><strong>Romanis</strong></span> <span class='ocrx_word' id='word_1_172' title='bbox 769 2421 946 2467; x_wconf 87' lang='lat' dir='ltr'><strong>utatur</strong></span> <span class='ocrx_word' id='word_1_173' title='bbox 971 2415 1226 2474; x_wconf 88' lang='lat' dir='ltr'><strong>institutis</strong></span> <span class='ocrx_word' id='word_1_174' title='bbox 1249 2460 1263 2484; x_wconf 93' lang='lat'><strong>,</strong></span> <span class='ocrx_word' id='word_1_175' title='bbox 1297 2436 1472 2476; x_wconf 90' lang='lat' dir='ltr'><strong>nonne</strong></span> <span class='ocrx_word' id='word_1_176' title='bbox 1499 2439 1681 2479; x_wconf 89' lang='lat' dir='ltr'><strong>rursus</strong></span> <span class='ocrx_word' id='word_1_177' title='bbox 1710 2427 1848 2482; x_wconf 86' lang='lat' dir='ltr'><strong>idem</strong></span> <span class='ocrx_word' id='word_1_178' title='bbox 1888 2405 2056 2498; x_wconf 85' lang='lat' dir='ltr'><strong>patie-</strong></span> 
     </span>
    </p>
   </div>
   <div class='ocr_carea' id='block_1_26' title="bbox 487 2498 2055 2585">
    <p class='ocr_par' dir='ltr' id='par_1_26' title="bbox 487 2498 2055 2585">
     <span class='ocr_line' id='line_1_26' title="bbox 487 2498 2055 2585; baseline 0.018 -36"><span class='ocrx_word' id='word_1_179' title='bbox 487 2498 610 2551; x_wconf 84' lang='lat' dir='ltr'><strong>tur?</strong></span> <span class='ocrx_word' id='word_1_180' title='bbox 651 2499 926 2567; x_wconf 84' lang='lat' dir='ltr'><strong>Quomodo</strong></span> <span class='ocrx_word' id='word_1_181' title='bbox 969 2505 1124 2574; x_wconf 81' lang='lat' dir='ltr'><strong>igitur</strong></span> <span class='ocrx_word' id='word_1_182' title='bbox 1169 2518 1222 2564; x_wconf 92' lang='lat' dir='ltr'><strong>tu</strong></span> <span class='ocrx_word' id='word_1_183' title='bbox 1264 2513 1350 2580; x_wconf 92' lang='lat' dir='ltr'><strong>qui</strong></span> <span class='ocrx_word' id='word_1_184' title='bbox 1395 2514 1462 2567; x_wconf 90' lang='lat' dir='ltr'><strong>ad</strong></span> <span class='ocrx_word' id='word_1_185' title='bbox 1501 2515 1717 2585; x_wconf 89' lang='lat' dir='ltr'><strong>impium</strong></span> <span class='ocrx_word' id='word_1_186' title='bbox 1763 2521 1889 2574; x_wconf 90' lang='lat' dir='ltr'><strong>illud</strong></span> <span class='ocrx_word' id='word_1_187' title='bbox 1936 2523 2055 2578; x_wconf 71' lang='lat' dir='ltr'><strong>vitte</strong></span> 
     </span>
    </p>
   </div>
   <div class='ocr_carea' id='block_1_27' title="bbox 486 2589 2055 2672">
    <p class='ocr_par' dir='ltr' id='par_1_27' title="bbox 486 2589 2055 2672">
     <span class='ocr_line' id='line_1_27' title="bbox 486 2589 2055 2672; baseline 0.017 -31"><span class='ocrx_word' id='word_1_188' title='bbox 486 2589 783 2645; x_wconf 84' lang='lat' dir='ltr'><strong>institutum</strong></span> <span class='ocrx_word' id='word_1_189' title='bbox 813 2594 1076 2664; x_wconf 89' lang='lat' dir='ltr'><strong>defecisti,</strong></span> <span class='ocrx_word' id='word_1_190' title='bbox 1108 2601 1272 2656; x_wconf 85' lang='lat' dir='ltr'><strong>audes</strong></span> <span class='ocrx_word' id='word_1_191' title='bbox 1296 2617 1512 2672; x_wconf 89' lang='lat' dir='ltr'><strong>sperare</strong></span> <span class='ocrx_word' id='word_1_192' title='bbox 1543 2609 1803 2665; x_wconf 87' lang='lat' dir='ltr'><strong>salutem?</strong></span> <span class='ocrx_word' id='word_1_193' title='bbox 1828 2615 1908 2667; x_wconf 81' lang='lat' dir='ltr'><strong>An</strong></span> <span class='ocrx_word' id='word_1_194' title='bbox 1937 2616 2055 2669; x_wconf 85' lang='lat' dir='ltr'><strong>exi-</strong></span> 
     </span>
    </p>
   </div>
   <div class='ocr_carea' id='block_1_28' title="bbox 485 2679 2056 2761">
    <p class='ocr_par' dir='ltr' id='par_1_28' title="bbox 485 2679 2056 2761">
     <span class='ocr_line' id='line_1_28' title="bbox 485 2679 2056 2761; baseline 0.02 -31"><span class='ocrx_word' id='word_1_195' title='bbox 485 2693 642 2747; x_wconf 83' lang='lat' dir='ltr'><strong>guum</strong></span> <span class='ocrx_word' id='word_1_196' title='bbox 671 2681 999 2739; x_wconf 84' lang='lat' dir='ltr'><strong>intervallum</strong></span> <span class='ocrx_word' id='word_1_197' title='bbox 1026 2697 1109 2742; x_wconf 88' lang='lat' dir='ltr'><strong>est</strong></span> <span class='ocrx_word' id='word_1_198' title='bbox 1138 2691 1274 2745; x_wconf 91' lang='lat' dir='ltr'><strong>inter</strong></span> <span class='ocrx_word' id='word_1_199' title='bbox 1298 2679 1393 2747; x_wconf 78' lang='lat' dir='ltr'><strong>nos</strong></span> <span class='ocrx_word' id='word_1_200' title='bbox 1419 2706 1471 2749; x_wconf 90' lang='lat' dir='ltr'><strong>et</strong></span> <span class='ocrx_word' id='word_1_201' title='bbox 1497 2697 1844 2756; x_wconf 81' lang='lat' dir='ltr'><strong>Judaeos?An</strong></span> <span class='ocrx_word' id='word_1_202' title='bbox 1873 2704 1938 2758; x_wconf 90' lang='lat' dir='ltr'><strong>de</strong></span> <span class='ocrx_word' id='word_1_203' title='bbox 1967 2722 2056 2761; x_wconf 85' lang='lat' dir='ltr'><strong>re-</strong></span> 
     </span>
    </p>
   </div>
   <div class='ocr_carea' id='block_1_29' title="bbox 488 2769 2094 2864">
    <p class='ocr_par' dir='ltr' id='par_1_29' title="bbox 488 2769 2094 2864">
     <span class='ocr_line' id='line_1_29' title="bbox 488 2769 2094 2864; baseline 0.018 -43"><span class='ocrx_word' id='word_1_204' title='bbox 488 2769 586 2824; x_wconf 87' lang='lat' dir='ltr'><strong>bus</strong></span> <span class='ocrx_word' id='word_1_205' title='bbox 611 2772 814 2829; x_wconf 82' lang='lat' dir='ltr'><strong>levibus</strong></span> <span class='ocrx_word' id='word_1_206' title='bbox 839 2784 929 2831; x_wconf 84' lang='lat' dir='ltr'><strong>ant</strong></span> <span class='ocrx_word' id='word_1_207' title='bbox 956 2780 1255 2849; x_wconf 83' lang='lat' dir='ltr'><strong>vulgaribus</strong></span> <span class='ocrx_word' id='word_1_208' title='bbox 1286 2786 1425 2840; x_wconf 90' lang='lat' dir='ltr'><strong>inter</strong></span> <span class='ocrx_word' id='word_1_209' title='bbox 1453 2803 1548 2843; x_wconf 91' lang='lat' dir='ltr'><strong>nos</strong></span> <span class='ocrx_word' id='word_1_210' title='bbox 1574 2800 1654 2845; x_wconf 90' lang='lat' dir='ltr'><strong>est</strong></span> <span class='ocrx_word' id='word_1_211' title='bbox 1677 2798 2052 2864; x_wconf 81' lang='lat' dir='ltr'><strong>contraversia,</strong></span> <span class='ocrx_word' id='word_1_212' title='bbox 2080 2799 2094 2836; x_wconf 76' lang='grc' dir='ltr'><strong>ι</strong></span> 
     </span>
    </p>
   </div>
   <div class='ocr_carea' id='block_1_30' title="bbox 486 2871 2053 2944">
    <p class='ocr_par' dir='ltr' id='par_1_30' title="bbox 486 2871 2053 2944">
     <span class='ocr_line' id='line_1_30' title="bbox 486 2871 2053 2944; baseline 0.02 -30"><span class='ocrx_word' id='word_1_213' title='bbox 486 2872 542 2915; x_wconf 90' lang='lat' dir='ltr'><strong>ut</strong></span> <span class='ocrx_word' id='word_1_214' title='bbox 571 2872 622 2917; x_wconf 91' lang='lat' dir='ltr'><strong>tu</strong></span> <span class='ocrx_word' id='word_1_215' title='bbox 651 2881 811 2920; x_wconf 88' lang='lat' dir='ltr'><strong>unum</strong></span> <span class='ocrx_word' id='word_1_216' title='bbox 853 2878 917 2932; x_wconf 50' lang='lat' dir='ltr'><strong>et.</strong></span> <span class='ocrx_word' id='word_1_217' title='bbox 954 2871 1091 2926; x_wconf 90' lang='lat' dir='ltr'><strong>idem</strong></span> <span class='ocrx_word' id='word_1_218' title='bbox 1121 2888 1240 2929; x_wconf 79' lang='lat' dir='ltr'><strong>esse</strong></span> <span class='ocrx_word' id='word_1_219' title='bbox 1266 2878 1453 2933; x_wconf 90' lang='lat' dir='ltr'><strong>credas</strong></span> <span class='ocrx_word' id='word_1_220' title='bbox 1485 2891 1720 2936; x_wconf 92' lang='lat' dir='ltr'><strong>nostrum</strong></span> <span class='ocrx_word' id='word_1_221' title='bbox 1749 2895 1803 2938; x_wconf 88' lang='lat' dir='ltr'><strong>et</strong></span> <span class='ocrx_word' id='word_1_222' title='bbox 1845 2886 2053 2944; x_wconf 88' lang='lat' dir='ltr'><strong>illorum</strong></span> 
     </span>
    </p>
   </div>
   <div class='ocr_carea' id='block_1_31' title="bbox 484 2953 2055 3035">
    <p class='ocr_par' dir='ltr' id='par_1_31' title="bbox 484 2953 2055 3035">
     <span class='ocr_line' id='line_1_31' title="bbox 484 2953 2055 3035; baseline 0.02 -30"><span class='ocrx_word' id='word_1_223' title='bbox 484 2953 820 3012; x_wconf 83' lang='lat' dir='ltr'><strong>institutum?</strong></span> <span class='ocrx_word' id='word_1_224' title='bbox 851 2959 958 3015; x_wconf 89' lang='lat' dir='ltr'><strong>Cur</strong></span> <span class='ocrx_word' id='word_1_225' title='bbox 983 2978 1088 3018; x_wconf 92' lang='lat' dir='ltr'><strong>non</strong></span> <span class='ocrx_word' id='word_1_226' title='bbox 1117 2969 1382 3022; x_wconf 89' lang='lat' dir='ltr'><strong>miscenda</strong></span> <span class='ocrx_word' id='word_1_227' title='bbox 1412 2971 1644 3026; x_wconf 86' lang='lat' dir='ltr'><strong>misces?</strong></span> <span class='ocrx_word' id='word_1_228' title='bbox 1669 2974 1746 3028; x_wconf 91' lang='lat' dir='ltr'><strong>llli</strong></span> <span class='ocrx_word' id='word_1_229' title='bbox 1779 2978 2055 3035; x_wconf 77' lang='lat' dir='ltr'><strong>crucilixe-</strong></span> 
     </span>
    </p>
   </div>
   <div class='ocr_carea' id='block_1_32' title="bbox 484 3047 2054 3135">
    <p class='ocr_par' dir='ltr' id='par_1_32' title="bbox 484 3047 2054 3135">
     <span class='ocr_line' id='line_1_32' title="bbox 484 3047 2054 3135; baseline 0.018 -39"><span class='ocrx_word' id='word_1_230' title='bbox 484 3055 605 3100; x_wconf 92' lang='lat' dir='ltr'><strong>rnnt</strong></span> <span class='ocrx_word' id='word_1_231' title='bbox 631 3047 896 3105; x_wconf 83' lang='lat' dir='ltr'><strong>Christum</strong></span> <span class='ocrx_word' id='word_1_232' title='bbox 917 3094 932 3118; x_wconf 91' lang='lat'><strong>,</strong></span> <span class='ocrx_word' id='word_1_233' title='bbox 961 3070 1117 3123; x_wconf 87' lang='lat' dir='ltr'><strong>quem</strong></span> <span class='ocrx_word' id='word_1_234' title='bbox 1148 3065 1200 3110; x_wconf 93' lang='lat' dir='ltr'><strong>tu</strong></span> <span class='ocrx_word' id='word_1_235' title='bbox 1225 3058 1437 3116; x_wconf 88' lang='lat' dir='ltr'><strong>adoras.</strong></span> <span class='ocrx_word' id='word_1_236' title='bbox 1471 3062 1630 3118; x_wconf 86' lang='lat' dir='ltr'><strong>Vides</strong></span> <span class='ocrx_word' id='word_1_237' title='bbox 1674 3078 1927 3135; x_wconf 90' lang='lat' dir='ltr'><strong>quantum</strong></span> <span class='ocrx_word' id='word_1_238' title='bbox 1975 3071 2054 3124; x_wconf 84' lang='lat' dir='ltr'><strong>in-</strong></span> 
     </span>
    </p>
   </div>
   <div class='ocr_carea' id='block_1_33' title="bbox 485 3144 2052 3225">
    <p class='ocr_par' dir='ltr' id='par_1_33' title="bbox 485 3144 2052 3225">
     <span class='ocr_line' id='line_1_33' title="bbox 485 3144 2052 3225; baseline 0.018 -34"><span class='ocrx_word' id='word_1_239' title='bbox 485 3144 681 3196; x_wconf 82' lang='lat' dir='ltr'><strong>terest?</strong></span> <span class='ocrx_word' id='word_1_240' title='bbox 705 3144 801 3212; x_wconf 87' lang='lat' dir='ltr'><strong>Qui</strong></span> <span class='ocrx_word' id='word_1_241' title='bbox 830 3147 890 3201; x_wconf 80' lang='lat' dir='ltr'><strong>fit</strong></span> <span class='ocrx_word' id='word_1_242' title='bbox 915 3148 1090 3217; x_wconf 82' lang='lat' dir='ltr'><strong>igitur,</strong></span> <span class='ocrx_word' id='word_1_243' title='bbox 1127 3160 1181 3205; x_wconf 92' lang='lat' dir='ltr'><strong>nt</strong></span> <span class='ocrx_word' id='word_1_244' title='bbox 1209 3154 1273 3206; x_wconf 90' lang='lat' dir='ltr'><strong>ad</strong></span> <span class='ocrx_word' id='word_1_245' title='bbox 1302 3155 1420 3210; x_wconf 91' lang='lat' dir='ltr'><strong>illos</strong></span> <span class='ocrx_word' id='word_1_246' title='bbox 1444 3158 1530 3225; x_wconf 90' lang='lat' dir='ltr'><strong>qui</strong></span> <span class='ocrx_word' id='word_1_247' title='bbox 1555 3156 1817 3214; x_wconf 90' lang='lat' dir='ltr'><strong>Christum</strong></span> <span class='ocrx_word' id='word_1_248' title='bbox 1843 3164 2052 3218; x_wconf 84' lang='lat' dir='ltr'><strong>occide-</strong></span> 
     </span>
    </p>
   </div>
   <div class='ocr_carea' id='block_1_34' title="bbox 483 3240 2053 3321">
    <p class='ocr_par' dir='ltr' id='par_1_34' title="bbox 483 3240 2053 3321">
     <span class='ocr_line' id='line_1_34' title="bbox 483 3240 2053 3321; baseline 0.017 -39"><span class='ocrx_word' id='word_1_249' title='bbox 483 3241 604 3286; x_wconf 91' lang='lat' dir='ltr'><strong>runt</strong></span> <span class='ocrx_word' id='word_1_250' title='bbox 627 3251 809 3288; x_wconf 91' lang='lat' dir='ltr'><strong>curras</strong></span> <span class='ocrx_word' id='word_1_251' title='bbox 831 3278 847 3300; x_wconf 92' lang='lat'><strong>,</strong></span> <span class='ocrx_word' id='word_1_252' title='bbox 879 3240 1134 3306; x_wconf 87' lang='lat' dir='ltr'><strong>prolitens</strong></span> <span class='ocrx_word' id='word_1_253' title='bbox 1164 3254 1213 3297; x_wconf 92' lang='lat' dir='ltr'><strong>te</strong></span> <span class='ocrx_word' id='word_1_254' title='bbox 1239 3243 1460 3299; x_wconf 90' lang='lat' dir='ltr'><strong>adorare</strong></span> <span class='ocrx_word' id='word_1_255' title='bbox 1497 3249 1843 3304; x_wconf 75' lang='lat' dir='ltr'><strong>crucifixum?</strong></span> <span class='ocrx_word' id='word_1_256' title='bbox 1874 3252 2053 3321; x_wconf 88' lang='lat' dir='ltr'><strong>Neque</strong></span> 
     </span>
    </p>
   </div>
   <div class='ocr_carea' id='block_1_35' title="bbox 481 3323 2051 3403">
    <p class='ocr_par' dir='ltr' id='par_1_35' title="bbox 481 3323 2051 3403">
     <span class='ocr_line' id='line_1_35' title="bbox 481 3323 2051 3403; baseline 0.015 -30"><span class='ocrx_word' id='word_1_257' title='bbox 481 3335 607 3376; x_wconf 85' lang='lat' dir='ltr'><strong>vero</strong></span> <span class='ocrx_word' id='word_1_258' title='bbox 635 3323 748 3391; x_wconf 92' lang='lat' dir='ltr'><strong>ipse</strong></span> <span class='ocrx_word' id='word_1_259' title='bbox 777 3325 944 3394; x_wconf 62' lang='lat' dir='ltr'><strong>legem</strong></span> <span class='ocrx_word' id='word_1_260' title='bbox 973 3329 1109 3383; x_wconf 91' lang='lat' dir='ltr'><strong>hanc</strong></span> <span class='ocrx_word' id='word_1_261' title='bbox 1139 3331 1251 3385; x_wconf 86' lang='lat' dir='ltr'><strong>fero</strong></span> <span class='ocrx_word' id='word_1_262' title='bbox 1276 3374 1292 3399; x_wconf 92' lang='lat'><strong>,</strong></span> <span class='ocrx_word' id='word_1_263' title='bbox 1337 3350 1439 3403; x_wconf 90' lang='lat' dir='ltr'><strong>qua</strong></span> <span class='ocrx_word' id='word_1_264' title='bbox 1489 3335 1604 3390; x_wconf 91' lang='lat' dir='ltr'><strong>illos</strong></span> <span class='ocrx_word' id='word_1_265' title='bbox 1647 3339 1918 3401; x_wconf 83' lang='lat' dir='ltr'><strong>criminer.</strong></span> <span class='ocrx_word' id='word_1_266' title='bbox 1953 3359 2051 3398; x_wconf 91' lang='lat' dir='ltr'><strong>nec</strong></span> 
     </span>
    </p>
   </div>
   <div class='ocr_carea' id='block_1_36' title="bbox 484 3413 2049 3499">
    <p class='ocr_par' dir='ltr' id='par_1_36' title="bbox 484 3413 2049 3499">
     <span class='ocr_line' id='line_1_36' title="bbox 484 3413 2049 3499; baseline 0.014 -35"><span class='ocrx_word' id='word_1_267' title='bbox 484 3413 618 3466; x_wconf 89' lang='lat' dir='ltr'><strong>hanc</strong></span> <span class='ocrx_word' id='word_1_268' title='bbox 645 3417 994 3472; x_wconf 74' lang='lat' dir='ltr'><strong>accusationis</strong></span> <span class='ocrx_word' id='word_1_269' title='bbox 1036 3419 1257 3474; x_wconf 87' lang='lat' dir='ltr'><strong>formam</strong></span> <span class='ocrx_word' id='word_1_270' title='bbox 1307 3423 1502 3478; x_wconf 91' lang='lat' dir='ltr'><strong>inveni.</strong></span> <span class='ocrx_word' id='word_1_271' title='bbox 1543 3427 1730 3481; x_wconf 87' lang='lat' dir='ltr'><strong>Annon</strong></span> <span class='ocrx_word' id='word_1_272' title='bbox 1780 3428 2049 3499; x_wconf 84' lang='lat' dir='ltr'><strong>Scriptura</strong></span> 
     </span>
    </p>
   </div>
   <div class='ocr_carea' id='block_1_37' title="bbox 481 3503 2050 3589">
    <p class='ocr_par' dir='ltr' id='par_1_37' title="bbox 481 3503 2050 3589">
     <span class='ocr_line' id='line_1_37' title="bbox 481 3503 2050 3589; baseline 0.015 -33"><span class='ocrx_word' id='word_1_273' title='bbox 481 3503 639 3556; x_wconf 87' lang='lat' dir='ltr'><strong>simili</strong></span> <span class='ocrx_word' id='word_1_274' title='bbox 666 3505 826 3559; x_wconf 89' lang='lat' dir='ltr'><strong>modo</strong></span> <span class='ocrx_word' id='word_1_275' title='bbox 863 3520 1076 3564; x_wconf 87' lang='lat' dir='ltr'><strong>accusat</strong></span> <span class='ocrx_word' id='word_1_276' title='bbox 1105 3512 1259 3566; x_wconf 89' lang='lat' dir='ltr'><strong>illos?</strong></span> <span class='ocrx_word' id='word_1_277' title='bbox 1283 3515 1418 3568; x_wconf 84' lang='lat' dir='ltr'><strong>Audi</strong></span> <span class='ocrx_word' id='word_1_278' title='bbox 1451 3517 1608 3586; x_wconf 82' lang='lat' dir='ltr'><strong>igitur</strong></span> <span class='ocrx_word' id='word_1_279' title='bbox 1638 3521 1764 3589; x_wconf 90' lang='lat' dir='ltr'><strong>quid</strong></span> <span class='ocrx_word' id='word_1_280' title='bbox 1794 3521 1933 3577; x_wconf 88' lang='lat' dir='ltr'><strong>dicat</strong></span> <span class='ocrx_word' id='word_1_281' title='bbox 1956 3525 2050 3580; x_wconf 83' lang='lat' dir='ltr'><strong>Je—</strong></span> 
     </span>
    </p>
   </div>
   <div class='ocr_carea' id='block_1_38' title="bbox 482 3593 2050 3676">
    <p class='ocr_par' dir='ltr' id='par_1_38' title="bbox 482 3593 2050 3676">
     <span class='ocr_line' id='line_1_38' title="bbox 482 3593 2050 3676; baseline 0.015 -32"><span class='ocrx_word' id='word_1_282' title='bbox 482 3593 676 3647; x_wconf 86' lang='lat' dir='ltr'><strong>remias</strong></span> <span class='ocrx_word' id='word_1_283' title='bbox 700 3595 950 3653; x_wconf 86' lang='lat' dir='ltr'><strong>adversus</strong></span> <span class='ocrx_word' id='word_1_284' title='bbox 977 3601 1093 3655; x_wconf 88' lang='lat' dir='ltr'><strong>illos</strong></span> <span class='ocrx_word' id='word_1_285' title='bbox 1123 3621 1138 3657; x_wconf 86' lang='lat'><strong><em>:</em></strong></span> <span class='ocrx_word' id='word_1_286' title='bbox 1161 3603 1306 3658; x_wconf 84' lang='lat' dir='ltr'><strong>Abite</strong></span> <span class='ocrx_word' id='word_1_287' title='bbox 1328 3606 1381 3658; x_wconf 84' lang='lat' dir='ltr'><strong>in</strong></span> <span class='ocrx_word' id='word_1_288' title='bbox 1407 3604 1590 3672; x_wconf 85' lang='lat' dir='ltr'><strong>Ccdar,</strong></span> <span class='ocrx_word' id='word_1_289' title='bbox 1619 3621 1665 3662; x_wconf 90' lang='lat' dir='ltr'><strong>et</strong></span> <span class='ocrx_word' id='word_1_290' title='bbox 1693 3611 1886 3676; x_wconf 79' lang='lat' dir='ltr'><strong>videte;</strong></span> <span class='ocrx_word' id='word_1_291' title='bbox 1906 3617 2050 3668; x_wconf 84' lang='lat' dir='ltr'><strong>emit-</strong></span> 
     </span>
    </p>
   </div>
   <div class='ocr_carea' id='block_1_39' title="bbox 481 3683 2051 3772">
    <p class='ocr_par' dir='ltr' id='par_1_39' title="bbox 481 3683 2051 3772">
     <span class='ocr_line' id='line_1_39' title="bbox 481 3683 2051 3772; baseline 0.016 -38"><span class='ocrx_word' id='word_1_292' title='bbox 481 3683 570 3737; x_wconf 86' lang='lat' dir='ltr'><strong>tite</strong></span> <span class='ocrx_word' id='word_1_293' title='bbox 589 3685 658 3737; x_wconf 87' lang='lat' dir='ltr'><strong>ad</strong></span> <span class='ocrx_word' id='word_1_294' title='bbox 676 3687 864 3743; x_wconf 73' lang='lat' dir='ltr'><strong>insulas</strong></span> <span class='ocrx_word' id='word_1_295' title='bbox 887 3689 1116 3757; x_wconf 80' lang='lat' dir='ltr'><strong>Chetiim,</strong></span> <span class='ocrx_word' id='word_1_296' title='bbox 1140 3703 1187 3747; x_wconf 87' lang='lat' dir='ltr'><strong>et</strong></span> <span class='ocrx_word' id='word_1_297' title='bbox 1205 3697 1450 3765; x_wconf 85' lang='lat' dir='ltr'><strong>judicate,</strong></span> <span class='ocrx_word' id='word_1_298' title='bbox 1476 3715 1593 3752; x_wconf 88' lang='lat' dir='ltr'><strong>num</strong></span> <span class='ocrx_word' id='word_1_299' title='bbox 1617 3703 1736 3754; x_wconf 88' lang='lat' dir='ltr'><strong>talia</strong></span> <span class='ocrx_word' id='word_1_300' title='bbox 1761 3704 1895 3772; x_wconf 78' lang='lat' dir='ltr'><strong>facta</strong></span> <span class='ocrx_word' id='word_1_301' title='bbox 1919 3708 2051 3772; x_wconf 84' lang='lat' dir='ltr'><strong>sint;</strong></span> 
     </span>
    </p>
   </div>
   <div class='ocr_carea' id='block_1_40' title="bbox 479 3772 2050 3850">
    <p class='ocr_par' dir='ltr' id='par_1_40' title="bbox 479 3772 2050 3850">
     <span class='ocr_line' id='line_1_40' title="bbox 479 3772 2050 3850; baseline 0.016 -26"><span class='ocrx_word' id='word_1_302' title='bbox 479 3788 546 3825; x_wconf 86' lang='lat' dir='ltr'><strong>an</strong></span> <span class='ocrx_word' id='word_1_303' title='bbox 594 3772 771 3829; x_wconf 80' lang='lat' dir='ltr'><strong>Gentes</strong></span> <span class='ocrx_word' id='word_1_304' title='bbox 814 3788 997 3833; x_wconf 86' lang='lat' dir='ltr'><strong>mutent</strong></span> <span class='ocrx_word' id='word_1_305' title='bbox 1040 3781 1158 3838; x_wconf 87' lang='lat' dir='ltr'><strong>deos</strong></span> <span class='ocrx_word' id='word_1_306' title='bbox 1184 3801 1302 3838; x_wconf 85' lang='lat' dir='ltr'><strong>suos</strong></span> <span class='ocrx_word' id='word_1_307' title='bbox 1324 3827 1338 3850; x_wconf 91' lang='lat'><strong>,</strong></span> <span class='ocrx_word' id='word_1_308' title='bbox 1371 3797 1416 3840; x_wconf 91' lang='lat' dir='ltr'><strong>et</strong></span> <span class='ocrx_word' id='word_1_309' title='bbox 1443 3789 1524 3841; x_wconf 86' lang='lat' dir='ltr'><strong>isti</strong></span> <span class='ocrx_word' id='word_1_310' title='bbox 1550 3807 1648 3843; x_wconf 88' lang='lat' dir='ltr'><strong>non</strong></span> <span class='ocrx_word' id='word_1_311' title='bbox 1675 3802 1790 3845; x_wconf 84' lang='lat' dir='ltr'><strong>sunt</strong></span> <span class='ocrx_word' id='word_1_312' title='bbox 1829 3794 1919 3848; x_wconf 88' lang='lat' dir='ltr'><strong>dii.</strong></span> <span class='ocrx_word' id='word_1_313' title='bbox 1950 3794 2050 3849; x_wconf 82' lang='lat' dir='ltr'><strong>Vos</strong></span> 
     </span>
    </p>
   </div>
   <div class='ocr_carea' id='block_1_41' title="bbox 479 3870 2052 3951">
    <p class='ocr_par' dir='ltr' id='par_1_41' title="bbox 479 3870 2052 3951">
     <span class='ocr_line' id='line_1_41' title="bbox 479 3870 2052 3951; baseline 0.017 -38"><span class='ocrx_word' id='word_1_314' title='bbox 479 3873 644 3916; x_wconf 86' lang='lat' dir='ltr'><strong>autem</strong></span> <span class='ocrx_word' id='word_1_315' title='bbox 678 3870 904 3923; x_wconf 81' lang='lat' dir='ltr'><strong>mutastis</strong></span> <span class='ocrx_word' id='word_1_316' title='bbox 928 3872 1137 3939; x_wconf 86' lang='lat' dir='ltr'><strong>gloriam</strong></span> <span class='ocrx_word' id='word_1_317' title='bbox 1165 3887 1374 3929; x_wconf 82' lang='lat' dir='ltr'><strong>vestram</strong></span> <span class='ocrx_word' id='word_1_318' title='bbox 1417 3879 1467 3932; x_wconf 81' lang='lat' dir='ltr'><strong>in</strong></span> <span class='ocrx_word' id='word_1_319' title='bbox 1510 3896 1652 3943; x_wconf 90' lang='lat' dir='ltr'><strong>eam,</strong></span> <span class='ocrx_word' id='word_1_320' title='bbox 1694 3899 1756 3935; x_wconf 77' lang='lat' dir='ltr'><strong>ea:</strong></span> <span class='ocrx_word' id='word_1_321' title='bbox 1787 3901 1884 3951; x_wconf 84' lang='lat' dir='ltr'><strong>qua</strong></span> <span class='ocrx_word' id='word_1_322' title='bbox 1925 3887 2052 3940; x_wconf 82' lang='lat' dir='ltr'><strong>nihil</strong></span> 
     </span>
    </p>
   </div>
   <div class='ocr_carea' id='block_1_42' title="bbox 478 3955 2050 4039">
    <p class='ocr_par' dir='ltr' id='par_1_42' title="bbox 478 3955 2050 4039">
     <span class='ocr_line' id='line_1_42' title="bbox 478 3955 2050 4039; baseline 0.016 -34"><span class='ocrx_word' id='word_1_323' title='bbox 478 3955 708 4010; x_wconf 77' lang='lat' dir='ltr'><strong>utilitatis</strong></span> <span class='ocrx_word' id='word_1_324' title='bbox 733 3959 938 4027; x_wconf 78' lang='lat' dir='ltr'><strong>capietis</strong></span> <span class='ocrx_word' id='word_1_325' title='bbox 967 3961 1096 4030; x_wconf 82' lang='lat' dir='ltr'><strong>(Jer.</strong></span> <span class='ocrx_word' id='word_1_326' title='bbox 1128 3965 1181 4017; x_wconf 69' lang='grc'><strong>2.</strong></span> <span class='ocrx_word' id='word_1_327' title='bbox 1212 3967 1296 4020; x_wconf 82' lang='grc'><strong>10.</strong></span> <span class='ocrx_word' id='word_1_328' title='bbox 1328 3969 1436 4039; x_wconf 77' lang='lat' dir='ltr'><strong>ll).</strong></span> <span class='ocrx_word' id='word_1_329' title='bbox 1466 3969 1579 4023; x_wconf 86' lang='lat' dir='ltr'><strong>Non</strong></span> <span class='ocrx_word' id='word_1_330' title='bbox 1620 3971 1780 4036; x_wconf 81' lang='lat' dir='ltr'><strong>dixit,</strong></span> <span class='ocrx_word' id='word_1_331' title='bbox 1810 3977 2050 4031; x_wconf 83' lang='lat' dir='ltr'><strong>mutastis</strong></span> 
     </span>
    </p>
   </div>
   <div class='ocr_carea' id='block_1_43' title="bbox 478 4042 2047 4130">
    <p class='ocr_par' dir='ltr' id='par_1_43' title="bbox 478 4042 2047 4130">
     <span class='ocr_line' id='line_1_43' title="bbox 478 4042 2047 4130; baseline 0.015 -36"><span class='ocrx_word' id='word_1_332' title='bbox 478 4042 607 4099; x_wconf 89' lang='lat' dir='ltr'><strong>deos</strong></span> <span class='ocrx_word' id='word_1_333' title='bbox 637 4057 873 4114; x_wconf 87' lang='lat' dir='ltr'><strong>vestros,</strong></span> <span class='ocrx_word' id='word_1_334' title='bbox 901 4051 991 4104; x_wconf 83' lang='lat' dir='ltr'><strong>sed</strong></span> <span class='ocrx_word' id='word_1_335' title='bbox 1019 4054 1236 4119; x_wconf 75' lang='lat' dir='ltr'><strong>gloriam</strong></span> <span class='ocrx_word' id='word_1_336' title='bbox 1269 4074 1281 4110; x_wconf 93' lang='lat'><strong>:</strong></span> <span class='ocrx_word' id='word_1_337' title='bbox 1315 4058 1363 4110; x_wconf 94' lang='lat' dir='ltr'><strong>id</strong></span> <span class='ocrx_word' id='word_1_338' title='bbox 1389 4068 1498 4125; x_wconf 88' lang='lat' dir='ltr'><strong>est,</strong></span> <span class='ocrx_word' id='word_1_339' title='bbox 1533 4060 1634 4125; x_wconf 92' lang='lat' dir='ltr'><strong>illi,</strong></span> <span class='ocrx_word' id='word_1_340' title='bbox 1681 4061 1884 4130; x_wconf 91' lang='lat' dir='ltr'><strong>inquit,</strong></span> <span class='ocrx_word' id='word_1_341' title='bbox 1928 4079 2047 4118; x_wconf 89' lang='lat' dir='ltr'><strong>cum</strong></span> 
     </span>
    </p>
   </div>
   <div class='ocr_carea' id='block_1_44' title="bbox 477 4135 2041 4214">
    <p class='ocr_par' dir='ltr' id='par_1_44' title="bbox 477 4135 2041 4214">
     <span class='ocr_line' id='line_1_44' title="bbox 477 4135 2041 4214; baseline 0.013 -27"><span class='ocrx_word' id='word_1_342' title='bbox 477 4135 701 4192; x_wconf 87' lang='lat' dir='ltr'><strong>adorent</strong></span> <span class='ocrx_word' id='word_1_343' title='bbox 730 4139 864 4194; x_wconf 89' lang='lat' dir='ltr'><strong>idola</strong></span> <span class='ocrx_word' id='word_1_344' title='bbox 886 4184 900 4208; x_wconf 89' lang='lat'><strong>,</strong></span> <span class='ocrx_word' id='word_1_345' title='bbox 933 4144 1215 4214; x_wconf 86' lang='lat' dir='ltr'><strong>colamque</strong></span> <span class='ocrx_word' id='word_1_346' title='bbox 1243 4147 1513 4202; x_wconf 57' lang='lat' dir='ltr'><strong>daemones</strong></span> <span class='ocrx_word' id='word_1_347' title='bbox 1533 4191 1546 4211; x_wconf 87' lang='lat'><strong>,</strong></span> <span class='ocrx_word' id='word_1_348' title='bbox 1580 4160 1685 4204; x_wconf 89' lang='lat' dir='ltr'><strong>tam</strong></span> <span class='ocrx_word' id='word_1_349' title='bbox 1717 4164 1963 4208; x_wconf 83' lang='lat' dir='ltr'><strong>conSIant</strong></span> <span class='ocrx_word' id='word_1_350' title='bbox 1989 4155 2041 4208; x_wconf 89' lang='lat' dir='ltr'><strong>in</strong></span> 
     </span>
    </p>
   </div>
   <div class='ocr_carea' id='block_1_45' title="bbox 476 4235 2050 4311">
    <p class='ocr_par' dir='ltr' id='par_1_45' title="bbox 476 4235 2050 4311">
     <span class='ocr_line' id='line_1_45' title="bbox 476 4235 2050 4311; baseline 0.011 -31"><span class='ocrx_word' id='word_1_351' title='bbox 476 4243 677 4293; x_wconf 88' lang='lat' dir='ltr'><strong>errore,</strong></span> <span class='ocrx_word' id='word_1_352' title='bbox 708 4241 764 4285; x_wconf 92' lang='lat' dir='ltr'><strong>ut</strong></span> <span class='ocrx_word' id='word_1_353' title='bbox 793 4248 861 4289; x_wconf 90' lang='lat' dir='ltr'><strong>ne</strong></span> <span class='ocrx_word' id='word_1_354' title='bbox 888 4235 1049 4289; x_wconf 90' lang='lat' dir='ltr'><strong>velint</strong></span> <span class='ocrx_word' id='word_1_355' title='bbox 1077 4237 1288 4305; x_wconf 86' lang='lat' dir='ltr'><strong>quidem</strong></span> <span class='ocrx_word' id='word_1_356' title='bbox 1322 4239 1404 4292; x_wconf 91' lang='lat' dir='ltr'><strong>illa</strong></span> <span class='ocrx_word' id='word_1_357' title='bbox 1437 4241 1756 4311; x_wconf 87' lang='lat' dir='ltr'><strong>relinquere,</strong></span> <span class='ocrx_word' id='word_1_358' title='bbox 1788 4253 1842 4297; x_wconf 89' lang='lat' dir='ltr'><strong>et</strong></span> <span class='ocrx_word' id='word_1_359' title='bbox 1867 4243 1932 4296; x_wconf 86' lang='lat' dir='ltr'><strong>ad</strong></span> <span class='ocrx_word' id='word_1_360' title='bbox 1961 4261 2050 4297; x_wconf 84' lang='lat' dir='ltr'><strong>ve-</strong></span> 
     </span>
    </p>
   </div>
   <div class='ocr_carea' id='block_1_46' title="bbox 479 4319 2049 4398">
    <p class='ocr_par' dir='ltr' id='par_1_46' title="bbox 479 4319 2049 4398">
     <span class='ocr_line' id='line_1_46' title="bbox 479 4319 2049 4398; baseline 0.011 -28"><span class='ocrx_word' id='word_1_361' title='bbox 479 4319 687 4375; x_wconf 82' lang='lat' dir='ltr'><strong>ritatem</strong></span> <span class='ocrx_word' id='word_1_362' title='bbox 734 4324 1080 4394; x_wconf 81' lang='lat' dir='ltr'><strong>transfugere.</strong></span> <span class='ocrx_word' id='word_1_363' title='bbox 1109 4327 1212 4381; x_wconf 87' lang='lat' dir='ltr'><strong>Vos</strong></span> <span class='ocrx_word' id='word_1_364' title='bbox 1249 4339 1423 4383; x_wconf 88' lang='lat' dir='ltr'><strong>autem</strong></span> <span class='ocrx_word' id='word_1_365' title='bbox 1469 4331 1557 4398; x_wconf 90' lang='lat' dir='ltr'><strong>qui</strong></span> <span class='ocrx_word' id='word_1_366' title='bbox 1607 4348 1786 4387; x_wconf 84' lang='lat' dir='ltr'><strong>verum</strong></span> <span class='ocrx_word' id='word_1_367' title='bbox 1817 4333 2049 4388; x_wconf 89' lang='lat' dir='ltr'><strong>adoratis</strong></span> 
     </span>
    </p>
   </div>
   <div class='ocr_carea' id='block_1_47' title="bbox 482 4408 2045 4488">
    <p class='ocr_par' dir='ltr' id='par_1_47' title="bbox 482 4408 2045 4488">
     <span class='ocr_line' id='line_1_47' title="bbox 482 4408 2045 4488; baseline 0.015 -31"><span class='ocrx_word' id='word_1_368' title='bbox 482 4408 667 4473; x_wconf 84' lang='lat' dir='ltr'><strong>Deum,</strong></span> <span class='ocrx_word' id='word_1_369' title='bbox 695 4413 875 4466; x_wconf 88' lang='lat' dir='ltr'><strong>relicta</strong></span> <span class='ocrx_word' id='word_1_370' title='bbox 908 4415 1164 4483; x_wconf 68' lang='lat' dir='ltr'><strong>majorum</strong></span> <span class='ocrx_word' id='word_1_371' title='bbox 1193 4419 1466 4488; x_wconf 83' lang='lat' dir='ltr'><strong>religione,</strong></span> <span class='ocrx_word' id='word_1_372' title='bbox 1496 4421 1634 4476; x_wconf 89' lang='lat' dir='ltr'><strong>ultro</strong></span> <span class='ocrx_word' id='word_1_373' title='bbox 1659 4423 1724 4477; x_wconf 88' lang='lat' dir='ltr'><strong>ad</strong></span> <span class='ocrx_word' id='word_1_374' title='bbox 1755 4425 1923 4479; x_wconf 86' lang='lat' dir='ltr'><strong>aliena</strong></span> <span class='ocrx_word' id='word_1_375' title='bbox 1951 4425 2045 4480; x_wconf 90' lang='lat' dir='ltr'><strong>de-</strong></span> 
     </span>
    </p>
   </div>
   <div class='ocr_carea' id='block_1_48' title="bbox 479 4496 2048 4580">
    <p class='ocr_par' dir='ltr' id='par_1_48' title="bbox 479 4496 2048 4580">
     <span class='ocr_line' id='line_1_48' title="bbox 479 4496 2048 4580; baseline 0.012 -30"><span class='ocrx_word' id='word_1_376' title='bbox 479 4496 709 4564; x_wconf 84' lang='lat' dir='ltr'><strong>fecistis;</strong></span> <span class='ocrx_word' id='word_1_377' title='bbox 740 4516 908 4570; x_wconf 88' lang='lat' dir='ltr'><strong>neque</strong></span> <span class='ocrx_word' id='word_1_378' title='bbox 938 4513 1136 4558; x_wconf 89' lang='lat' dir='ltr'><strong>tantum</strong></span> <span class='ocrx_word' id='word_1_379' title='bbox 1167 4508 1426 4576; x_wconf 77' lang='lat' dir='ltr'><strong>religiosa:</strong></span> <span class='ocrx_word' id='word_1_380' title='bbox 1470 4513 1663 4565; x_wconf 91' lang='lat' dir='ltr'><strong>mentis</strong></span> <span class='ocrx_word' id='word_1_381' title='bbox 1693 4515 1951 4580; x_wconf 65' lang='lat' dir='ltr'><strong>praestatis</strong></span> <span class='ocrx_word' id='word_1_382' title='bbox 1997 4517 2048 4570; x_wconf 92' lang='lat' dir='ltr'><strong>in</strong></span> 
     </span>
    </p>
   </div>
   <div class='ocr_carea' id='block_1_49' title="bbox 477 4591 2049 4664">
    <p class='ocr_par' dir='ltr' id='par_1_49' title="bbox 477 4591 2049 4664">
     <span class='ocr_line' id='line_1_49' title="bbox 477 4591 2049 4664; baseline 0.012 -23"><span class='ocrx_word' id='word_1_383' title='bbox 477 4591 718 4653; x_wconf 85' lang='lat' dir='ltr'><strong>veritate,</strong></span> <span class='ocrx_word' id='word_1_384' title='bbox 743 4604 996 4660; x_wconf 88' lang='lat' dir='ltr'><strong>quantum</strong></span> <span class='ocrx_word' id='word_1_385' title='bbox 1022 4597 1093 4649; x_wconf 85' lang='lat' dir='ltr'><strong>illi</strong></span> <span class='ocrx_word' id='word_1_386' title='bbox 1117 4607 1365 4664; x_wconf 70' lang='lat' dir='ltr'><strong>praestant</strong></span> <span class='ocrx_word' id='word_1_387' title='bbox 1394 4601 1444 4653; x_wconf 94' lang='lat' dir='ltr'><strong>in</strong></span> <span class='ocrx_word' id='word_1_388' title='bbox 1469 4618 1568 4655; x_wconf 83' lang='lat' dir='ltr'><strong>suo</strong></span> <span class='ocrx_word' id='word_1_389' title='bbox 1593 4619 1792 4659; x_wconf 89' lang='lat' dir='ltr'><strong>errore.</strong></span> <span class='ocrx_word' id='word_1_390' title='bbox 1821 4601 2049 4660; x_wconf 86' lang='lat' dir='ltr'><strong>Proinde</strong></span> 
     </span>
    </p>
   </div>
   <div class='ocr_carea' id='block_1_50' title="bbox 476 4681 2049 4756">
    <p class='ocr_par' dir='ltr' id='par_1_50' title="bbox 476 4681 2049 4756">
     <span class='ocr_line' id='line_1_50' title="bbox 476 4681 2049 4756; baseline 0.011 -22"><span class='ocrx_word' id='word_1_391' title='bbox 476 4681 605 4736; x_wconf 87' lang='lat' dir='ltr'><strong>dicit</strong></span> <span class='ocrx_word' id='word_1_392' title='bbox 632 4700 646 4735; x_wconf 91' lang='lat'><strong>:</strong></span> <span class='ocrx_word' id='word_1_393' title='bbox 673 4683 733 4737; x_wconf 87' lang='lat' dir='ltr'><strong>Si</strong></span> <span class='ocrx_word' id='word_1_394' title='bbox 757 4686 898 4740; x_wconf 83' lang='lat' dir='ltr'><strong>istius</strong></span> <span class='ocrx_word' id='word_1_395' title='bbox 923 4689 1058 4741; x_wconf 87' lang='lat' dir='ltr'><strong>modi</strong></span> <span class='ocrx_word' id='word_1_396' title='bbox 1077 4690 1212 4756; x_wconf 75' lang='lat' dir='ltr'><strong>facta</strong></span> <span class='ocrx_word' id='word_1_397' title='bbox 1229 4701 1368 4756; x_wconf 88' lang='lat' dir='ltr'><strong>sunt,</strong></span> <span class='ocrx_word' id='word_1_398' title='bbox 1389 4692 1430 4744; x_wconf 90' lang='lat' dir='ltr'><strong>si</strong></span> <span class='ocrx_word' id='word_1_399' title='bbox 1456 4699 1713 4748; x_wconf 88' lang='lat' dir='ltr'><strong>mutabunt</strong></span> <span class='ocrx_word' id='word_1_400' title='bbox 1735 4694 1912 4751; x_wconf 84' lang='lat' dir='ltr'><strong>Gentes</strong></span> <span class='ocrx_word' id='word_1_401' title='bbox 1931 4698 2049 4752; x_wconf 87' lang='lat' dir='ltr'><strong>deos</strong></span> 
     </span>
    </p>
   </div>
   <div class='ocr_carea' id='block_1_51' title="bbox 475 4776 2049 4856">
    <p class='ocr_par' dir='ltr' id='par_1_51' title="bbox 475 4776 2049 4856">
     <span class='ocr_line' id='line_1_51' title="bbox 475 4776 2049 4856; baseline 0.01 -31"><span class='ocrx_word' id='word_1_402' title='bbox 475 4787 594 4827; x_wconf 84' lang='lat' dir='ltr'><strong>suos</strong></span> <span class='ocrx_word' id='word_1_403' title='bbox 613 4814 628 4838; x_wconf 90' lang='lat'><strong>,</strong></span> <span class='ocrx_word' id='word_1_404' title='bbox 675 4784 720 4829; x_wconf 85' lang='lat' dir='ltr'><strong>et</strong></span> <span class='ocrx_word' id='word_1_405' title='bbox 756 4776 838 4830; x_wconf 89' lang='lat' dir='ltr'><strong>isti</strong></span> <span class='ocrx_word' id='word_1_406' title='bbox 877 4794 974 4830; x_wconf 83' lang='lat' dir='ltr'><strong>nou</strong></span> <span class='ocrx_word' id='word_1_407' title='bbox 1009 4789 1125 4832; x_wconf 86' lang='lat' dir='ltr'><strong>sunt</strong></span> <span class='ocrx_word' id='word_1_408' title='bbox 1150 4779 1220 4832; x_wconf 87' lang='lat' dir='ltr'><strong>dii</strong></span> <span class='ocrx_word' id='word_1_409' title='bbox 1243 4796 1260 4833; x_wconf 92' lang='lat'><strong><em>:</em></strong></span> <span class='ocrx_word' id='word_1_410' title='bbox 1287 4798 1368 4834; x_wconf 87' lang='lat' dir='ltr'><strong>vos</strong></span> <span class='ocrx_word' id='word_1_411' title='bbox 1397 4791 1562 4836; x_wconf 89' lang='lat' dir='ltr'><strong>autem</strong></span> <span class='ocrx_word' id='word_1_412' title='bbox 1584 4787 1812 4839; x_wconf 79' lang='lat' dir='ltr'><strong>mutastis</strong></span> <span class='ocrx_word' id='word_1_413' title='bbox 1837 4788 2049 4856; x_wconf 86' lang='lat' dir='ltr'><strong>gloriam</strong></span> 
     </span>
    </p>
   </div>
   <div class='ocr_carea' id='block_1_52' title="bbox 477 4867 2046 4946">
    <p class='ocr_par' dir='ltr' id='par_1_52' title="bbox 477 4867 2046 4946">
     <span class='ocr_line' id='line_1_52' title="bbox 477 4867 2046 4946; baseline 0.009 -30"><span class='ocrx_word' id='word_1_414' title='bbox 477 4875 709 4930; x_wconf 77' lang='lat' dir='ltr'><strong>vestram,</strong></span> <span class='ocrx_word' id='word_1_415' title='bbox 735 4867 868 4920; x_wconf 84' lang='lat' dir='ltr'><strong>unde</strong></span> <span class='ocrx_word' id='word_1_416' title='bbox 890 4867 1080 4922; x_wconf 87' lang='lat' dir='ltr'><strong>nullam</strong></span> <span class='ocrx_word' id='word_1_417' title='bbox 1107 4871 1311 4936; x_wconf 79' lang='lat' dir='ltr'><strong>capietis</strong></span> <span class='ocrx_word' id='word_1_418' title='bbox 1335 4871 1598 4925; x_wconf 82' lang='lat' dir='ltr'><strong>utilitatem</strong></span> <span class='ocrx_word' id='word_1_419' title='bbox 1627 4874 1646 4945; x_wconf 91' lang='lat'>(</span> <span class='ocrx_word' id='word_1_420' title='bbox 1666 4874 1715 4927; x_wconf 85' lang='grc' dir='ltr'><em>Μ</em></span> <span class='ocrx_word' id='word_1_421' title='bbox 1723 4875 1855 4928; x_wconf 79' lang='lat' dir='ltr'><strong>alae.</strong></span> <span class='ocrx_word' id='word_1_422' title='bbox 1885 4877 1936 4930; x_wconf 83' lang='grc'><strong>5.</strong></span> <span class='ocrx_word' id='word_1_423' title='bbox 1961 4876 2046 4946; x_wconf 82' lang='grc'><strong>6).</strong></span> 
     </span>
    </p>
   </div>
   <div class='ocr_carea' id='block_1_53' title="bbox 475 4951 2046 5023">
    <p class='ocr_par' dir='ltr' id='par_1_53' title="bbox 475 4951 2046 5023">
     <span class='ocr_line' id='line_1_53' title="bbox 475 4951 2046 5023; baseline 0.009 -16"><span class='ocrx_word' id='word_1_424' title='bbox 475 4951 592 5008; x_wconf 85' lang='lat' dir='ltr'><strong>Non</strong></span> <span class='ocrx_word' id='word_1_425' title='bbox 637 4955 800 5023; x_wconf 82' lang='lat' dir='ltr'><strong>dixit,</strong></span> <span class='ocrx_word' id='word_1_426' title='bbox 843 4959 1085 5013; x_wconf 89' lang='lat' dir='ltr'><strong>mutastis</strong></span> <span class='ocrx_word' id='word_1_427' title='bbox 1123 4959 1286 5014; x_wconf 87' lang='lat' dir='ltr'><strong>Deum</strong></span> <span class='ocrx_word' id='word_1_428' title='bbox 1313 4971 1543 5017; x_wconf 87' lang='lat' dir='ltr'><strong>vestrum</strong></span> <span class='ocrx_word' id='word_1_429' title='bbox 1569 4980 1583 5017; x_wconf 88' lang='lat'><strong>:</strong></span> <span class='ocrx_word' id='word_1_430' title='bbox 1613 4964 1750 5018; x_wconf 90' lang='lat' dir='ltr'><strong>Deus</strong></span> <span class='ocrx_word' id='word_1_431' title='bbox 1775 4966 1915 5019; x_wconf 91' lang='lat' dir='ltr'><strong>enim</strong></span> <span class='ocrx_word' id='word_1_432' title='bbox 1945 4983 2046 5021; x_wconf 93' lang='lat' dir='ltr'><strong>non</strong></span> 
     </span>
    </p>
   </div>
   <div class='ocr_carea' id='block_1_54' title="bbox 475 5049 2046 5126">
    <p class='ocr_par' dir='ltr' id='par_1_54' title="bbox 475 5049 2046 5126">
     <span class='ocr_line' id='line_1_54' title="bbox 475 5049 2046 5126; baseline 0.01 -28"><span class='ocrx_word' id='word_1_433' title='bbox 475 5053 712 5100; x_wconf 87' lang='lat' dir='ltr'><strong>mutatur</strong></span> <span class='ocrx_word' id='word_1_434' title='bbox 738 5065 751 5100; x_wconf 94' lang='lat'>:</span> <span class='ocrx_word' id='word_1_435' title='bbox 783 5049 900 5115; x_wconf 89' lang='lat' dir='ltr'><strong>sed,</strong></span> <span class='ocrx_word' id='word_1_436' title='bbox 932 5049 1166 5106; x_wconf 77' lang='lat' dir='ltr'><strong>Mutastis</strong></span> <span class='ocrx_word' id='word_1_437' title='bbox 1199 5053 1412 5124; x_wconf 85' lang='lat' dir='ltr'><strong>gloriam</strong></span> <span class='ocrx_word' id='word_1_438' title='bbox 1441 5065 1672 5110; x_wconf 84' lang='lat' dir='ltr'><strong>vestram.</strong></span> <span class='ocrx_word' id='word_1_439' title='bbox 1703 5055 1882 5126; x_wconf 83' lang='lat' dir='ltr'><strong>Neque</strong></span> <span class='ocrx_word' id='word_1_440' title='bbox 1905 5059 2046 5113; x_wconf 90' lang='lat' dir='ltr'><strong>enim</strong></span> 
     </span>
    </p>
   </div>
   <div class='ocr_carea' id='block_1_55' title="bbox 478 5137 2044 5215">
    <p class='ocr_par' dir='ltr' id='par_1_55' title="bbox 478 5137 2044 5215">
     <span class='ocr_line' id='line_1_55' title="bbox 478 5137 2044 5215; baseline 0.008 -27"><span class='ocrx_word' id='word_1_441' title='bbox 478 5153 563 5189; x_wconf 78' lang='lat' dir='ltr'><strong>nte</strong></span> <span class='ocrx_word' id='word_1_442' title='bbox 593 5137 824 5204; x_wconf 72' lang='lat' dir='ltr'><strong>ltesistis,</strong></span> <span class='ocrx_word' id='word_1_443' title='bbox 855 5137 1059 5210; x_wconf 86' lang='lat' dir='ltr'><strong>inquit;</strong></span> <span class='ocrx_word' id='word_1_444' title='bbox 1092 5157 1260 5212; x_wconf 89' lang='lat' dir='ltr'><strong>neque</strong></span> <span class='ocrx_word' id='word_1_445' title='bbox 1282 5144 1383 5197; x_wconf 90' lang='lat' dir='ltr'><strong>ulla</strong></span> <span class='ocrx_word' id='word_1_446' title='bbox 1409 5161 1543 5198; x_wconf 83' lang='lat' dir='ltr'><strong>noxa</strong></span> <span class='ocrx_word' id='word_1_447' title='bbox 1574 5145 1638 5198; x_wconf 90' lang='lat' dir='ltr'><strong>ad</strong></span> <span class='ocrx_word' id='word_1_448' title='bbox 1662 5162 1746 5200; x_wconf 89' lang='lat' dir='ltr'><strong>me</strong></span> <span class='ocrx_word' id='word_1_449' title='bbox 1768 5148 2007 5215; x_wconf 86' lang='lat' dir='ltr'><strong>pervenit</strong></span> <span class='ocrx_word' id='word_1_450' title='bbox 2033 5165 2044 5201; x_wconf 90' lang='lat'><strong>:</strong></span> 
     </span>
    </p>
   </div>
   <div class='ocr_carea' id='block_1_56' title="bbox 479 5227 2048 5306">
    <p class='ocr_par' dir='ltr' id='par_1_56' title="bbox 479 5227 2048 5306">
     <span class='ocr_line' id='line_1_56' title="bbox 479 5227 2048 5306; baseline 0.01 -30"><span class='ocrx_word' id='word_1_451' title='bbox 479 5227 832 5298; x_wconf 80' lang='lat' dir='ltr'><strong>vosmetipsos</strong></span> <span class='ocrx_word' id='word_1_452' title='bbox 859 5229 1108 5286; x_wconf 81' lang='lat' dir='ltr'><strong>all&#39;ecistis</strong></span> <span class='ocrx_word' id='word_1_453' title='bbox 1137 5233 1452 5304; x_wconf 88' lang='lat' dir='ltr'><strong>ignominia;</strong></span> <span class='ocrx_word' id='word_1_454' title='bbox 1487 5252 1656 5290; x_wconf 79' lang='lat' dir='ltr'><strong>meam</strong></span> <span class='ocrx_word' id='word_1_455' title='bbox 1693 5237 1911 5306; x_wconf 77' lang='lat' dir='ltr'><strong>gloriam</strong></span> <span class='ocrx_word' id='word_1_456' title='bbox 1944 5255 2048 5292; x_wconf 92' lang='lat' dir='ltr'><strong>non</strong></span> 
     </span>
    </p>
   </div>
   <div class='ocr_carea' id='block_1_57' title="bbox 481 5318 2051 5393">
    <p class='ocr_par' dir='ltr' id='par_1_57' title="bbox 481 5318 2051 5393">
     <span class='ocr_line' id='line_1_57' title="bbox 481 5318 2051 5393; baseline 0.007 -21"><span class='ocrx_word' id='word_1_457' title='bbox 481 5318 838 5382; x_wconf 87' lang='lat' dir='ltr'><strong>imminuistis,</strong></span> <span class='ocrx_word' id='word_1_458' title='bbox 871 5322 962 5375; x_wconf 88' lang='lat' dir='ltr'><strong>sed</strong></span> <span class='ocrx_word' id='word_1_459' title='bbox 995 5333 1242 5378; x_wconf 85' lang='lat' dir='ltr'><strong>vestram.</strong></span> <span class='ocrx_word' id='word_1_460' title='bbox 1291 5324 1578 5388; x_wconf 84' lang='lat' dir='ltr'><strong>Concedite</strong></span> <span class='ocrx_word' id='word_1_461' title='bbox 1621 5343 1748 5382; x_wconf 89' lang='lat' dir='ltr'><strong>sane</strong></span> <span class='ocrx_word' id='word_1_462' title='bbox 1797 5329 1944 5393; x_wconf 88' lang='lat' dir='ltr'><strong>mihi,</strong></span> <span class='ocrx_word' id='word_1_463' title='bbox 1995 5339 2051 5383; x_wconf 91' lang='lat' dir='ltr'><strong>ut</strong></span> 
     </span>
    </p>
   </div>
   <div class='ocr_carea' id='block_1_58' title="bbox 481 5409 2048 5480">
    <p class='ocr_par' dir='ltr' id='par_1_58' title="bbox 481 5409 2048 5480">
     <span class='ocr_line' id='line_1_58' title="bbox 481 5409 2048 5480; baseline 0.006 -16"><span class='ocrx_word' id='word_1_464' title='bbox 481 5409 623 5466; x_wconf 89' lang='lat' dir='ltr'><strong>hunc</strong></span> <span class='ocrx_word' id='word_1_465' title='bbox 663 5425 964 5466; x_wconf 86' lang='lat' dir='ltr'><strong>sermonem</strong></span> <span class='ocrx_word' id='word_1_466' title='bbox 1011 5415 1166 5468; x_wconf 87' lang='lat' dir='ltr'><strong>etiam</strong></span> <span class='ocrx_word' id='word_1_467' title='bbox 1198 5414 1261 5467; x_wconf 89' lang='lat' dir='ltr'><strong>ad</strong></span> <span class='ocrx_word' id='word_1_468' title='bbox 1294 5424 1502 5469; x_wconf 86' lang='lat' dir='ltr'><strong>nostros</strong></span> <span class='ocrx_word' id='word_1_469' title='bbox 1545 5417 1972 5480; x_wconf 87' lang='lat' dir='ltr'><strong>accommodem;</strong></span> <span class='ocrx_word' id='word_1_470' title='bbox 2005 5421 2048 5473; x_wconf 92' lang='lat' dir='ltr'><strong>si</strong></span> 
     </span>
    </p>
   </div>
   <div class='ocr_carea' id='block_1_59' title="bbox 486 5505 2048 5578">
    <p class='ocr_par' dir='ltr' id='par_1_59' title="bbox 486 5505 2048 5578">
     <span class='ocr_line' id='line_1_59' title="bbox 486 5505 2048 5578; baseline 0.004 -20"><span class='ocrx_word' id='word_1_471' title='bbox 486 5518 655 5558; x_wconf 88' lang='lat' dir='ltr'><strong>tamen</strong></span> <span class='ocrx_word' id='word_1_472' title='bbox 690 5520 782 5573; x_wconf 90' lang='lat' dir='ltr'><strong>par</strong></span> <span class='ocrx_word' id='word_1_473' title='bbox 822 5514 903 5558; x_wconf 90' lang='lat' dir='ltr'><strong>cst</strong></span> <span class='ocrx_word' id='word_1_474' title='bbox 931 5505 1051 5561; x_wconf 89' lang='lat' dir='ltr'><strong>illos</strong></span> <span class='ocrx_word' id='word_1_475' title='bbox 1076 5507 1341 5576; x_wconf 86' lang='lat' dir='ltr'><strong>appellare</strong></span> <span class='ocrx_word' id='word_1_476' title='bbox 1387 5519 1597 5562; x_wconf 90' lang='lat' dir='ltr'><strong>nostros</strong></span> <span class='ocrx_word' id='word_1_477' title='bbox 1619 5551 1632 5574; x_wconf 94' lang='lat'><strong>,</strong></span> <span class='ocrx_word' id='word_1_478' title='bbox 1667 5511 1754 5578; x_wconf 91' lang='lat' dir='ltr'><strong>qni</strong></span> <span class='ocrx_word' id='word_1_479' title='bbox 1789 5526 1909 5564; x_wconf 89' lang='lat' dir='ltr'><strong>cum</strong></span> <span class='ocrx_word' id='word_1_480' title='bbox 1944 5511 2048 5565; x_wconf 85' lang='lat' dir='ltr'><strong>illis</strong></span> 
     </span>
    </p>
   </div>
   <div class='ocr_carea' id='block_1_60' title="bbox 481 5589 2051 5670">
    <p class='ocr_par' dir='ltr' id='par_1_60' title="bbox 481 5589 2051 5670">
     <span class='ocr_line' id='line_1_60' title="bbox 481 5589 2051 5670; baseline 0.004 -22"><span class='ocrx_word' id='word_1_481' title='bbox 481 5589 744 5652; x_wconf 81' lang='lat' dir='ltr'><strong>sentiunt.</strong></span> <span class='ocrx_word' id='word_1_482' title='bbox 782 5595 936 5652; x_wconf 82' lang='lat' dir='ltr'><strong>Abite</strong></span> <span class='ocrx_word' id='word_1_483' title='bbox 984 5598 1034 5650; x_wconf 93' lang='lat' dir='ltr'><strong>in</strong></span> <span class='ocrx_word' id='word_1_484' title='bbox 1076 5597 1376 5670; x_wconf 79' lang='lat' dir='ltr'><strong>Synagogas</strong></span> <span class='ocrx_word' id='word_1_485' title='bbox 1407 5608 1457 5654; x_wconf 91' lang='lat' dir='ltr'><strong>et</strong></span> <span class='ocrx_word' id='word_1_486' title='bbox 1488 5599 1661 5654; x_wconf 87' lang='lat' dir='ltr'><strong>videte</strong></span> <span class='ocrx_word' id='word_1_487' title='bbox 1682 5641 1697 5668; x_wconf 90' lang='lat'><strong>,</strong></span> <span class='ocrx_word' id='word_1_488' title='bbox 1729 5615 1850 5655; x_wconf 90' lang='lat' dir='ltr'><strong>num</strong></span> <span class='ocrx_word' id='word_1_489' title='bbox 1882 5599 2051 5656; x_wconf 72' lang='grc' dir='ltr'>,ιιιόωί</span> 
     </span>
    </p>
   </div>
   <div class='ocr_carea' id='block_1_61' title="bbox 1147 217 3008 298">
    <p class='ocr_par' dir='ltr' id='par_1_61' title="bbox 1147 217 3008 298">
     <span class='ocr_line' id='line_1_61' title="bbox 1147 217 3008 298; baseline 0.012 -24"><span class='ocrx_word' id='word_1_490' title='bbox 1147 217 1207 274; x_wconf 89' lang='lat' dir='ltr'><strong>S.</strong></span> <span class='ocrx_word' id='word_1_491' title='bbox 1255 219 1536 279; x_wconf 71' lang='lat' dir='ltr'><strong>JOANNIS</strong></span> <span class='ocrx_word' id='word_1_492' title='bbox 1593 225 2089 293; x_wconf 80' lang='lat' dir='ltr'><strong>CllRYSOSTOMI</strong></span> <span class='ocrx_word' id='word_1_493' title='bbox 2127 235 2441 294; x_wconf 73' lang='lat' dir='ltr'><strong>ARCHIEP.</strong></span> <span class='ocrx_word' id='word_1_494' title='bbox 2481 237 3008 298; x_wconf 75' lang='lat' dir='ltr'><strong>CONSTANTINOP.</strong></span> 
     </span>
    </p>
   </div>
   <div class='ocr_carea' id='block_1_62' title="bbox 3564 263 3642 319">
    <p class='ocr_par' dir='ltr' id='par_1_62' title="bbox 3564 263 3642 319">
     <span class='ocr_line' id='line_1_62' title="bbox 3564 263 3642 319; baseline 0.026 -2"><span class='ocrx_word' id='word_1_495' title='bbox 3564 263 3642 319; x_wconf 68' lang='grc'><strong>870</strong></span> 
     </span>
    </p>
   </div>
   <div class='ocr_carea' id='block_1_63' title="bbox 2171 345 3644 426">
    <p class='ocr_par' dir='ltr' id='par_1_63' title="bbox 2171 345 3644 426">
     <span class='ocr_line' id='line_1_63' title="bbox 2171 345 3644 426; baseline 0.008 -26"><span class='ocrx_word' id='word_1_496' title='bbox 2171 349 2420 402; x_wconf 87' lang='lat' dir='ltr'><strong>mutarint</strong></span> <span class='ocrx_word' id='word_1_497' title='bbox 2443 364 2598 403; x_wconf 90' lang='lat' dir='ltr'><strong>suum</strong></span> <span class='ocrx_word' id='word_1_498' title='bbox 2623 345 2910 420; x_wconf 75' lang='lat' dir='ltr'><strong>jejunium,</strong></span> <span class='ocrx_word' id='word_1_499' title='bbox 2944 369 3069 408; x_wconf 84' lang='lat' dir='ltr'><strong>num</strong></span> <span class='ocrx_word' id='word_1_500' title='bbox 3095 355 3168 409; x_wconf 90' lang='lat' dir='ltr'><strong>illi</strong></span> <span class='ocrx_word' id='word_1_501' title='bbox 3197 356 3293 410; x_wconf 90' lang='lat' dir='ltr'><strong>sub</strong></span> <span class='ocrx_word' id='word_1_502' title='bbox 3316 359 3483 420; x_wconf 79' lang='lat' dir='ltr'><strong>Pascha</strong></span> <span class='ocrx_word' id='word_1_503' title='bbox 3505 373 3644 426; x_wconf 65' lang='lat' dir='ltr'><strong>nobis.</strong></span> 
     </span>
    </p>
   </div>
   <div class='ocr_carea' id='block_1_64' title="bbox 2164 438 3652 520">
    <p class='ocr_par' dir='ltr' id='par_1_64' title="bbox 2164 438 3652 520">
     <span class='ocr_line' id='line_1_64' title="bbox 2164 438 3652 520; baseline 0.015 -31"><span class='ocrx_word' id='word_1_504' title='bbox 2164 450 2284 490; x_wconf 90' lang='lat' dir='ltr'><strong>cum</strong></span> <span class='ocrx_word' id='word_1_505' title='bbox 2315 438 2634 494; x_wconf 87' lang='lat' dir='ltr'><strong>oelebrarint</strong></span> <span class='ocrx_word' id='word_1_506' title='bbox 2667 441 2946 509; x_wconf 84' lang='lat' dir='ltr'><strong>jejunium,</strong></span> <span class='ocrx_word' id='word_1_507' title='bbox 2975 457 3100 498; x_wconf 88' lang='lat' dir='ltr'><strong>num</strong></span> <span class='ocrx_word' id='word_1_508' title='bbox 3128 444 3227 500; x_wconf 87' lang='lat' dir='ltr'><strong>hoc</strong></span> <span class='ocrx_word' id='word_1_509' title='bbox 3252 447 3330 502; x_wconf 90' lang='lat' dir='ltr'><strong>die</strong></span> <span class='ocrx_word' id='word_1_510' title='bbox 3354 467 3560 520; x_wconf 84' lang='lat' dir='ltr'><strong>umquam</strong></span> <span class='ocrx_word' id='word_1_511' title='bbox 3581 476 3652 512; x_wconf 84' lang='lat' dir='ltr'><strong>eo-</strong></span> 
     </span>
    </p>
   </div>
   <div class='ocr_carea' id='block_1_65' title="bbox 2166 529 3652 616">
    <p class='ocr_par' dir='ltr' id='par_1_65' title="bbox 2166 529 3652 616">
     <span class='ocr_line' id='line_1_65' title="bbox 2166 529 3652 616; baseline 0.015 -36"><span class='ocrx_word' id='word_1_512' title='bbox 2166 529 2443 583; x_wconf 89' lang='lat' dir='ltr'><strong>mederint.</strong></span> <span class='ocrx_word' id='word_1_513' title='bbox 2488 533 2643 600; x_wconf 87' lang='lat' dir='ltr'><strong>Atqui</strong></span> <span class='ocrx_word' id='word_1_514' title='bbox 2692 532 2792 586; x_wconf 90' lang='lat' dir='ltr'><strong>hoc</strong></span> <span class='ocrx_word' id='word_1_515' title='bbox 2837 547 2944 588; x_wconf 86' lang='lat' dir='ltr'><strong>non</strong></span> <span class='ocrx_word' id='word_1_516' title='bbox 2988 543 3072 589; x_wconf 87' lang='lat' dir='ltr'><strong>est</strong></span> <span class='ocrx_word' id='word_1_517' title='bbox 3117 535 3397 605; x_wconf 87' lang='lat' dir='ltr'><strong>jejunium,</strong></span> <span class='ocrx_word' id='word_1_518' title='bbox 3437 545 3515 598; x_wconf 84' lang='lat' dir='ltr'><strong>sed</strong></span> <span class='ocrx_word' id='word_1_519' title='bbox 3552 548 3652 616; x_wconf 83' lang='lat' dir='ltr'><strong>legis</strong></span> 
     </span>
    </p>
   </div>
   <div class='ocr_carea' id='block_1_66' title="bbox 2167 619 3655 693">
    <p class='ocr_par' dir='ltr' id='par_1_66' title="bbox 2167 619 3655 693">
     <span class='ocr_line' id='line_1_66' title="bbox 2167 619 3655 693; baseline 0.018 -28"><span class='ocrx_word' id='word_1_520' title='bbox 2167 619 2553 688; x_wconf 78' lang='lat' dir='ltr'><strong>transgressio,</strong></span> <span class='ocrx_word' id='word_1_521' title='bbox 2597 621 2688 674; x_wconf 89' lang='lat' dir='ltr'><strong>sed</strong></span> <span class='ocrx_word' id='word_1_522' title='bbox 2732 635 2903 688; x_wconf 88' lang='lat' dir='ltr'><strong>error,</strong></span> <span class='ocrx_word' id='word_1_523' title='bbox 2928 623 3024 677; x_wconf 90' lang='lat' dir='ltr'><strong>sed</strong></span> <span class='ocrx_word' id='word_1_524' title='bbox 3064 635 3326 693; x_wconf 84' lang='lat' dir='ltr'><strong>peccatum</strong></span> <span class='ocrx_word' id='word_1_525' title='bbox 3351 639 3576 688; x_wconf 84' lang='lat' dir='ltr'><strong>:attameu</strong></span> <span class='ocrx_word' id='word_1_526' title='bbox 3598 640 3655 692; x_wconf 85' lang='lat' dir='ltr'><strong>illi</strong></span> 
     </span>
    </p>
   </div>
   <div class='ocr_carea' id='block_1_67' title="bbox 2165 712 3656 792">
    <p class='ocr_par' dir='ltr' id='par_1_67' title="bbox 2165 712 3656 792">
     <span class='ocr_line' id='line_1_67' title="bbox 2165 712 3656 792; baseline 0.013 -32"><span class='ocrx_word' id='word_1_527' title='bbox 2165 719 2448 777; x_wconf 87' lang='lat' dir='ltr'><strong>numquam</strong></span> <span class='ocrx_word' id='word_1_528' title='bbox 2497 719 2787 764; x_wconf 86' lang='lat' dir='ltr'><strong>mutarunt.</strong></span> <span class='ocrx_word' id='word_1_529' title='bbox 2841 712 2949 766; x_wconf 78' lang='lat' dir='ltr'><strong>Vos</strong></span> <span class='ocrx_word' id='word_1_530' title='bbox 2997 724 3172 767; x_wconf 88' lang='lat' dir='ltr'><strong>autem</strong></span> <span class='ocrx_word' id='word_1_531' title='bbox 3224 721 3444 774; x_wconf 87' lang='lat' dir='ltr'><strong>mutastis</strong></span> <span class='ocrx_word' id='word_1_532' title='bbox 3481 723 3656 792; x_wconf 81' lang='lat' dir='ltr'><strong>gloriam</strong></span> 
     </span>
    </p>
   </div>
   <div class='ocr_carea' id='block_1_68' title="bbox 2163 799 3660 873">
    <p class='ocr_par' dir='ltr' id='par_1_68' title="bbox 2163 799 3660 873">
     <span class='ocr_line' id='line_1_68' title="bbox 2163 799 3660 873; baseline 0.013 -23"><span class='ocrx_word' id='word_1_533' title='bbox 2163 807 2416 863; x_wconf 87' lang='lat' dir='ltr'><strong>vestram,</strong></span> <span class='ocrx_word' id='word_1_534' title='bbox 2449 801 2587 853; x_wconf 90' lang='lat' dir='ltr'><strong>unde</strong></span> <span class='ocrx_word' id='word_1_535' title='bbox 2616 799 2744 853; x_wconf 74' lang='lat' dir='ltr'><strong>nihil</strong></span> <span class='ocrx_word' id='word_1_536' title='bbox 2775 802 3014 856; x_wconf 88' lang='lat' dir='ltr'><strong>utilitatis</strong></span> <span class='ocrx_word' id='word_1_537' title='bbox 3037 804 3254 873; x_wconf 85' lang='lat' dir='ltr'><strong>capietis</strong></span> <span class='ocrx_word' id='word_1_538' title='bbox 3277 848 3290 869; x_wconf 89' lang='lat'><strong>,</strong></span> <span class='ocrx_word' id='word_1_539' title='bbox 3316 818 3363 861; x_wconf 91' lang='lat' dir='ltr'><strong>et</strong></span> <span class='ocrx_word' id='word_1_540' title='bbox 3390 809 3511 865; x_wconf 87' lang='lat' dir='ltr'><strong>ultro</strong></span> <span class='ocrx_word' id='word_1_541' title='bbox 3534 816 3588 867; x_wconf 87' lang='lat' dir='ltr'><strong>ad</strong></span> <span class='ocrx_word' id='word_1_542' title='bbox 3608 818 3660 870; x_wconf 88' lang='lat' dir='ltr'><strong>il-</strong></span> 
     </span>
    </p>
   </div>
   <div class='ocr_carea' id='block_1_69' title="bbox 2164 888 3659 967">
    <p class='ocr_par' dir='ltr' id='par_1_69' title="bbox 2164 888 3659 967">
     <span class='ocr_line' id='line_1_69' title="bbox 2164 888 3659 967; baseline 0.013 -25"><span class='ocrx_word' id='word_1_543' title='bbox 2164 888 2330 943; x_wconf 90' lang='lat' dir='ltr'><strong>lorum</strong></span> <span class='ocrx_word' id='word_1_544' title='bbox 2363 890 2494 944; x_wconf 90' lang='lat' dir='ltr'><strong>ritus</strong></span> <span class='ocrx_word' id='word_1_545' title='bbox 2521 891 2836 945; x_wconf 90' lang='lat' dir='ltr'><strong>descivistis.</strong></span> <span class='ocrx_word' id='word_1_546' title='bbox 2865 893 3084 960; x_wconf 84' lang='lat' dir='ltr'><strong>Quando</strong></span> <span class='ocrx_word' id='word_1_547' title='bbox 3114 896 3324 951; x_wconf 73' lang='lat' dir='ltr'><strong>Pascha:</strong></span> <span class='ocrx_word' id='word_1_548' title='bbox 3346 899 3569 967; x_wconf 84' lang='lat' dir='ltr'><strong>jejunium</strong></span> <span class='ocrx_word' id='word_1_549' title='bbox 3590 921 3659 961; x_wconf 80' lang='lat' dir='ltr'><strong>ce-</strong></span> 
     </span>
    </p>
   </div>
   <div class='ocr_carea' id='block_1_70' title="bbox 2164 977 3659 1053">
    <p class='ocr_par' dir='ltr' id='par_1_70' title="bbox 2164 977 3659 1053">
     <span class='ocr_line' id='line_1_70' title="bbox 2164 977 3659 1053; baseline 0.013 -23"><span class='ocrx_word' id='word_1_550' title='bbox 2164 977 2304 1031; x_wconf 88' lang='lat' dir='ltr'><strong>lebra</strong></span> <span class='ocrx_word' id='word_1_551' title='bbox 2313 988 2433 1031; x_wconf 89' lang='lat' dir='ltr'><strong>runt</strong></span> <span class='ocrx_word' id='word_1_552' title='bbox 2462 980 2536 1032; x_wconf 92' lang='lat' dir='ltr'><strong>illi</strong></span> <span class='ocrx_word' id='word_1_553' title='bbox 2551 979 2575 1032; x_wconf 87' lang='lat'><strong>?</strong></span> <span class='ocrx_word' id='word_1_554' title='bbox 2590 981 2810 1045; x_wconf 86' lang='lat' dir='ltr'><strong>Quando</strong></span> <span class='ocrx_word' id='word_1_555' title='bbox 2827 991 3114 1053; x_wconf 85' lang='lat' dir='ltr'><strong>martyrum</strong></span> <span class='ocrx_word' id='word_1_556' title='bbox 3142 983 3299 1039; x_wconf 88' lang='lat' dir='ltr'><strong>festos</strong></span> <span class='ocrx_word' id='word_1_557' title='bbox 3312 987 3417 1042; x_wconf 86' lang='lat' dir='ltr'><strong>dies</strong></span> <span class='ocrx_word' id='word_1_558' title='bbox 3436 991 3659 1049; x_wconf 70' lang='lat' dir='ltr'><strong>uobiscum</strong></span> 
     </span>
    </p>
   </div>
   <div class='ocr_carea' id='block_1_71' title="bbox 2161 1069 3662 1141">
    <p class='ocr_par' dir='ltr' id='par_1_71' title="bbox 2161 1069 3662 1141">
     <span class='ocr_line' id='line_1_71' title="bbox 2161 1069 3662 1141; baseline 0.012 -21"><span class='ocrx_word' id='word_1_559' title='bbox 2161 1069 2420 1136; x_wconf 77' lang='lat' dir='ltr'><strong>egerunt?</strong></span> <span class='ocrx_word' id='word_1_560' title='bbox 2444 1069 2665 1135; x_wconf 88' lang='lat' dir='ltr'><strong>Quando</strong></span> <span class='ocrx_word' id='word_1_561' title='bbox 2691 1069 2829 1124; x_wconf 91' lang='lat' dir='ltr'><strong>diem</strong></span> <span class='ocrx_word' id='word_1_562' title='bbox 2852 1071 3263 1141; x_wconf 84' lang='lat' dir='ltr'><strong>Epiphaniorum</strong></span> <span class='ocrx_word' id='word_1_563' title='bbox 3289 1078 3532 1134; x_wconf 90' lang='lat' dir='ltr'><strong>nobiscum</strong></span> <span class='ocrx_word' id='word_1_564' title='bbox 3554 1086 3662 1138; x_wconf 86' lang='lat' dir='ltr'><strong>cele-</strong></span> 
     </span>
    </p>
   </div>
   <div class='ocr_carea' id='block_1_72' title="bbox 2163 1157 3664 1233">
    <p class='ocr_par' dir='ltr' id='par_1_72' title="bbox 2163 1157 3664 1233">
     <span class='ocr_line' id='line_1_72' title="bbox 2163 1157 3664 1233; baseline 0.014 -24"><span class='ocrx_word' id='word_1_565' title='bbox 2163 1157 2422 1212; x_wconf 90' lang='lat' dir='ltr'><strong>brarunt?</strong></span> <span class='ocrx_word' id='word_1_566' title='bbox 2448 1160 2525 1214; x_wconf 94' lang='lat' dir='ltr'><strong>llli</strong></span> <span class='ocrx_word' id='word_1_567' title='bbox 2552 1176 2656 1214; x_wconf 91' lang='lat' dir='ltr'><strong>non</strong></span> <span class='ocrx_word' id='word_1_568' title='bbox 2691 1173 2972 1217; x_wconf 90' lang='lat' dir='ltr'><strong>accurrunt</strong></span> <span class='ocrx_word' id='word_1_569' title='bbox 3014 1164 3079 1217; x_wconf 88' lang='lat' dir='ltr'><strong>ad</strong></span> <span class='ocrx_word' id='word_1_570' title='bbox 3119 1167 3382 1221; x_wconf 90' lang='lat' dir='ltr'><strong>veritatem</strong></span> <span class='ocrx_word' id='word_1_571' title='bbox 3407 1186 3420 1233; x_wconf 89' lang='lat'><strong>;</strong></span> <span class='ocrx_word' id='word_1_572' title='bbox 3447 1181 3492 1224; x_wconf 86' lang='lat' dir='ltr'><strong>et</strong></span> <span class='ocrx_word' id='word_1_573' title='bbox 3514 1187 3593 1228; x_wconf 86' lang='lat' dir='ltr'><strong>vos</strong></span> <span class='ocrx_word' id='word_1_574' title='bbox 3613 1177 3664 1230; x_wconf 84' lang='lat' dir='ltr'><strong>ad</strong></span> 
     </span>
    </p>
   </div>
   <div class='ocr_carea' id='block_1_73' title="bbox 2164 1248 3665 1333">
    <p class='ocr_par' dir='ltr' id='par_1_73' title="bbox 2164 1248 3665 1333">
     <span class='ocr_line' id='line_1_73' title="bbox 2164 1248 3665 1333; baseline 0.012 -33"><span class='ocrx_word' id='word_1_575' title='bbox 2164 1248 2489 1316; x_wconf 85' lang='lat' dir='ltr'><strong>iniquitatem</strong></span> <span class='ocrx_word' id='word_1_576' title='bbox 2520 1251 2832 1319; x_wconf 82' lang='lat' dir='ltr'><strong>properatis.</strong></span> <span class='ocrx_word' id='word_1_577' title='bbox 2861 1251 3196 1320; x_wconf 89' lang='lat' dir='ltr'><strong>lniquitatem</strong></span> <span class='ocrx_word' id='word_1_578' title='bbox 3222 1267 3390 1311; x_wconf 89' lang='lat' dir='ltr'><strong>autem</strong></span> <span class='ocrx_word' id='word_1_579' title='bbox 3415 1259 3548 1327; x_wconf 90' lang='lat' dir='ltr'><strong>dico,</strong></span> <span class='ocrx_word' id='word_1_580' title='bbox 3571 1266 3665 1333; x_wconf 84' lang='lat' dir='ltr'><strong>quia</strong></span> 
     </span>
    </p>
   </div>
   <div class='ocr_carea' id='block_1_74' title="bbox 2162 1336 3666 1420">
    <p class='ocr_par' dir='ltr' id='par_1_74' title="bbox 2162 1336 3666 1420">
     <span class='ocr_line' id='line_1_74' title="bbox 2162 1336 3666 1420; baseline 0.011 -29"><span class='ocrx_word' id='word_1_581' title='bbox 2162 1336 2262 1391; x_wconf 87' lang='lat' dir='ltr'><strong>ista</strong></span> <span class='ocrx_word' id='word_1_582' title='bbox 2301 1339 2432 1392; x_wconf 79' lang='lat' dir='ltr'><strong>ﬁunt</strong></span> <span class='ocrx_word' id='word_1_583' title='bbox 2474 1355 2579 1393; x_wconf 92' lang='lat' dir='ltr'><strong>non</strong></span> <span class='ocrx_word' id='word_1_584' title='bbox 2623 1357 2719 1395; x_wconf 89' lang='lat' dir='ltr'><strong>suo</strong></span> <span class='ocrx_word' id='word_1_585' title='bbox 2759 1351 3011 1410; x_wconf 91' lang='lat' dir='ltr'><strong>tempore.</strong></span> <span class='ocrx_word' id='word_1_586' title='bbox 3052 1343 3177 1398; x_wconf 87' lang='lat' dir='ltr'><strong>Erat</strong></span> <span class='ocrx_word' id='word_1_587' title='bbox 3215 1346 3336 1399; x_wconf 88' lang='lat' dir='ltr'><strong>olim</strong></span> <span class='ocrx_word' id='word_1_588' title='bbox 3367 1357 3565 1418; x_wconf 86' lang='lat' dir='ltr'><strong>tempus,</strong></span> <span class='ocrx_word' id='word_1_589' title='bbox 3586 1369 3666 1420; x_wconf 85' lang='lat' dir='ltr'><strong>quo</strong></span> 
     </span>
    </p>
   </div>
   <div class='ocr_carea' id='block_1_75' title="bbox 2161 1429 3669 1502">
    <p class='ocr_par' dir='ltr' id='par_1_75' title="bbox 2161 1429 3669 1502">
     <span class='ocr_line' id='line_1_75' title="bbox 2161 1429 3669 1502; baseline 0.009 -21"><span class='ocrx_word' id='word_1_590' title='bbox 2161 1429 2507 1483; x_wconf 89' lang='lat' dir='ltr'><strong>conveniebat</strong></span> <span class='ocrx_word' id='word_1_591' title='bbox 2567 1431 2663 1484; x_wconf 84' lang='lat' dir='ltr'><strong>ista</strong></span> <span class='ocrx_word' id='word_1_592' title='bbox 2716 1445 2981 1496; x_wconf 81' lang='lat' dir='ltr'><strong>servare;</strong></span> <span class='ocrx_word' id='word_1_593' title='bbox 3019 1433 3130 1502; x_wconf 81' lang='lat' dir='ltr'><strong>jam</strong></span> <span class='ocrx_word' id='word_1_594' title='bbox 3176 1451 3304 1489; x_wconf 88' lang='lat' dir='ltr'><strong>vero</strong></span> <span class='ocrx_word' id='word_1_595' title='bbox 3343 1453 3440 1492; x_wconf 85' lang='lat' dir='ltr'><strong>non</strong></span> <span class='ocrx_word' id='word_1_596' title='bbox 3479 1449 3550 1494; x_wconf 86' lang='lat' dir='ltr'><strong>est</strong></span> <span class='ocrx_word' id='word_1_597' title='bbox 3578 1457 3669 1494; x_wconf 79' lang='lat' dir='ltr'><strong>am-</strong></span> 
     </span>
    </p>
   </div>
   <div class='ocr_carea' id='block_1_76' title="bbox 2161 1519 3669 1600">
    <p class='ocr_par' dir='ltr' id='par_1_76' title="bbox 2161 1519 3669 1600">
     <span class='ocr_line' id='line_1_76' title="bbox 2161 1519 3669 1600; baseline 0.009 -28"><span class='ocrx_word' id='word_1_598' title='bbox 2161 1519 2317 1588; x_wconf 89' lang='lat' dir='ltr'><strong>plius.</strong></span> <span class='ocrx_word' id='word_1_599' title='bbox 2346 1521 2528 1590; x_wconf 88' lang='lat' dir='ltr'><strong>quue</strong></span> <span class='ocrx_word' id='word_1_600' title='bbox 2556 1523 2698 1592; x_wconf 91' lang='lat' dir='ltr'><strong>quod</strong></span> <span class='ocrx_word' id='word_1_601' title='bbox 2725 1532 2832 1577; x_wconf 89' lang='lat' dir='ltr'><strong>tum</strong></span> <span class='ocrx_word' id='word_1_602' title='bbox 2853 1524 3003 1594; x_wconf 86' lang='lat' dir='ltr'><strong>juxta</strong></span> <span class='ocrx_word' id='word_1_603' title='bbox 3032 1526 3199 1596; x_wconf 86' lang='lat' dir='ltr'><strong>legem</strong></span> <span class='ocrx_word' id='word_1_604' title='bbox 3226 1527 3398 1594; x_wconf 78' lang='lat' dir='ltr'><strong>ﬁebat,</strong></span> <span class='ocrx_word' id='word_1_605' title='bbox 3421 1545 3543 1584; x_wconf 92' lang='lat' dir='ltr'><strong>nunc</strong></span> <span class='ocrx_word' id='word_1_606' title='bbox 3563 1547 3669 1600; x_wconf 69' lang='lat' dir='ltr'><strong>prte-</strong></span> 
     </span>
    </p>
   </div>
   <div class='ocr_carea' id='block_1_77' title="bbox 2163 1611 2548 1680">
    <p class='ocr_par' dir='ltr' id='par_1_77' title="bbox 2163 1611 2548 1680">
     <span class='ocr_line' id='line_1_77' title="bbox 2163 1611 2548 1680; baseline -0.003 -15"><span class='ocrx_word' id='word_1_607' title='bbox 2163 1619 2244 1665; x_wconf 91' lang='lat' dir='ltr'><strong>ter</strong></span> <span class='ocrx_word' id='word_1_608' title='bbox 2270 1611 2438 1680; x_wconf 83' lang='lat' dir='ltr'><strong>legem</strong></span> <span class='ocrx_word' id='word_1_609' title='bbox 2471 1612 2548 1665; x_wconf 82' lang='lat' dir='ltr'><strong>tit.</strong></span> 
     </span>
    </p>
   </div>
   <div class='ocr_carea' id='block_1_78' title="bbox 2229 1701 3672 1765">
    <p class='ocr_par' dir='ltr' id='par_1_78' title="bbox 2229 1701 3672 1765">
     <span class='ocr_line' id='line_1_78' title="bbox 2229 1701 3672 1765; baseline 0.006 -8"><span class='ocrx_word' id='word_1_610' title='bbox 2229 1703 2282 1757; x_wconf 75' lang='grc'><strong>4.</strong></span> <span class='ocrx_word' id='word_1_611' title='bbox 2312 1701 2596 1758; x_wconf 83' lang='lat' dir='ltr'><strong>Concedite</strong></span> <span class='ocrx_word' id='word_1_612' title='bbox 2627 1703 2755 1758; x_wconf 91' lang='lat' dir='ltr'><strong>mihi</strong></span> <span class='ocrx_word' id='word_1_613' title='bbox 2786 1713 2843 1758; x_wconf 93' lang='lat' dir='ltr'><strong>ut</strong></span> <span class='ocrx_word' id='word_1_614' title='bbox 2880 1705 3007 1760; x_wconf 90' lang='lat' dir='ltr'><strong>illud</strong></span> <span class='ocrx_word' id='word_1_615' title='bbox 3035 1707 3192 1761; x_wconf 90' lang='lat' dir='ltr'><strong>etiam</strong></span> <span class='ocrx_word' id='word_1_616' title='bbox 3238 1708 3398 1762; x_wconf 78' lang='lat' dir='ltr'><strong>Helia:</strong></span> <span class='ocrx_word' id='word_1_617' title='bbox 3431 1710 3579 1764; x_wconf 91' lang='lat' dir='ltr'><strong>dicam</strong></span> <span class='ocrx_word' id='word_1_618' title='bbox 3603 1713 3672 1765; x_wconf 72' lang='lat' dir='ltr'><strong>ad.</strong></span> 
     </span>
    </p>
   </div>
   <div class='ocr_carea' id='block_1_79' title="bbox 2161 1795 3676 1871">
    <p class='ocr_par' dir='ltr' id='par_1_79' title="bbox 2161 1795 3676 1871">
     <span class='ocr_line' id='line_1_79' title="bbox 2161 1795 3676 1871; baseline 0.008 -26"><span class='ocrx_word' id='word_1_619' title='bbox 2161 1809 2344 1847; x_wconf 84' lang='lat' dir='ltr'><strong>versus</strong></span> <span class='ocrx_word' id='word_1_620' title='bbox 2369 1809 2481 1849; x_wconf 86' lang='lat' dir='ltr'><strong>eos.</strong></span> <span class='ocrx_word' id='word_1_621' title='bbox 2512 1795 2641 1849; x_wconf 89' lang='lat' dir='ltr'><strong>Cum</strong></span> <span class='ocrx_word' id='word_1_622' title='bbox 2670 1797 2810 1851; x_wconf 92' lang='lat' dir='ltr'><strong>enim</strong></span> <span class='ocrx_word' id='word_1_623' title='bbox 2849 1797 2939 1852; x_wconf 90' lang='lat' dir='ltr'><strong>ille</strong></span> <span class='ocrx_word' id='word_1_624' title='bbox 2965 1799 3296 1867; x_wconf 80' lang='lat' dir='ltr'><strong>conspiceret</strong></span> <span class='ocrx_word' id='word_1_625' title='bbox 3321 1801 3517 1855; x_wconf 68' lang='lat' dir='ltr'><strong>Jndmos</strong></span> <span class='ocrx_word' id='word_1_626' title='bbox 3549 1803 3676 1871; x_wconf 85' lang='lat' dir='ltr'><strong>impie</strong></span> 
     </span>
    </p>
   </div>
   <div class='ocr_carea' id='block_1_80' title="bbox 2159 1884 3676 1956">
    <p class='ocr_par' dir='ltr' id='par_1_80' title="bbox 2159 1884 3676 1956">
     <span class='ocr_line' id='line_1_80' title="bbox 2159 1884 3676 1956; baseline 0.007 -22"><span class='ocrx_word' id='word_1_627' title='bbox 2159 1884 2416 1949; x_wconf 84' lang='lat' dir='ltr'><strong>viventes,</strong></span> <span class='ocrx_word' id='word_1_628' title='bbox 2449 1891 2503 1938; x_wconf 89' lang='lat' dir='ltr'><strong>et</strong></span> <span class='ocrx_word' id='word_1_629' title='bbox 2549 1900 2686 1938; x_wconf 89' lang='lat' dir='ltr'><strong>nunc</strong></span> <span class='ocrx_word' id='word_1_630' title='bbox 2714 1885 2924 1955; x_wconf 88' lang='lat' dir='ltr'><strong>quidem</strong></span> <span class='ocrx_word' id='word_1_631' title='bbox 2953 1887 3383 1956; x_wconf 89' lang='lat' dir='ltr'><strong>obtemperantes</strong></span> <span class='ocrx_word' id='word_1_632' title='bbox 3412 1891 3540 1953; x_wconf 88' lang='lat' dir='ltr'><strong>Deo,</strong></span> <span class='ocrx_word' id='word_1_633' title='bbox 3567 1907 3676 1945; x_wconf 81' lang='lat' dir='ltr'><strong>mine</strong></span> 
     </span>
    </p>
   </div>
   <div class='ocr_carea' id='block_1_81' title="bbox 2160 1976 3677 2050">
    <p class='ocr_par' dir='ltr' id='par_1_81' title="bbox 2160 1976 3677 2050">
     <span class='ocr_line' id='line_1_81' title="bbox 2160 1976 3677 2050; baseline 0.008 -24"><span class='ocrx_word' id='word_1_634' title='bbox 2160 1989 2343 2027; x_wconf 91' lang='lat' dir='ltr'><strong>rursus</strong></span> <span class='ocrx_word' id='word_1_635' title='bbox 2390 1976 2528 2029; x_wconf 90' lang='lat' dir='ltr'><strong>idola</strong></span> <span class='ocrx_word' id='word_1_636' title='bbox 2583 1976 2856 2043; x_wconf 89' lang='lat' dir='ltr'><strong>colentes,</strong></span> <span class='ocrx_word' id='word_1_637' title='bbox 2901 1978 2966 2032; x_wconf 88' lang='lat' dir='ltr'><strong>ad</strong></span> <span class='ocrx_word' id='word_1_638' title='bbox 3015 1979 3157 2034; x_wconf 88' lang='lat' dir='ltr'><strong>hunc</strong></span> <span class='ocrx_word' id='word_1_639' title='bbox 3198 1981 3425 2050; x_wconf 85' lang='lat' dir='ltr'><strong>loquitur</strong></span> <span class='ocrx_word' id='word_1_640' title='bbox 3460 1983 3677 2038; x_wconf 85' lang='lat' dir='ltr'><strong>modum:</strong></span> 
     </span>
    </p>
   </div>
   <div class='ocr_carea' id='block_1_82' title="bbox 2163 2063 3676 2136">
    <p class='ocr_par' dir='ltr' id='par_1_82' title="bbox 2163 2063 3676 2136">
     <span class='ocr_line' id='line_1_82' title="bbox 2163 2063 3676 2136; baseline 0.007 -22"><span class='ocrx_word' id='word_1_641' title='bbox 2163 2063 2428 2134; x_wconf 80' lang='lat' dir='ltr'><strong>Quousque</strong></span> <span class='ocrx_word' id='word_1_642' title='bbox 2453 2065 2748 2119; x_wconf 85' lang='lat' dir='ltr'><strong>rlaudicatis</strong></span> <span class='ocrx_word' id='word_1_643' title='bbox 2775 2078 2983 2136; x_wconf 83' lang='lat' dir='ltr'><strong>utroque</strong></span> <span class='ocrx_word' id='word_1_644' title='bbox 3011 2071 3196 2136; x_wconf 82' lang='lat' dir='ltr'><strong>poplite</strong></span> <span class='ocrx_word' id='word_1_645' title='bbox 3222 2071 3421 2124; x_wconf 84' lang='lat' dir='ltr'><strong>vestro?</strong></span> <span class='ocrx_word' id='word_1_646' title='bbox 3450 2071 3506 2126; x_wconf 87' lang='lat' dir='ltr'><strong>Si</strong></span> <span class='ocrx_word' id='word_1_647' title='bbox 3533 2072 3676 2125; x_wconf 83' lang='lat' dir='ltr'><strong>Domi-</strong></span> 
     </span>
    </p>
   </div>
   <div class='ocr_carea' id='block_1_83' title="bbox 2159 2154 3680 2228">
    <p class='ocr_par' dir='ltr' id='par_1_83' title="bbox 2159 2154 3680 2228">
     <span class='ocr_line' id='line_1_83' title="bbox 2159 2154 3680 2228; baseline 0.005 -22"><span class='ocrx_word' id='word_1_648' title='bbox 2159 2170 2254 2208; x_wconf 83' lang='lat' dir='ltr'><strong>nus</strong></span> <span class='ocrx_word' id='word_1_649' title='bbox 2274 2163 2344 2208; x_wconf 87' lang='lat' dir='ltr'><strong>est</strong></span> <span class='ocrx_word' id='word_1_650' title='bbox 2363 2154 2496 2209; x_wconf 85' lang='lat' dir='ltr'><strong>Deus</strong></span> <span class='ocrx_word' id='word_1_651' title='bbox 2519 2157 2788 2221; x_wconf 83' lang='lat' dir='ltr'><strong>vobiscum,</strong></span> <span class='ocrx_word' id='word_1_652' title='bbox 2815 2160 2970 2211; x_wconf 79' lang='lat' dir='ltr'><strong>venite</strong></span> <span class='ocrx_word' id='word_1_653' title='bbox 2989 2168 3033 2212; x_wconf 91' lang='lat' dir='ltr'><strong>et</strong></span> <span class='ocrx_word' id='word_1_654' title='bbox 3047 2160 3313 2228; x_wconf 82' lang='lat' dir='ltr'><strong>sequimini</strong></span> <span class='ocrx_word' id='word_1_655' title='bbox 3331 2177 3438 2214; x_wconf 89' lang='lat' dir='ltr'><strong>eum</strong></span> <span class='ocrx_word' id='word_1_656' title='bbox 3457 2177 3474 2225; x_wconf 87' lang='lat'><strong>;</strong></span> <span class='ocrx_word' id='word_1_657' title='bbox 3495 2163 3680 2215; x_wconf 84' lang='lat' dir='ltr'><strong>siautem</strong></span> 
     </span>
    </p>
   </div>
   <div class='ocr_carea' id='block_1_84' title="bbox 2158 2245 3682 2321">
    <p class='ocr_par' dir='ltr' id='par_1_84' title="bbox 2158 2245 3682 2321">
     <span class='ocr_line' id='line_1_84' title="bbox 2158 2245 3682 2321; baseline 0.005 -23"><span class='ocrx_word' id='word_1_658' title='bbox 2158 2245 2304 2310; x_wconf 86' lang='lat' dir='ltr'><strong>Baal,</strong></span> <span class='ocrx_word' id='word_1_659' title='bbox 2339 2249 2406 2300; x_wconf 87' lang='lat' dir='ltr'><strong>ite</strong></span> <span class='ocrx_word' id='word_1_660' title='bbox 2432 2258 2541 2316; x_wconf 86' lang='lat' dir='ltr'><strong>post</strong></span> <span class='ocrx_word' id='word_1_661' title='bbox 2565 2264 2677 2301; x_wconf 90' lang='lat' dir='ltr'><strong>eum</strong></span> <span class='ocrx_word' id='word_1_662' title='bbox 2709 2249 2801 2319; x_wconf 74' lang='grc' dir='ltr'><strong>(ὅ.</strong></span> <span class='ocrx_word' id='word_1_663' title='bbox 2830 2249 2956 2319; x_wconf 81' lang='lat' dir='ltr'><strong>Reg.</strong></span> <span class='ocrx_word' id='word_1_664' title='bbox 2988 2251 3072 2304; x_wconf 82' lang='lat' dir='ltr'><strong>l8.</strong></span> <span class='ocrx_word' id='word_1_665' title='bbox 3101 2249 3164 2304; x_wconf 63' lang='lat'>9|</span> <span class='ocrx_word' id='word_1_666' title='bbox 3193 2251 3235 2319; x_wconf 96' lang='lat'><strong>).</strong></span> <span class='ocrx_word' id='word_1_667' title='bbox 3269 2251 3404 2306; x_wconf 84' lang='lat' dir='ltr'><strong>Idem</strong></span> <span class='ocrx_word' id='word_1_668' title='bbox 3429 2262 3476 2305; x_wconf 85' lang='lat' dir='ltr'><strong>et</strong></span> <span class='ocrx_word' id='word_1_669' title='bbox 3501 2255 3596 2321; x_wconf 88' lang='lat' dir='ltr'><strong>ipse</strong></span> <span class='ocrx_word' id='word_1_670' title='bbox 3621 2254 3682 2306; x_wconf 87' lang='lat' dir='ltr'><strong>lo-</strong></span> 
     </span>
    </p>
   </div>
   <div class='ocr_carea' id='block_1_85' title="bbox 2158 2337 3684 2409">
    <p class='ocr_par' dir='ltr' id='par_1_85' title="bbox 2158 2337 3684 2409">
     <span class='ocr_line' id='line_1_85' title="bbox 2158 2337 3684 2409; baseline 0.005 -22"><span class='ocrx_word' id='word_1_671' title='bbox 2158 2352 2292 2404; x_wconf 91' lang='lat' dir='ltr'><strong>quor</strong></span> <span class='ocrx_word' id='word_1_672' title='bbox 2313 2337 2376 2390; x_wconf 90' lang='lat' dir='ltr'><strong>ad</strong></span> <span class='ocrx_word' id='word_1_673' title='bbox 2409 2338 2556 2390; x_wconf 90' lang='lat' dir='ltr'><strong>istos.</strong></span> <span class='ocrx_word' id='word_1_674' title='bbox 2587 2338 2640 2392; x_wconf 87' lang='lat' dir='ltr'><strong>Si</strong></span> <span class='ocrx_word' id='word_1_675' title='bbox 2667 2338 2998 2393; x_wconf 80' lang='lat' dir='ltr'><strong>Judaismum</strong></span> <span class='ocrx_word' id='word_1_676' title='bbox 3031 2340 3230 2409; x_wconf 88' lang='lat' dir='ltr'><strong>putatis</strong></span> <span class='ocrx_word' id='word_1_677' title='bbox 3261 2357 3436 2396; x_wconf 87' lang='lat' dir='ltr'><strong>verum</strong></span> <span class='ocrx_word' id='word_1_678' title='bbox 3464 2357 3586 2402; x_wconf 89' lang='lat' dir='ltr'><strong>esse,</strong></span> <span class='ocrx_word' id='word_1_679' title='bbox 3608 2358 3684 2395; x_wconf 89' lang='lat' dir='ltr'><strong>cur</strong></span> 
     </span>
    </p>
   </div>
   <div class='ocr_carea' id='block_1_86' title="bbox 2159 2426 3686 2496">
    <p class='ocr_par' dir='ltr' id='par_1_86' title="bbox 2159 2426 3686 2496">
     <span class='ocr_line' id='line_1_86' title="bbox 2159 2426 3686 2496; baseline 0.003 -16"><span class='ocrx_word' id='word_1_680' title='bbox 2159 2426 2465 2496; x_wconf 83' lang='lat' dir='ltr'><strong>obstrepitis</strong></span> <span class='ocrx_word' id='word_1_681' title='bbox 2495 2428 2790 2484; x_wconf 75' lang='lat' dir='ltr'><strong>Ecclesize?</strong></span> <span class='ocrx_word' id='word_1_682' title='bbox 2827 2428 2978 2496; x_wconf 88' lang='lat' dir='ltr'><strong>Quod</strong></span> <span class='ocrx_word' id='word_1_683' title='bbox 3026 2429 3071 2483; x_wconf 92' lang='lat' dir='ltr'><strong>si</strong></span> <span class='ocrx_word' id='word_1_684' title='bbox 3110 2430 3536 2485; x_wconf 75' lang='lat' dir='ltr'><strong>Christianismus</strong></span> <span class='ocrx_word' id='word_1_685' title='bbox 3559 2447 3686 2484; x_wconf 82' lang='lat' dir='ltr'><strong>verus</strong></span> 
     </span>
    </p>
   </div>
   <div class='ocr_carea' id='block_1_87' title="bbox 2158 2518 3683 2589">
    <p class='ocr_par' dir='ltr' id='par_1_87' title="bbox 2158 2518 3683 2589">
     <span class='ocr_line' id='line_1_87' title="bbox 2158 2518 3683 2589; baseline 0.001 -18"><span class='ocrx_word' id='word_1_686' title='bbox 2158 2526 2260 2582; x_wconf 78' lang='lat' dir='ltr'><strong>est,</strong></span> <span class='ocrx_word' id='word_1_687' title='bbox 2291 2518 2428 2572; x_wconf 89' lang='lat' dir='ltr'><strong>sicut</strong></span> <span class='ocrx_word' id='word_1_688' title='bbox 2454 2533 2636 2572; x_wconf 88' lang='lat' dir='ltr'><strong>revera</strong></span> <span class='ocrx_word' id='word_1_689' title='bbox 2665 2528 2785 2583; x_wconf 91' lang='lat' dir='ltr'><strong>est,</strong></span> <span class='ocrx_word' id='word_1_690' title='bbox 2826 2520 2878 2572; x_wconf 94' lang='lat' dir='ltr'><strong>in</strong></span> <span class='ocrx_word' id='word_1_691' title='bbox 2918 2534 2983 2574; x_wconf 93' lang='lat' dir='ltr'><strong>eo</strong></span> <span class='ocrx_word' id='word_1_692' title='bbox 3009 2530 3254 2588; x_wconf 89' lang='lat' dir='ltr'><strong>manete,</strong></span> <span class='ocrx_word' id='word_1_693' title='bbox 3286 2531 3341 2575; x_wconf 92' lang='lat' dir='ltr'><strong>et</strong></span> <span class='ocrx_word' id='word_1_694' title='bbox 3365 2520 3502 2575; x_wconf 90' lang='lat' dir='ltr'><strong>illum</strong></span> <span class='ocrx_word' id='word_1_695' title='bbox 3527 2533 3683 2589; x_wconf 83' lang='lat' dir='ltr'><strong>sequa-</strong></span> 
     </span>
    </p>
   </div>
   <div class='ocr_carea' id='block_1_88' title="bbox 2158 2609 3688 2682">
    <p class='ocr_par' dir='ltr' id='par_1_88' title="bbox 2158 2609 3688 2682">
     <span class='ocr_line' id='line_1_88' title="bbox 2158 2609 3688 2682; baseline 0.002 -21"><span class='ocrx_word' id='word_1_696' title='bbox 2158 2609 2308 2662; x_wconf 91' lang='lat' dir='ltr'><strong>mini.</strong></span> <span class='ocrx_word' id='word_1_697' title='bbox 2352 2609 2623 2679; x_wconf 88' lang='lat' dir='ltr'><strong>Particeps</strong></span> <span class='ocrx_word' id='word_1_698' title='bbox 2665 2625 2725 2665; x_wconf 89' lang='lat' dir='ltr'><strong>es</strong></span> <span class='ocrx_word' id='word_1_699' title='bbox 2769 2611 3040 2665; x_wconf 89' lang='lat' dir='ltr'><strong>nobiscum</strong></span> <span class='ocrx_word' id='word_1_700' title='bbox 3083 2616 3602 2682; x_wconf 85' lang='lat' dir='ltr'><strong>mysteriorum:age</strong></span> <span class='ocrx_word' id='word_1_701' title='bbox 3621 2612 3688 2666; x_wconf 89' lang='lat' dir='ltr'><strong>dic</strong></span> 
     </span>
    </p>
   </div>
   <div class='ocr_carea' id='block_1_89' title="bbox 2157 2698 3687 2766">
    <p class='ocr_par' dir='ltr' id='par_1_89' title="bbox 2157 2698 3687 2766">
     <span class='ocr_line' id='line_1_89' title="bbox 2157 2698 3687 2766; baseline 0.001 -14"><span class='ocrx_word' id='word_1_702' title='bbox 2157 2698 2322 2762; x_wconf 89' lang='lat' dir='ltr'><strong>mihi,</strong></span> <span class='ocrx_word' id='word_1_703' title='bbox 2364 2698 2630 2753; x_wconf 90' lang='lat' dir='ltr'><strong>Christum</strong></span> <span class='ocrx_word' id='word_1_704' title='bbox 2659 2699 2849 2754; x_wconf 91' lang='lat' dir='ltr'><strong>adoras</strong></span> <span class='ocrx_word' id='word_1_705' title='bbox 2875 2710 2930 2755; x_wconf 89' lang='lat' dir='ltr'><strong>ut</strong></span> <span class='ocrx_word' id='word_1_706' title='bbox 2958 2701 3330 2766; x_wconf 88' lang='lat' dir='ltr'><strong>Christianus,</strong></span> <span class='ocrx_word' id='word_1_707' title='bbox 3357 2701 3423 2756; x_wconf 86' lang='lat' dir='ltr'><strong>ab</strong></span> <span class='ocrx_word' id='word_1_708' title='bbox 3459 2701 3540 2755; x_wconf 84' lang='lat' dir='ltr'><strong>illo</strong></span> <span class='ocrx_word' id='word_1_709' title='bbox 3577 2702 3687 2756; x_wconf 78' lang='lat' dir='ltr'><strong>bona</strong></span> 
     </span>
    </p>
   </div>
   <div class='ocr_carea' id='block_1_90' title="bbox 2158 2790 3692 2860">
    <p class='ocr_par' dir='ltr' id='par_1_90' title="bbox 2158 2790 3692 2860">
     <span class='ocr_line' id='line_1_90' title="bbox 2158 2790 3692 2860; baseline 0.001 -18"><span class='ocrx_word' id='word_1_710' title='bbox 2158 2791 2313 2857; x_wconf 89' lang='lat' dir='ltr'><strong>petis,</strong></span> <span class='ocrx_word' id='word_1_711' title='bbox 2336 2799 2388 2844; x_wconf 92' lang='lat' dir='ltr'><strong>et</strong></span> <span class='ocrx_word' id='word_1_712' title='bbox 2415 2805 2533 2844; x_wconf 90' lang='lat' dir='ltr'><strong>cum</strong></span> <span class='ocrx_word' id='word_1_713' title='bbox 2564 2790 2709 2845; x_wconf 89' lang='lat' dir='ltr'><strong>illius</strong></span> <span class='ocrx_word' id='word_1_714' title='bbox 2737 2791 2978 2846; x_wconf 91' lang='lat' dir='ltr'><strong>hostibus</strong></span> <span class='ocrx_word' id='word_1_715' title='bbox 3005 2790 3194 2846; x_wconf 90' lang='lat' dir='ltr'><strong>festum</strong></span> <span class='ocrx_word' id='word_1_716' title='bbox 3231 2793 3509 2848; x_wconf 85' lang='lat' dir='ltr'><strong>celebras?</strong></span> <span class='ocrx_word' id='word_1_717' title='bbox 3528 2794 3584 2847; x_wconf 89' lang='lat' dir='ltr'><strong>Et</strong></span> <span class='ocrx_word' id='word_1_718' title='bbox 3607 2808 3692 2860; x_wconf 90' lang='lat' dir='ltr'><strong>quo</strong></span> 
     </span>
    </p>
   </div>
   <div class='ocr_carea' id='block_1_91' title="bbox 2159 2879 3691 2949">
    <p class='ocr_par' dir='ltr' id='par_1_91' title="bbox 2159 2879 3691 2949">
     <span class='ocr_line' id='line_1_91' title="bbox 2159 2879 3691 2949; baseline 0 -17"><span class='ocrx_word' id='word_1_719' title='bbox 2159 2879 2368 2934; x_wconf 88' lang='lat' dir='ltr'><strong>tandem</strong></span> <span class='ocrx_word' id='word_1_720' title='bbox 2418 2881 2594 2933; x_wconf 90' lang='lat' dir='ltr'><strong>animo</strong></span> <span class='ocrx_word' id='word_1_721' title='bbox 2645 2880 2824 2949; x_wconf 89' lang='lat' dir='ltr'><strong>prodis</strong></span> <span class='ocrx_word' id='word_1_722' title='bbox 2876 2882 2928 2936; x_wconf 92' lang='lat' dir='ltr'><strong>in</strong></span> <span class='ocrx_word' id='word_1_723' title='bbox 2975 2881 3321 2936; x_wconf 74' lang='lat' dir='ltr'><strong>Ecclesium?</strong></span> <span class='ocrx_word' id='word_1_724' title='bbox 3367 2882 3546 2937; x_wconf 75' lang='lat' dir='ltr'><strong>Verum</strong></span> <span class='ocrx_word' id='word_1_725' title='bbox 3598 2881 3691 2934; x_wconf 70' lang='lat' dir='ltr'><strong>lure</strong></span> 
     </span>
    </p>
   </div>
   <div class='ocr_carea' id='block_1_92' title="bbox 2155 2969 3693 3042">
    <p class='ocr_par' dir='ltr' id='par_1_92' title="bbox 2155 2969 3693 3042">
     <span class='ocr_line' id='line_1_92' title="bbox 2155 2969 3693 3042; baseline 0 -19"><span class='ocrx_word' id='word_1_726' title='bbox 2155 2969 2354 3024; x_wconf 84' lang='lat' dir='ltr'><strong>dixisse</strong></span> <span class='ocrx_word' id='word_1_727' title='bbox 2382 2971 2608 3025; x_wconf 81' lang='lat' dir='ltr'><strong>sufﬁciat</strong></span> <span class='ocrx_word' id='word_1_728' title='bbox 2633 2971 2699 3024; x_wconf 90' lang='lat' dir='ltr'><strong>ad</strong></span> <span class='ocrx_word' id='word_1_729' title='bbox 2731 2972 2849 3025; x_wconf 88' lang='lat' dir='ltr'><strong>illos</strong></span> <span class='ocrx_word' id='word_1_730' title='bbox 2889 2972 2977 3042; x_wconf 91' lang='lat' dir='ltr'><strong>qui</strong></span> <span class='ocrx_word' id='word_1_731' title='bbox 3018 2972 3315 3041; x_wconf 72' lang='lat' dir='ltr'><strong>prtedicant</strong></span> <span class='ocrx_word' id='word_1_732' title='bbox 3359 2990 3416 3028; x_wconf 91' lang='lat' dir='ltr'><strong>se</strong></span> <span class='ocrx_word' id='word_1_733' title='bbox 3454 2973 3693 3027; x_wconf 82' lang='lat' dir='ltr'><strong>nobiscum</strong></span> 
     </span>
    </p>
   </div>
   <div class='ocr_carea' id='block_1_93' title="bbox 2155 3060 3692 3131">
    <p class='ocr_par' dir='ltr' id='par_1_93' title="bbox 2155 3060 3692 3131">
     <span class='ocr_line' id='line_1_93' title="bbox 2155 3060 3692 3131; baseline -0.001 -18"><span class='ocrx_word' id='word_1_734' title='bbox 2155 3062 2371 3125; x_wconf 89' lang='lat' dir='ltr'><strong>sentire,</strong></span> <span class='ocrx_word' id='word_1_735' title='bbox 2403 3077 2522 3116; x_wconf 90' lang='lat' dir='ltr'><strong>cum</strong></span> <span class='ocrx_word' id='word_1_736' title='bbox 2552 3077 2637 3116; x_wconf 91' lang='lat' dir='ltr'><strong>res</strong></span> <span class='ocrx_word' id='word_1_737' title='bbox 2665 3062 2876 3116; x_wconf 91' lang='lat' dir='ltr'><strong>illorum</strong></span> <span class='ocrx_word' id='word_1_738' title='bbox 2923 3062 3216 3118; x_wconf 89' lang='lat' dir='ltr'><strong>imitentur.</strong></span> <span class='ocrx_word' id='word_1_739' title='bbox 3245 3065 3378 3131; x_wconf 85' lang='lat' dir='ltr'><strong>Quia</strong></span> <span class='ocrx_word' id='word_1_740' title='bbox 3421 3079 3539 3116; x_wconf 84' lang='lat' dir='ltr'><strong>vero</strong></span> <span class='ocrx_word' id='word_1_741' title='bbox 3572 3069 3619 3115; x_wconf 91' lang='lat' dir='ltr'><strong>et</strong></span> <span class='ocrx_word' id='word_1_742' title='bbox 3639 3060 3692 3114; x_wconf 87' lang='lat' dir='ltr'><strong>ad</strong></span> 
     </span>
    </p>
   </div>
   <div class='ocr_carea' id='block_1_94' title="bbox 2157 3151 3696 3221">
    <p class='ocr_par' dir='ltr' id='par_1_94' title="bbox 2157 3151 3696 3221">
     <span class='ocr_line' id='line_1_94' title="bbox 2157 3151 3696 3221; baseline -0.002 -18"><span class='ocrx_word' id='word_1_743' title='bbox 2157 3151 2276 3204; x_wconf 90' lang='lat' dir='ltr'><strong>illos</strong></span> <span class='ocrx_word' id='word_1_744' title='bbox 2295 3151 2414 3206; x_wconf 90' lang='lat' dir='ltr'><strong>volo</strong></span> <span class='ocrx_word' id='word_1_745' title='bbox 2441 3151 2667 3221; x_wconf 90' lang='lat' dir='ltr'><strong>dirigere</strong></span> <span class='ocrx_word' id='word_1_746' title='bbox 2691 3165 3014 3216; x_wconf 89' lang='lat' dir='ltr'><strong>sermonem,</strong></span> <span class='ocrx_word' id='word_1_747' title='bbox 3043 3153 3323 3208; x_wconf 88' lang='lat' dir='ltr'><strong>concedite</strong></span> <span class='ocrx_word' id='word_1_748' title='bbox 3346 3151 3469 3206; x_wconf 91' lang='lat' dir='ltr'><strong>mihi</strong></span> <span class='ocrx_word' id='word_1_749' title='bbox 3496 3160 3545 3205; x_wconf 91' lang='lat' dir='ltr'><strong>ut</strong></span> <span class='ocrx_word' id='word_1_750' title='bbox 3565 3151 3696 3203; x_wconf 85' lang='lat' dir='ltr'><strong>liccat</strong></span> 
     </span>
    </p>
   </div>
   <div class='ocr_carea' id='block_1_95' title="bbox 2154 3238 3693 3310">
    <p class='ocr_par' dir='ltr' id='par_1_95' title="bbox 2154 3238 3693 3310">
     <span class='ocr_line' id='line_1_95' title="bbox 2154 3238 3693 3310; baseline -0.003 -17"><span class='ocrx_word' id='word_1_751' title='bbox 2154 3240 2447 3294; x_wconf 86' lang='lat' dir='ltr'><strong>doctrinam</strong></span> <span class='ocrx_word' id='word_1_752' title='bbox 2479 3239 2615 3295; x_wconf 88' lang='lat' dir='ltr'><strong>hanc</strong></span> <span class='ocrx_word' id='word_1_753' title='bbox 2639 3241 2797 3294; x_wconf 87' lang='lat' dir='ltr'><strong>altius</strong></span> <span class='ocrx_word' id='word_1_754' title='bbox 2823 3248 3084 3309; x_wconf 89' lang='lat' dir='ltr'><strong>repetere,</strong></span> <span class='ocrx_word' id='word_1_755' title='bbox 3114 3256 3221 3310; x_wconf 91' lang='lat' dir='ltr'><strong>quo</strong></span> <span class='ocrx_word' id='word_1_756' title='bbox 3253 3241 3578 3310; x_wconf 82' lang='lat' dir='ltr'><strong>perspicuum</strong></span> <span class='ocrx_word' id='word_1_757' title='bbox 3601 3238 3693 3300; x_wconf 88' lang='lat' dir='ltr'><strong>liat,</strong></span> 
     </span>
    </p>
   </div>
   <div class='ocr_carea' id='block_1_96' title="bbox 2152 3329 3695 3399">
    <p class='ocr_par' dir='ltr' id='par_1_96' title="bbox 2152 3329 3695 3399">
     <span class='ocr_line' id='line_1_96' title="bbox 2152 3329 3695 3399; baseline -0.001 -15"><span class='ocrx_word' id='word_1_758' title='bbox 2152 3329 2364 3385; x_wconf 60' lang='lat' dir='ltr'><strong>Iudaeos</strong></span> <span class='ocrx_word' id='word_1_759' title='bbox 2399 3345 2540 3386; x_wconf 88' lang='lat' dir='ltr'><strong>nune</strong></span> <span class='ocrx_word' id='word_1_760' title='bbox 2579 3329 2880 3397; x_wconf 87' lang='lat' dir='ltr'><strong>jejunantes</strong></span> <span class='ocrx_word' id='word_1_761' title='bbox 2925 3330 3094 3399; x_wconf 89' lang='lat' dir='ltr'><strong>legem</strong></span> <span class='ocrx_word' id='word_1_762' title='bbox 3141 3331 3437 3399; x_wconf 85' lang='lat' dir='ltr'><strong>ignominia</strong></span> <span class='ocrx_word' id='word_1_763' title='bbox 3478 3329 3695 3392; x_wconf 76' lang='lat' dir='ltr'><strong>allicere,</strong></span> 
     </span>
    </p>
   </div>
   <div class='ocr_carea' id='block_1_97' title="bbox 2155 3421 3694 3491">
    <p class='ocr_par' dir='ltr' id='par_1_97' title="bbox 2155 3421 3694 3491">
     <span class='ocr_line' id='line_1_97' title="bbox 2155 3421 3694 3491; baseline -0.005 -14"><span class='ocrx_word' id='word_1_764' title='bbox 2155 3423 2350 3491; x_wconf 89' lang='lat' dir='ltr'><strong>Deique</strong></span> <span class='ocrx_word' id='word_1_765' title='bbox 2393 3431 2656 3490; x_wconf 83' lang='lat' dir='ltr'><strong>praecepta</strong></span> <span class='ocrx_word' id='word_1_766' title='bbox 2701 3421 3032 3486; x_wconf 87' lang='lat' dir='ltr'><strong>conculcarc,</strong></span> <span class='ocrx_word' id='word_1_767' title='bbox 3073 3437 3293 3491; x_wconf 89' lang='lat' dir='ltr'><strong>semper</strong></span> <span class='ocrx_word' id='word_1_768' title='bbox 3338 3439 3398 3476; x_wconf 88' lang='lat' dir='ltr'><strong>ca</strong></span> <span class='ocrx_word' id='word_1_769' title='bbox 3443 3423 3694 3479; x_wconf 81' lang='lat' dir='ltr'><strong>facientes,</strong></span> 
     </span>
    </p>
   </div>
   <div class='ocr_carea' id='block_1_98' title="bbox 2152 3510 3698 3581">
    <p class='ocr_par' dir='ltr' id='par_1_98' title="bbox 2152 3510 3698 3581">
     <span class='ocr_line' id='line_1_98' title="bbox 2152 3510 3698 3581; baseline -0.005 -15"><span class='ocrx_word' id='word_1_770' title='bbox 2152 3528 2270 3581; x_wconf 71' lang='lat' dir='ltr'><strong>qua:</strong></span> <span class='ocrx_word' id='word_1_771' title='bbox 2298 3513 2436 3567; x_wconf 92' lang='lat' dir='ltr'><strong>illius</strong></span> <span class='ocrx_word' id='word_1_772' title='bbox 2467 3511 2677 3580; x_wconf 88' lang='lat' dir='ltr'><strong>placitis</strong></span> <span class='ocrx_word' id='word_1_773' title='bbox 2700 3511 3065 3566; x_wconf 88' lang='lat' dir='ltr'><strong>adversantur.</strong></span> <span class='ocrx_word' id='word_1_774' title='bbox 3095 3511 3311 3566; x_wconf 85' lang='lat' dir='ltr'><strong>Etenim</strong></span> <span class='ocrx_word' id='word_1_775' title='bbox 3339 3527 3459 3565; x_wconf 90' lang='lat' dir='ltr'><strong>cum</strong></span> <span class='ocrx_word' id='word_1_776' title='bbox 3491 3510 3599 3564; x_wconf 90' lang='lat' dir='ltr'><strong>illos</strong></span> <span class='ocrx_word' id='word_1_777' title='bbox 3621 3522 3698 3559; x_wconf 56' lang='lat' dir='ltr'><strong>vo.</strong></span> 
     </span>
    </p>
   </div>
   <div class='ocr_carea' id='block_1_99' title="bbox 2153 3601 3694 3673">
    <p class='ocr_par' dir='ltr' id='par_1_99' title="bbox 2153 3601 3694 3673">
     <span class='ocr_line' id='line_1_99' title="bbox 2153 3601 3694 3673; baseline -0.005 -14"><span class='ocrx_word' id='word_1_778' title='bbox 2153 3604 2294 3659; x_wconf 87' lang='lat' dir='ltr'><strong>lebat</strong></span> <span class='ocrx_word' id='word_1_779' title='bbox 2318 3603 2579 3673; x_wconf 83' lang='lat' dir='ltr'><strong>jejunare,</strong></span> <span class='ocrx_word' id='word_1_780' title='bbox 2609 3611 2715 3656; x_wconf 91' lang='lat' dir='ltr'><strong>tum</strong></span> <span class='ocrx_word' id='word_1_781' title='bbox 2747 3602 3192 3666; x_wconf 86' lang='lat' dir='ltr'><strong>incrassabantur,</strong></span> <span class='ocrx_word' id='word_1_782' title='bbox 3223 3601 3694 3667; x_wconf 88' lang='lat' dir='ltr'><strong>dilatabantnrque:</strong></span> 
     </span>
    </p>
   </div>
   <div class='ocr_carea' id='block_1_100' title="bbox 2153 3689 3696 3760">
    <p class='ocr_par' dir='ltr' id='par_1_100' title="bbox 2153 3689 3696 3760">
     <span class='ocr_line' id='line_1_100' title="bbox 2153 3689 3696 3760; baseline -0.006 -13"><span class='ocrx_word' id='word_1_783' title='bbox 2153 3709 2337 3748; x_wconf 88' lang='lat' dir='ltr'><strong>rursus</strong></span> <span class='ocrx_word' id='word_1_784' title='bbox 2365 3694 2449 3746; x_wconf 90' lang='lat' dir='ltr'><strong>nhi</strong></span> <span class='ocrx_word' id='word_1_785' title='bbox 2477 3709 2580 3746; x_wconf 91' lang='lat' dir='ltr'><strong>non</strong></span> <span class='ocrx_word' id='word_1_786' title='bbox 2607 3692 2815 3746; x_wconf 87' lang='lat' dir='ltr'><strong>volebat</strong></span> <span class='ocrx_word' id='word_1_787' title='bbox 2840 3707 2932 3746; x_wconf 86' lang='lat' dir='ltr'><strong>eos</strong></span> <span class='ocrx_word' id='word_1_788' title='bbox 2957 3691 3197 3759; x_wconf 88' lang='lat' dir='ltr'><strong>jcjnnare</strong></span> <span class='ocrx_word' id='word_1_789' title='bbox 3223 3734 3238 3757; x_wconf 95' lang='lat'><strong>,</strong></span> <span class='ocrx_word' id='word_1_790' title='bbox 3268 3693 3367 3760; x_wconf 84' lang='lat' dir='ltr'><strong>ipsi</strong></span> <span class='ocrx_word' id='word_1_791' title='bbox 3395 3689 3696 3760; x_wconf 86' lang='lat' dir='ltr'><strong>jejunabaut.</strong></span> 
     </span>
    </p>
   </div>
   <div class='ocr_carea' id='block_1_101' title="bbox 2151 3780 3702 3854">
    <p class='ocr_par' dir='ltr' id='par_1_101' title="bbox 2151 3780 3702 3854">
     <span class='ocr_line' id='line_1_101' title="bbox 2151 3780 3702 3854; baseline -0.005 -17"><span class='ocrx_word' id='word_1_792' title='bbox 2151 3785 2281 3838; x_wconf 90' lang='lat' dir='ltr'><strong>Cum</strong></span> <span class='ocrx_word' id='word_1_793' title='bbox 2310 3784 2466 3837; x_wconf 89' lang='lat' dir='ltr'><strong>vellet</strong></span> <span class='ocrx_word' id='word_1_794' title='bbox 2497 3783 2612 3837; x_wconf 91' lang='lat' dir='ltr'><strong>illos</strong></span> <span class='ocrx_word' id='word_1_795' title='bbox 2637 3782 2877 3836; x_wconf 87' lang='lat' dir='ltr'><strong>victimas</strong></span> <span class='ocrx_word' id='word_1_796' title='bbox 2905 3780 3124 3842; x_wconf 77' lang='lat' dir='ltr'><strong>offerre,</strong></span> <span class='ocrx_word' id='word_1_797' title='bbox 3167 3781 3238 3854; x_wconf 88' lang='lat' dir='ltr'><strong>ad</strong></span> <span class='ocrx_word' id='word_1_798' title='bbox 3285 3781 3562 3835; x_wconf 87' lang='lat' dir='ltr'><strong>simulacra</strong></span> <span class='ocrx_word' id='word_1_799' title='bbox 3599 3792 3702 3846; x_wconf 79' lang='lat' dir='ltr'><strong>pro-</strong></span> 
     </span>
    </p>
   </div>
   <div class='ocr_carea' id='block_1_102' title="bbox 2153 3869 3700 3946">
    <p class='ocr_par' dir='ltr' id='par_1_102' title="bbox 2153 3869 3700 3946">
     <span class='ocr_line' id='line_1_102' title="bbox 2153 3869 3700 3946; baseline -0.005 -17"><span class='ocrx_word' id='word_1_800' title='bbox 2153 3875 2406 3946; x_wconf 85' lang='lat' dir='ltr'><strong>perabant</strong></span> <span class='ocrx_word' id='word_1_801' title='bbox 2433 3893 2444 3928; x_wconf 96' lang='lat'>:</span> <span class='ocrx_word' id='word_1_802' title='bbox 2474 3890 2595 3929; x_wconf 91' lang='lat' dir='ltr'><strong>cum</strong></span> <span class='ocrx_word' id='word_1_803' title='bbox 2624 3873 2786 3928; x_wconf 87' lang='lat' dir='ltr'><strong>vellet</strong></span> <span class='ocrx_word' id='word_1_804' title='bbox 2831 3871 2946 3926; x_wconf 88' lang='lat' dir='ltr'><strong>illos</strong></span> <span class='ocrx_word' id='word_1_805' title='bbox 2989 3872 3261 3928; x_wconf 87' lang='lat' dir='ltr'><strong>celebrare</strong></span> <span class='ocrx_word' id='word_1_806' title='bbox 3309 3872 3500 3927; x_wconf 90' lang='lat' dir='ltr'><strong>festum</strong></span> <span class='ocrx_word' id='word_1_807' title='bbox 3543 3869 3700 3930; x_wconf 87' lang='lat' dir='ltr'><strong>diem,</strong></span> 
     </span>
    </p>
   </div>
   <div class='ocr_carea' id='block_1_103' title="bbox 2151 3958 3703 4032">
    <p class='ocr_par' dir='ltr' id='par_1_103' title="bbox 2151 3958 3703 4032">
     <span class='ocr_line' id='line_1_103' title="bbox 2151 3958 3703 4032; baseline -0.008 -11"><span class='ocrx_word' id='word_1_808' title='bbox 2151 3984 2256 4022; x_wconf 92' lang='lat' dir='ltr'><strong>non</strong></span> <span class='ocrx_word' id='word_1_809' title='bbox 2288 3967 2557 4022; x_wconf 89' lang='lat' dir='ltr'><strong>celebrare</strong></span> <span class='ocrx_word' id='word_1_810' title='bbox 2582 3963 2858 4020; x_wconf 87' lang='lat' dir='ltr'><strong>curabant.</strong></span> <span class='ocrx_word' id='word_1_811' title='bbox 2887 3963 2956 4017; x_wconf 88' lang='lat' dir='ltr'><strong>Et</strong></span> <span class='ocrx_word' id='word_1_812' title='bbox 2994 3961 3113 4016; x_wconf 90' lang='lat' dir='ltr'><strong>ideo</strong></span> <span class='ocrx_word' id='word_1_813' title='bbox 3153 3962 3466 4032; x_wconf 88' lang='lat' dir='ltr'><strong>Stephanus</strong></span> <span class='ocrx_word' id='word_1_814' title='bbox 3502 3960 3625 4014; x_wconf 86' lang='lat' dir='ltr'><strong>dixit</strong></span> <span class='ocrx_word' id='word_1_815' title='bbox 3649 3958 3703 4010; x_wconf 85' lang='lat' dir='ltr'><strong>ad</strong></span> 
     </span>
    </p>
   </div>
   <div class='ocr_carea' id='block_1_104' title="bbox 2147 4034 3704 4117">
    <p class='ocr_par' dir='ltr' id='par_1_104' title="bbox 2147 4034 3704 4117">
     <span class='ocr_line' id='line_1_104' title="bbox 2147 4034 3704 4117; baseline -0.011 -13"><span class='ocrx_word' id='word_1_816' title='bbox 2147 4050 2291 4115; x_wconf 91' lang='lat' dir='ltr'><strong>illos,</strong></span> <span class='ocrx_word' id='word_1_817' title='bbox 2309 4048 2406 4103; x_wconf 84' lang='lat' dir='ltr'><strong>Vos</strong></span> <span class='ocrx_word' id='word_1_818' title='bbox 2421 4048 2848 4117; x_wconf 86' lang='lat' dir='ltr'><strong>semperSpiritui</strong></span> <span class='ocrx_word' id='word_1_819' title='bbox 2858 4054 3041 4099; x_wconf 85' lang='lat' dir='ltr'><strong>sancto</strong></span> <span class='ocrx_word' id='word_1_820' title='bbox 3062 4044 3318 4097; x_wconf 83' lang='lat' dir='ltr'><strong>resistitis</strong></span> <span class='ocrx_word' id='word_1_821' title='bbox 3337 4038 3642 4112; x_wconf 78' lang='lat' dir='ltr'><strong>(Act.7.5l).</strong></span> <span class='ocrx_word' id='word_1_822' title='bbox 3659 4034 3704 4087; x_wconf 93' lang='lat' dir='ltr'><strong>ln</strong></span> 
     </span>
    </p>
   </div>
   <div class='ocr_carea' id='block_1_105' title="bbox 2145 4127 3710 4212">
    <p class='ocr_par' dir='ltr' id='par_1_105' title="bbox 2145 4127 3710 4212">
     <span class='ocr_line' id='line_1_105' title="bbox 2145 4127 3710 4212; baseline -0.01 -15"><span class='ocrx_word' id='word_1_823' title='bbox 2145 4141 2269 4207; x_wconf 89' lang='lat' dir='ltr'><strong>hoc,</strong></span> <span class='ocrx_word' id='word_1_824' title='bbox 2292 4141 2488 4212; x_wconf 90' lang='lat' dir='ltr'><strong>inquit,</strong></span> <span class='ocrx_word' id='word_1_825' title='bbox 2515 4140 2689 4194; x_wconf 90' lang='lat' dir='ltr'><strong>solum</strong></span> <span class='ocrx_word' id='word_1_826' title='bbox 2733 4137 3082 4198; x_wconf 89' lang='lat' dir='ltr'><strong>incubuistis,</strong></span> <span class='ocrx_word' id='word_1_827' title='bbox 3113 4144 3172 4189; x_wconf 93' lang='lat' dir='ltr'><strong>ut</strong></span> <span class='ocrx_word' id='word_1_828' title='bbox 3217 4146 3566 4204; x_wconf 65' lang='lat' dir='ltr'><strong>quaecunque</strong></span> <span class='ocrx_word' id='word_1_829' title='bbox 3584 4127 3710 4182; x_wconf 86' lang='lat' dir='ltr'><strong>Deus</strong></span> 
     </span>
    </p>
   </div>
   <div class='ocr_carea' id='block_1_106' title="bbox 2146 4223 3710 4303">
    <p class='ocr_par' dir='ltr' id='par_1_106' title="bbox 2146 4223 3710 4303">
     <span class='ocr_line' id='line_1_106' title="bbox 2146 4223 3710 4303; baseline -0.011 -16"><span class='ocrx_word' id='word_1_830' title='bbox 2146 4232 2488 4303; x_wconf 75' lang='lat' dir='ltr'><strong>prteceperit,</strong></span> <span class='ocrx_word' id='word_1_831' title='bbox 2519 4231 2587 4285; x_wconf 90' lang='lat' dir='ltr'><strong>iis</strong></span> <span class='ocrx_word' id='word_1_832' title='bbox 2609 4229 2886 4284; x_wconf 85' lang='lat' dir='ltr'><strong>contraria</strong></span> <span class='ocrx_word' id='word_1_833' title='bbox 2919 4228 3154 4292; x_wconf 80' lang='lat' dir='ltr'><strong>faciatis,</strong></span> <span class='ocrx_word' id='word_1_834' title='bbox 3181 4223 3645 4297; x_wconf 89' lang='lat' dir='ltr'><strong>quemadmodum</strong></span> <span class='ocrx_word' id='word_1_835' title='bbox 3665 4227 3710 4272; x_wconf 89' lang='lat' dir='ltr'><strong>et</strong></span> 
     </span>
    </p>
   </div>
   <div class='ocr_carea' id='block_1_107' title="bbox 2145 4314 3708 4390">
    <p class='ocr_par' dir='ltr' id='par_1_107' title="bbox 2145 4314 3708 4390">
     <span class='ocr_line' id='line_1_107' title="bbox 2145 4314 3708 4390; baseline -0.008 -12"><span class='ocrx_word' id='word_1_836' title='bbox 2145 4341 2289 4378; x_wconf 88' lang='lat' dir='ltr'><strong>nunc</strong></span> <span class='ocrx_word' id='word_1_837' title='bbox 2316 4323 2543 4378; x_wconf 82' lang='lat' dir='ltr'><strong>faciunt.</strong></span> <span class='ocrx_word' id='word_1_838' title='bbox 2565 4319 2722 4377; x_wconf 87' lang='lat' dir='ltr'><strong>Unde</strong></span> <span class='ocrx_word' id='word_1_839' title='bbox 2744 4321 2796 4375; x_wconf 93' lang='lat' dir='ltr'><strong>id</strong></span> <span class='ocrx_word' id='word_1_840' title='bbox 2823 4321 3033 4390; x_wconf 85' lang='lat' dir='ltr'><strong>liquet?</strong></span> <span class='ocrx_word' id='word_1_841' title='bbox 3059 4319 3342 4374; x_wconf 85' lang='lat' dir='ltr'><strong>Nimirum</strong></span> <span class='ocrx_word' id='word_1_842' title='bbox 3365 4333 3431 4373; x_wconf 87' lang='lat' dir='ltr'><strong>ex</strong></span> <span class='ocrx_word' id='word_1_843' title='bbox 3453 4317 3566 4387; x_wconf 89' lang='lat' dir='ltr'><strong>ipsa</strong></span> <span class='ocrx_word' id='word_1_844' title='bbox 3587 4314 3708 4383; x_wconf 81' lang='lat' dir='ltr'><strong>lege.</strong></span> 
     </span>
    </p>
   </div>
   <div class='ocr_carea' id='block_1_108' title="bbox 2142 4409 3711 4483">
    <p class='ocr_par' dir='ltr' id='par_1_108' title="bbox 2142 4409 3711 4483">
     <span class='ocr_line' id='line_1_108' title="bbox 2142 4409 3711 4483; baseline -0.008 -15"><span class='ocrx_word' id='word_1_845' title='bbox 2142 4409 2418 4483; x_wconf 89' lang='lat' dir='ltr'><strong>Siquidem</strong></span> <span class='ocrx_word' id='word_1_846' title='bbox 2436 4414 2489 4467; x_wconf 92' lang='lat' dir='ltr'><strong>in</strong></span> <span class='ocrx_word' id='word_1_847' title='bbox 2506 4414 2639 4483; x_wconf 90' lang='lat' dir='ltr'><strong>ipsis</strong></span> <span class='ocrx_word' id='word_1_848' title='bbox 2662 4412 2824 4466; x_wconf 90' lang='lat' dir='ltr'><strong>etiam</strong></span> <span class='ocrx_word' id='word_1_849' title='bbox 2843 4409 2997 4466; x_wconf 79' lang='lat' dir='ltr'><strong>festis</strong></span> <span class='ocrx_word' id='word_1_850' title='bbox 3011 4409 3265 4464; x_wconf 82' lang='lat' dir='ltr'><strong>Judaicis</strong></span> <span class='ocrx_word' id='word_1_851' title='bbox 3284 4425 3398 4463; x_wconf 91' lang='lat' dir='ltr'><strong>non</strong></span> <span class='ocrx_word' id='word_1_852' title='bbox 3418 4418 3624 4475; x_wconf 85' lang='lat' dir='ltr'><strong>tempus</strong></span> <span class='ocrx_word' id='word_1_853' title='bbox 3636 4417 3711 4457; x_wconf 84' lang='lat' dir='ltr'><strong>so-</strong></span> 
     </span>
    </p>
   </div>
   <div class='ocr_carea' id='block_1_109' title="bbox 2143 4497 3714 4570">
    <p class='ocr_par' dir='ltr' id='par_1_109' title="bbox 2143 4497 3714 4570">
     <span class='ocr_line' id='line_1_109' title="bbox 2143 4497 3714 4570; baseline -0.008 -13"><span class='ocrx_word' id='word_1_854' title='bbox 2143 4503 2475 4565; x_wconf 87' lang='lat' dir='ltr'><strong>lnm,verum</strong></span> <span class='ocrx_word' id='word_1_855' title='bbox 2493 4511 2545 4557; x_wconf 87' lang='lat' dir='ltr'><strong>et</strong></span> <span class='ocrx_word' id='word_1_856' title='bbox 2567 4503 2744 4556; x_wconf 89' lang='lat' dir='ltr'><strong>locum</strong></span> <span class='ocrx_word' id='word_1_857' title='bbox 2760 4502 3040 4556; x_wconf 87' lang='lat' dir='ltr'><strong>observari</strong></span> <span class='ocrx_word' id='word_1_858' title='bbox 3061 4499 3230 4569; x_wconf 89' lang='lat' dir='ltr'><strong>jussit</strong></span> <span class='ocrx_word' id='word_1_859' title='bbox 3253 4501 3380 4570; x_wconf 91' lang='lat' dir='ltr'><strong>ipsa</strong></span> <span class='ocrx_word' id='word_1_860' title='bbox 3403 4500 3512 4554; x_wconf 86' lang='lat' dir='ltr'><strong>lex.</strong></span> <span class='ocrx_word' id='word_1_861' title='bbox 3531 4497 3655 4551; x_wconf 82' lang='lat' dir='ltr'><strong>Nam</strong></span> <span class='ocrx_word' id='word_1_862' title='bbox 3667 4499 3714 4547; x_wconf 89' lang='lat' dir='ltr'><strong>et</strong></span> 
     </span>
    </p>
   </div>
   <div class='ocr_carea' id='block_1_110' title="bbox 2143 4586 3713 4664">
    <p class='ocr_par' dir='ltr' id='par_1_110' title="bbox 2143 4586 3713 4664">
     <span class='ocr_line' id='line_1_110' title="bbox 2143 4586 3713 4664; baseline -0.01 -13"><span class='ocrx_word' id='word_1_863' title='bbox 2143 4595 2210 4651; x_wconf 84' lang='lat' dir='ltr'><strong>de</strong></span> <span class='ocrx_word' id='word_1_864' title='bbox 2236 4595 2502 4651; x_wconf 85' lang='lat' dir='ltr'><strong>Paschate</strong></span> <span class='ocrx_word' id='word_1_865' title='bbox 2537 4595 2683 4664; x_wconf 90' lang='lat' dir='ltr'><strong>quod</strong></span> <span class='ocrx_word' id='word_1_866' title='bbox 2716 4605 2832 4649; x_wconf 89' lang='lat' dir='ltr'><strong>erat</strong></span> <span class='ocrx_word' id='word_1_867' title='bbox 2858 4593 3001 4661; x_wconf 87' lang='lat' dir='ltr'><strong>apud</strong></span> <span class='ocrx_word' id='word_1_868' title='bbox 3026 4593 3176 4663; x_wconf 86' lang='lat' dir='ltr'><strong>ipsos</strong></span> <span class='ocrx_word' id='word_1_869' title='bbox 3206 4593 3527 4654; x_wconf 81' lang='lat' dir='ltr'><strong>disserens,</strong></span> <span class='ocrx_word' id='word_1_870' title='bbox 3553 4589 3619 4642; x_wconf 83' lang='lat' dir='ltr'><strong>ita</strong></span> <span class='ocrx_word' id='word_1_871' title='bbox 3647 4586 3713 4637; x_wconf 87' lang='lat' dir='ltr'><strong>lo—</strong></span> 
     </span>
    </p>
   </div>
   <div class='ocr_carea' id='block_1_111' title="bbox 2141 4676 3714 4758">
    <p class='ocr_par' dir='ltr' id='par_1_111' title="bbox 2141 4676 3714 4758">
     <span class='ocr_line' id='line_1_111' title="bbox 2141 4676 3714 4758; baseline -0.011 -16"><span class='ocrx_word' id='word_1_872' title='bbox 2141 4688 2328 4758; x_wconf 88' lang='lat' dir='ltr'><strong>quitur</strong></span> <span class='ocrx_word' id='word_1_873' title='bbox 2350 4704 2362 4739; x_wconf 93' lang='lat'>:</span> <span class='ocrx_word' id='word_1_874' title='bbox 2386 4685 2506 4739; x_wconf 87' lang='lat' dir='ltr'><strong>Non</strong></span> <span class='ocrx_word' id='word_1_875' title='bbox 2526 4687 2741 4755; x_wconf 83' lang='lat' dir='ltr'><strong>potestis</strong></span> <span class='ocrx_word' id='word_1_876' title='bbox 2755 4676 3017 4739; x_wconf 70' lang='lat' dir='ltr'><strong>cetebrare</strong></span> <span class='ocrx_word' id='word_1_877' title='bbox 3036 4683 3251 4739; x_wconf 78' lang='lat' dir='ltr'><strong>Pascha</strong></span> <span class='ocrx_word' id='word_1_878' title='bbox 3264 4685 3321 4738; x_wconf 85' lang='lat' dir='ltr'><strong>in</strong></span> <span class='ocrx_word' id='word_1_879' title='bbox 3338 4683 3457 4737; x_wconf 87' lang='lat' dir='ltr'><strong>ulla</strong></span> <span class='ocrx_word' id='word_1_880' title='bbox 3469 4682 3714 4736; x_wconf 74' lang='lat' dir='ltr'><strong>civitatum</strong></span> 
     </span>
    </p>
   </div>
   <div class='ocr_carea' id='block_1_112' title="bbox 2142 4770 3710 4849">
    <p class='ocr_par' dir='ltr' id='par_1_112' title="bbox 2142 4770 3710 4849">
     <span class='ocr_line' id='line_1_112' title="bbox 2142 4770 3710 4849; baseline -0.009 -16"><span class='ocrx_word' id='word_1_881' title='bbox 2142 4793 2348 4841; x_wconf 82' lang='lat' dir='ltr'><strong>earum,</strong></span> <span class='ocrx_word' id='word_1_882' title='bbox 2366 4794 2498 4849; x_wconf 85' lang='lat' dir='ltr'><strong>quas</strong></span> <span class='ocrx_word' id='word_1_883' title='bbox 2515 4777 2769 4832; x_wconf 85' lang='lat' dir='ltr'><strong>Dominus</strong></span> <span class='ocrx_word' id='word_1_884' title='bbox 2788 4777 2929 4832; x_wconf 83' lang='lat' dir='ltr'><strong>Deus</strong></span> <span class='ocrx_word' id='word_1_885' title='bbox 2956 4778 3051 4829; x_wconf 85' lang='lat' dir='ltr'><strong>dat</strong></span> <span class='ocrx_word' id='word_1_886' title='bbox 3073 4777 3216 4830; x_wconf 83' lang='lat' dir='ltr'><strong>vobis</strong></span> <span class='ocrx_word' id='word_1_887' title='bbox 3241 4777 3438 4843; x_wconf 83' lang='lat' dir='ltr'><strong>(Deut.</strong></span> <span class='ocrx_word' id='word_1_888' title='bbox 3473 4775 3555 4827; x_wconf 81' lang='lat' dir='ltr'><strong>l6.</strong></span> <span class='ocrx_word' id='word_1_889' title='bbox 3577 4773 3625 4825; x_wconf 75' lang='grc'><strong>5.</strong></span> <span class='ocrx_word' id='word_1_890' title='bbox 3647 4770 3710 4827; x_wconf 75' lang='grc'><strong>6).</strong></span> 
     </span>
    </p>
   </div>
   <div class='ocr_carea' id='block_1_113' title="bbox 2152 4851 3714 4933">
    <p class='ocr_par' dir='ltr' id='par_1_113' title="bbox 2152 4851 3714 4933">
     <span class='ocr_line' id='line_1_113' title="bbox 2152 4851 3714 4933; baseline -0.012 -7"><span class='ocrx_word' id='word_1_891' title='bbox 2152 4858 2434 4926; x_wconf 75' lang='grc' dir='ltr'>δθάἐὶοιιι</span> <span class='ocrx_word' id='word_1_892' title='bbox 2459 4851 2664 4921; x_wconf 72' lang='lat' dir='ltr'><strong>decimo</strong></span> <span class='ocrx_word' id='word_1_893' title='bbox 2691 4874 2879 4933; x_wconf 89' lang='lat' dir='ltr'><strong>quarto</strong></span> <span class='ocrx_word' id='word_1_894' title='bbox 2906 4863 2995 4919; x_wconf 91' lang='lat' dir='ltr'><strong>die</strong></span> <span class='ocrx_word' id='word_1_895' title='bbox 3021 4861 3173 4933; x_wconf 88' lang='lat' dir='ltr'><strong>primi</strong></span> <span class='ocrx_word' id='word_1_896' title='bbox 3199 4861 3416 4917; x_wconf 83' lang='lat' dir='ltr'><strong>mensis</strong></span> <span class='ocrx_word' id='word_1_897' title='bbox 3439 4901 3455 4928; x_wconf 93' lang='lat'><strong>,</strong></span> <span class='ocrx_word' id='word_1_898' title='bbox 3485 4859 3556 4913; x_wconf 85' lang='lat' dir='ltr'><strong>its</strong></span> <span class='ocrx_word' id='word_1_899' title='bbox 3581 4855 3714 4910; x_wconf 77' lang='lat' dir='ltr'><strong>lere-</strong></span> 
     </span>
    </p>
   </div>
   <div class='ocr_carea' id='block_1_114' title="bbox 2154 4949 3712 5032">
    <p class='ocr_par' dir='ltr' id='par_1_114' title="bbox 2154 4949 3712 5032">
     <span class='ocr_line' id='line_1_114' title="bbox 2154 4949 3712 5032; baseline -0.012 -17"><span class='ocrx_word' id='word_1_900' title='bbox 2154 4958 2373 5032; x_wconf 88' lang='lat' dir='ltr'><strong>solymis</strong></span> <span class='ocrx_word' id='word_1_901' title='bbox 2409 4957 2562 5026; x_wconf 90' lang='lat' dir='ltr'><strong>jubet</strong></span> <span class='ocrx_word' id='word_1_902' title='bbox 2603 4952 2732 5009; x_wconf 89' lang='lat' dir='ltr'><strong>illud</strong></span> <span class='ocrx_word' id='word_1_903' title='bbox 2760 4954 2937 5023; x_wconf 86' lang='lat' dir='ltr'><strong>peragi</strong></span> <span class='ocrx_word' id='word_1_904' title='bbox 2958 4993 2973 5016; x_wconf 91' lang='lat'><strong>,</strong></span> <span class='ocrx_word' id='word_1_905' title='bbox 3002 4953 3254 5006; x_wconf 84' lang='lat' dir='ltr'><strong>similiter</strong></span> <span class='ocrx_word' id='word_1_906' title='bbox 3282 4951 3453 5006; x_wconf 87' lang='lat' dir='ltr'><strong>etiam</strong></span> <span class='ocrx_word' id='word_1_907' title='bbox 3485 4949 3712 5003; x_wconf 82' lang='lat' dir='ltr'><strong>Penteco-</strong></span> 
     </span>
    </p>
   </div>
   <div class='ocr_carea' id='block_1_115' title="bbox 2153 5033 3712 5129">
    <p class='ocr_par' dir='ltr' id='par_1_115' title="bbox 2153 5033 3712 5129">
     <span class='ocr_line' id='line_1_115' title="bbox 2153 5033 3712 5129; baseline -0.013 -23"><span class='ocrx_word' id='word_1_908' title='bbox 2153 5062 2268 5106; x_wconf 89' lang='lat' dir='ltr'><strong>sten</strong></span> <span class='ocrx_word' id='word_1_909' title='bbox 2300 5057 2353 5104; x_wconf 90' lang='lat' dir='ltr'><strong>et</strong></span> <span class='ocrx_word' id='word_1_910' title='bbox 2379 5048 2478 5102; x_wconf 93' lang='lat' dir='ltr'><strong>loci</strong></span> <span class='ocrx_word' id='word_1_911' title='bbox 2497 5055 2551 5101; x_wconf 92' lang='lat' dir='ltr'><strong>et</strong></span> <span class='ocrx_word' id='word_1_912' title='bbox 2576 5045 2829 5114; x_wconf 90' lang='lat' dir='ltr'><strong>temporis</strong></span> <span class='ocrx_word' id='word_1_913' title='bbox 2863 5043 3239 5098; x_wconf 84' lang='lat' dir='ltr'><strong>observatione</strong></span> <span class='ocrx_word' id='word_1_914' title='bbox 3269 5039 3541 5097; x_wconf 81' lang='lat' dir='ltr'><strong>conclusit</strong></span> <span class='ocrx_word' id='word_1_915' title='bbox 3568 5053 3586 5129; x_wconf 53' lang='grc' dir='ltr'><strong>ι</strong></span> <span class='ocrx_word' id='word_1_916' title='bbox 3610 5033 3712 5129; x_wconf 61' lang='lat' dir='ltr'><strong>diuit</strong></span> 
     </span>
    </p>
   </div>
   <div class='ocr_carea' id='block_1_116' title="bbox 2153 5127 3711 5224">
    <p class='ocr_par' dir='ltr' id='par_1_116' title="bbox 2153 5127 3711 5224">
     <span class='ocr_line' id='line_1_116' title="bbox 2153 5127 3711 5224; baseline -0.013 -27"><span class='ocrx_word' id='word_1_917' title='bbox 2153 5153 2274 5214; x_wconf 91' lang='lat' dir='ltr'><strong>post</strong></span> <span class='ocrx_word' id='word_1_918' title='bbox 2295 5149 2497 5209; x_wconf 89' lang='lat' dir='ltr'><strong>septem</strong></span> <span class='ocrx_word' id='word_1_919' title='bbox 2528 5135 2885 5191; x_wconf 88' lang='lat' dir='ltr'><strong>hebdomadas</strong></span> <span class='ocrx_word' id='word_1_920' title='bbox 2914 5133 3065 5203; x_wconf 87' lang='lat' dir='ltr'><strong>jubet</strong></span> <span class='ocrx_word' id='word_1_921' title='bbox 3093 5131 3195 5187; x_wconf 88' lang='lat' dir='ltr'><strong>hoc</strong></span> <span class='ocrx_word' id='word_1_922' title='bbox 3223 5131 3442 5224; x_wconf 10' lang='lat' dir='ltr'><strong>festum?</strong></span> <span class='ocrx_word' id='word_1_923' title='bbox 3463 5127 3711 5224; x_wconf 62' lang='lat' dir='ltr'><strong>celebrari.</strong></span> 
     </span>
    </p>
   </div>
   <div class='ocr_carea' id='block_1_117' title="bbox 2153 5218 3714 5312">
    <p class='ocr_par' dir='ltr' id='par_1_117' title="bbox 2153 5218 3714 5312">
     <span class='ocr_line' id='line_1_117' title="bbox 2153 5218 3714 5312; baseline -0.014 -25"><span class='ocrx_word' id='word_1_924' title='bbox 2153 5245 2207 5287; x_wconf 88' lang='lat' dir='ltr'><strong>et</strong></span> <span class='ocrx_word' id='word_1_925' title='bbox 2232 5246 2442 5287; x_wconf 89' lang='lat' dir='ltr'><strong>rursum</strong></span> <span class='ocrx_word' id='word_1_926' title='bbox 2473 5245 2593 5284; x_wconf 92' lang='lat' dir='ltr'><strong>cum</strong></span> <span class='ocrx_word' id='word_1_927' title='bbox 2619 5228 2798 5283; x_wconf 85' lang='lat' dir='ltr'><strong>addit:</strong></span> <span class='ocrx_word' id='word_1_928' title='bbox 2833 5225 2898 5279; x_wconf 82' lang='lat' dir='ltr'><strong>lu</strong></span> <span class='ocrx_word' id='word_1_929' title='bbox 2935 5226 3043 5278; x_wconf 89' lang='lat' dir='ltr'><strong>loco</strong></span> <span class='ocrx_word' id='word_1_930' title='bbox 3067 5240 3214 5293; x_wconf 77' lang='lat' dir='ltr'><strong>quem</strong></span> <span class='ocrx_word' id='word_1_931' title='bbox 3251 5223 3467 5312; x_wconf 71' lang='lat' dir='ltr'><strong>elegerit</strong></span> <span class='ocrx_word' id='word_1_932' title='bbox 3497 5218 3714 5312; x_wconf 63' lang='lat' dir='ltr'><strong>Domitius</strong></span> 
     </span>
    </p>
   </div>
   <div class='ocr_carea' id='block_1_118' title="bbox 2157 5309 3716 5392">
    <p class='ocr_par' dir='ltr' id='par_1_118' title="bbox 2157 5309 3716 5392">
     <span class='ocr_line' id='line_1_118' title="bbox 2157 5309 3716 5392; baseline -0.014 -13"><span class='ocrx_word' id='word_1_933' title='bbox 2157 5325 2292 5379; x_wconf 86' lang='lat' dir='ltr'><strong>Deus</strong></span> <span class='ocrx_word' id='word_1_934' title='bbox 2320 5333 2432 5377; x_wconf 87' lang='lat' dir='ltr'><strong>tuus</strong></span> <span class='ocrx_word' id='word_1_935' title='bbox 2459 5322 2478 5392; x_wconf 90' lang='lat'><strong>(</strong></span> <span class='ocrx_word' id='word_1_936' title='bbox 2504 5319 2654 5374; x_wconf 82' lang='lat' dir='ltr'><strong>Deut.</strong></span> <span class='ocrx_word' id='word_1_937' title='bbox 2684 5319 2768 5374; x_wconf 70' lang='lat'><strong>12.</strong></span> <span class='ocrx_word' id='word_1_938' title='bbox 2800 5319 2857 5371; x_wconf 78' lang='lat' dir='ltr'><strong>lt</strong></span> <span class='ocrx_word' id='word_1_939' title='bbox 2887 5317 2926 5386; x_wconf 92' lang='lat'><strong>).</strong></span> <span class='ocrx_word' id='word_1_940' title='bbox 2962 5316 3048 5369; x_wconf 92' lang='lat' dir='ltr'><strong>Sic</strong></span> <span class='ocrx_word' id='word_1_941' title='bbox 3085 5322 3140 5369; x_wconf 88' lang='lat' dir='ltr'><strong>et</strong></span> <span class='ocrx_word' id='word_1_942' title='bbox 3154 5311 3371 5366; x_wconf 86' lang='lat' dir='ltr'><strong>festum</strong></span> <span class='ocrx_word' id='word_1_943' title='bbox 3397 5309 3716 5375; x_wconf 62' lang='lat' dir='ltr'><strong>Sccnopegiz</strong></span> 
     </span>
    </p>
   </div>
   <div class='ocr_carea' id='block_1_119' title="bbox 2150 5397 3714 5492">
    <p class='ocr_par' dir='ltr' id='par_1_119' title="bbox 2150 5397 3714 5492">
     <span class='ocr_line' id='line_1_119' title="bbox 2150 5397 3714 5492; baseline -0.012 -26"><span class='ocrx_word' id='word_1_944' title='bbox 2150 5415 2403 5470; x_wconf 88' lang='lat' dir='ltr'><strong>instituit.</strong></span> <span class='ocrx_word' id='word_1_945' title='bbox 2433 5412 2536 5468; x_wconf 88' lang='lat' dir='ltr'><strong>Sed</strong></span> <span class='ocrx_word' id='word_1_946' title='bbox 2560 5410 2899 5479; x_wconf 87' lang='lat' dir='ltr'><strong>dispiciamus</strong></span> <span class='ocrx_word' id='word_1_947' title='bbox 2923 5447 2937 5470; x_wconf 94' lang='lat'><strong>,</strong></span> <span class='ocrx_word' id='word_1_948' title='bbox 2967 5415 3139 5458; x_wconf 89' lang='lat' dir='ltr'><strong>utrum</strong></span> <span class='ocrx_word' id='word_1_949' title='bbox 3174 5401 3409 5455; x_wconf 81' lang='lat' dir='ltr'><strong>tandem</strong></span> <span class='ocrx_word' id='word_1_950' title='bbox 3446 5397 3714 5492; x_wconf 85' lang='lat' dir='ltr'><strong>horum</strong></span> 
     </span>
    </p>
   </div>
   <div class='ocr_carea' id='block_1_120' title="bbox 2155 5488 3719 5578">
    <p class='ocr_par' dir='ltr' id='par_1_120' title="bbox 2155 5488 3719 5578">
     <span class='ocr_line' id='line_1_120' title="bbox 2155 5488 3719 5578; baseline -0.021 -16"><span class='ocrx_word' id='word_1_951' title='bbox 2155 5509 2323 5578; x_wconf 87' lang='lat' dir='ltr'><strong>magis</strong></span> <span class='ocrx_word' id='word_1_952' title='bbox 2349 5504 2730 5567; x_wconf 88' lang='lat' dir='ltr'><strong>necessarium,</strong></span> <span class='ocrx_word' id='word_1_953' title='bbox 2762 5501 2911 5554; x_wconf 89' lang='lat' dir='ltr'><strong>locus</strong></span> <span class='ocrx_word' id='word_1_954' title='bbox 2950 5513 3017 5551; x_wconf 89' lang='lat' dir='ltr'><strong>an</strong></span> <span class='ocrx_word' id='word_1_955' title='bbox 3061 5505 3302 5561; x_wconf 85' lang='lat' dir='ltr'><strong>tempus.</strong></span> <span class='ocrx_word' id='word_1_956' title='bbox 3332 5493 3407 5548; x_wconf 84' lang='lat' dir='ltr'><strong>Et</strong></span> <span class='ocrx_word' id='word_1_957' title='bbox 3432 5492 3478 5546; x_wconf 91' lang='lat' dir='ltr'><strong>si</strong></span> <span class='ocrx_word' id='word_1_958' title='bbox 3509 5503 3608 5543; x_wconf 87' lang='lat' dir='ltr'><strong>non</strong></span> <span class='ocrx_word' id='word_1_959' title='bbox 3632 5488 3719 5536; x_wconf 89' lang='lat' dir='ltr'><strong>sint</strong></span> 
     </span>
    </p>
   </div>
   <div class='ocr_carea' id='block_1_121' title="bbox 2161 5584 3716 5666">
    <p class='ocr_par' dir='ltr' id='par_1_121' title="bbox 2161 5584 3716 5666">
     <span class='ocr_line' id='line_1_121' title="bbox 2161 5584 3716 5666; baseline -0.014 -13"><span class='ocrx_word' id='word_1_960' title='bbox 2161 5600 2272 5653; x_wconf 75' lang='lat' dir='ltr'><strong>hazc</strong></span> <span class='ocrx_word' id='word_1_961' title='bbox 2298 5602 2435 5652; x_wconf 86' lang='lat' dir='ltr'><strong>inter</strong></span> <span class='ocrx_word' id='word_1_962' title='bbox 2461 5612 2519 5652; x_wconf 83' lang='lat' dir='ltr'><strong>se</strong></span> <span class='ocrx_word' id='word_1_963' title='bbox 2545 5593 2710 5666; x_wconf 85' lang='lat' dir='ltr'><strong>paria,</strong></span> <span class='ocrx_word' id='word_1_964' title='bbox 2741 5598 2918 5646; x_wconf 86' lang='lat' dir='ltr'><strong>utrum</strong></span> <span class='ocrx_word' id='word_1_965' title='bbox 2945 5584 3349 5644; x_wconf 81' lang='lat' dir='ltr'><strong>observandum</strong></span> <span class='ocrx_word' id='word_1_966' title='bbox 3377 5589 3463 5638; x_wconf 85' lang='lat' dir='ltr'><strong>est</strong></span> <span class='ocrx_word' id='word_1_967' title='bbox 3499 5585 3716 5647; x_wconf 62' lang='lat' dir='ltr'><strong>tempus,</strong></span> 
     </span>
    </p>
   </div>
  </div>
