3990 6198
239 248 350 305 875.

235 365 334 417 οὑκ
355 363 536 417 αἰτίαν
560 367 666 439 χρὴ
695 366 879 439 ζητεῖν
907 369 1086 440 μόνον,
1108 372 1245 427 ἀλλά
1263 373 1355 429 καὶ
1385 377 1549 432 τόπον
1571 381 1662 434 καὶ⁸
1692 400 1812 435 και-

233 447 352 520 ρόν.
382 449 601 501 Μᾶλλον
620 447 677 502 δὲ
703 453 832 522 πρὶν
866 451 898 523 ἡ
923 455 1058 524 πρὸς
1092 457 1377 524 Ἰουδαίους
1407 462 1813 530 ἀποτείνασθαι,

227 532 348 594 τοῖς
375 532 669 602 ἡμετέροις
700 535 872 604 ἡδέως
899 536 1253 610 διαλεξόμεθα
1274 555 1301 582 ι
1343 544 1550 614 μέλεσι,
1589 550 1702 610 τοῖς
1725 549 1810 601 δο-

229 614 391 666 κοῦσι
423 614 524 684 μὲν
552 615 670 685 μεθ’
701 617 858 688 ἡμῶν
888 621 1147 691 τετάχθαι
1175 663 1190 683 ,
1247 624 1610 695 θεραπεύουσι
1652 629 1709 681 δὲ
1747 630 1816 683 τά

229 697 481 762 ἐκείνων,
505 701 608 783 καὶ
640 701 730 754 τὸν
760 703 945 770 ἀγῶνα
975 705 1191 760 ἅπαντα
1219 709 1360 780 ὑπὲρ
1401 711 1581 764 αὐτῶν
1611 714 1816 783 ἀνῃρη-

229 783 440 853 μένοις,
464 781 558 846 οῦς
581 783 674 836 καὶ
695 785 940 862 πλείονος
963 789 1104 844 κατὰ
1126 790 1284 844 τοῦτο
1307 781 1814 865 κατακρίσεως-τῶν

241 867 514 920 Ἰουδαίων
544 869 799 922 ἁπάντων
828 869 1010 936 ἀξίους
1041 872 1201 938 ὄντας
1228 875 1358 945 ὁρῶ.
1398 878 1506 930 Καὶ
1531 877 1690 932 τοῦτο
1716 879 1815 950 οὑχ

224 952 276 1004 οί
304 952 461 1020 σοιροὶ
488 952 582 1004 καὶ
612 953 825 1007 συνετοὶ
853 954 1034 1024 μόνον,
1065 956 1202 1010 ἀλλά
1234 960 1326 1012 καὶ
1372 961 1419 1013 οἱ
1449 961 1698 1016 ὁπωσοῦν
1727 962 1815 1015 λόν

224 1053 327 1103 γου
375 1037 473 1089 καὶ
525 1035 760 1100 διανοίας
824 1038 1145 1108 μετέχοντες
1205 1042 1694 1114 συνομολογήσαιεν
1747 1046 1813 1099 ἂν

225 1120 384 1188 ἡμῖν.
411 1119 486 1172 Οῦ
525 1118 633 1190 γάρ
667 1120 825 1190 χρεία
849 1123 1203 1190 σοφισμάτων
1238 1125 1331 1178 καὶ
1351 1128 1700 1198 κατασκευῆς
1719 1129 1814 1182 καὶ

230 1203 461 1274 μακρῶν
493 1205 759 1275 περιόδων
793 1204 935 1258 ὥστε
968 1207 1247 1272 ἀποδεῖξαι
1291 1209 1468 1276 τοῦτο,
1504 1211 1619 1265 ἀλλ’
1653 1214 1814 1283 ἀρκεῖ

225 1287 390 1358 ψιλήν
417 1305 542 1342 τινα
572 1287 842 1358 ἐρώτησιν
864 1290 1122 1362 ἐρόμενον
1159 1292 1298 1345 ἑλεῖν
1329 1295 1529 1358 αὐτοὺς
1572 1295 1680 1349 ἀπὸ
1712 1296 1813 1365 τῆς

223 1370 596 1443 ἀποκρίσεως.
650 1372 715 1426 Τί
754 1367 878 1438 οῦν;
909 1374 1138 1428 ἕκαστον
1171 1375 1278 1428 τῶν
1307 1375 1466 1430 τοῦτο
1515 1377 1812 1431 νοσούντων

221 1458 519 1528 ἐρήσομαι,
547 1457 872 1527 Χριστιανὸς
901 1453 986 1520 εἷ;
1028 1458 1173 1521 τίνος
1207 1454 1301 1513 οὖν
1333 1460 1518 1513 ἕνεκεν
1567 1461 1636 1515 τά
1683 1461 1813 1515 Ἰου-

221 1541 393 1594 δαίων
427 1540 646 1611 ζηλοῖςς
695 1539 856 1594 Ἀλλά
891 1541 1143 1604 Ἰουδαῖος
1177 1537 1266 1607 εἷς
1304 1543 1450 1608 τίνος
1483 1539 1576 1598 οὖν
1623 1544 1811 1599 ἕνεκεν

222 1624 467 1693 ἐνοχλεῖς
507 1626 573 1694 τῇ
622 1623 953 1695 Ἐκκλησίᾳς
1010 1624 1066 1678 '0
1115 1625 1331 1696 Πέρσης
1368 1627 1429 1680 οὑ
1464 1627 1532 1680 τά
1582 1628 1810 1699 Περσῶν

222 1711 452 1777 φρονεῖς
483 1709 511 1760 ὁ
552 1707 828 1779 βάρϐαρος
881 1709 944 1761 οὑ
996 1707 1066 1761 τὰ
1100 1709 1392 1782 βαρϐάρων
1425 1711 1606 1782 ζηλοῖς
1653 1715 1683 1765 ό
1711 1713 1809 1784 τὴν

235 1792 528 1862 Ῥωμαίων
560 1793 744 1863 χώραν
768 1792 934 1846 οἰκῶν
956 1793 1015 1845 οὑ
1043 1794 1140 1864 τὴν
1171 1795 1446 1866 ἡμετέραν
1469 1796 1678 1867 μέτεισι
1707 1814 1806 1851 πο-

221 1874 473 1940 λιτείαν;
508 1874 605 1929 Ἀν
643 1875 756 1945 ἁλῷ
805 1893 910 1938 τις,
953 1877 1076 1928 εἰπέ
1107 1895 1216 1946 μοι,
1245 1877 1352 1931 τῶν
1386 1880 1515 1950 παρ’
1552 1881 1682 1949 ἡμῖν
1729 1882 1808 1933 οξ-

224 1957 466 2012 κούντων
489 1959 558 2011 τὰ
582 1959 805 2016 ἐκείνων
838 1959 1072 2029 φρονῶν,
1104 1961 1203 2013 οὑκ
1224 1960 1427 2025 εὐθέως
1459 1963 1627 2032 χωρὶς
1649 1963 1806 2032 λόγου

222 2043 319 2094 καὶ
370 2042 669 2106 ἐξετάσεως
715 2041 1023 2107 κολάζεται,
1075 2043 1175 2096 κᾶν
1207 2045 1376 2114 μυρία
1424 2045 1807 2113 ἀπολογεῖσθαι

221 2129 362 2198 ἔχῃς
395 2127 461 2180 ἂν
484 2129 624 2196 φανῇ
649 2145 732 2188 τις
762 2128 890 2198 παρ’
920 2128 1149 2190 ἐκείνοις
1187 2131 1298 2191 τοῖς
1347 2128 1632 2198 Ῥωμαίων
1661 2130 1804 2203 χρώ-

223 2228 390 2282 μενος
417 2211 623 2280 νόμοις,
648 2211 709 2263 οὑ
739 2209 896 2263 τοῦτο
917 2212 1048 2265 αὑτὸ
1069 2213 1313 2265 πείσεται
1339 2212 1535 2279 πάλιν;
1568 2215 1692 2278 Πῶς
1713 2211 1806 2268 οῦν

222 2300 288 2350 σὺ
323 2297 465 2366 πρὸς
496 2295 593 2364 τὴν
625 2293 939 2365 παράνομον
965 2295 1179 2366 ἐκείνην
1223 2295 1617 2366 μεθιστάμενος
1656 2298 1806 2351 πολι-

215 2381 377 2434 τείαν
414 2381 584 2444 ἀξιοῖς
617 2377 919 2444 σώζεσθαι;
949 2379 1040 2450 Μὴ
1065 2380 1175 2452 γὰρ
1200 2379 1376 2447 ὀλίγον
1407 2381 1523 2434 ἐστὶ
1545 2380 1606 2433 τὸ
1642 2381 1804 2451 μέσον

216 2463 386 2534 ἡμῶν
438 2464 531 2516 καί
574 2461 880 2527 Ἰουδαίων;
937 2463 1011 2533 μὴ
1062 2462 1170 2534 γὰρ
1204 2463 1344 2534 ὑπὲρ
1372 2461 1482 2516 τῶν
1533 2463 1805 2534 τυχόντων

217 2550 374 2602 ἰστὶν
404 2550 438 2619 ἡ
480 2546 912 2618 ἀμφισόἡτησις,
972 2547 1060 2600 ἵνα
1088 2547 1146 2599 ἓν
1186 2548 1280 2600 καὶ
1319 2547 1382 2600 τὸ
1413 2548 1546 2602 αὑτὸ
1575 2549 1804 2621 νομίσῃς

213 2630 398 2698 εἷναι;
433 2633 498 2687 Τί
526 2631 775 2702 μιγνύεις
805 2633 833 2672 δ
858 2630 929 2685 τὰ
948 2631 1155 2702 ἄμικτα
1175 2648 1190 2697 ;
1213 2631 1563 2704 ἐσταύρωσαν
1605 2635 1803 2688 ἐκεῖνοι

211 2721 315 2772 τὸν
350 2718 604 2789 Χριστὸν,
638 2717 698 2770 δν
729 2717 795 2769 σὺ
823 2718 1170 2788 προσκυνεῖς.
1220 2717 1384 2788 Ὁρᾷς
1414 2717 1579 2771 πόσον
1620 2717 1682 2772 τὸ
1709 2719 1830 2790 μέ--

213 2819 316 2857 σον
342 2820 357 2866 ;
391 2802 517 2862 Πῶς
541 2797 634 2854 οὖν
660 2799 797 2869 πρὸς
824 2798 1067 2864 ἐκείνους
1097 2799 1310 2870 τρέχεις
1333 2800 1460 2863 τοὺς
1491 2801 1801 2864 ἀνελόντας.

210 2889 243 2940 ὁ
284 2888 616 2956 προσκυνεῖν
646 2879 822 2952 λέγων
847 2881 935 2935 τὸν
960 2883 1408 2953 ἑσταυρωμένον;
1437 2885 1527 2956 Μὴ
1556 2884 1666 2957 γὰρ
1692 2885 1804 2953 ἐγὼ

209 2969 413 3023 τοῦτον
439 2967 646 3037 εἰσάγω
675 2967 784 3021 τῶν
813 2965 1175 3037 ἐγκλημάτων
1196 2965 1287 3018 τὸν
1310 2967 1472 3036 νόμον
1501 2968 1595 3020 καὶ
1621 2968 1681 3021 τὸ
1704 2969 1804 3038 τῆς

211 3051 564 3122 κατηγορίας
595 3047 771 3114 εἷδος;
798 3050 919 3120 οὐχὶ
947 3050 1039 3102 καὶ
1064 3050 1096 3122 ἡ
1120 3049 1158 3100 Γ
1163 3049 1310 3120 ραφὴ
1336 3049 1510 3121 τούτῳ
1539 3051 1802 3120 κέχρηται

212 3137 362 3208 πρὸς
385 3135 584 3197 αὐτοὺς
605 3133 683 3206 τῷ
702 3133 889 3204 τρόπῳ
911 3149 926 3199 ;
961 3133 1230 3190 Ἄκουσον
1253 3133 1306 3189 τί
1331 3150 1493 3204 φησιν
1537 3133 1802 3205 Ἱερεμίας

212 3220 361 3290 πρὸς
391 3219 588 3281 αὐτοὺς
639 3217 912 3280 ἑκείνουςο
966 3215 1270 3270 Ἀπέλθετε
1305 3218 1394 3285 είς
1437 3215 1661 3284 Κηδὰρ,
1701 3217 1800 3270 καί

213 3304 382 3358 ἴδετε
401 3320 416 3334 ο
446 3303 849 3357 ἁποστείλατε
879 3302 964 3365 είς
996 3302 1102 3366 τὰς
1152 3297 1390 3366 νήσους
1428 3301 1676 3368 Χετιεὶμ,
1702 3300 1801 3353 καὶ

211 3385 490 3456 rubras!
525 3386 730 3455 γέγονε
784 3385 1046 3440 τοιαῦτα.
1100 3386 1237 3438 Ποῖα
1278 3383 1486 3449 ταῦτα;
1521 3385 1587 3436 El
1615 3383 1803 3437 ἀλλά-

213 3473 433 3535 ξονται
459 3469 605 3536 ἔθνη
623 3468 796 3534 θεοὺς
813 3467 1031 3531 αὐτῶν,
1064 3468 1346 3522 καίαύτοί
1371 3470 1482 3522 οὐκ
1508 3467 1626 3521 είσὶ
1641 3468 1763 3522 θεοί
1784 3487 1800 3501 ·

211 3553 392 3623 ὑμεῖς
415 3553 484 3606 δὲ
511 3553 864 3620 ἠλλάξασθε
896 3551 1012 3619 τὴν
1033 3549 1222 3616 δόξαν
1261 3551 1424 3621 ὑμῶν
1442 3591 1456 3614 ,
1485 3550 1554 3616 ἐξ
1584 3547 1660 3621 ἧς
1691 3553 1802 3604 οὐκ

211 3636 714 3708 ὠέεεληθήσεσθε.
756 3635 871 3689 Οὐκ
908 3629 1096 3687 εἶπεν·
1159 3631 1489 3698 Ἠλλάξασθε
1541 3634 1633 3687 τὸν
1671 3633 1804 3687 Θεὸν

215 3722 401 3793 ὑμῶν,
431 3721 587 3784 ἀλλά,
608 3720 721 3787 τὴν
737 3717 926 3784 δόξαν
960 3728 1006 3772 ε.
1035 3719 1100 3771 ’ὐ
1123 3718 1178 3772 δὲ
1203 3717 1349 3786 λέγει
1375 3717 1612 3770 τοιοῦτόν
1634 3717 1801 3770 ἐστίν·

227 3805 488 3869 Ἐκεῖνοι,
519 3802 704 3873 φησὶν,
737 3801 932 3855 εἴδωλα
959 3799 1409 3870 προσκυνοῦντες,
1427 3801 1522 3854 καὶ
1547 3800 1805 3871 δαίμονας

217 3888 643 3959 θεραπεύοντες,
673 3883 927 3938 τοσοῦτον
957 3886 1086 3955 περὶ
1111 3885 1212 3956 τὴν
1229 3883 1440 3956 πλάνην
1467 3884 1649 3956 έχουσι
1677 3901 1802 3938 συν-

221 3973 386 4036 ειδὸς,
419 3972 494 4034 ὡς
533 3969 668 4039 μηδὲ
702 3967 914 4021 ἑλέσθαι
947 3967 1266 4022 καταλιπεῖν
1294 3970 1497 4026 ἐκεῖνα,
1542 3968 1634 4024 καὶ
1669 3967 1804 4038 πρὸς

216 4059 322 4126 τὴν
349 4053 612 4125 ἀλήθειαν
643 4050 1006 4121 αὐτομολῆσαι
1031 4067 1043 4078 ’
1078 4051 1235 4120 ὑμεῖς
1263 4050 1320 4104 δὲ
1347 4051 1438 4103 τὸν
1467 4050 1642 4120 ἀληθῆ
1673 4051 1804 4103 Θεὸν

215 4136 692 4210 προσκυνοῦντες,
757 4133 906 4207 [6‘20]
946 4134 1174 4203 ἀφέντες
1198 4134 1296 4204 τὴν
1339 4132 1594 4204 πατρῴαν
1649 4133 1802 4186 εὑσέ-

216 4223 413 4287 ὕειαν,
457 4221 598 4291 πρὸς
643 4217 714 4272 τὰ
753 4218 1012 4287 ἀλλότρια
1058 4217 1499 4289 ηὑτομολὴσατε·
1560 4217 1652 4270 καὶ
1684 4216 1803 4271 οὐδὲ

215 4307 356 4378 ὅσην
387 4305 604 4376 ἔχουσιν
627 4304 824 4356 ἐκεῖνοι
847 4301 975 4371 περὶ
1004 4299 1102 4374 τὴν
1134 4300 1342 4370 πλάνην
1374 4299 1576 4370 ταύτην
1624 4299 1804 4351 συνεί-

211 4388 399 4459 δησιν,
425 4386 695 4457 τοσαύτην
730 4385 858 4456 περὶ
890 4383 987 4456 τὴν
1035 4383 1292 4454 ἀλήθειαν
1325 4383 1481 4452 ὑμεῖς
1523 4380 1802 4446 ἐπεδείξα-

218 4474 342 4532 σθε,
367 4472 466 4524 Διά
493 4470 653 4524 τοῦτό
686 4485 849 4540 φησιν
868 4485 880 4498 ·
919 4470 988 4520 Et
1007 4466 1214 4536 γέγονε
1250 4465 1514 4528 τοιαῦτα,
1543 4465 1597 4516 εί
1617 4464 1832 4519 ἀλλὰ-’

214 4557 434 4622 ξονται
458 4555 604 4622 ἔθνη
627 4554 802 4620 θεοὺς
826 4550 1046 4617 αὐτῶν,
1073 4552 1170 4605 καί
1188 4549 1358 4605 αὐτοὶ
1388 4551 1500 4604 οὐκ
1516 4548 1636 4604 εισι
1658 4551 1799 4604 θεοί·
1850 4609 1852 4611 μ

209 4639 394 4709 ὑμεῖς
414 4637 483 4692 δὲ
502 4637 855 4708 ἠλλάξασθε
894 4635 1008 4704 τὴν
1050 4634 1240 4700 δόξαν
1271 4629 1457 4704 ὑμῶν,
1492 4635 1560 4697 ἐξ
1585 4628 1661 4703 ἧς
1692 4633 1802 4688 οὐκ

205 4722 712 4795 ὠφεληθήσεσθε.
765 4721 880 4774 υὺκ
918 4715 1091 4781 εἶπεν,
1157 4718 1488 4784 Ἦλλάξασθε
1521 4719 1614 4772 τὸν
1669 4719 1804 4773 Θεὸν

185 4807 381 4879 ⁴ὑμῶν
399 4823 415 4837 ·
448 4809 477 4861 ὁ
504 4806 636 4870 Θεὸς
669 4804 779 4876 γὰρ
811 4805 911 4857 οὑκ
940 4803 1270 4857 ἀλλάσσεται
1290 4818 1305 4831 ⁸
1335 4801 1471 4864 ἀλλ’,
1512 4801 1804 4866 Ἠλλάξα-

199 4895 332 4947 σθε
352 4888 468 4957 τὴν
489 4889 679 4953 δόξαν
707 4885 893 4951 ὑμῶν.
924 4885 1016 4956 Μὴ
1041 4885 1150 4956 γὰρ
1174 4886 1295 4954 ἐμὲ,
1333 4887 1516 4956 φησιν,
1539 4885 1806 4955 ἠδικήσα-

192 4994 274 5030 τε
294 4993 309 5006 ·
346 4973 423 5046 μὴ
457 4972 568 5044 γὰρ
593 4972 717 5044 ἐμοὶ
743 4971 960 5039 ἐγένετο
993 4969 1166 5039 βλάϐη
1191 4985 1205 5000 ⁸
1237 4968 1394 5040 ὑμεῖς
1436 4971 1664 5033 ἑαυτοὺς
1686 4973 1806 5039 ἡτιο

198 5057 446 5130 μώσατε
467 5072 482 5087 ·
509 5057 609 5127 τὴν
643 5055 782 5125 ἑμὴν
805 5055 905 5106 οὐκ
933 5052 1283 5122 ἡλαττώσατε
1313 5052 1494 5117 δόξαν,
1531 5052 1670 5106 ἀλλὰ
1705 5053 1806 5122 τὴν

191 5141 516 5212 ὑμετέραν.
544 5139 677 5191 Δότε
706 5135 770 5209 δὴ
798 5138 967 5208 κάμοὶ
991 5135 1151 5190 τοῦτο
1176 5137 1272 5189 καὶ
1301 5137 1436 5208 πρὸς
1454 5138 1580 5200 τοὺς
1604 5137 1804 5208 ἡμετέν

191 5240 348 5298 ρους
378 5222 574 5285 εἰπεῖν,
595 5220 730 5287 εἴγε
761 5221 1065 5291 ἡμετέρους
1083 5219 1189 5290 χρὴ
1215 5220 1401 5273 καλεῖν
1423 5222 1550 5282 τοὺς
1567 5220 1634 5272 τὰ
1664 5220 1808 5272 ἑκεί-

187 5324 325 5361 νων
366 5305 718 5377 φρονοῦντας.
753 5304 1058 5374 Πορεύεσθε
1091 5307 1168 5369 εἰς
1194 5304 1292 5367 τὰς
1342 5307 1684 5372 συναγωγὰς,
1713 5305 1806 5357 καὶ

1455 264 1822 326 ADVERSUS
1860 269 2172 332 JUDEOS.
2209 278 2298 334 IV.

3400 298 3505 358 870

1916 390 1978 444 τὸ
2013 392 2197 479 πάσχα
2214 392 2340 479 μεθ’
2363 393 2520 464 ἡμῶν
2549 397 2902 468 ἑνήστευσαν,
2935 400 2984 454 εί
3012 403 3218 475 ταύτην
3245 406 3342 478 τὴν
3368 410 3505 479 ἡμέ-

1922 493 2020 544 ραν
2052 475 2181 528 ποτὲ
2207 475 2430 544 ἔφαγον.
2471 480 2581 532 Καὶ
2613 480 2752 552 αὕτη
2794 484 2894 537 οὑκ
2927 483 3043 537 ἔστι
3082 475 3325 556 νηστεία,
3365 475 3501 546 ἀλλὰ

1847 553 1854 667 ι
1915 558 2630 667 ῗξξιῐῖεέὶσξέεαξξιέιιτὲξ
2669 553 3501 667 ᾕσξιξξληιμέλξιαξ,ὲλλῖδιιως

1914 639 2298 724 οὑκκὴλλαξαν.
2349 644 2540 714 Ὑμεῖς
2571 647 2626 699 δὲ
2659 647 2964 716 ἡλλάξασθε
3003 651 3104 720 τὴν
3135 651 3292 717 δόξαν
3323 639 3498 724 ὑμῶν,

1916 717 2074 807 ἐξ-ἦς
2098 725 2197 777 οὑκ
2228 725 2667 798 ὠφεληθήσεσθε,
2694 733 2787 784 καὶ
2815 733 2951 804 πρὸς
2975 717 3299 789 τά-ἑκείνων
3337 717 3497 807 ηὐτο-

1919 803 2212 874 μολὴσατε.
2252 809 2388 861 Πότε
2418 810 2478 863 τὸ
2516 813 2702 883 πάσχα
2732 817 3061 885 ἑνὴστευσαν
3101 817 3329 884 ἐκείνοις
3359 803 3499 871 ’πότε

1918 887 2212 958 μαρτύρων
2237 891 2357 958 μεθ’
2383 894 2539 964 ἡμῶν
2569 896 2763 967 ἑορτὴν
2785 898 3148 964 ἑπετέλεσαν;
3185 901 3315 953 πότε
3359 901 3503 955 κατά

1914 970 2013 1040 τὴν
2041 972 2152 1024 τῶν
2203 974 2532 1044 Ἐπιφανίων
2565 979 2777 1049 ἡμέραν
2811 983 2940 1051 ἡμῖν
2972 982 3375 1053 ἑκοινώνησαν;
3418 985 3502 1037 Ἐ-

1915 1055 2082 1138 κεῖνοι
2112 1056 2247 1126 πρὸς
2262 1059 2360 1127 τὴν
2385 1059 2644 1131 ἀλήθειαν
2671 1063 2732 1114 οὑ
2757 1063 3036 1133 τρέχουσι,
3059 1066 3154 1118 καὶ
3181 1067 3340 1134 ὑμεῖς
3363 1067 3499 1138 πρὸς

1914 1133 2012 1204 τὴν
2051 1141 2396 1210 παρανομίαν
2428 1142 2649 1212 τρέχετε
2667 1162 2681 1176 ο
2708 1146 3051 1216 παρανομίαν
3079 1147 3135 1200 δὲ
3167 1133 3330 1215 λέγω,
3351 1133 3501 1202 ἑπει-

1914 1217 1978 1288 δὴ
2019 1221 2169 1291 παρά
2198 1223 2288 1276 τὸν
2309 1227 2658 1296 προσήκοντα
2690 1227 2862 1281 ταῦτα
2890 1231 3100 1297 γίνεται
3151 1231 3360 1302 καιρόν.
3391 1227 3500 1284 Ἦν

1916 1321 2046 1356 ποτε
2080 1306 2290 1376 καιρὸς,
2332 1309 2420 1361 ὅτε
2458 1309 2632 1364 ταῦτα
2679 1312 3045 1380 φυλάττεσθαι
3078 1314 3207 1373 ἔδει,
3237 1314 3374 1367 ἀλλά
3403 1313 3498 1366 νῦν

1913 1386 2013 1481 οὑκ
2043 1388 2178 1446 ἔστι.
2206 1391 2305 1448 Διά
2330 1391 2489 1448 τοῦτο
2517 1395 2578 1447 τὸ
2604 1396 2734 1448 ποτὲ
2773 1396 2998 1463 ἔννομον
3031 1397 3349 1469 παράνομόν
3382 1398 3498 1452 ἐστι

1914 1487 2030 1524 νυν.

1981 1550 2021 1605 δ’
2029 1593 2042 1607 .
2073 1553 2201 1608 Δότε
2238 1573 2327 1626 μοι
2356 1557 2418 1610 τὺ
2442 1559 2537 1612 τοῦ
2583 1560 2740 1615 ’Πλία
2777 1562 2910 1633 πρὸς
2941 1563 3137 1627 αὐτοὺς
3158 1563 3353 1616 εἰπεῖν.
3388 1563 3498 1616 Καὶ

1913 1634 2022 1706 γάρ
2037 1639 2241 1702 ἐκεῖνος
2258 1641 2399 1708 ὀρῶν
2420 1643 2547 1705 τοὺς
2578 1644 2864 1706 Ἰουδαίους
2879 1645 3232 1710 ἀσεδοῦντας,
3251 1648 3345 1700 καὶ
3365 1646 3496 1699 ποτὲ

1917 1718 2014 1789 μὲν
2040 1719 2118 1790 τῷ
2160 1721 2278 1791 Θεῷ
2318 1723 2706 1794 προσέχοντας,
2749 1729 2880 1781 ποτὲ
2909 1730 2967 1783 δὲ
2993 1729 3065 1782 τά
3091 1729 3288 1784 εἴδωλα
3338 1729 3499 1796 θεραο

1915 1801 2200 1869 πεύοντας,
2231 1804 2373 1858 οὕτω
2403 1824 2516 1870 πως
2549 1810 2713 1878 φησίν
2735 1827 2748 1840 ·
2785 1811 2941 1876 Ἕως
2990 1814 3134 1866 πότε
3171 1813 3498 1882 χωλανεῖτε

1911 1886 2002 1939 ἐπ’
2051 1889 2412 1958 ἀμφοτέραις
2457 1892 2584 1959 ταῖς
2627 1896 2891 1962 ίγνύαιςτ
2935 1897 3003 1950 El
3047 1895 3180 1949 ἐστι
3210 1896 3427 1962 Κύριος
3464 1899 3498 1949 ό

1914 1970 2058 2034 Θεὸς
2085 1969 2254 2038 ἡμῶν
2275 1976 2407 2040 μεθ’
2424 1973 2590 2042 ὑμῶν
2617 1975 2667 2040 ἀ,
2695 1976 2866 2031 δεῦτε
2887 1979 2981 2030 καί
3012 1979 3341 2046 πορεύεσθε
3369 1978 3497 2030 ὀπί-

1910 2069 1999 2106 σω
2027 2054 2246 2107 αὺτοῡ·
2285 2059 2338 2108 εί
2375 2056 2442 2108 δὲ
2475 2060 2509 2110 o’
2548 2059 2736 2123 Βαὰλ,
2777 2061 3107 2128 πορεύεσθε
3149 2061 3345 2113 ὀπίσω
3389 2061 3496 2112 αὺ-

1910 2137 2036 2190 τοῦ.
2061 2136 2230 2190 Τοῦτο
2263 2140 2354 2192 καὶ
2405 2139 2517 2208 ἐγὼ
2558 2141 2652 2194 νῦν
2685 2142 2828 2210 λέγω
2861 2143 2998 2214 πρὸς
3029 2143 3261 2206 αὐτούς’
3311 2144 3373 2195 Εί
3404 2142 3496 2196 τὸν

1922 2221 2256 2292 Ἰουδαϊσμὸν
2296 2223 2548 2293 νομίζετε
2591 2225 2850 2295 ἀλήθειαν
2907 2222 3070 2291 εἶναι,
3129 2227 3270 2289 τίνος
3309 2226 3495 2278 ἕνεκεν

1907 2303 2174 2372 ἐνοχλεῖτε
2198 2307 2263 2374 τῇ
2309 2305 2642 2379 Ἐκκλησίᾳ;
2669 2310 2716 2360 εί
2755 2309 2813 2362 δὲ
2840 2312 2867 2362 ὁ
2886 2309 3314 2378 Χριστιανισμός
3345 2310 3495 2362 ἐστιν

1908 2385 2135 2457 ἀληθὴς,
2187 2387 2472 2458 ὠσπεροῦν
2523 2391 2618 2444 καὶ
2647 2391 2784 2456 ἔστι,
2827 2393 3040 2464 μένετε,
3069 2393 3165 2446 καὶ
3193 2391 3493 2463 πορεύεσθε

1906 2468 2083 2522 ὀπίσω
2110 2468 2298 2526 αὑτοῦ.
2336 2471 2458 2526 Τῶν
2505 2475 2821 2544 μυστηρίων
2854 2478 3152 2540 κοινωνεῖς,
3201 2475 3324 2528 είπέ
3379 2491 3492 2545 μοι,

1905 2551 1998 2606 τὸν
2025 2552 2260 2623 Χριστὸν
2288 2559 2613 2624 προσκυνεῖς
2645 2557 2721 2620 ὡς
2742 2558 3071 2628 Χριστιανὸς
3104 2569 3150 2623 ο,
3200 2558 3330 2628 παρ’
3356 2557 3495 2610 ἑκεί-

1907 2652 2000 2688 νου
2029 2635 2098 2688 τὰ
2125 2634 2306 2704 ἀγαθά
2328 2638 2537 2702 αἰτεῖςο
2578 2639 2672 2693 καὶ
2715 2639 2853 2710 μετά
2889 2640 3001 2693 τῶν
3053 2640 3266 2712 ἐχθρῶν
3302 2639 3494 2709 ἑορτά-

1907 2714 2021 2782 ζεις
2056 2718 2166 2773 τῶν
2197 2719 2444 2785 ἑκείνου;
2470 2720 2565 2773 καὶ
2598 2721 2726 2791 ποίᾳ
2752 2721 2949 2794 γνώμῃ
2975 2725 3056 2786 είς
3075 2723 3174 2794 τὴν
3197 2722 3494 2792 ἐκκλησίαν

1906 2799 2152 2871 ἀπαντᾷς
2174 2799 2392 2866 λοιπόν;
2423 2804 2568 2872 Πρὸς
2605 2803 2704 2875 μὲν
2733 2799 2828 2859 οὗν
2867 2807 2995 2868 τοὺς
3024 2805 3093 2859 τά
3125 2805 3371 2876 ἡμέτερα
3406 2805 3495 2858 λέ-

1905 2898 2103 2950 γοντας
2153 2887 2395 2955 φρονεῖν,
2455 2887 2551 2939 καὶ
2599 2886 2669 2940 τὰ
2697 2887 2920 2940 ἐκείνων
2959 2886 3280 2957 ζηλοῦντας,
3331 2889 3492 2958 ἀρκεῖ

1905 2958 2057 3028 οὗτος
2083 2966 2112 3017 ὁ
2133 2966 2289 3034 λόγος
2327 2969 2458 3038 ἡμῖν
2475 2983 2490 2997 °
2521 2969 2710 3040 ἐπειδὴ
2735 2971 2792 3022 δὲ
2818 2970 2912 3022 καὶ
2939 2970 3075 3040 πρὸς
3099 2969 3340 3032 ἐκείνους
3355 2971 3489 3023 ἀπο-

1904 3047 2181 3101 τείνασθαι
2220 3048 2503 3119 βούλομαι,
2537 3051 2656 3105 δότε
2699 3070 2789 3122 μοι
2823 3052 3172 3123 μακροτέραν
3201 3067 3502 3125 προσενεγ-

1907 3134 2022 3184 κεῖν
2045 3132 2144 3203 τὴν
2172 3132 2521 3186 διδασκαλίαν
2555 3135 2649 3188 καλ¹
2674 3136 2841 3201 δεῖξαι
2870 3136 2986 3199 πῶς
3032 3137 3123 3190 τὸν
3165 3137 3330 3203 νόμον
3363 3137 3486 3188 ἀτι-

1911 3214 2173 3286 μάζουσιν
2206 3217 2255 3268 οἱ
2302 3216 2544 3270 Ἰουδαῖοι
2581 3217 2935 3288 νηστεύοντες
2983 3218 3108 3282 νῦν,
3160 3220 3251 3272 καὶ
3280 3218 3350 3272 τὰ
3388 3218 3486 3272 τοῦ

1906 3297 2042 3352 Θεοῦ
2083 3298 2458 3353 καταπατοῦσι
2510 3301 2938 3371 προστάγματα,
2990 3303 3320 3364 ἀπεναντίας
3377 3305 3488 3365 τοῖς

1907 3381 2102 3453 ἐκείνῳ
2122 3383 2340 3437 δοκοῦσι
2369 3385 2548 3437 πάντα
2583 3383 2865 3449 ποιοῦντες
2889 3386 2993 3440 ἀεί.
3032 3387 3157 3438 Ὅτε
3188 3387 3318 3454 γοῦν
3337 3385 3489 3439 ἐδού-

1907 3467 2028 3519 λετο
2069 3467 2263 3530 αὑτοὺς
2298 3465 2601 3537 νηστεύειν,
2640 3466 2982 3532 λιπαίνοντες
3029 3469 3389 3522 ἑπλατύνοντο
3429 3469 3447 3506 ί
3471 3476 3484 3492 ⁸

1905 3552 1995 3605 ὅτε
2023 3552 2080 3603 δὲ
2114 3549 2359 3620 βούλεται
2401 3551 2599 3613 αὐτοὺς
2631 3550 2706 3622 μὴ
2733 3551 3048 3621 νηστεύειν,
3098 3551 3218 3605 τότε
3254 3550 3489 3620 φιλονει-

1909 3633 2063 3687 κοῦσι
2091 3631 2443 3702 νηστεύοντες
2463 3649 2476 3662 ·
2500 3633 2589 3685 ὅτε
2625 3632 2819 3701 ἡθελεν
2861 3635 3061 3696 αὑτοὺς
3093 3633 3284 3687 θυσίαν
3317 3649 3492 3703 προσ-

1907 3716 2082 3784 ἀγειν,
2117 3715 2253 3786 πρὸς
2278 3714 2347 3767 τά
2371 3714 2566 3767 εἴδωλα
2596 3714 2850 3786 ἑτρεχονο
2893 3716 2983 3769 ὅτε
3024 3716 3084 3769 οὑ
3120 3715 3367 3784 βούλεται
3391 3714 3491 3767 αὑ-

1906 3801 2034 3863 τοὺς
2074 3797 2268 3870 ἑορτὰς
2296 3796 2585 3860 ἐπιτελεῖν,
2618 3798 3010 3862 σπουδάζουσιν
3061 3798 3363 3868 ἑορτάζειν.
3393 3798 3490 3849 Διά

1906 3882 2066 3936 τοῦτο
2097 3883 2126 3934 ό
2153 3880 2420 3948 Στέφανος
2443 3879 2595 3948 ἔλεγε
2625 3880 2760 3950 πρὸς
2782 3880 2981 3945 αὐτούς
3014 3898 3027 3911 °
3077 3879 3262 3951 Ὑμεῖς
3288 3879 3383 3934 ἀεὶ
3409 3879 3491 3944 τῷ

1908 3964 2209 4033 Πνεύματι
2241 3962 2322 4028 τῷ
2360 3962 2508 4031 ἁγίῳ
2535 3962 2938 4017 ἀντιπίπτετε.
2989 3966 3085 4018 Ἓν
3116 3964 3296 4028 τοῦτο,
3338 3960 3487 4034 [621]

1909 4036 2116 4119 φησ¹ιν,’
2137 4045 2509 4102 ἐσπουδάκατε
2547 4045 2727 4118 μόνον,
2783 4045 3002 4099 ἐναντία
3035 4049 3208 4099 ποιεῖν
3256 4038 3330 4098 ὧν
3365 4045 3432 4097 ἂν
3462 4045 3492 4098 ὀ

1908 4130 2040 4192 Θεός
2066 4129 2326 4200 ἑπιτάξη³
2357 4128 2609 4201 καθάπερ
2638 4125 2730 4183 οῦν
2770 4130 2865 4184 καὶ
2897 4129 2993 4184 νῦν
3035 4129 3268 4182 ποιοῦσι.
3319 4128 3490 4180 Πόθεν

1907 4213 2067 4265 τοῦτο
2086 4212 2277 4282 δῆλον;
2314 4212 2434 4264 Ἀπ’
2462 4210 2627 4270 αὑτοῦ
2654 4211 2748 4265 τοῦ
2784 4213 2971 4282 νόμου.
3008 4211 3118 4265 Καὶ
3135 4211 3242 4282 γάρ
3267 4210 3359 4262 ἐπὶ
3381 4211 3490 4264 τῶν

1909 4296 2111 4368 ἑορτῶν
2152 4295 2261 4348 τῶν
2302 4294 2608 4349 Ἰουδαϊκῶν
2658 4297 2719 4353 οὑ
2774 4297 2964 4367 καιρὸν
3011 4295 3194 4365 μόνον,
3233 4293 3368 4347 ἀλλά
3395 4293 3490 4350 καὶ

1905 4381 2072 4434 τόπον
2102 4382 2443 4451 παρατηρεῖν
2474 4378 2761 4432 ἐκέλευσεν
2793 4380 2821 4432 ὁ
2857 4381 3040 4450 νόμος.
3074 4379 3184 4432 Καὶ
3220 4379 3329 4448 γάρ
3362 4379 3490 4452 περὶ

1906 4464 2001 4518 τοῦ
2037 4465 2221 4534 πάσχα
2259 4464 2452 4516 τούτου
2493 4462 2628 4534 πρὸς
2669 4464 2866 4526 αὐτοὺς
2895 4463 3294 4534 διαλεγόμενος,
3346 4462 3492 4516 οὕτω

1908 4549 2026 4613 πώς
2051 4564 2243 4620 φησιν·
2273 4549 2354 4602 Οὐ
2380 4546 2725 4612 δυνήσεσθε
2745 4547 2938 4602 ποιεῖν
2963 4549 3031 4602 τὸ
3060 4548 3270 4618 πάσχα
3299 4549 3368 4601 ἐν
3391 4550 3492 4600 οὑσ-

1907 4631 2078 4702 δεμιᾷ
2108 4630 2226 4684 τῶν
2254 4631 2489 4684 πόλεων
2519 4623 2608 4684 ὧν
2633 4632 2847 4700 Κύριος
2870 4634 2902 4685 ὀ
2934 4634 3080 4698 Θεός
3120 4624 3238 4686 σου
3279 4630 3490 4686 δίδωσι

1909 4733 2028 4772 σοι.
2073 4715 2216 4769 Ἀλλ’
2231 4714 2422 4786 ὥσπερ
2445 4715 2504 4767 ὲν
2525 4717 2590 4785 τῇ
2621 4715 3190 4789 τεσσαρεσκαιδεκάτῃ
3215 4715 3309 4768 τοῦ
3337 4714 3490 4788 πρώ-

1907 4817 2000 4852 του
2037 4799 2227 4870 μηνδς,
2249 4797 2394 4852 οὕτω
2428 4798 2524 4851 καὶ
2551 4799 2609 4850 ὲν
2639 4801 2752 4861 τοῖς
2789 4797 3180 4868 Ἰεροσολύμοις
3221 4797 3357 4851 αὐτὸ
3393 4815 3490 4854 κε-

1908 4883 2056 4936 λεύει
2086 4885 2260 4936 ποιεῖν
2280 4898 2296 4914 ·
2332 4882 2426 4936 καὶ
2451 4880 2550 4952 τὴν
2576 4881 2950 4952 πεντηκοστὴν
2991 4882 3192 4951 ὁμοίως
3245 4881 3336 4935 καὶ
3365 4882 3494 4950 χρό·

1907 4985 1999 5019 νου
2040 4967 2136 5021 καὶ
2180 4966 2348 5019 τόπου
2394 4967 2774 5036 παρατηρήσει
2815 4964 3148 5024 συνέκλεισε,
3182 4962 3322 5032 μετά
3352 4963 3492 5018 ἑπτὰ

1908 5050 2210 5121 ἑϐδομάδας
2229 5049 2490 5112 κελεύσας
2510 5049 2681 5120 αὐτὴν
2699 5049 2988 5111 ἐπιτελεῖν,
3016 5047 3112 5100 καὶ
3136 5045 3299 5102 πάλιν
3322 5062 3492 5116 προσ-

1909 5131 2042 5196 θεὶς,
2077 5133 2160 5187 ὅτι
2219 5132 2316 5185 Ἐν
2359 5131 2437 5197 τῷ
2463 5133 2622 5194 τόπῳ
2663 5123 2711 5196 ᾧ
2750 5131 2828 5184 ἂν
2857 5129 3175 5198 ἐκλέξηται
3210 5130 3425 5197 Κύριος
3458 5131 3492 5180 d

1910 5217 2054 5282 Θεός
2084 5230 2221 5270 σου.
2251 5215 2407 5269 Οὑτω
2440 5214 2656 5278 καὶτὰς
2684 5214 3077 5285 σκηνοπηγίας.
3126 5212 3265 5268 Ἀλλ’
3293 5213 3491 5282 ἴδωμεν

1907 5301 2234 5370 ἀμφοτέρων
2271 5299 2496 5363 τούτων,
2532 5297 2626 5350 τοῦ
2686 5297 2877 5368 καιροῦ
2923 5299 3020 5350 καὶ
3073 5298 3166 5351 τοῦ
3194 5296 3396 5359 τόπου,
3436 5295 3491 5354 τί

105 5633 118 5641 ,
179 5582 338 5631 dnl.
375 5578 508 5626 Εοιτ.

183 5388 361 5446 laets
395 5390 445 5441 εί
475 5387 778 5458 ἠλλάξαντο
823 5387 1065 5442 Ἰουδαῖοι
1104 5388 1203 5458 τὴν
1235 5386 1488 5457 νηστείαν
1522 5388 1724 5452 αὐτῶν,
1756 5389 1805 5439 εί
1908 5384 2037 5436 ποτέ
2067 5384 2213 5435 ἑστιν
2237 5381 2683 5452 ἀναγκαιότερον,
2705 5381 2832 5436 ὅταν
2856 5380 3142 5452 ἀμφότερα
3172 5379 3246 5451 μὴ
3264 5380 3359 5451 ἑξῇ
3384 5379 3490 5433 σῶ-

277 5517 306 5545 ⁸
330 5515 414 5580 εἰς
438 5515 633 5576 plurimi
658 5527 774 5564 mss.
802 5514 970 5565 Montf.
996 5516 1331 5576 διαλεξὼμεθα,
1354 5515 1484 5577 quod
1507 5517 1668 5566 minus
1685 5530 1806 5580 qna-

1969 5578 1994 5618 (ι
2018 5580 2218 5628 Plurimi
2244 5593 2358 5628 mss.
2405 5577 2522 5632 Θεὸς
2545 5577 2642 5638 μεθ’
2668 5576 2816 5638 ὑμῶν.
2845 5573 3037 5638 Μοῐξριη
3058 5573 3228 5638 Sui].
3258 5581 3309 5621 et
3337 5573 3420 5623 alii
3450 5578 3490 5624 εἰ

1909 5645 2079 5706 Κύριος
2105 5643 2268 5706 ὁεξεὸγς
2303 5643 2441 5702 ἡμῶν
2481 5631 2578 5702 μεθ’
2601 5631 2750 5699 ὑμῶν.
2792 5638 2847 5686 In
2887 5631 3031 5686 edit}
3054 5631 3172 5685 LXX
3213 5639 3350 5698 ἡμῶν
3384 5640 3486 5697 μ;θ’

1907 5704 2046 5767 ὑμῶν,
2063 5718 2155 5767 {non
2179 5704 2405 5752 habetur.

1988 5769 2005 5836 ς
2035 5765 2164 5836 ﬁmo.
2192 5767 2256 5819 ὡς
2281 5763 2573 5836 Χριστιανός,
2595 5763 2848 5836 (Ιοςιιιιίὶιι
2876 5759 3168 5836 ηψδυεὼιιη
3189 5774 3304 5810 mss.

1987 5825 2004 5865 ί
2053 5828 2255 5878 Plurimi
2280 5823 2390 5876 m'ss.
2421 5825 2729 5883 ἐλιπαίνοντο,
2767 5823 3096 5873 ἐπλατύνοντο.

281 5641 311 5680 b
334 5642 540 5701 Septem
565 5652 679 5686 mss.
707 5640 823 5687 εἶναι
849 5639 929 5687 καὶ
953 5639 1158 5701 μιγνύῃς.

286 5705 306 5732 ε
329 5702 465 5759 Haec,
491 5702 581 5748 οὐκ
601 5701 746 5756 εἶπεν,
770 5702 1031 5758 ἠλλάξασθε
1050 5703 1130 5748 τὸν
1157 5701 1276 5749 Θεὸν
1296 5703 1446 5762 ὑμῶν,
1473 5704 1592 5750 ἀλλὰ
1615 5704 1698 5758 τήν
1721 5705 1800 5751 δό-

197 5764 838 5824 ξαυ,ι1‹’ςιιιιιὶ1183νίι.6ι
862 5766 909 5810 in
935 5776 1048 5810 mss.
1072 5774 1282 5824 sepiem.
1309 5765 1396 5810 sed
1417 5779 1523 5812 CIIIII
1550 5767 1596 5812 in
1627 5765 1797 5813 Morel.

205 5831 286 5874 et
310 5823 422 5875 ams
443 5825 657 5883 iaceant,
681 5831 733 5874 el
755 5824 813 5874 ad
838 5837 1034 5873 sensum
1060 5823 1316 5883 quadrum.
1342 5828 1519 5877 Μίδεω
1563 5836 1805 5882 maneam.
