3990 6198
519 256 621 313 877

526 407 641 452 σαι,
659 390 886 461 πότερον
905 386 1001 443 τοῦ
1022 388 1189 442 τόπου
1212 389 1294 443 δεῖ
1318 387 1746 459 καταφρονῆσαι,
1775 387 1869 440 τὸν
1896 383 2086 455 καιρὸν

524 474 578 529 δὲ
602 473 853 543 φυλάξαι,
875 470 908 541 ἢ
932 469 1028 524 τοῦ
1046 470 1238 543 καιροῦ
1260 473 1795 541 καταφρονήσαντας,
1819 469 1909 523 τὸν
1927 468 2091 521 τόπον

523 559 779 628 τηρῆσαι.
816 558 881 609 Ὅ
913 555 970 609 δὲ
999 554 1162 623 λέγω,
1196 554 1436 608 τοιοῦτόν
1470 557 1619 608 ἐστιν
1639 572 1651 584 ·
1700 550 1960 618 Ἐπέταξε
1996 551 2092 604 καὶ

523 642 582 693 ἐν
618 639 697 710 τῷ
749 638 951 711 πρώτῳ
984 638 1135 709 μηνὶ,
1181 639 1275 691 καὶ
1303 640 1361 692 ἐν
1397 637 1790 709 Ἱεροσολύμοις
1814 637 1876 690 τὸ
1910 635 2092 706 πάσχα

522 722 800 791 γίνεσθαι,
837 723 932 775 καὶ
970 723 1028 774 ἐν
1068 721 1247 792 καιρῷ
1284 721 1379 774 καὶ
1425 722 1486 774 ἐν
1532 713 2087 791 τόπῳδιωρισμένῳ.

532 804 891 874 Ὑποθώμεθα
923 803 1101 857 τοίνυν
1128 803 1221 857 δύο
1243 803 1396 864 τινὰς
1424 799 1564 856 εἶναι
1597 800 1882 864 ποιοῦντας
1903 802 1965 854 τὺ
1988 801 2094 855 πά-

522 904 647 957 σχα.
681 888 774 940 καὶ
796 889 824 940 6
855 886 955 956 μὲν
975 886 1361 957 παραϐαινέτω
1388 886 1480 939 τὸν
1498 887 1681 949 τόπον,
1708 884 1799 938 τὸν
1820 884 1878 937 δὲ
1902 884 2093 954 καιρὸν

521 969 757 1040 τηρείτω
777 984 789 997 ·
818 971 847 1021 6
878 969 935 1022 δὲ
980 970 1215 1040 τηρείτω
1251 970 1348 1041 μὲν
1380 970 1470 1023 τὸν
1494 969 1675 1035 τόπον,
1708 968 2094 1040 παραϐαινέτω

521 1052 576 1104 δὲ
607 1052 699 1104 τὸν
722 1052 912 1121 καιρόν
933 1068 946 1083 ·
978 1054 1070 1105 καὶ
1100 1052 1322 1105 ποιείτω
1352 1055 1382 1105 ό
1421 1052 1520 1121 μὲν
1553 1051 1644 1106 τὸν
1671 1052 1861 1123 καιρὸν
1886 1050 2090 1121 τηρῶν,

522 1134 875 1205 παραϐαίνων
898 1135 956 1188 δὲ
981 1136 1071 1189 τὸν
1100 1136 1260 1188 τόπον
1285 1138 1345 1189 ἐν
1363 1134 1442 1206 τῷ
1463 1136 1662 1206 πρώτῳ
1697 1135 1847 1205 μηνὶ,
1873 1133 2094 1188 καὶτῶν

532 1216 922 1288 Ἱεροσολύμων
954 1218 1059 1284 ἔξω
1094 1236 1197 1272 που
1233 1218 1449 1291 μακράν
1469 1235 1482 1246 ·
1517 1222 1545 1273 6
1577 1217 1633 1271 δὲ
1661 1218 1752 1270 τὸν
1797 1217 1960 1271 τόπον
1994 1234 2094 1287 τη-

524 1300 654 1371 ρῶν,
678 1301 1028 1370 παραϐαίνων
1055 1302 1113 1355 δέ
1130 1303 1221 1357 τὸν
1246 1302 1454 1372 καιρὸν,
1490 1302 1711 1355 ποιείτω
1749 1301 1847 1372 μὲν
1884 1303 1942 1353 ἐν
1993 1300 2094 1353 Ἰε-

525 1383 843 1454 ροσολύμοις
870 1384 931 1436 τὸ
962 1384 1169 1455 πάσχα,
1208 1385 1282 1456 μὴ
1313 1384 1391 1455 τῷ
1412 1386 1613 1456 πρώτῳ
1645 1384 1702 1437 δέ
1748 1384 1878 1454 μηνὶ
1897 1425 1912 1448 ,
1960 1381 2095 1434 ἀλλὰ

523 1466 601 1536 τῷ
629 1466 862 1539 δευτέρῳ
884 1485 900 1499 ·
932 1463 1051 1521 εἶτα
1083 1468 1281 1539 ἴδωμεν
1307 1470 1390 1533 τίς
1419 1467 1528 1522 τῶν
1552 1468 1644 1520 δύο
1665 1468 1870 1520 τούτων
1895 1465 2040 1518 ἐστὶν
2067 1465 2095 1516 6

523 1548 940 1619 ἐγκαλούμενος,
962 1550 1047 1613 τίς
1066 1550 1122 1603 δὲ
1139 1551 1167 1602 6
1187 1550 1362 1603 εύδοκι
1370 1549 1505 1620 μῶν,
1529 1552 1558 1604 6
1579 1549 1830 1621 παραϐάς
1855 1548 1947 1601 τὸν
1974 1564 2097 1601 και-

528 1632 641 1704 ρδν,
675 1634 768 1685 καὶ
790 1636 848 1686 ἐν
870 1633 948 1704 τῷ
975 1633 1122 1705 τόπῳ
1152 1636 1402 1704 ποιήσας,
1430 1634 1461 1704 ἢ
1490 1637 1519 1688 6
1546 1633 1636 1688 τὸν
1677 1634 1842 1687 τόπον
1867 1631 2093 1685 καταλι-

523 1715 663 1775 πὼν,
687 1718 782 1768 καὶ
804 1717 898 1770 τὸν
921 1718 1109 1788 καιρὸν
1148 1717 1408 1787 φυλάξας.
1448 1720 1544 1770 Ἂν
1569 1719 1679 1788 γάρ
1708 1720 1736 1770 6
1762 1717 1854 1770 τὸν
1904 1716 2094 1787 καιρὸν

528 1799 625 1868 μὲν
647 1800 900 1870 παραϐὰς
944 1800 1033 1853 ἴνα
1060 1800 1191 1853 εἴσω
1214 1802 1413 1872 ποιήσῃ
1446 1801 1546 1871 τῆς
1567 1801 1793 1863 πόλεως,
1827 1800 2097 1870 ἀποδοχῆς

523 1879 671 1943 ἄξιος
690 1879 765 1935 ὢν
793 1886 956 1953 φανῇ,
986 1886 1013 1936 6
1034 1883 1091 1937 δὲ
1113 1883 1203 1937 τὸν
1228 1883 1416 1952 καιρὸν
1457 1884 1556 1955 μὲν
1583 1883 1845 1953 φυλάξας,
1880 1883 2099 1936 καταλι-

525 1959 644 2015 πὼν
670 1962 836 2017 δέτδν
870 1965 1049 2029 τόπον,
1088 1965 1451 2036 ἐγκλημάτων
1491 1968 1586 2020 καὶ
1623 1966 1958 2037 κατηγορίας
1991 1965 2098 2020 ὦσ-

524 2060 630 2112 περ
663 2045 959 2116 ἀσεϐήσας,
985 2047 1225 2120 εὔδηλον,
1257 2050 1339 2102 ὅτι
1366 2050 1459 2103 καὶ
1486 2041 1631 2103 οὗτοι
1665 2049 2094 2120 παρανομοῦσιν,

524 2129 582 2178 ἐν
609 2126 688 2197 τῷ
716 2128 865 2199 τόπῳ
891 2130 966 2202 μὴ
1003 2131 1300 2197 ποιοῦντες,
1342 2132 1446 2186 κᾶν
1488 2132 1746 2204 μυριάκις
1784 2132 1983 2201 λέγωσι
2007 2132 2098 2185 τὸν

525 2208 716 2281 καιρὸν
752 2215 959 2282 τηρεῖν.
1008 2212 1179 2267 Πόθεν
1229 2210 1322 2269 οὖν
1347 2213 1506 2268 τοῦτο
1550 2215 1703 2269 ἔσται
1735 2215 1932 2286 δῆλον;
1978 2215 2096 2268 Ἀπ’

524 2291 688 2345 αὐτοῦ
716 2294 811 2348 τοῦ
837 2297 1133 2360 Μωῦσέως.
1183 2298 1401 2370 Ἐπειδὴ
1448 2298 1558 2371 γὰρ
1588 2299 1850 2371 ἐποίησαν
1894 2299 2000 2365 ἔξω
2034 2299 2098 2351 :6

524 2374 730 2445 πάσχα,
761 2378 1087 2449 προσῆλθον,
1117 2381 1270 2451 φησὶ,
1294 2382 1437 2446 τινὲς
1460 2382 1537 2453 τῷ
1566 2383 1794 2453 Μωῦσῇ,
1825 2382 2095 2451 λέγοντες

535 2456 734 2525 Ἡμεῖς
759 2458 1081 2528 ἀκάθαρτοι
1105 2463 1292 2532 ἐσμεν
1310 2463 1409 2517 ἐπὶ
1438 2463 1611 2533 ψυχῇ
1638 2464 1981 2533 ἀνθρώπου·
2010 2463 2096 2533 μὴ

522 2538 950 2610 ὑστερήσωμεν
968 2544 1396 2613 προσενεγκεῖν
1408 2545 1475 2599 τὸ
1500 2546 1692 2614 δῶρον
1706 2548 1926 2615 Κυρίου
1949 2547 2101 2598 κατὰ

525 2626 732 2687 καιρὸν
766 2624 954 2679 αὑτοῦ
999 2625 1070 2679 ἐν
1108 2628 1278 2696 μέσῳ
1315 2627 1460 2682 υἱῶν
1500 2628 1739 2696 Ἰσραήλ
1756 2644 1777 2693 ;
1826 2629 1935 2683 Καὶ
1969 2625 2100 2682 εἷπε

523 2706 677 2771 πρὸς
693 2706 916 2773 αὐτοὺς
945 2709 1236 2777 Μωῦσῆς’
1257 2708 1444 2779 Στῆτε
1471 2711 1677 2778 αὐτοῦ,
1712 2712 1810 2765 καί
1838 2713 2098 2766 ἀκούσο-

524 2803 628 2856 μαι
654 2787 711 2839 τί
735 2788 1060 2845 ἐντελεῖται
1090 2794 1305 2861 Κύριος
1319 2793 1452 2862 περί
1482 2793 1667 2863 ὑμῶν.
1691 2794 1800 2847 Καὶ
1830 2794 2101 2861 ἐλάλησε

525 2870 741 2937 Κύριος
773 2870 923 2940 πρὸς
941 2874 1225 2943 Μωυσῆν.
1253 2875 1472 2945 λέγων*
1500 2876 1784 2944 Λάιλησον
1805 2875 1929 2943 τοῖς
1940 2875 2101 2945 ,υἱοῖς

524 2952 786 3021 Ἰσραὴλ,
814 2954 1009 3025 λέγων
1030 2972 1046 2990 ο
1087 2959 1423 3027 Ἄνθρωπος
1446 2958 1515 3024 ὃς
1545 2958 1654 3013 ἐὰν
1683 2959 1926 3028 γένηται
1957 2959 2102 3013 ἁλιά-

525 3038 740 3103 θαρτος
759 3037 857 3091 ἐπὶ
888 3038 1062 3109 ψυχῇ
1096 3039 1429 3108 ἀνθρώπου,
1457 3042 1496 3111 ἢ
1524 3042 1595 3095 ἐν
1636 3041 1753 3108 ὀδῷ
1801 3040 2021 3113 μακρᾷ,
2061 3043 2099 3112 ἢ

523 3117 592 3171 ἐν
617 3119 778 3189 ὑμῖν,
795 3121 867 3175 ἐν
890 3123 1020 3188 ταῖς
1041 3122 1274 3193 ¹Γενεαῐς
1302 3124 1490 3194 ὑμῶν,
1520 3126 1760 3193 ποιήσει
1793 3125 1859 3179 τὸ
1892 3126 2103 3195 πάσχα

524 3200 596 3254 ἐν
622 3201 703 3267 τῷ
724 3204 873 3272 μηνί
906 3205 986 3270 τῷ
1015 3205 1291 3275 δευτέρῳ.
1325 3211 1390 3261 '0
1403 3208 1460 3261 δὲ
1484 3208 1651 3278 λέγει,
1675 3208 1913 3262 τοιοῦτόν
1932 3210 2097 3262 ἐστινὴ

531 3286 627 3349 ⁸ος
648 3286 714 3340 ἂν
738 3284 796 3361 ᾖ,
827 3291 1011 3360 φησὶν,
1034 3291 1092 3344 ἐν
1119 3293 1399 3364 ἀποδημίᾳ
1415 3293 1557 3348 κατά
1580 3296 1672 3347 τὸν
1694 3295 1909 3366 πρῶτον
1935 3297 2100 3368 μῆνα,

530 3371 606 3455 μὴ
635 3372 866 3455 ποιείτω
889 3372 988 3442 τῆς
1016 3372 1222 3436 πόλεως
1243 3374 1367 3438 ἔξω,
1399 3376 1512 3428 ἀλλ’
1530 3379 1587 3430 ἐν
1614 3377 1693 3449 τῷ
1721 3380 1959 3450 δευτέρῳ
1992 3399 2101 3451 μη-

528 3451 601 3515 νὶ,
633 3451 935 3526 ῖνάφθάσῃ
962 3456 1042 3517 είς
1081 3455 1452 3528 Ἰεροσόλυμα,
1484 3460 1578 3512 καὶ
1607 3462 1989 3531 παραϐαινέτω
2010 3466 2101 3518 τὸν

529 3537 739 3606 καιρὸν,
776 3539 864 3593 ἵνα
888 3540 963 3610 μὴ
989 3538 1088 3610 τῆς
1121 3538 1331 3605 πόλεως
1362 3542 1569 3615 ἐκπέσῃ
1590 3560 1605 3573 ⁸
1660 3546 1755 3599 ἀπ’
1798 3547 1964 3601 αὐτοῦ
1996 3549 2103 3602 6e:-

530 3621 679 3683 κνὺς,
701 3621 783 3674 ὅτι
816 3622 848 3693 ή
881 3621 975 3674 τοῦ
1013 3623 1180 3676 τόπου
1218 3628 1598 3697 παρατήρησις
1643 3629 1743 3699 τῆς
1785 3630 1880 3684 τοῦ
1909 3632 2100 3703 καιροῦ

530 3704 965 3775 παρατηρήσεώς
995 3706 1144 3760 ἐστιν
1178 3708 1598 3778 ἀναγκαιοτέρα.
1635 3711 1699 3763 Τί
1723 3712 1902 3767 τοίνυν
1929 3714 2102 3785 ἔχοιεν

530 3785 598 3839 ἂν
622 3789 795 3841 εἰπεῖν
815 3791 863 3842 οί
890 3790 987 3861 τῆς
1019 3791 1227 3855 πόλεως
1252 3792 1358 3857 ἔξω
1388 3792 1539 3866 [622]
1589 3794 1869 3862 ποιοῦντες
1893 3814 1908 3864 ;
1934 3798 2101 3853 Ὅταν

529 3871 638 3942 γὰρ
670 3872 732 3924 :6
755 3874 1179 3946 ἀναγκαιότερον
1210 3877 1550 3945 παραϐῶσιν,
1595 3879 1770 3952 οὐδὲή
1801 3882 1860 3935 ἐν
1900 3881 1978 3953 τῷ
2011 3900 2101 3952 μι-

532 3956 776 4026 κροτέρῳ
825 3960 1205 4030 παρατήρησις
1246 3962 1386 4033 ὑπὲρ
1434 3964 1612 4017 αὐτῶν
1659 3965 2103 4038 ἀπολογήσασθαι

529 4038 772 4093 δύναται.
805 4044 969 4095 Ὠστε
993 4044 1096 4097 κᾶν
1126 4045 1386 4115 μυριάκις
1405 4047 1603 4102 δοκῶσι
1634 4050 1707 4120 μὴ
1748 4050 2103 4121 παραϐαίνειν

530 4122 622 4175 τὸν
656 4125 863 4197 καιρὸν,
906 4127 1143 4198 ἐσχάτην
1184 4132 1528 4201 παρανομίαν
1562 4133 1957 4205 παρανομοῦσι.
1993 4137 2105 4190 Καὶ

530 4207 688 4263 τοῦτο
717 4210 817 4264 οὐκ
851 4211 1099 4266 ἐντεῦθεν
1128 4213 1287 4283 δῆλον
1318 4216 1478 4285 μόνον
1498 4257 1513 4281 ,
1554 4218 1690 4271 ἀλλά
1726 4220 1819 4273 καί⁵
1863 4220 1969 4273 ἀπὸ
1995 4221 2103 4275 τῶν

531 4293 847 4364 προφητῶν.
909 4296 1076 4349 Ὅταν
1121 4296 1232 4368 γάρ
1262 4298 1556 4367 φαίνωνται
1590 4301 1807 4368 ἐκεῖνοι,
1848 4305 1987 4376 μήτε
2013 4305 2105 4358 θύ-

532 4392 745 4442 σαντες,
781 4378 916 4449 μήτε
945 4378 1088 4449 ᾠδὴν
1109 4381 1337 4451 ᾄσαντες
1360 4384 1453 4436 ἐπὶ
1488 4384 1591 4455 γῆς
1625 4386 1931 4460 ἀλλοτρίας,
1967 4391 2103 4461 μήτε

530 4461 783 4543 νηστείαν
834 4463 1091 4532 τοιαύτην
1118 4467 1243 4519 τινά
1282 4468 1691 4537 νηστεύσαντες,
1730 4472 1887 4525 ποίαν
1930 4473 2104 4543 ἔχοιεν

534 4542 600 4596 ἂν
631 4535 774 4596 οὗτοι
800 4546 1161 4617 συγγνώμην;
1188 4550 1377 4603 Καίτοι
1399 4568 1462 4619 γε
1484 4554 1678 4607 ἐκεῖνοι
1701 4556 2105 4627 προσδοκῶντες

533 4626 907 4699 ἀπολήψεσθαι
950 4631 1049 4701 τὴν
1097 4632 1354 4705 τοιαύτην
1404 4636 1579 4689 αὐτῶν
1630 4626 1922 4706 πολιτείαν,
1956 4641 2105 4713 ὅμως

533 4708 726 4797 έμενον
750 4709 828 4781 τῷ
861 4711 1010 4797 νόμῳ
1039 4712 1370 4797 πειθόμενοι,
1405 4719 1498 4771 καὶ
1521 4719 1588 4773 τὰ
1632 4720 1727 4773 τοῦ
1764 4723 1928 4793 νόμου
1969 4708 2106 4797 πλη-

536 4791 758 4878 ροῦντες
783 4809 796 4822 ·
828 4794 986 4878 τοῦτο
1012 4795 1122 4867 γὰρ
1159 4798 1188 4850 6
1219 4798 1380 4868 νόμος
1413 4800 1597 4868 ἔλεγεν
1624 4820 1638 4833 ·
1678 4791 1840 4857 οὗτοι
1868 4807 1925 4858 δὲ
1971 4791 2105 4878 μηδὲ

532 4874 721 4928 ἐλπίδα
741 4876 863 4930 τινὰ
886 4876 1103 4947 ἔχοντες
1128 4879 1229 4951 τὴν
1254 4883 1526 4954 προτέραν
1555 4885 1933 4955 ἀπολήψεσθαι
1956 4874 2108 4942 πολι-

531 4958 682 5011 τείαν
715 4958 840 5030 (ποῦ
866 4961 974 5032 γάρ
998 4960 1213 5031 ἔχουσιν
1250 4975 1277 5004 ι
1316 4964 1424 5018 ἀπὸ
1450 4966 1555 5021 τῶν
1609 4970 1909 5040 προφητῶν
1939 4973 2107 5040 δεῖξαι

532 5042 751 5115 τοῦτο;)
780 5044 900 5097 οὐδὲ
931 5043 1105 5109 οὕτως
1148 5048 1431 5121 ἀνέχονται
1474 5050 2011 5122 ήσυχάζειν.’Καίτοι
2058 5060 2107 5112 εί

534 5126 631 5179 καὶ
663 5127 1006 5199 προσεδόκων
1052 5130 1456 5202 ἀπολήψεσθαι,
1498 5135 1590 5187 καὶ
1630 5134 1775 5190 οὕτω
1825 5141 2108 5208 μιμεῖσθαι

533 5209 641 5262 εδει
668 5211 795 5274 τοὺς
824 5212 1008 5280 ἁγίους
1041 5214 1303 5282 ἐκείνους,
1334 5218 1428 5270 καὶ
1467 5218 1748 5291 νηστεύειν
1767 5262 1783 5289 ,
1815 5222 1951 5293 μηδέ
1982 5224 2109 5279 ἄλλο

533 5298 772 5348 τοιοῦτον
793 5298 987 5351 ποιεῖν.

607 5383 670 5432 ε’.
690 5379 811 5431 Ὅτι
829 5379 936 5451 γὰρ
959 5379 1109 5435 οὐδὲν
1131 5380 1336 5437 τούτων
1357 5384 1619 5457 ἐποίησαν
1634 5388 1852 5458 ἐκείνοι,
1877 5390 2107 5449 ἄκουσον

599 5617 615 5639 ⁸
638 5618 1011 5689 ᾼΙίἱλπολιτείανς
1037 5625 1092 5689 οῦ
1113 5626 1202 5689 γὰρ
1222 5627 1429 5689 ἔχουσιν,
1451 5629 1581 5688 quod
1604 5629 1778 5677 eodem
1805 5632 1992 5680 recidit.
2026 5631 2106 5681 ln-

533 5681 602 5728 fra
634 5678 785 5728 SM].
807 5689 857 5730 el
881 5687 1078 5744 plurimi
1102 5678 1215 5735 7133's.
1242 5678 1321 5735 ίῖαί
1343 5678 1737 5753 μήτενηστευειν,
1762 5678 2036 5763 μήτείᾶλλα.

1209 276 1266 332 S.
1302 273 1586 332 JOANNIS
1626 267 2122 342 CHRYSOSIOMI
2156 268 2479 329 ARCIIIEP.
2527 263 3080 328 CONSTANTINOP;
3635 265 3721 322 873

2196 384 2250 436 τί
2290 385 2428 455 πρὸς
2468 387 2594 450 τοὺς
2638 386 2955 458 ἐρωτῶντας
2990 385 3194 454 ἔλεγον.
3250 383 3466 457 Ἐπειδὴ
3497 382 3595 456 γὰρ
3627 388 3725 442 ἐπι·

2198 485 2257 522 κε
2267 486 2377 521 ιντο
2398 468 2706 541 βιαζόμενοι
2728 472 2821 525 καὶ
2853 469 3256 538 ἀναγκάζοντες
3278 469 3476 532 αὐτοὺς
3502 471 3551 521 οί
3574 468 3737 540 βάρϐα-

2202 567 2281 621 ροι
2304 552 2602 623 κεχρῆσθαι
2623 556 2735 615 τοῖς
2750 553 3003 624 ὀργάνοις
3018 552 3218 624 αὐτῶν,
3242 551 3492 619 λέγοντες
3510 567 3523 580 '
3549 554 3737 621 ’ᾼσατι

2197 633 2342 702 ἡμῖν
2363 622 2477 703 τὴν
2516 635 2681 703 ᾠδὴν
2732 622 2973 704 κυρίου,
3026 622 3223 687 ἐκεῖνοι
3252 634 3344 687 τὸν
3373 635 3535 704 νόμον
3585 634 3740 699 σαφῶς

2197 718 2548 786 ἐπιστάμενοι
2576 719 2675 770 οὐκ
2703 718 3071 788 ἐπιτρέποντα
3089 717 3265 769 ταῦτα
3297 716 3401 780 ἔξω
3435 718 3617 780 ποιεῖν,
3640 716 3740 769 ἐλε-

2196 816 2293 868 γον
2310 818 2323 831 ·
2351 801 2482 866 Πῶς
2512 799 2745 870 ᾆσομεν
2779 800 2895 868 τὴν
2918 800 3084 868 ᾠδὴν
3096 800 3317 867 Κυρίου
3340 798 3439 852 ἐπὶ
3459 799 3573 869 γῆς
3590 800 3743 853 ἀλλο-

2197 884 2404 951 τρίας,
2434 885 2543 937 Καὶ
2567 884 2728 938 πάλιν
2753 885 2800 937 οί
2823 883 3012 945 παῖδες
3032 882 3081 936 οί
3104 885 3251 951 τρεῖς
3283 883 3340 934 ἐν
3365 880 3628 934 Βαϐυλῶνι
3645 882 3721 935 δια

2197 965 2472 1036 τρίϐοντες
2508 966 2694 1035 ἐλεγον
2718 983 2732 997 ο
2760 967 2883 1021 Οὐκ
2930 965 3104 1020 ἔστιν
3135 965 3205 1019 ἐν
3253 963 3334 1030 τῷ
3368 962 3549 1032 καιρῷ
3586 966 3744 1030 τούτῳ

2198 1048 2397 1116 ἅρχων
2433 1049 2531 1102 καί
2578 1049 2916 1119 προφήτης,
2948 1048 3092 1103 οὐδὲ
3121 1048 3305 1112 τόπος
3329 1046 3435 1100 τοῦ
3466 1046 3745 1115 καρπῶσαι

2198 1129 2453 1184 ἐνώπιόν
2492 1146 2628 1197 σου,
2669 1133 2767 1186 καί
2796 1131 2996 1200 εὑρεῖν
3034 1132 3227 1196 ἕλεος.
3268 1130 3463 1183 Καίτοι
3494 1146 3557 1197 γε
3604 1129 3746 1194 πολὺς

2197 1206 2265 1281 ἦν
2303 1214 2420 1266 ἐκεῖ
2440 1214 2623 1278 τόπος,
2657 1215 2775 1268 ἀλλ’
2803 1214 2993 1285 ἐπειδὴ
3022 1216 3050 1267 6
3078 1212 3205 1277 ναὸς
3234 1213 3334 1265 ούκ
3366 1208 3453 1283 ἦν,
3478 1212 3653 1282 ἔμενον
3682 1212 3748 1283 μὴ

2200 1294 2438 1359 θύοντες.
2465 1297 2575 1350 Καὶ
2610 1297 2748 1368 πρὸς
2780 1296 2999 1367 ἐτέρους
3040 1296 3097 1348 δὲ
3135 1295 3298 1348 πάλιν
3331 1296 3360 1347 6
3386 1293 3516 1357 Θεὸς
3543 1293 3624 1346 διὰ
3666 1293 3749 1346 τοῦ

2200 1379 2492 1448 Ζαχαρίου,
2542 1379 2639 1447 Μὴ
2684 1380 2979 1447 νηστείαν
3040 1374 3481 1445 νενηστεύκατέ
3516 1393 3611 1446 μοι
3659 1375 3749 1443 ἔτη

2199 1458 2606 1530 ἐϐδομήκοντα
2627 1477 2645 1525 ;
2670 1461 2737 1515 τά
2770 1461 2868 1532 τῆς
2897 1461 3276 1532 αἰχμαλωσίας
3303 1459 3501 1527 λέγων.
3541 1457 3654 1521 Πῶς
3672 1454 3752 1510 ὤν

2203 1543 2267 1595 σὺ
2298 1542 2395 1596 νῦν
2426 1543 2727 1613 νηστεύεις,
2764 1545 2887 1598 εἰπέ
2916 1562 3027 1616 μοι,
3063 1544 3173 1598 τῶν
3205 1543 3485 1612 προγόνων
3514 1537 3616 1594 τῶν
3662 1541 3752 1593 σῶν

2200 1623 2325 1678 οὕτε
2363 1625 2661 1688 θυσάντων.
2696 1627 2822 1679 οὔτε
2856 1629 3293 1697 νηστευσάντων,
3321 1623 3752 1695 οῦτεέορτασάν-

2199 1723 2345 1773 των;
2384 1708 2507 1760 Ὅτι
2551 1708 2660 1780 γὰρ
2711 1707 2838 1763 οῦτε
2869 1710 2931 1762 :6
2961 1710 3145 1780 πάσχα
3198 1707 3510 1773 ἐπετέλουν,
3547 1705 3756 1777 μάλιστα

2204 1790 2303 1860 μὲν
2331 1790 2426 1844 καὶ
2477 1792 2543 1843 ἐκ
2579 1791 2785 1844 τούτων
2813 1791 2994 1863 δῆλον.
3033 1794 3209 1845 Ὅπου
3235 1790 3345 1862 γὰρ
3371 1789 3531 1843 θυσία
3559 1790 3657 1841 οὐκ
3678 1784 3756 1858 ἦν,

2200 1873 2319 1925 οὐδὲ
2350 1874 2509 1945 ἐορτὴ
2547 1869 2633 1945 ἦν,
2657 1875 2846 1946 ἐπειδὴ
2871 1875 3053 1939 πάσας
3073 1874 3245 1937 οὕτως
3267 1871 3631 1926 ἐπιτελεῖσθαι
3645 1871 3757 1924 ἔδει.

2148 1966 2167 1977 "
2204 1954 2322 2009 Ἵνα
2354 1955 2410 2009 δὲ
2444 1956 2538 2009 καὶ
2583 1955 2748 2010 αὐτοῦ
2779 1956 2875 2010 τοῦ
2926 1958 2953 1997 δ
2990 1958 3316 2029 πράγματος
3360 1955 3460 2026 τήν
3507 1951 3762 2017 ἀπόδειξιν

2202 2039 2633 2110 παρασχώμεθα,
2662 2040 2893 2094 ἄκουσον
2918 2040 2970 2093 τί
2999 2058 3161 2110 φησιν
3190 2041 3219 2092 6
3252 2037 3451 2108 Δανιήλ
3471 2053 3485 2066 ·
3529 2036 3631 2091 Ἑν
3652 2036 3764 2101 ταῖς

2203 2121 2448 2190 ἡμέραις
2476 2124 2734 2190 ἐκείναις
2763 2123 2926 2193 ἥμην
2945 2124 3060 2194 ἐγὼ
3091 2124 3315 2190 Δανιὴλ
3343 2118 3599 2181 πενθῶν,
3624 2119 3764 2186 τρεῖς

2202 2204 2529 2273 ἑϐδομάδας·
2552 2206 2733 2273 ἄρτον
2755 2205 3080 2276 ἐπιθυμιῶν
3096 2208 3207 2259 οὐκ
3231 2205 3478 2274 ἔφαγον,
3497 2202 3595 2255 καί
3618 2199 3764 2267 οἶνος

2203 2285 2303 2339 καί
2346 2286 2523 2354 κρέας
2566 2290 2677 2341 οὐκ
2712 2287 2997 2356 εἰσῆλθεν
3041 2290 3128 2354 εὶς
3151 2288 3220 2341 τὸ
3256 2289 3451 2355 στόμα
3485 2303 3639 2353 μου,
3679 2283 3767 2337 καί

2202 2369 2459 2439 ἄλειμμα
2480 2372 2593 2424 οὐκ
2627 2372 2972 2440 ἠλειψάμην
3007 2371 3078 2425 ὲν
3101 2370 3229 2434 ταῖς
3256 2368 3584 2438 ἑϐδομάσιν
3630 2368 3768 2420 ἐκει-

2201 2469 2354 2518 νοις.
2386 2453 2500 2506 Καὶ
2528 2453 2850 2523 ἐγένετοέν
2870 2453 2944 2522 τῇ
2975 2451 3225 2520 τετάρτῃ
3251 2452 3350 2505 καί
3371 2449 3563 2505 είκάδι
3594 2449 3771 2518 ἡμέρᾳ

2203 2535 2309 2589 τοῦ
2339 2534 2573 2604 πρώτου
2587 2536 2803 2605 μηνὸς,
2819 2532 2984 2589 εἶδον
3003 2534 3118 2604 τὴν
3137 2534 3370 2604 ὅρασιν.
3399 2531 3666 2586 Ἐνταῦθά
3690 2548 3771 2601 μοι

2208 2617 2347 2688 μετά
2375 2619 2659 2689 ἀκριϐείας
2702 2620 3031 2691 προσέχετεο
3062 2620 3170 2672 67:6
3203 2618 3311 2689 γάρ
3354 2616 3564 2671 τούτων
3601 2614 3768 2684 δῆλον,

2202 2701 2286 2754 ὅτι
2312 2700 2373 2753 :6
2407 2703 2592 2771 πάσχα
2629 2702 2730 2755 οὐκ
2763 2702 3120 2755 ἐπετέλεσαν
3168 2701 3261 2754 καί⁵
3298 2699 3431 2763 πῶς,
3470 2698 3585 2767 ἐγὼ
3617 2698 3767 2765 λέγω.

2218 2782 2306 2835 Ἐν
2349 2786 2468 2847 ταῖς
2490 2784 2729 2855 ἡμέραις
2766 2784 2876 2838 τῶν
2910 2784 3135 2855 ἀζύμων
3182 2784 3464 2853 νηστεύειν
3509 2780 3771 2841 Ἰουδαίοις

2204 2868 2265 2919 οὐ
2299 2867 2488 2938 θέμις·
2533 2863 2690 2931 οὗτος
2716 2868 2773 2921 δὲ
2822 2868 3035 2939 ἡμέρας
3071 2868 3244 2920 εἴκοσι
3276 2868 3369 2920 καί⁵
3397 2865 3528 2937 μίαν
3571 2864 3771 2926 οὐδενὸς

2204 2948 2342 3012 ὅλως
2371 2950 2688 3021 μετέλαϐεν.
2722 2952 2833 3004 Καὶ
2873 2950 3036 3004 πόθεν
3065 2950 3242 3020 δῆλον,
3277 2952 3464 3022 φησὶν,
3505 2949 3590 3002 ὃτι
3616 2948 3674 3001 αἱ
3703 2947 3775 2999 εί-

2207 3048 2327 3085 κοσι
2354 3033 2554 3105 ήμέραι
2577 3033 2671 3087 καὶ
2706 3034 2806 3103 μία
2842 3034 2982 3089 κατὰ
3004 3034 3105 3098 τάς
3144 3034 3360 3106 ἡμέρας
3400 3032 3509 3087 τῶν
3558 3031 3774 3101 ἀζύμων

2204 3111 2380 3186 ἦσανς
2432 3117 2520 3183 Ἐξ
2548 3110 2622 3170 ὧν
2657 3114 2832 3184 εἶπεν,
2875 3119 2959 3172 ὅτι
3000 3118 3252 3188 τετάρτῃ
3295 3118 3396 3172 καί
3436 3115 3632 3171 είκὰδι
3674 3112 3774 3169 τοῦ

2206 3200 2440 3268 πρώτου
2466 3201 2681 3270 μηνός.

2281 3421 2473 3476 Καίτοι
2510 3438 2574 3490 γε
2607 3421 2667 3475 :6
2700 3421 2885 3492 πάσχα
2914 3423 2995 3486 εις
3027 3420 3154 3493 μίαν
3189 3421 3283 3475 καὶ
3314 3419 3507 3474 εἰκάδα
3533 3417 3777 3490 τελευτᾷ.

2210 3506 2358 3580 [6'25]
2401 3504 2724 3577 Ἀρξάμενοι
2759 3507 2869 3577 γάρ
2905 3504 3014 3558 67:6
3043 3505 3142 3576 τῆς
3185 3502 3779 3574 τεσσαρεσκαιδεκάτης

2206 3589 2300 3643 τοῦ
2332 3590 2548 3662 πρώτου
2581 3589 2771 3660 μηνὸς,
2804 3586 2922 3643 εἶτα
2974 3589 3187 3660 ήμέρας
3237 3589 3377 3642 ἑπτα
3405 3588 3775 3657 ἐορτάσαντες,

2207 3676 2288 3738 είς
2311 3673 2410 3746 τὴν
2431 3673 2622 3726 είκάδα
2668 3673 2761 3726 καὶ
2805 3672 3030 3744 πρώτην
3076 3670 3413 3726 ἀπαντῶσιν.
3459 3669 3598 3723 Ἀλλ’
3636 3670 3778 3738 ὅμως

2208 3758 2305 3812 καὶ
2334 3756 2696 3830 παρελθόντος
2726 3755 2821 3809 τοῦ
2848 3757 3032 3826 πάσχα
3052 3755 3266 3826 ἔμεινεν
3291 3754 3455 3817 αὐτὸς
3483 3751 3776 3825 νηστεύων.

2221 3841 2553 3913 Ἀρξάμενος
2577 3840 2688 3911 γάρ
2719 3839 2828 3894 67:6
2847 3843 2948 3912 τῆς
2977 3840 3164 3910 τρίτης
3193 3838 3406 3909 ἡμέρας
3446 3836 3541 3891 τοῦ
3568 3835 3778 3907 πρώτου

2212 3925 2398 3997 μηνὸς,
2440 3921 2560 3979 εἶτα
2596 3927 2769 3979 εἴκοσι
2801 3923 2896 3977 καὶ
2937 3923 3066 3993 μίαν
3095 3921 3417 3993 πληρώσας,
3449 3920 3551 3991 τὴν
3587 3933 3778 3971 τεσσα-

2211 4008 2637 4080 ρεσκαιδεκάτην
2660 4006 2957 4079 παρῆλθεν,
2999 4008 3093 4060 καὶ
3118 4007 3233 4076 μετ’
3268 4005 3485 4076 ἐκείνην
3523 4000 3780 4080 ἑπτάῌκαὶ

2207 4077 2357 4162 τρεῖς
2384 4077 2603 4161 ἡμέρας
2645 4077 2838 4161 ἐτέρας
2872 4103 2921 4144 υ.
2954 4089 3077 4153 Πῶς
3123 4085 3217 4142 οὖν
3266 4088 3368 4140 οὐκ
3393 4088 3609 4155 ἐναγεῖς
3640 4077 3777 4137 οὗτοι

2208 4173 2304 4227 καὶ
2339 4174 2547 4245 μιαροὶ,
2598 4173 2705 4226 τῶν
2753 4172 2923 4242 ἁγίων
2961 4172 3183 4225 ἐκείνων
3215 4170 3369 4224 οὐδὲν
3412 4170 3656 4224 τοιοῦτον
3680 4165 3775 4219 τῶν

2207 4257 2454 4328 νομίμων
2513 4255 2887 4326 φυλαττόντων
2926 4258 3019 4309 ἐπὶ
3046 4255 3149 4325 γῆς
3196 4253 3504 4327 ἀλλοτρίας,
3542 4253 3695 4307 αὐτοὶ
3718 4248 3776 4300 τὰ

2208 4341 2426 4395 ἐναντία
2451 4340 2729 4404 ποιοῦντες
2749 4340 2886 4412 πρὸς
2900 4337 3231 4408 φιλονεικίαν
3259 4340 3354 4391 καὶ
3370 4338 3515 4408 ἔριν;
3545 4337 3657 4391 Καὶ
3678 4334 3773 4401 γὰρ

2209 4428 2259 4479 εί
2285 4427 2384 4498 μὲν
2411 4426 2643 4499 ῥᾴθυμοί
2673 4443 2819 4489 τινες
2851 4420 2992 4496 ἦσαν
3038 4424 3133 4478 καὶ
3174 4422 3492 4486 ἀνευλαϐεῖς
3526 4423 3576 4475 οί
3613 4417 3774 4472 ταῦτα

2208 4509 2460 4579 λέγοντες
2489 4511 2583 4563 καὶ
2612 4508 2911 4572 ποιοῦντες,
2954 4507 3082 4570 ἴσως
3111 4507 3176 4560 ἄν
3198 4524 3283 4570 τις
3309 4505 3582 4578 ῥᾳθυμίας
3606 4501 3776 4567 ἐνόμι-

2212 4609 2305 4646 σεν
2335 4588 2474 4645 εἶναι
2503 4592 2565 4645 :6
2594 4591 3000 4663 μὴφυλάττειν
3021 4607 3036 4622 ο
3064 4591 3112 4642 εἰ
3132 4590 3189 4643 δὲ
3222 4588 3463 4657 φιλόθεοι
3493 4589 3610 4640 καί
3630 4583 3779 4663 εὑλαέ

2211 4675 2461 4743 ϐεἴς,κα”ί
2491 4674 2589 4737 τάς
2613 4673 2790 4744 ψυχὰς
2829 4675 2928 4737 τάς
2969 4672 3178 4726 ἑαυτῶν
3219 4673 3359 4744 ὑπὲρ
3408 4672 3515 4725 τῶν
3564 4668 3640 4739 τῷ
3668 4662 3777 4732 Θεῷ

2211 4758 2511 4813 δοκούντων
2531 4758 2760 4821 ἔδωκαν,
2789 4755 3011 4827 εῦδηλον
3034 4757 3192 4810 ὅτιτὸ
3225 4754 3299 4826 μὴ
3326 4754 3560 4825 φυλάξαι
3586 4753 3677 4804 τὸν
3703 4747 3777 4800 νύ-

2215 4861 2315 4914 μον
2343 4844 2404 4897 ού
2426 4842 2568 4896 κατά
2601 4840 2871 4914 ρᾳθυμίαν
2905 4841 3142 4904 ἐποίουν,
3170 4840 3306 4893 άλλά
3329 4840 3481 4911 παρά
3514 4837 3576 4890 τὸ
3598 4830 3776 4889 πεπεῖ-

2215 4930 2339 4983 σθαι
2369 4930 2499 4998 παρ’
2550 4927 2714 4980 αὐτοῦ
2755 4926 2850 4979 τοῦ
2890 4926 3080 4996 νόμου,
3117 4926 3199 4978 ὅτι
3239 4924 3338 4987 τὰς
3373 4921 3773 4994 παρατηρήσεις

2212 5012 2416 5075 ταύτας
2436 5010 2652 5073 ἁπάσας
2680 5008 2785 5074 ἔξω
2810 5009 2917 5062 τῶν
2942 5007 2967 5047 ἀ
3007 5007 3269 5078 ’ῐεροσολύ
3279 5025 3394 5077 μων
3421 5007 3703 5076 φυλάττειν
3720 4998 3771 5050 εὖ

2213 5100 2340 5169 χρή.
2368 5099 2478 5151 Καὶ
2503 5097 2688 5167 ἕτερον
2712 5094 2768 5147 δὲ
2789 5093 2897 5146 ἀπὸ
2923 5091 3115 5147 τούτου
3156 5092 3604 5163 συνωμολόγηται
3636 5085 3773 5169 9.57:-

2216 5166 2370 5236 στον·
2413 5182 2497 5233 ὅτι
2539 5166 2740 5231 θυσιῶν
2786 5176 3200 5247 παρατηρήσεις
3236 5174 3333 5226 καὶ
3385 5175 3669 5228 σαϐϐάτων
3691 5166 3772 5247 καὶ

2213 5263 2538 5334 νουμηνιῶν,
2576 5262 2670 5313 καὶ
2695 5245 2914 5313 πάντων
2941 5258 3047 5311 τῶν
3077 5257 3357 5323 τοιούτων,
3384 5259 3448 5310 ἐκ
3475 5245 3775 5334 περιουσίας

2212 5329 2414 5420 ἁπῇτει
2457 5347 2491 5416 ή
2537 5343 2659 5398 τότε
2688 5342 2934 5397 πολιτεία
2957 5358 2970 5371 ·
3007 5341 3102 5395 καὶ
3142 5338 3267 5393 οὒτε
3318 5342 3621 5410 τηρούμενα
3651 5329 3781 5400 πρὸς

2272 5510 2302 5550 Ι)
2327 5509 2462 5559 Unus
2491 5507 2599 5558 cod.
2622 5508 2704 5556 καὶ
2729 5506 2811 5555 ἀπ’
2834 5503 2981 5554 αὐτοῦ
3002 5503 3109 5553 τοῦ.
3404 5562 3409 5563 γ
3566 5560 3577 5563 _
3601 5559 3614 5563 _
3685 5553 3695 5563 ,

2277 5576 2299 5604 ο
2325 5572 2413 5621 Hic
2437 5578 2539 5620 lres
2582 5583 2697 5617 mss.
2741 5569 2951 5616 multum
2998 5567 3208 5624 variant,
3244 5563 3326 5612 καὶ
3365 5562 3450 5619 τὴν
3485 5559 3784 5623 μετ’ἐκείνην

2213 5638 2373 5708 ἔπειτ-α
2393 5635 2473 5682 καὶ
2490 5632 2610 5708 ¹τρεῖς
2633 5633 2807 5708 ἐτέρας.
2917 5692 2931 5708 '
3028 5691 3039 5705 δ
3100 5690 3143 5708 ,Ρ
3210 5689 3267 5708 Δ
3351 5689 3448 5708 mh
3470 5680 3568 5708 an;

2278 5681 2309 5735 δν
2333 5696 2469 5746 Unus
2493 5681 2563 5742 ὅτι
2597 5681 2679 5749 τὰς
2698 5681 2887 5747 άπάσας
2912 5691 3075 5756 ἑορτὰς
3099 5690 3185 5746 ἔξω
3208 5689 3320 5737 τῶν.
3348 5689 3450 5753 (Sic
3470 5681 3632 5741 σπῆι.)
