3990 6198
306 336 410 392 8⁸17

304 461 554 526 neglecto
595 460 841 515 locozan
886 457 1129 529 neglecto
1158 464 1433 526 tempore,
1475 452 1578 508 loci
1623 451 1761 506 ratio
1808 457 1891 504 te-

304 550 480 605 nenda
512 552 634 607 est?
659 552 812 621 Quod
837 551 959 605 dico
981 591 999 616 ,
1037 549 1143 604 tale
1171 556 1254 603 est
1277 564 1292 602 :
1323 544 1576 616 praecepit
1602 543 1857 598 Dominus
1876 583 1910 607 ,,

306 652 366 695 ut
407 642 460 697 in
505 644 679 712 primo
722 657 910 698 mense
938 649 992 696 et
1016 639 1364 710 Jerosolymis
1403 636 1766 691 celebraretur
1794 632 1891 686 Pa-

304 734 439 788 scha
473 752 488 789 :
525 734 774 789 videlicet
821 743 1063 802 tempore
1112 731 1313 800 pariter
1352 737 1407 783 et
1448 727 1567 782 loco
1607 723 1890 794 praeﬁnito.

302 824 580 880 Ponamns
609 824 768 895 igitur
789 823 926 879 duos
945 822 1222 893 quospiam
1250 834 1392 882 esse,
1436 816 1526 888 qui
1574 814 1775 870 Pascha
1800 829 1892 868 ce-

303 916 539 979 lebrent,
569 930 802 985 quorum
829 915 967 969 alter
994 912 1373 983 praevaricetur
1418 910 1593 963 locum
1619 947 1635 972 ,
1686 916 1895 975 tempus

302 1006 559 1060 observet
588 1023 603 1060 :
631 1021 818 1061 rursus
845 1006 984 1061 alter
1010 1006 1261 1061 observet
1292 1001 1508 1073 quidem
1540 1001 1711 1055 locum
1735 1039 1751 1064 ,
1798 997 1893 1052 sed

306 1096 735 1165 transgrediatur
762 1106 1000 1166 tempus;
1029 1106 1188 1166 atque
1218 1095 1263 1150 is
1291 1096 1381 1164 qui
1404 1103 1616 1162 tempus
1643 1091 1896 1145 observat

302 1186 553 1255 neglecto
582 1185 730 1253 loco,
769 1185 1007 1241 celebret
1030 1184 1233 1240 Pascha
1265 1184 1317 1238 in
1350 1182 1523 1253 primo
1549 1195 1733 1237 mense
1752 1221 1767 1244 ,
1798 1180 1893 1235 sed

299 1277 502 1332 alicubi
530 1278 714 1348 procul
739 1278 1071 1349 Jerosolyma
1100 1295 1115 1331 :
1144 1278 1189 1332 is
1213 1291 1343 1331 vero
1377 1275 1467 1345 qui
1506 1274 1681 1329 locum
1707 1273 1895 1328 obser-

307 1377 401 1422 vat
451 1368 692 1438 neglecto
720 1379 991 1440 tempore,
1024 1367 1223 1423 Pascha
1250 1365 1487 1422 celebret
1512 1363 1892 1436 Jerosolymis,

304 1474 418 1512 non
450 1466 624 1512 tamen
656 1459 827 1528 primo
852 1472 1056 1523 mense,
1083 1456 1179 1512 sed
1207 1454 1462 1511 secundo.
1494 1453 1692 1509 Deinde
1720 1452 1897 1508 videa-

305 1565 432 1604 unus
462 1560 578 1605 uter
604 1550 794 1604 horum
823 1548 1049 1603 duorum
1074 1549 1144 1603 sit
1172 1549 1224 1602 in
1254 1546 1496 1611 crimine,
1527 1554 1644 1600 uter
1668 1545 1897 1614 proban-

302 1641 452 1694 dus:
483 1641 597 1696 isne
637 1639 728 1711 qui
769 1639 1014 1709 neglecto
1052 1646 1291 1707 tempore
1338 1637 1509 1691 locum
1539 1635 1800 1699 servavit,
1828 1649 1896 1688 an

302 1734 401 1804 qui
442 1734 558 1788 loco
598 1735 839 1803 neglecto
869 1740 1077 1802 tempus
1110 1730 1362 1787 servavit.
1402 1728 1615 1783 Etenim
1654 1728 1699 1783 si
1730 1727 1775 1782 is
1805 1727 1895 1796 qui

309 1835 523 1894 tempus
543 1825 795 1897 neglexit,
822 1834 881 1879 ut
906 1825 1041 1878 intra
1061 1822 1327 1879 civitatem
1358 1820 1555 1875 Pascha
1582 1818 1894 1884 celebraret,

308 1915 523 1969 videtur
562 1914 935 1984 approbandus
966 1932 980 1969 :
1007 1922 1190 1968 contra
1215 1952 1232 1978 ,
1273 1912 1363 1982 qui
1400 1919 1612 1966 servato
1659 1920 1898 1978 tempore

310 2008 489 2062 locum
519 2006 775 2076 neglexit,
803 2007 1070 2060 vocandus
1095 2015 1177 2060 est
1205 2005 1259 2059 in
1284 2005 1507 2069 crimen,
1534 2012 1588 2058 et
1614 2002 1897 2071 impietatis

310 2114 442 2153 reus
467 2098 798 2167 peragendns
829 2115 843 2150 :
873 2096 1121 2151 nimirum
1163 2096 1356 2165 liquet,
1384 2093 1527 2165 quod
1557 2093 1641 2148 isti
1684 2106 1898 2162 quoque

311 2192 486 2260 legem
514 2190 734 2255 violant,
764 2189 882 2244 loco
911 2204 1017 2243 non
1048 2203 1147 2242 suo
1173 2188 1428 2242 facientes
1447 2228 1461 2251 ,
1498 2184 1640 2257 quod
1665 2183 1895 2249 faciunt,

308 2282 523 2337 etiamsi
553 2280 731 2336 decies
759 2280 951 2334 millies
979 2278 1271 2349 prmdicent
1312 2292 1371 2333 se
1416 2290 1630 2332 servare
1670 2285 1895 2344 tempus.

314 2374 470 2429 Unde
510 2374 667 2443 igitur
711 2372 813 2426 hoc
850 2371 1004 2426 nobis
1038 2370 1376 2441 perspicuum
1403 2368 1523 2424 est?
1548 2366 1806 2423 Videlicet
1831 2366 1899 2420 ab

311 2466 435 2533 ipso
472 2463 637 2518 Mose.
675 2462 947 2533 Siquidem
974 2476 1095 2516 cum
1124 2458 1339 2530 quidam
1368 2466 1548 2515 essent
1583 2455 1900 2512 celebraturi

312 2552 541 2618 Pascha,
564 2552 813 2608 adierunt
837 2552 1042 2619 Mosen,
1073 2550 1311 2606 dicentes
1339 2565 1353 2602 :
1383 2546 1496 2603 Nos
1522 2547 1707 2618 impuri
1725 2561 1901 2601 sumus

309 2661 470 2714 super
507 2644 724 2698 hominis
765 2643 937 2698 anima
962 2658 983 2697 :
1009 2659 1131 2697 num
1171 2642 1453 2696 omittemus
1496 2638 1680 2707 olferre
1721 2652 1903 2692 munus

309 2736 538 2792 Domino
564 2736 719 2807 juxta
747 2746 940 2807 tempus
965 2751 1113 2790 suum
1130 2776 1145 2800 ,
1172 2734 1226 2788 in
1248 2733 1412 2788 medio
1448 2731 1671 2801 ﬁliorum
1700 2728 1904 2784 Israel?

312 2828 596 2898 Respondit
618 2826 723 2881 illis
753 2825 923 2882 Moses
942 2820 1116 2881 :State
1156 2825 1238 2879 hic
1256 2865 1272 2890 ,
1304 2834 1352 2879 et
1378 2824 1583 2877 audiam
1609 2822 1730 2893 quid
1767 2837 1903 2891 prae-

311 2929 553 2986 ceptum
576 2919 639 2970 sit
662 2915 914 2972 Dominus
941 2916 1003 2969 de
1031 2915 1187 2969 vobis.
1214 2913 1279 2968 Et
1306 2912 1539 2983 loquutus
1564 2921 1635 2966 est
1656 2910 1903 2966 Dominus

314 3006 458 3062 Μοδὶ
485 3004 876 3077 dicens:_Homo
892 3008 1187 3078 quicumque
1208 3007 1359 3077 fuerit
1396 3005 1526 3058 inter
1560 3019 1645 3057 vos
1673 3004 1902 3070 impurus

311 3115 471 3170 super
497 3097 713 3152 hominis
735 3099 928 3163 anima,
954 3107 1044 3150 aut
1073 3097 1127 3150 in
1154 3097 1304 3167 longo
1332 3094 1528 3161 itinere,
1554 3103 1642 3147 aut
1665 3093 1718 3150 in
1742 3092 1899 3163 vobis,

313 3193 370 3244 in
395 3190 798 3262 generationibus
829 3190 1004 3244 vestris
1024 3229 1039 3254 ,
1078 3188 1227 3262 faciet
1254 3185 1459 3244 Pascha
1484 3202 1651 3243 mense
1685 3187 1904 3243 secundo

313 3281 509 3350 (Num.
535 3284 587 3336 9.
604 3281 789 3353 7-H).
811 3279 866 3336 id
889 3291 1003 3338 est:
1028 3281 1287 3352 quisquis,
1315 3280 1504 3346 inquit,
1531 3280 1702 3350 primo
1723 3292 1905 3333 mense

313 3372 684 3441 deprehensus
705 3372 863 3427 fuerit
884 3372 937 3426 in
964 3371 1407 3443 peregrinatione,
1431 3385 1500 3426 ne
1529 3370 1682 3425 iaciat
1701 3368 1904 3425 Pascha

315 3474 468 3516 extra
496 3463 780 3526 civitatem,
809 3461 903 3517 sed
927 3477 1112 3517 mense
1139 3460 1394 3525 secundo,
1434 3469 1491 3516 ut
1528 3459 1711 3516 venire
1740 3460 1906 3530 possit

315 3552 710 3624 Jerosolymam
737 3568 801 3608 ac
827 3562 1035 3622 tempus
1061 3553 1291 3623 negligat
1328 3552 1502 3622 potius
1520 3593 1535 3618 ,
1563 3566 1720 3621 quam
1749 3550 1906 3607 faciat

313 3654 471 3699 extra
501 3644 765 3699 civitatem
805 3661 820 3699 :
852 3660 919 3700 ex
960 3643 1061 3700 hoc
1088 3645 1399 3711 declarans,
1436 3644 1577 3716 quod
1603 3644 1905 3701 observatio

314 3736 424 3791 loci
452 3738 703 3806 temporis
731 3736 1101 3792 observatione
1126 3738 1294 3806 magis
1310 3745 1394 3792 est
1420 3737 1737 3792 necessaria.
1767 3737 1904 3804 Quid

315 3831 480 3899 igitur
520 3830 606 3884 isti
648 3829 845 3885 habent
889 3829 1029 3899 quod
1072 3829 1285 3896 dicant,
1324 3828 1414 3899 qui
1453 3840 1601 3884 extra
1638 3828 1903 3884 civitatem

316 3920 680 3990 pnescriptam
699 3919 896 3975 iaciunt
914 3919 1114 3975 Pascha
1128 3920 1153 3974 Ἰ
1167 3919 1296 3974 Nam
1319 3934 1438 3974 cum
1458 3920 1906 3991 transgrediantur

318 4010 370 4064 id
402 4010 547 4081 quod
575 4010 740 4082 magis
768 4019 851 4065 est
879 4011 1234 4066 necessarium
1253 4051 1268 4076 ,
1312 4010 1446 4064 nihil
1488 4011 1607 4065 illos
1647 4024 1904 4066 excusare

319 4109 496 4171 potest
537 4100 653 4169 ejus
691 4101 1025 4166 observatio,
1069 4100 1211 4171 quod
1250 4100 1468 4156 minoris
1502 4110 1585 4155 est
1626 4102 1902 4156 momenti.

321 4191 485 4261 Igitur
498 4190 707 4246 etiamsi
727 4191 906 4246 decies
927 4191 1117 4246 millies
1135 4191 1415 4245 videantur
1433 4207 1649 4247 servare
1673 4200 1901 4262 tempus,

318 4290 560 4336 extrema
593 4281 721 4351 legis
750 4281 1100 4351 transgressio
1125 4291 1208 4337 est
1234 4280 1374 4350 quod
1404 4280 1622 4336 faciunt.
1645 4284 1821 4351 Atque
1851 4283 1902 4338 id

319 4387 442 4427 esse
467 4387 676 4434 verum,
702 4387 806 4426 non
837 4370 961 4427 hinc
985 4373 1153 4441 liquet
1179 4379 1403 4435 tantum,
1434 4387 1623 4427 verum
1650 4375 1809 4428 etiam
1837 4389 1901 4428 ex

319 4462 617 4531 prophetis.
640 4459 770 4516 Cum
801 4462 941 4516 enim
980 4469 1191 4516 constet
1228 4461 1345 4515 illos
1384 4477 1670 4532 numquam
1699 4465 1905 4518 sacriﬁ-

319 4566 495 4618 casse,
522 4566 694 4620 neque
719 4551 982 4606 canticum
1011 4550 1269 4627 cecinisse
1289 4551 1340 4604 in
1372 4561 1510 4605 terra
1539 4552 1708 4607 aliena
1730 4553 1901 4623 (Psal.

319 4641 446 4696 156.
476 4638 574 4711 4),
605 4654 779 4710 neque
824 4639 1119 4694 istiusmodi
1145 4639 1404 4709 jejunium
1429 4640 1721 4711 jejunasse,
1747 4659 1904 4712 quam

316 4730 531 4786 veniam
559 4742 928 4798 promerentur
946 4729 1069 4784 isti?
1097 4730 1343 4785 Attamen
1366 4729 1438 4784 illi
1475 4731 1688 4801 quidem
1717 4749 1906 4803 exspe-

318 4830 532 4875 ctantes
557 4820 715 4874 talem
758 4820 880 4875 vita:
923 4834 1033 4875 sua:
1073 4828 1265 4874 statum
1292 4837 1353 4877 se
1380 4833 1707 4893 recepturos,
1739 4825 1906 4880 nihilo

316 4911 500 4966 secius
526 4910 881 4980 persistebant
908 4911 958 4965 in
987 4911 1101 4981 lege
1121 4952 1135 4976 ,
1168 4924 1412 4981 parentes
1438 4915 1533 4981 illi,
1572 4932 1795 4986 qumque
1821 4917 1903 4972 lex

320 5000 726 5073 praescribebat,
758 5001 1061 5071 implentes.
1092 5001 1201 5056 lloc
1229 5003 1370 5057 enim
1400 5004 1485 5059 lex
1513 5006 1625 5075 ipsa
1662 5007 1769 5062 illis
1790 5007 1906 5064 lore

318 5092 660 5162 promiserat.
711 5091 801 5146 lsti
845 5107 974 5147 vero
1017 5090 1129 5146 haec
1157 5092 1390 5159 facium,
1431 5109 1551 5149 cum
1582 5096 1778 5151 nullam
1806 5097 1904 5151 ha-

315 5183 483 5239 beant
511 5193 661 5250 Spem
692 5180 824 5247 fore,
855 5190 911 5235 ut
940 5181 1218 5250 pristinum
1246 5182 1366 5236 vita:
1384 5192 1578 5238 statum
1607 5186 1863 5255 recipiant
1888 5206 1902 5243 :

315 5275 475 5340 cujus
489 5273 632 5327 enim
645 5272 697 5326 id
714 5272 986 5343 propheta:
998 5273 1297 5328 testimonio
1312 5275 1638 5344 probabunt?
1648 5279 1714 5333 Et
1730 5289 1904 5335 tamen

319 5383 390 5420 ne
432 5367 514 5420 sic
550 5365 763 5435 quidem
811 5374 1035 5435 possunt
1079 5366 1375 5436 quiescere.
1402 5367 1517 5422 Jam
1539 5411 1555 5434 ,
1586 5379 1643 5424 ut
1677 5374 1905 5430 maxime

317 5465 604 5527 sperarent
631 5473 693 5513 se
711 5458 981 5513 civitatem
1003 5467 1330 5528 recepturos,
1358 5459 1517 5513 etiam
1552 5469 1676 5517 tunc
1749 5480 1903 5534 opor-

324 5552 469 5605 tebat
498 5561 714 5605 sanctos
738 5550 856 5606 illos
878 5551 1093 5616 imitari,
1119 5560 1225 5606 tum
1252 5569 1280 5605 a
1304 5551 1539 5622 jcjuniis,
1568 5564 1678 5609 tum
1703 5572 1733 5610 a
1753 5567 1906 5614 Ci.th-

325 5643 397 5698 ris
426 5640 889 5697 observationibus
913 5645 1261 5699 abstinentes.

397 5735 448 5789 5.
482 5732 636 5804 Quod
674 5735 817 5791 enim
847 5735 1141 5792 istiusmodi
1170 5752 1347 5793 rerum
1376 5739 1505 5796 nihil
1535 5741 1604 5796 illi
1636 5744 1859 5801 fecerint
1881 5789 1895 5815 ,

1553 318 1914 383 ADVERSUS
1950 317 2249 376 JUDA‘ZOS.
2291 317 2369 375 iV.

3474 330 3578 386 878

2000 443 2122 500 audi
2160 445 2285 515 quid
2312 446 2621 517 rogantibus
2659 444 3050 516 responderint.
3083 447 3214 503 Cum
3243 446 3384 502 enim
3419 464 3574 519 urge-

1998 545 2138 600 rent,
2165 537 2568 605 compellerent,
2594 547 2949 607 cogeremque
2971 538 3201 604 barbari,
3227 548 3283 592 ut
3304 548 3579 595 uterentur

1998 626 2209 696 organis
2236 627 2364 692 suis,
2393 628 2738 697 dicerentque
2760 645 2776 683 :
2802 625 3013 683 Cantate
3040 626 3181 683 nobis
3200 630 3451 683 canticum
3480 629 3580 684 Do-

1996 718 2119 771 mini
2149 717 2320 790 (Psal.
2352 719 2472 774 156.
2500 720 2556 789 5)
2584 738 2597 773 :
2628 720 2703 775 illi
2725 718 3054 789 quipulchre
3067 720 3201 792 legis
3231 733 3462 777 mentem
3496 730 3576 778 ιε-

1997 808 2229 874 nebant,
2272 810 2697 879 responderunt,
2739 826 2844 865 non
2882 811 3073 867 decere
3113 822 3170 867 ut
3198 813 3295 868 ista
3343 813 3580 871 iacerent

1995 908 2144 953 extra
2175 898 2560 972 Jerosolymam
2586 919 2600 956 :
2636 898 2931 969 Quomodo,
2963 904 3232 973 inquiunt,
3264 906 3576 962 cantabimus

1997 988 2249 1042 canticum
2275 987 2483 1043 Domini
2510 991 2561 1044 in
2583 1001 2715 1045 terra
2734 992 2899 1045 aliena
2915 993 2941 1045 i’
2970 990 3172 1047 Rursus
3194 1002 3302 1049 tres
3329 994 3400 1049 illi
3425 997 3571 1066 pueri

1998 1080 2086 1149 qui
2115 1081 2462 1137 verSabantur
2488 1084 2540 1137 in
2571 1084 2836 1155 Babylone
2857 1126 2872 1151 ,
2919 1085 3204 1143 dicebant:
3236 1085 3357 1142 Non
3381 1098 3453 1144 est
3481 1087 3577 1146 Ιιοὸ

2000 1181 2221 1243 tempore
2242 1174 2493 1243 princeps,
2524 1192 2682 1244 neque
2705 1176 2968 1246 prapheta,
3001 1194 3101 1231 non
3128 1177 3266 1234 locus
3289 1188 3346 1233 ut
3370 1181 3574 1249 sacri/i-

1997 1278 2166 1318 cemus
2201 1264 2254 1317 in
2293 1276 2559 1336 conspectu
2593 1276 2709 1333 tuo,
2741 1276 2788 1321 et
2836 1268 3145 1323 inveniamus
3176 1271 3574 1326 misericordiam

2003 1351 2162 1421 (Dan.
2193 1355 2245 1409 '5.
2271 1355 2382 1424 58).
2411 1359 2481 1409 At
2522 1372 2653 1411 sane
2680 1360 2875 1412 multus
2900 1369 3014 1413 erat
3043 1360 3113 1414 ibi
3140 1360 3288 1416 locus
3312 1380 3325 1416 :
3358 1371 3412 1417 at
3436 1379 3575 1433 quo-

1998 1446 2139 1499 niam
2167 1445 2237 1500 ibi
2272 1446 2525 1516 templum
2556 1464 2661 1502 non
2703 1460 2852 1514 erat,
2893 1450 3160 1505 abstinent
3204 1467 3234 1505 a
3280 1453 3571 1509 sacriﬁciis.

1996 1533 2113 1589 Jam
2144 1551 2273 1590 vero
2308 1546 2363 1591 et
2400 1537 2464 1592 ad
2492 1538 2623 1591 alios
2664 1554 2758 1607 per
2784 1538 3094 1595 Zachariam
3132 1541 3363 1612 loquitur
3390 1543 3572 1599 Deus:

2002 1624 2140 1679 Num
2175 1628 2429 1698 jejunium
2450 1629 2721 1699 jejunastis
2762 1630 2885 1684 mihi
2929 1649 3017 1700 per
3056 1649 3215 1687 annos
3258 1637 3575 1705 septuaginta

1999 1714 2179 1786 (Zaclt.
2212 1716 2264 1770 7.
2298 1716 2398 1788 5)?
2427 1718 2647 1788 loquens
2670 1719 2738 1775 de
2763 1720 2914 1774 annis
2936 1735 3071 1790 quos
3094 1733 3313 1793 egerant
3332 1725 3383 1778 in
3409 1725 3581 1795 capti-

2000 1806 2182 1861 vitate.
2204 1805 2483 1872 Quomodo
2504 1824 2630 1879 ergo
2658 1817 2713 1863 tu
2738 1825 2879 1864 nunc
2902 1810 3130 1880 jejunas,
3159 1812 3245 1867 die
3273 1813 3425 1882 mihi,
3451 1829 3573 1870 cum

1997 1899 2226 1968 majores
2255 1899 2328 1954 tui
2372 1915 2470 1956 nec
2506 1899 2952 1967 sacriﬁcaverint,
2994 1918 3093 1958 nec
3122 1903 3445 1973 jejunarint,
3476 1923 3577 1964 nec

1998 1988 2130 2044 festa
2173 1989 2599 2046 celebraverint?
2643 1990 2796 2058 Quod
2839 2002 3014 2049 autem
3052 1994 3253 2050 Pascha
3283 2011 3387 2051 non
3430 1999 3578 2052 cele-

2002 2079 2272 2134 braverint
2299 2096 2364 2136 ex
2393 2080 2475 2135 his
2502 2080 2673 2150 palam
2699 2091 2800 2136 εει.
2827 2080 2958 2137 Nam
2981 2083 3067 2139 ubi
3092 2100 3199 2138 non
3228 2094 3345 2141 erat
3371 2087 3576 2141 sacriﬁ-

1997 2170 2140 2226 cium
2158 2212 2173 2237 ,
2204 2169 2276 2224 ibi
2316 2186 2384 2226 ne
2410 2170 2603 2227 festum
2630 2171 2842 2242 quidem
2868 2181 3022 2228 erat:
3051 2188 3118 2228 eo
3141 2174 3282 2244 quod
3309 2190 3467 2231 omne
3496 2176 3577 2231 fe-

1997 2270 2139 2316 stum
2168 2260 2245 2315 sic
2286 2265 2465 2332 peragi
2494 2263 2791 2333 oportebat.
2823 2263 2974 2330 Quod
2999 2266 3044 2320 si
3082 2266 3376 2337 pleniorem
3421 2267 3576 2339 hujus

2000 2352 2076 2406 rei
2123 2351 2636 2408 demonstrationem
2682 2354 2937 2410 exhibere
2979 2356 3234 2424 velimus,
3282 2358 3405 2424 audi
3448 2360 3574 2430 quid

2000 2440 2141 2496 dicat
2171 2442 2352 2498 Daniel
2377 2460 2390 2497 :
2417 2442 2488 2497 In
2516 2443 2690 2499 diebus
2716 2444 2821 2499 illis
2848 2462 2986 2500 eram
3013 2463 3104 2519 ego
3142 2448 3329 2503 Daniel
3363 2450 3572 2521 lugens,

2001 2532 2159 2587 tribus
2184 2532 2573 2588 hebdomadibus
2605 2551 2787 2605 panem
2811 2536 3190 2592 desiderabilem
3218 2559 3320 2599 non
3347 2541 3577 2610 comedi,

2001 2633 2049 2677 et
2077 2624 2247 2677 uinum
2270 2640 2541 2694 carnesque
2567 2641 2668 2679 non
2703 2625 2942 2696 ingressa:
2981 2627 3173 2688 suntin
3200 2652 3256 2689 οε
3296 2646 3461 2689 meum
3479 2672 3495 2696 ,
3530 2640 3578 2684 et

2003 2725 2256 2787 unguento
2284 2732 2385 2770 non
2410 2715 2631 2788 angebar
2647 2719 2702 2771 in
2725 2700 3118 2781 hebdomadibus
3145 2728 3267 2780 illis.
3294 2726 3360 2781 Et
3387 2728 3577 2798 factum

1968 2804 1971 2807 ’
2002 2817 2076 2860 est
2114 2808 2342 2862 vicesimo
2380 2818 2560 2877 quarto
2606 2809 2688 2862 die
2734 2808 2882 2878 primi
2927 2816 3143 2885 mensis,
3196 2818 3299 2873 uidi
3340 2820 3577 2874 visionem

2006 2894 2168 2967 (Dan.
2193 2896 2279 2953 1ο.
2304 2896 2382 2968 2).
2416 2897 2513 2952 llic
2539 2898 2669 2959 mihi
2709 2897 2991 2975 diligenter
3026 2909 3337 2964 auscultate.
3378 2911 3453 2964 Ex
3494 2909 3579 2967 his

2002 2988 2144 3042 enim
2177 2989 2511 3065 perspicuum
2536 3004 2637 3059 est,
2667 2996 2808 3066 quod
2838 3006 2946 3052 tum
2974 2998 3175 3053 Pascha
3201 3016 3305 3054 non
3336 3000 3577 3056 celebra-

2004 3078 2327 3145 νει-11η.ρυὶ
2353 3082 2473 3138 sic?
2500 3084 2700 3138 Dicam.
2734 3084 2835 3139 Per
2858 3085 2972 3141 dies
2999 3102 3305 3157 azymorum
3331 3088 3575 3159 jejunare

2002 3169 2202 3225 Judmis
2243 3171 2323 3226 fas
2369 3187 2476 3227 non
2521 3182 2654 3228 erat.
2696 3173 2795 3230 Hic
2832 3183 3008 3230 autem
3052 3177 3167 3232 dies
3192 3178 3375 3247 viginti
3415 3196 3576 3236 unum

2003 3277 2220 3333 prorsus
2240 3279 2346 3318 non
2373 3265 2542 3334 attigit
2569 3280 2781 3336 panem.
2804 3266 2873 3321 Et
2893 3267 3030 3322 unde
3051 3267 3153 3323 hoc
3175 3268 3413 3336 docetur,
3437 3272 3578 3327 dicet

2002 3353 2221 3425 aliquis,
2252 3355 2394 3424 quod
2440 3356 2523 3410 isti
2559 3356 2740 3426 viginti
2778 3357 2893 3413 dies
2930 3367 2984 3414 et
3025 3374 3160 3414 unus
3202 3360 3483 3417 inciderint
3523 3364 3577 3419 in

2002 3443 2119 3500 dies
2158 3447 2505 3517 azymorum?
2546 3446 2601 3502 Id
2637 3446 2760 3504 inde
2803 3448 3223 3518 demonstratur,
3253 3452 3394 3523 quod
3414 3452 3576 3523 dicit,

2003 3547 2192 3611 quarto
2219 3547 2273 3594 et
2292 3539 2546 3610 vigesimo
2573 3540 2659 3595 die
2688 3542 2843 3611 primi
2873 3543 3091 3598 mensis.

2080 3631 2293 3686 Pascha:
2319 3633 2595 3686 secundum
2634 3633 2792 3705 legent
2816 3644 3029 3705 tempus.
3058 3666 3132 3677 —
3156 3637 3225 3692 At
3252 3638 3474 3695 Pascha:
3501 3640 3580 3697 le-

2004 3733 2144 3779 stum
2174 3724 2427 3794 vigesimo
2453 3724 2623 3792 primo
2651 3725 2737 3780 die
2777 3724 3076 3782 ﬁniebatur.
3107 3728 3237 3783 Nam
3265 3715 3580 3801 incipientes

2004 3831 2033 3869 a
2058 3815 2268 3870 decimo
2291 3822 2480 3884 quarto
2508 3815 2595 3869 die
2626 3815 2779 3885 primi
2804 3816 3026 3885 mensis,
3058 3818 3252 3875 deinde
3277 3820 3464 3877 diebus
3487 3840 3578 3879 se-

2006 3916 2146 3977 ptem
2173 3909 2476 3962 continuata
2520 3907 2857 3976 celebritate,
2899 3910 2966 3964 ad
2992 3910 3305 3982 vigesimum
3350 3916 3595 3984 primum

1951 4005 1955 4009 '
2004 3998 2143 4052 diem
2183 3997 2580 4067 perveniebant.
2609 3998 2855 4053 Attamen
2887 4001 3066 4055 Daniel
3098 4004 3471 4071 perseverabat
3492 4007 3579 4075 je-

2000 4088 2214 4159 junans,
2242 4091 2400 4144 etiam
2430 4104 2549 4146 cum
2581 4091 2925 4159 przeteriisset
2953 4093 3167 4148 Pascha:
3196 4104 3421 4166 tempus.
3444 4096 3578 4152 Nam

2003 4195 2125 4235 cum
2153 4182 2403 4251 cmpisset
2430 4197 2461 4235 a
2504 4182 2663 4237 tertio
2687 4183 2774 4238 die
2813 4184 2966 4252 primi
3007 4186 3242 4252 mensis,
3285 4202 3347 4242 ac
3386 4188 3581 4246 deinde

2000 4288 2101 4341 per
2121 4272 2238 4327 dies
2260 4272 2439 4342 viginti
2462 4288 2622 4327 unum
2645 4273 3024 4341 continuasset,
3050 4276 3294 4331 nimirmn
3316 4276 3578 4334 decimum

2004 4370 2247 4432 quartum
2274 4362 2413 4417 diem
2440 4363 2712 4432 praeteriit,
2739 4372 2791 4417 et
2824 4371 2942 4432 post
2968 4364 3111 4419 hunc
3139 4366 3264 4420 item
3292 4377 3494 4437 septem
3527 4379 3583 4425 et

2005 4461 2115 4507 tres
2139 4451 2273 4507 alios
2296 4451 2553 4522 jejunavit
2579 4451 2739 4523 (Dan.
2764 4453 2849 4509 10.
2878 4453 2957 4523 4).
2987 4453 3177 4509 Annon
3202 4457 3360 4528 igitur
3385 4460 3468 4514 isti
3491 4476 3583 4515 ex-

2004 4542 2149 4614 leges
2177 4551 2230 4597 et
2255 4542 2423 4612 impii,
2450 4543 2561 4613 qui,
2589 4557 2710 4598 cum
2742 4544 2816 4598 illi
2848 4545 3014 4599 sancti
3043 4546 3140 4601 viri
3168 4549 3218 4602 io
3242 4550 3413 4605 aliena
3442 4560 3582 4609 terra

2006 4632 2137 4686 nihil
2162 4633 2493 4687 servaverint
2513 4648 2696 4688 eorum
2722 4651 2839 4704 quae
2868 4636 2951 4690 lex
2982 4639 3376 4706 przescribebat,
3406 4651 3581 4699 tamen

2007 4738 2103 4792 per
2125 4723 2516 4778 contentionem
2565 4735 2620 4779 et
2661 4726 3014 4795 pervicaciam
3054 4727 3263 4785 diversa
3307 4731 3586 4789 factitant?

2005 4813 2214 4869 Etenim
2264 4813 2309 4867 si
2353 4814 2593 4869 nonnulli
2638 4814 2863 4872 fuissent
2905 4818 3251 4889 incogitantes
3295 4839 3584 4896 paratuque

2003 4903 2407 4974 circumspecti,
2446 4905 2537 4974 qui
2583 4906 2705 4960 talia
2736 4908 2818 4962 vel
2861 4907 3130 4977 facerent,
3176 4912 3258 4967 vel
3302 4912 3584 4971 dicerent:

2006 4994 2226 5051 forsitan
2269 4997 2601 5067 negligentia:
2645 4997 2898 5054 tribueret
2927 5000 3155 5071 aliquis,
3198 5004 3337 5071 quod
3379 5022 3442 5062 ea
3474 5024 3584 5064 non

2006 5086 2310 5142 observent.
2339 5086 2454 5141 iam
2485 5102 2605 5141 cum
2645 5089 2879 5158 religiosi
2920 5090 3024 5146 sint
3045 5132 3062 5159 ,
3102 5108 3223 5148 eum
3256 5096 3359 5164 pii,
3391 5113 3513 5153 cum
3552 5101 3586 5155 ii

2006 5176 2096 5245 qui
2126 5191 2221 5245 pro
2250 5177 2532 5246 praeceptis
2560 5178 2652 5232 Dei
2679 5179 3010 5236 tradiderunt
3030 5183 3236 5240 animas
3263 5201 3386 5243 suas
3407 5230 3422 5255 ,
3452 5206 3583 5245 con-

2007 5267 2248 5336 Spicuum
2276 5275 2391 5334 est,
2420 5283 2515 5323 eos
2555 5268 2957 5341 haudquaquam
2991 5290 3083 5340 per
3109 5277 3479 5348 negligentiam
3509 5283 3585 5338 fe-

2006 5359 2145 5414 cisse
2174 5359 2314 5429 quod
2344 5357 2618 5427 fecerunt,
2660 5361 2753 5415 scd
2784 5363 2851 5416 ab
2880 5363 2993 5433 ipsa
3019 5367 3195 5434 potius
3218 5369 3335 5439 lege
3360 5386 3581 5440 persua-

1964 5466 1969 5471 ·
2007 5466 2095 5505 εοε
2115 5493 2130 5516 ,
2157 5450 2298 5521 quod
2324 5466 2427 5506 non
2455 5461 2699 5521 oporteat
2725 5454 3008 5525 quidquam
3041 5458 3222 5512 talium
3252 5466 3585 5520 ceremonia-

2009 5559 2124 5598 rum
2172 5551 2320 5597 extra
2376 5543 2759 5615 Jerosolymam
2808 5546 3116 5604 observare.
3164 5551 3300 5619 Quin
3344 5564 3400 5610 et
3442 5558 3584 5615 aliud

2007 5633 2254 5704 quiddam
2286 5651 2349 5689 ex
2379 5635 2460 5690 his
2487 5637 2762 5706 perspicue
2785 5639 3049 5711 colligitur
3075 5642 3230 5713 longe
3258 5647 3581 5716 maximum,

2010 5725 2252 5784 videlicet
2272 5765 2290 5794 ,
2319 5728 2458 5797 quod
2497 5728 2893 5788 observationes
2923 5733 3300 5793 sacriﬁciorum
3322 5784 3337 5808 ,
3382 5740 3578 5799 sabbr
