3990 6198
521 266 625 325 879

520 396 729 452 torum,
773 393 829 442 et
872 382 1297 450 noviluuiorum,
1342 382 1571 453 denique
1599 382 1852 437 similium
1896 382 2095 437 rituum

519 478 756 531 omnium
795 492 859 532 ex
887 474 1172 530 abundanti
1218 473 1411 529 addita:
1439 482 1564 528 sunt
1596 471 1830 528 Iudaicae
1859 473 1980 526 vitae
2005 490 2019 526 :
2047 482 2105 525 ut

523 586 694 639 neque
719 568 762 622 si
791 577 1090 633 serventur,
1122 566 1319 638 aliquid
1350 566 1526 638 magni
1567 565 1822 619 momenti
1862 564 2105 619 conferre

522 660 725 729 possint
763 658 828 712 ad
855 657 1103 712 virtutem
1129 674 1143 723 ;
1175 674 1347 728 neque
1374 657 1419 711 si
1452 657 1949 726 praetermittantur,
1984 668 2104 723 pos-

518 754 625 807 sint
652 767 717 806 ex
736 752 877 805 bono
902 750 1077 806 facere
1100 751 1318 817 malum,
1341 759 1432 804 aut
1454 748 1663 819 pictatis
1685 747 1938 811 studium,
1961 745 2101 815 quod

519 841 571 893 in
616 842 797 895 animo
826 841 985 894 situm
1012 849 1124 907 est,
1166 842 1343 911 aliqua
1386 856 1450 895 ex
1482 849 1631 908 parte
1658 838 1991 893 imminuere.
2023 834 2100 889 llli

516 930 676 1001 igitur
718 931 809 1001 qui
850 932 1010 986 vitam
1053 932 1304 1002 angelica:
1351 930 1595 984 tantulam
1646 927 1801 982 nobis
1849 927 1901 981 in
1946 926 2103 980 terris

516 1023 899 1091 ostenderunt,
931 1039 1052 1079 cum
1095 1023 1281 1078 harum
1325 1039 1503 1078 rerum
1542 1022 1673 1076 nihil
1703 1020 1922 1075 omnino
1948 1035 2105 1090 pere-

515 1114 725 1185 get-int,
775 1130 882 1170 non
910 1116 1177 1170 victimam
1225 1116 1543 1177 mactariut,
1587 1129 1692 1167 non
1738 1112 1927 1166 festum
1958 1110 2100 1164 dicm

514 1206 887 1270 observarint.
933 1223 1037 1263 non
1080 1206 1379 1263 istiusmodi
1423 1205 1685 1276 jejunium
1731 1203 2097 1273 susceperint:

514 1295 649 1350 adeo
676 1305 853 1352 tamen
887 1298 1198 1369 placuerunt
1226 1297 1363 1361 Deo,
1398 1307 1455 1350 ut
1481 1297 1646 1365 ipsam
1680 1304 1921 1348 naturam
1950 1302 2100 1345 tran-

519 1386 860 1453 scenderint,
902 1396 1176 1456 totumque
1206 1395 1466 1441 terrarum
1494 1386 1676 1439 orbem
1696 1427 1711 1451 ,
1758 1399 1851 1453 per
1892 1398 1953 1435 ea
1983 1397 2101 1451 quae

518 1478 649 1546 ipsis
690 1479 1027 1548 obtigerunt,
1072 1477 1138 1531 ad
1184 1477 1277 1532 Dei
1323 1476 1678 1547 cognitionem
1724 1473 2097 1544 pertraxcrint.

512 1570 648 1639 Quid
673 1570 813 1625 enim
843 1569 1066 1640 proferri
1093 1580 1269 1640 queat,
1299 1569 1438 1639 quod
1464 1584 1583 1624 cum
1614 1566 1830 1622 Daniele
1853 1564 2099 1620 confera-

514 1661 640 1715 tur?
680 1661 806 1731 quid
846 1661 987 1732 quod
1029 1675 1151 1716 cum
1192 1661 1357 1715 tribus
1396 1659 1617 1731 pueris?
1660 1657 2098 1729 Quanloqnidem

517 1752 593 1806 illi
629 1752 773 1822 quod
805 1763 1125 1822 pra-ceptum
1157 1753 1209 1807 iu
1245 1753 1542 1823 Evangeliis
1566 1752 1898 1814 maximum,
1934 1748 2103 1820 quod-

512 1830 617 1914 que
643 1848 904 1900 bonorum
933 1846 1173 1900 omnium
1206 1854 1386 1915 caput,
1411 1855 1533 1899 ante
1558 1844 1826 1915 proditum
1855 1844 2099 1913 Evange-

513 1937 642 1992 lium
687 1949 1046 2007 occuparunt,
1080 1938 1317 2008 ipsisque
1347 1937 1499 1992 factis
1528 1937 1882 1992 declararunt.
1928 1934 2101 2003 Majo-

512 2044 619 2081 rem
662 2028 788 2094 hac,
834 2027 1037 2099 inquit,
1082 2029 1340 2083 caritatem
1382 2044 1527 2082 nemo
1565 2026 1740 2093 habet,
1785 2035 1839 2080 ut
1876 2025 2099 2079 animam

509 2133 657 2170 suam
694 2127 849 2188 ponat
887 2119 1000 2189 quis
1040 2134 1133 2189 pro
1159 2119 1335 2172 amicis
1375 2118 1479 2172 suis
1514 2116 1705 2186 (Joan.
1748 2116 1831 2172 15.
1867 2116 1976 2185 13).
2019 2114 2098 2169 llli

510 2223 640 2263 vero
669 2210 902 2263 animam
947 2226 1099 2266 suam
1134 2220 1497 2281 exposuerunt
1541 2224 1638 2280 pro
1675 2209 1802 2263 Deo.
1846 2208 1955 2262 Nec
1999 2207 2099 2262 hac

512 2310 664 2369 parte
705 2300 878 2355 solum
923 2300 1219 2356 admirandi
1246 2310 1407 2367 sunt,
1458 2316 1647 2355 verum
1687 2300 1846 2355 etiam
1888 2300 1957 2353 ob
1996 2297 2100 2352 hoc

510 2394 652 2464 quod
680 2394 734 2449 id
761 2396 957 2450 nullius
980 2395 1246 2451 mercedis
1275 2396 1440 2465 gratia
1470 2394 1731 2449 fecerunt.
1764 2392 1993 2462 Ideoque
2012 2391 2096 2445 di-

507 2485 702 2541 cebant
737 2501 753 2538 :
799 2484 895 2540 Est
931 2485 1071 2541 Deus
1116 2488 1172 2542 in
1214 2486 1341 2542 cazlo
1385 2496 1561 2558 potens
1599 2486 1791 2556 eripere
1829 2500 1919 2538 nos
1953 2499 1972 2536 :
2012 2481 2097 2552 qui

508 2578 706 2631 etiamsi
732 2594 833 2631 non
861 2578 1078 2648 eripiat,
1110 2588 1283 2632 notum
1304 2579 1370 2632 sit
1401 2577 1520 2640 tibi,
1552 2593 1667 2642 rex,
1702 2592 1794 2629 nos
1819 2591 1918 2629 non
1942 2574 2099 2627 servi-

508 2677 651 2723 turos
675 2668 773 2722 diis
803 2669 902 2723 tuis
923 2667 1085 2739 (Dan.
1114 2669 1168 2724 3.
1195 2669 1304 2739 17).
1333 2667 1540 2724 Sufﬁcit
1569 2667 1723 2723 nobis
1749 2667 1839 2722 illa
1864 2679 2092 2730 merces,

509 2760 653 2830 quod
677 2772 894 2831 pr0ptcr
918 2762 1085 2817 Deum
1110 2761 1387 2817 morimur.
1412 2760 1535 2815 llaec
1554 2760 1938 2831 praestiterunt,
1963 2765 2098 2812 tam-

507 2868 615 2923 que
636 2853 897 2924 insignem
919 2854 1174 2909 virtutem
1203 2853 1563 2909 cxhibuerunt
1582 2894 1599 2920 ,
1629 2851 1759 2906 nihil
1787 2864 1973 2907 eorum
1996 2847 2095 2904 ob-

507 2953 808 3009 servantes,
841 2960 962 3015 quze
989 2944 1076 2999 lex
1101 2944 1524 3015 praescripserat.

580 3037 634 3093 6.
663 3036 803 3106 Ergo
831 3052 933 3108 qua
957 3036 1194 3101 tandem,
1220 3037 1447 3107 inquies,
1474 3034 1641 3106 gratia
1670 3034 1809 3088 Dens
1828 3033 1927 3088 ista
1959 3045 2097 3100 prte-

505 3129 681 3199 cepit,
726 3128 772 3183 si
813 3143 918 3184 non
947 3128 1162 3183 volebat
1189 3128 1503 3184 observari?
1532 3135 1586 3181 et
1614 3126 1659 3181 si
1690 3124 1802 3180 ﬁeri
1844 3122 2090 3188 volebat,

506 3236 609 3291 qua
640 3220 809 3292 gratia
844 3230 986 3275 tuam
1016 3221 1287 3276 civitatem
1329 3218 1614 3275 demolitus
1641 3217 1761 3273 est?
1789 3217 1923 3272 Nam
1957 3215 2094 3271 alte-

507 3327 625 3367 rum
651 3328 682 3367 e
707 3312 915 3367 duobus
944 3312 1015 3366 illi
1047 3310 1344 3367 faciendum
1375 3318 1510 3375 erat,
1541 3311 1585 3365 si
1611 3310 1870 3363 voluisset
1898 3308 1985 3362 illa
2008 3321 2094 3362 re-

506 3418 762 3459 manere:
794 3415 887 3457 aut
916 3419 1021 3456 non
1063 3404 1352 3472 praecipere
1374 3444 1390 3469 ,
1436 3410 1493 3455 ut
1526 3400 1628 3470 ipsi
1658 3415 1764 3455 uno
1808 3408 2008 3454 tantum
2037 3399 2091 3453 in

505 3495 625 3551 loco
650 3496 910 3549 sacriﬁcia
942 3496 1149 3561 ﬁerent,
1177 3511 1298 3551 cum
1324 3509 1421 3549 vos
1446 3509 1540 3564 per
1567 3508 1755 3549 omnes
1779 3491 1959 3547 mundi
1983 3492 2094 3562 pla-

503 3600 600 3656 gas
628 3595 771 3641 esset
805 3585 1145 3657 dispersurus
1173 3604 1187 3640 :
1226 3594 1318 3641 aut
1355 3586 1399 3641 si
1438 3584 1652 3640 volebat
1679 3597 1773 3639 vos
1795 3598 1861 3638 eo
1894 3584 1945 3636 in
1973 3582 2093 3636 loco

504 3676 809 3733 sacriﬁcare
838 3686 1042 3732 tantum
1063 3720 1079 3738 ,
1118 3692 1224 3733 non
1266 3675 1497 3732 debebat
1527 3690 1622 3730 vos
1652 3690 1747 3746 per
1787 3675 2090 3730 universum

503 3770 690 3825 orbem
722 3770 1017 3842 dissipare,
1062 3784 1126 3824 ac
1151 3770 1319 3824 solum
1352 3769 1497 3824 illam
1536 3768 1804 3824 civitatem
1851 3767 2089 3821 inacces-

503 3877 619 3919 sam
648 3863 891 3930 reddere,
921 3864 973 3917 in
1001 3877 1105 3932 qua
1131 3864 1243 3918 sola
1271 3860 1767 3929 victimasjusserat
1788 3858 2086 3914 immolare.

574 3956 679 4013 Cur
708 3956 845 4012 Deus
871 3957 1126 4026 sacriﬁcia
1162 3955 1360 4011 Judazis
1389 3955 1703 4025 prtcceperit.
1731 3982 1802 3993 —
1826 3951 1963 4021 Quid
1990 3952 2090 4022 igi-

503 4049 623 4104 tur?
647 4051 728 4104 An
754 4063 937 4104 secum
966 4048 1098 4118 ipse.
1128 4048 1324 4117 inquis,
1358 4056 1556 4118 pugnat
1582 4046 1722 4101 Deus
1741 4084 1756 4111 ,
1786 4044 1875 4114 qui
1902 4058 2009 4097 uno
2035 4043 2088 4098 in

503 4141 624 4201 loco
651 4141 938 4198 sacriﬁcari
979 4141 1236 4211 jusserit,
1277 4149 1331 4196 et
1371 4154 1559 4194 rursus
1584 4137 1652 4192 ab
1681 4138 1785 4192 hoc
1828 4135 1943 4206 ipso
1972 4135 2090 4189 loco

500 4232 784 4289 excludat?
812 4232 1157 4303 Nequaquam
1180 4274 1195 4298 ,
1238 4231 1347 4287 imo
1385 4242 1706 4299 magnopere
1735 4226 1837 4281 sibi
1881 4233 2091 4280 constat

503 4325 642 4380 Deus
666 4340 682 4378 :
707 4339 880 4394 neque
899 4325 1042 4379 enim
1074 4323 1225 4377 initio
1247 4322 1348 4378 sibi
1372 4320 1583 4375 volebat
1599 4317 1779 4374 oll‘erri
1806 4317 2085 4372 sacriﬁcia.

501 4414 582 4475 En
600 4455 616 4481 ,
660 4415 834 4485 ipsum
865 4414 1178 4485 prophetam
1206 4414 1414 4468 adduco
1438 4421 1628 4468 testem
1648 4452 1663 4477 ,
1693 4411 1783 4481 qui
1813 4409 2090 4479 sic_loqui-

499 4514 628 4563 tur:
665 4507 851 4561 Audite
884 4508 1085 4560 verbum
1128 4506 1366 4571 Domini,
1416 4506 1668 4576 principes
1707 4504 2046 4565 Sodomorum
2069 4544 2086 4569 ,

494 4596 744 4655 attendite
763 4596 860 4667 legi
882 4595 978 4650 Dei
997 4597 1145 4651 vestri
1166 4600 1382 4667 papulus
1410 4595 1704 4650 Gomorrha:
1728 4594 1877 4668 (Isai.
1903 4594 2086 4664 1.10).

499 4686 616 4749 Non
643 4687 712 4743 ad
739 4687 1044 4743 Sodomitas
1067 4697 1123 4742 et
1150 4686 1527 4743 Gomorrhmos
1549 4688 1710 4743 verba
1740 4686 1941 4742 faciens
1975 4684 2091 4740 haec

499 4779 752 4853 loquitur,
796 4779 893 4835 sed
938 4779 1006 4834 ad
1049 4779 1284 4835 Judmos.
1331 4780 1420 4835 Sic
1467 4792 1647 4835 autem
1695 4780 1925 4850 appellat
1969 4778 2090 4834 illos

501 4873 677 4939 Deus,
707 4871 849 4943 quod
879 4873 1151 4927 imitantes
1191 4871 1400 4925 illorum
1431 4871 1723 4938 malitiam,
1751 4870 1851 4925 sibi
1888 4884 2088 4940 cogna-

502 4966 704 5021 tionem
748 4980 870 5021 cum
902 4964 1006 5019 illis
1050 4963 1384 5019 ascivissent.
1414 4962 1671 5019 Similiter
1708 4969 1762 5016 et
1785 4976 1945 5016 canes
1971 4962 2090 5018 illos

496 5056 732 5127 appellat
764 5056 927 5127 (lsai.
960 5057 1051 5113 56.
1083 5055 1198 5125 lti),
1229 5064 1286 5111 et
1315 5070 1485 5126 equos
1508 5054 1819 5110 emissarios
1856 5051 1998 5124 (Jer.
2030 5054 2087 5111 5.

496 5147 576 5219 8),
611 5163 716 5203 non
751 5148 893 5219 quod
924 5148 1134 5203 illorum
1158 5156 1303 5203 esset
1332 5145 1709 5202 transformata
1739 5154 1960 5213 natura,
1992 5145 2089 5200 sed

496 5238 640 5308 quod
670 5238 884 5295 illorum
912 5238 1220 5294 animalium
1258 5238 1699 5293 incontinentiam
1728 5238 2085 5292 imitarentur.

500 5333 617 5399 Quo
660 5332 785 5387 mihi
836 5330 1209 5387 multitudinem
1252 5332 1569 5385 victimarum
1614 5330 1931 5386 vestrarum?
1966 5330 2088 5384 dicit

500 5424 751 5481 Dominus
779 5424 931 5496 (Isai.
968 5427 1020 5481 1.
1046 5425 1155 5497 11).
1187 5423 1454 5481 Caeterum
1479 5423 1571 5495 qui
1601 5423 1850 5480 Sodomis
1880 5422 2089 5478 habita-

499 5516 649 5583 bant,
689 5533 979 5588 numquam
1009 5517 1108 5572 visi
1137 5525 1263 5572 sunt
1296 5517 1573 5572 immolare
1597 5517 1872 5581 victimas,
1900 5515 1993 5570 sed
2020 5515 2087 5571 ad

498 5608 712 5666 Judacos
737 5594 937 5663 sermo
959 5610 1050 5664 Dei
1085 5607 1352 5679 dirigitur,
1395 5607 1466 5662 ob
1502 5622 1719 5663 causam
1759 5623 1918 5679 quam
1949 5607 2087 5663 dixi-

499 5714 642 5768 mus,
668 5699 1020 5755 Sodomorum
1047 5700 1363 5771 cognomina
1390 5700 1494 5756 illis
1515 5700 1774 5757 tribuens.
1808 5701 1921 5771 Quo
1949 5700 2080 5759 mihi

1256 266 1317 324 8.
1354 262 1633 322 ιοΑΝΝιε
1668 261 2094 322 CllRYSOSTOI

2199 263 2496 322 lRClllEP.
2536 266 3072 327 CONSTANTINOP.
3610 283 3698 340 880

2214 381 2588 437 multitudinem
2631 384 2946 438 victimarum
2987 384 3298 440 vestrarum?
3338 385 3444 443 dicit
3491 390 3699 454 Dominus.

2188 469 2404 529 ~Plenus
2436 492 2548 530 sum
2601 475 3023 539 holocautomatis
3046 477 3289 543 arietum,
3327 491 3369 533 et
3391 480 3563 549 adipem
3582 504 3707 556 agno-

2208 582 2344 633 rum,
2372 576 2418 619 et
2446 567 2743 638 sanguinem
2771 578 3032 621 taurorum
3055 579 3143 621 aut
3163 568 3403 623 hircorum
3426 573 3560 629 nolo:
3583 593 3655 630 nec
3678 582 3708 632 si

2207 658 2416 711 veniatis
2449 659 2500 712 in
2523 669 2838 729 conspectum
2866 677 3051 713 meum.
3087 659 3212 726 Quis
3236 661 3362 716 enim
3386 667 3609 735 exquisivit
3632 672 3712 723 lixa

2206 754 2375 805 omnia
2387 747 2449 800 de
2462 745 2701 800 manibus
2712 747 2890 800 vestris
2903 743 2949 815 (1
2959 746 3057 800 sai.
3073 745 3216 799 1.11.
3230 747 3715 818 seqq.)?Audistiscla-

2206 842 2472 898 rissimum
2502 858 2684 898 vocem
2713 843 2999 908 dicentem,
3029 846 3169 914 quod
3199 843 3342 899 initio
3368 860 3464 900 non
3489 849 3712 916 postularit

2206 932 2322 988 inec
2349 933 2415 987 de
2443 934 2687 988 manibus
2708 934 2934 988 vestris?
2965 934 3172 990 Etenim
3197 935 3241 989 si
3269 936 3573 1004 postulasset,
3600 941 3711 994 simi-

2207 1026 2329 1080 liter
2356 1037 2409 1081 et
2434 1027 2640 1096 priscos
2669 1027 2788 1081 illos
2813 1043 3022 1095 omnes,
3053 1028 3142 1097 qui
3175 1039 3297 1083 ante
3329 1027 3420 1083 bos
3444 1029 3712 1101 floruerunt,

2205 1118 2354 1189 prius
2384 1118 2449 1173 ad
2495 1118 2595 1173 hoc
2637 1119 2758 1173 vitae
2800 1119 3099 1174 institutum
3132 1119 3406 1191 adegisset.
3442 1122 3542 1189 Quo
3575 1124 3712 1194 igitur,

2208 1210 2405 1280 inquis,
2437 1210 2661 1266 consilio
2685 1210 2798 1265 haec
2819 1210 2979 1266 modo
3003 1213 3290 1282 prmcepit?
3315 1212 3549 1267 Nimirum
3568 1225 3716 1271 vestra

2207 1314 2410 1354 morem
2452 1315 2647 1371 gerens
2689 1302 3005 1356 inﬁrmitati.
3040 1302 3105 1356 Et
3136 1303 3556 1372 quemadmodum
3591 1307 3717 1361 medi-

2206 1405 2322 1456 cus,
2354 1389 2539 1445 videns
2567 1392 2837 1446 hominem
2867 1391 3273 1459 febricitantem,
3300 1409 3569 1457 morosum,
3592 1397 3718 1465 inuia.

2206 1482 2449 1543 tientem,
2478 1482 2523 1537 si
2548 1482 2890 1552 concupiscat
2925 1481 3166 1554 frigidam
3196 1483 3407 1550 bibere,
3435 1499 3492 1539 ac
3517 1486 3715 1552 minetur,

2206 1573 2259 1627 ni
2285 1574 2540 1643 accipiat,
2573 1574 2730 1644 plane
2769 1574 3001 1629 futurum
3033 1585 3090 1630 ut
3127 1575 3213 1629 vel
3243 1591 3303 1630 se
3343 1575 3519 1646 laqueo
3540 1591 3715 1646 SllSpell-

2205 1663 2316 1731 dat,
2345 1665 2430 1720 vel
2453 1683 2483 1719 e
2507 1665 2720 1720 sublimi
2747 1680 2806 1721 se
2832 1665 3159 1736 prtecipitem
3185 1665 3296 1732 det,
3324 1666 3442 1720 dum
3465 1666 3618 1722 studet
3638 1682 3720 1721 ina-

2200 1758 2290 1828 jus
2318 1758 2601 1814 excludere
2632 1759 2828 1814 malum
2846 1799 2864 1823 ,
2896 1760 3155 1830 permittit
3177 1760 3320 1829 quod
3347 1761 3509 1813 minus
3533 1767 3625 1824 est,
3647 1774 3719 1813 cu-

2204 1852 2359 1921 piens
2397 1851 2543 1905 illum
2583 1867 2612 1905 a
2651 1851 2884 1906 violenta
2923 1862 3095 1906 morte
3132 1866 3428 1906 revocare:
3462 1852 3524 1905 ita
3556 1851 3657 1906 fecit
3685 1859 3724 1906 et

2205 1944 2368 2010 Deus,
2401 1944 2649 2014 quoniam
2676 1943 2805 1998 vidit
2831 1943 2951 1997 illos
2979 1942 3328 2011 insanientes,
3361 1943 3549 2009 anxios,
3567 1956 3723 1996 concu-

2204 2035 2469 2106 pisccntes
2498 2035 2833 2089 victimarum
2862 2034 3185 2090 oblationem
3210 2076 3226 2099 ,
3251 2036 3479 2105 jamque,
3508 2036 3595 2089 nisi
3619 2036 3726 2089 arci-

2206 2136 2391 2198 perent
2416 2125 2557 2196 quod
2586 2125 2991 2192 desiderabant,
3030 2134 3247 2196 paratos
3275 2136 3332 2180 ut
3354 2125 3417 2180 ad
3445 2126 3571 2182 idola
3594 2124 3724 2180 deﬂe-

2204 2227 2432 2284 cterent,
2465 2220 2575 2274 imo
2598 2216 2703 2274 non
2731 2219 2903 2275 solum
2930 2229 3163 2290 paratus,
3192 2232 3377 2275 verum
3403 2220 3548 2276 etiam
3575 2238 3629 2275 cu
3644 2222 3728 2289 jam

2205 2311 2479 2380 prolapsos
2502 2329 2515 2364 :
2543 2311 2784 2382 permisit
2803 2310 3220 2367 immolationem
3243 2312 3577 2366 victimarum.
3594 2312 3728 2379 Atque

2203 2410 2261 2456 ut
2289 2402 2462 2469 scias,
2509 2401 2647 2456 hanc
2688 2400 2852 2456 fuisse
2882 2417 3132 2468 causam,
3175 2402 3264 2458 vel
3304 2418 3367 2457 ex
3405 2402 3513 2473 ipso
3541 2412 3731 2472 tempore

2187 2476 2504 2547 declaretur
2530 2492 2581 2546 id
2611 2491 2755 2564 quod
2783 2492 2924 2548 dico.
2953 2493 3224 2565 Siquidem
3255 2504 3375 2565 post
3399 2494 3593 2559 festum,
3616 2491 3729 2562 quod

2203 2582 2380 2653 impiis
2405 2582 2737 2638 daemonibus
2761 2583 3134 2651 celebrarunt,
3165 2596 3279 2640 tum
3311 2585 3513 2640 demum
3541 2583 3735 2654 permisit

2205 2673 2307 2729 illis
2337 2675 2728 2731 immolationes
2759 2676 3043 2745 pecudum,
3078 2685 3288 2732 tantum
3319 2692 3421 2732 non
3447 2677 3640 2735 dicens:
3667 2676 3731 2729 iu-

2201 2764 2423 2833 sanitis,
2453 2774 2508 2821 ct
2533 2767 2689 2821 vultis
2716 2766 2998 2823 immolare
3024 2768 3297 2835 victimas,
3330 2769 3484 2839 igitur
3517 2766 3630 2822 mihi
3655 2780 3732 2835 po-

2201 2857 2305 2911 tius
2335 2857 2643 2913 immoletis.
2671 2858 3005 2930 Quamquam
3032 2875 3100 2915 ne
3137 2859 3242 2915 hoc
3271 2860 3479 2932 quidem
3508 2857 3731 2929 permisit,

2200 2960 2258 3004 ut
2283 2961 2544 3021 perpetuo
2571 2952 2779 3021 liceret,
2809 2952 2904 3008 sed
2931 2952 3353 3023 prudentissimo
3375 2952 3601 3017 consilio,
3622 2947 3735 3021 quod

2202 3044 2559 3114 permiserat,
2591 3060 2778 3099 rursus
2815 3044 3027 3114 eripuit.
3061 3045 3128 3099 Et
3155 3045 3299 3100 sicut
3336 3044 3380 3099 si
3415 3043 3629 3099 medicus
3649 3041 3733 3105 ille,

2199 3136 2332 3191 nihil
2377 3137 2518 3191 enim
2554 3146 2697 3192 vetat
2725 3137 2915 3192 eodem
2955 3139 3205 3208 exemplo
3253 3137 3428 3193 denuo
3466 3135 3564 3197 uti,
3589 3140 3736 3205 postea

2199 3243 2355 3298 quam
2384 3227 2600 3283 indulsit
2626 3228 2884 3297 appetitui
2908 3228 3199 3283 laborantis
3219 3270 3236 3294 ,
3270 3244 3394 3283 mox
3422 3226 3584 3296 phiala
3607 3240 3633 3280 e
3651 3223 3738 3276 suis

2199 3319 2402 3375 aedibus
2428 3321 2587 3375 allata
2613 3319 2937 3391 praescribat,
2965 3331 3022 3373 ut
3041 3336 3102 3374 ex
3129 3319 3230 3374 hac
3251 3320 3363 3375 sola
3387 3318 3524 3373 bibat
3542 3328 3735 3387 aquam:

2196 3410 2390 3466 deinde
2431 3427 2688 3481 persuaso
2725 3423 2957 3482 aegroto,
3009 3411 3144 3466 clam
3196 3412 3264 3467 iis
3309 3411 3400 3482 qui
3446 3409 3735 3469 ministrant,

2198 3504 2470 3574 praecipiat
2512 3504 2847 3575 confringere
2894 3504 3124 3574 phialam
3167 3505 3345 3572 illam,
3391 3513 3446 3558 ut
3491 3517 3601 3558 cum
3626 3499 3738 3553 clam

2197 3594 2436 3665 nihilque
2462 3596 2820 3665 suspicantem
2842 3606 3027 3650 avocet
3043 3595 3111 3650 ab
3139 3596 3228 3649 illa
3255 3594 3538 3667 cupiditate
3562 3587 3738 3646 bibendi

2196 3684 2440 3756 frigidam
2472 3703 2485 3739 :
2518 3686 2700 3741 itidem
2742 3685 2863 3741 fecit
2909 3685 3053 3742 Deus
3100 3684 3461 3757 permittendo
3500 3678 3734 3737 sacriﬁcia.

2195 3775 2380 3847 Neque
2403 3777 2545 3832 enim
2579 3776 2630 3830 in
2662 3777 2769 3831 ullo
2788 3776 2936 3832 orbis
2962 3777 3082 3832 loco
3112 3777 3358 3847 permisit
3386 3775 3437 3830 id
3467 3773 3571 3828 ﬁeri
3595 3770 3679 3825 nisi
3697 3768 3739 3821 in

2195 3868 2316 3922 unis
2357 3868 2728 3939 ‘Jcrosolymis.
2771 3865 2895 3923 Mox
2919 3867 3008 3923 ubi
3033 3882 3128 3938 per
3152 3867 3326 3922 breve
3352 3878 3552 3934 tempus
3574 3856 3738 3915 sacriﬁ-

2197 3968 2446 4026 cassent,
2492 3957 2657 4013 diruit
2693 3958 2961 4014 civitatem
2992 3976 3006 4012 :
3050 3968 3108 4013 ut
3145 3959 3288 4013 sicut
3336 3956 3565 4012 medicus
3603 3950 3740 4005 fracto

2197 4065 2322 4105 vase
2341 4092 2356 4118 ,
2400 4051 2473 4106 ita
2506 4050 2646 4105 Deus
2675 4052 2927 4106 subversa
2956 4050 3169 4105 civitate
3197 4051 3284 4106 vel
3321 4050 3511 4105 invitos
3538 4044 3642 4101 illos
3663 4040 3740 4094 ab-

2193 4142 2411 4197 duceret
2430 4157 2459 4196 a
2482 4142 2730 4197 victimis.
2764 4141 2975 4196 Etenim
3000 4141 3044 4197 si
3066 4141 3210 4196 clare
3233 4141 3514 4211 palamque
3535 4136 3739 4196 dixisset,

2193 4232 2457 4301 desistite,
2490 4250 2594 4289 non
2608 4233 2762 4289 facile
2775 4234 2842 4288 ab
2865 4233 3168 4288 immolandi
3197 4235 3405 4288 insania
3430 4230 3735 4287 destitissent.

2191 4321 2344 4379 Nunc
2370 4333 2546 4382 autem
2576 4324 2676 4380 loci
2703 4324 2934 4396 adempti
2956 4325 3297 4391 necessitate,
3326 4322 3614 4380 clanculum
3648 4318 3740 4371 illos

2192 4413 2412 4469 abduxit
2452 4414 2521 4470 ab
2569 4414 2894 4470 oblationum
2941 4414 3164 4469 insania.
3213 4415 3299 4470 Sit
3342 4415 3501 4485 igitur
3542 4408 3738 4465 medicus

2194 4507 2410 4578 quidem
2451 4508 2566 4577 ipse
2603 4508 2778 4575 Deus,
2821 4507 2994 4580 phiala
3032 4522 3161 4563 vero
3196 4506 3426 4570 civitas;
3460 4506 3527 4559 sit
3550 4507 3739 4570 :egrotus

2195 4598 2286 4654 ille
2312 4614 2557 4655 morosus
2579 4598 2884 4655 Judmorum
2915 4600 3142 4669 populus
3166 4616 3180 4652 :
3208 4598 3444 4667 denique
3471 4592 3641 4665 frigida
3666 4603 3737 4656 po-

2192 4689 2269 4743 tio
2294 4691 2363 4744 sit
2395 4689 2726 4744 victimarum
2760 4689 3038 4758 permissio
3075 4689 3483 4760 concessioque.
3512 4678 3736 4753 Quemad-

2198 4781 2415 4837 modum
2445 4784 2605 4852 igitur
2623 4783 2861 4840 medicus
2872 4782 3039 4839 fracto
3050 4797 3176 4838 vase
3195 4792 3457 4853 aegrotum
3474 4778 3668 4835 cohibet
3688 4769 3738 4824 ab

2198 4873 2575 4944 intempestivo
2593 4874 2765 4946 frigidi
2783 4886 2937 4945 potus
2953 4876 3209 4947 appetitu,
3234 4876 3318 4931 sic
3334 4884 3391 4931 et
3409 4876 3568 4941 Deus,
3586 4880 3737 4926 eversa

2193 4967 2407 5024 civitate
2421 4969 2552 5039 ipsa,
2570 4967 2813 5039 adeoque
2833 4968 3068 5025 funditus
3083 4969 3284 5035 diruta,
3299 4979 3357 5023 ut
3381 4967 3615 5022 omnibus
3631 4961 3733 5016 facta

2193 5058 2263 5112 sit
2287 5059 2580 5127 inaccessa,
2606 5058 2819 5116 Judaeos
2840 5075 2869 5113 a
2897 5060 3169 5115 sacriﬁciis
3189 5059 3436 5115 abduxit.
3465 5057 3588 5113 Nam
3606 5053 3644 5109 si
3662 5050 3735 5105 hoc

2194 5165 2301 5206 non
2348 5152 2570 5221 agebat,
2614 5167 2710 5207 cur
2753 5152 3063 5223 religionem
3104 5152 3246 5207 illam
3296 5152 3353 5206 in
3400 5165 3557 5205 unum
3599 5148 3735 5201 locum

2195 5241 2491 5309 conclusit,
2522 5243 2612 5312 qui
2641 5258 2904 5313 nusquam
2936 5258 3041 5298 non
3068 5251 3150 5297 est
3181 5256 3453 5311 prmseus,
3483 5238 3570 5309 qui
3594 5230 3739 5302 implet

2196 5333 2479 5388 universa?
2508 5333 2614 5388 Cur
2638 5334 2798 5405 igitur
2823 5334 3023 5389 cultum
3053 5333 3260 5403 redegit
3297 5333 3369 5387 ad
3397 5332 3649 5389 victimas,
3677 5324 3736 5373 vi-

2192 5425 2384 5481 ctimas
2408 5425 2476 5480 ad
2502 5434 2706 5482 certum
2749 5426 2924 5482 locum
2945 5469 2961 5495 ,
2992 5426 3168 5482 locum
3192 5425 3259 5479 ad
3296 5434 3541 5494 tempus,
3568 5419 3740 5482 terni"ts

2192 5516 2259 5569 ad
2292 5532 2450 5571 unam
2479 5516 2749 5573 civitatem
2792 5518 3092 5581 contraxit,
3123 5532 3184 5571 ac
3212 5530 3406 5570 rursus
3434 5514 3566 5568 banc
3601 5508 3737 5575 ipsam

2192 5608 2461 5663 civitatem
2498 5608 2799 5663 subvertit?
2825 5607 2978 5664 Adde
3003 5608 3145 5679 quod
3184 5607 3382 5661 mirum
3414 5613 3495 5661 est
3520 5608 3570 5657 ct
3594 5598 3739 5653 incre-

2194 5701 2357 5759 dibile
2376 5741 2392 5769 ,
2438 5709 2582 5759 totus
2611 5708 2875 5760 terrarum
2916 5702 3063 5760 orbis
3091 5698 3406 5757 conceditur
3433 5694 3645 5754 Induis,
3667 5682 3742 5741 ubi
