  <div class='ocr_page' id='page_1' title='image "/cluster/home/n/w/nwhite01/storage/ocr_20150623/48/hvd.32044073501892/360.png"; bbox 0 0 3990 6198; ppageno 0'>
   <div class='ocr_carea' id='block_1_1' title="bbox 235 363 336 419">
    <p class='ocr_par' dir='ltr' id='par_1_1' title="bbox 235 363 336 419">
     <span class='ocr_line' id='line_1_1' title="bbox 235 363 336 419; baseline -0.03 0"><span class='ocrx_word' id='word_1_1' title='bbox 235 363 336 419; x_wconf 85' lang='grc'><strong>881</strong></span> 
     </span>
    </p>
   </div>
   <div class='ocr_carea' id='block_1_2' title="bbox 233 664 1806 741">
    <p class='ocr_par' dir='ltr' id='par_1_2' title="bbox 233 664 1806 741">
     <span class='ocr_line' id='line_1_2' title="bbox 233 664 1806 741; baseline 0.008 -27"><span class='ocrx_word' id='word_1_2' title='bbox 233 665 579 717; x_wconf 80' lang='lat' dir='ltr'><strong>vehementer</strong></span> <span class='ocrx_word' id='word_1_3' title='bbox 603 665 764 718; x_wconf 88' lang='lat' dir='ltr'><strong>etiam</strong></span> <span class='ocrx_word' id='word_1_4' title='bbox 788 664 995 718; x_wconf 90' lang='lat' dir='ltr'><strong>stolidis</strong></span> <span class='ocrx_word' id='word_1_5' title='bbox 1016 667 1215 720; x_wconf 90' lang='lat' dir='ltr'><strong>clarum</strong></span> <span class='ocrx_word' id='word_1_6' title='bbox 1239 669 1680 740; x_wconf 85' lang='lat' dir='ltr'><strong>perspicunmque</strong></span> <span class='ocrx_word' id='word_1_7' title='bbox 1702 683 1806 741; x_wconf 88' lang='lat' dir='ltr'><strong>est,</strong></span> 
     </span>
    </p>
   </div>
   <div class='ocr_carea' id='block_1_3' title="bbox 227 752 1808 820">
    <p class='ocr_par' dir='ltr' id='par_1_3' title="bbox 227 752 1808 820">
     <span class='ocr_line' id='line_1_3' title="bbox 227 752 1808 820; baseline 0.006 -15"><span class='ocrx_word' id='word_1_8' title='bbox 227 765 385 820; x_wconf 89' lang='lat' dir='ltr'><strong>quam</strong></span> <span class='ocrx_word' id='word_1_9' title='bbox 416 752 487 806; x_wconf 87' lang='lat' dir='ltr'><strong>ob</strong></span> <span class='ocrx_word' id='word_1_10' title='bbox 513 765 724 805; x_wconf 81' lang='lat' dir='ltr'><strong>causam</strong></span> <span class='ocrx_word' id='word_1_11' title='bbox 757 768 818 806; x_wconf 91' lang='lat' dir='ltr'><strong>ea</strong></span> <span class='ocrx_word' id='word_1_12' title='bbox 855 753 1039 807; x_wconf 91' lang='lat' dir='ltr'><strong>civitas</strong></span> <span class='ocrx_word' id='word_1_13' title='bbox 1067 753 1221 810; x_wconf 89' lang='lat' dir='ltr'><strong>fuerit</strong></span> <span class='ocrx_word' id='word_1_14' title='bbox 1253 756 1545 812; x_wconf 88' lang='lat' dir='ltr'><strong>subversa?</strong></span> <span class='ocrx_word' id='word_1_15' title='bbox 1571 759 1702 814; x_wconf 81' lang='lat' dir='ltr'><strong>Nam</strong></span> <span class='ocrx_word' id='word_1_16' title='bbox 1732 762 1808 816; x_wconf 84' lang='lat' dir='ltr'><strong>si-</strong></span> 
     </span>
    </p>
   </div>
   <div class='ocr_carea' id='block_1_4' title="bbox 226 842 1804 916">
    <p class='ocr_par' dir='ltr' id='par_1_4' title="bbox 226 842 1804 916">
     <span class='ocr_line' id='line_1_4' title="bbox 226 842 1804 916; baseline 0.006 -21"><span class='ocrx_word' id='word_1_17' title='bbox 226 851 316 895; x_wconf 91' lang='lat' dir='ltr'><strong>cut</strong></span> <span class='ocrx_word' id='word_1_18' title='bbox 346 842 670 896; x_wconf 76' lang='lat' dir='ltr'><strong>architectus</strong></span> <span class='ocrx_word' id='word_1_19' title='bbox 689 843 840 911; x_wconf 88' lang='lat' dir='ltr'><strong>jactis</strong></span> <span class='ocrx_word' id='word_1_20' title='bbox 871 843 1246 910; x_wconf 75' lang='lat' dir='ltr'><strong>fundamentis,</strong></span> <span class='ocrx_word' id='word_1_21' title='bbox 1277 848 1469 901; x_wconf 90' lang='lat' dir='ltr'><strong>erectis</strong></span> <span class='ocrx_word' id='word_1_22' title='bbox 1497 849 1804 916; x_wconf 79' lang='lat' dir='ltr'><strong>parietibus.</strong></span> 
     </span>
    </p>
   </div>
   <div class='ocr_carea' id='block_1_5' title="bbox 225 935 1804 1005">
    <p class='ocr_par' dir='ltr' id='par_1_5' title="bbox 225 935 1804 1005">
     <span class='ocr_line' id='line_1_5' title="bbox 225 935 1804 1005; baseline 0.006 -19"><span class='ocrx_word' id='word_1_23' title='bbox 225 942 601 987; x_wconf 85' lang='lat' dir='ltr'><strong>concamerata</strong></span> <span class='ocrx_word' id='word_1_24' title='bbox 645 935 939 998; x_wconf 85' lang='lat' dir='ltr'><strong>testudine,</strong></span> <span class='ocrx_word' id='word_1_25' title='bbox 987 936 1206 1005; x_wconf 68' lang='lat' dir='ltr'><strong>ipmque</strong></span> <span class='ocrx_word' id='word_1_26' title='bbox 1245 942 1708 997; x_wconf 81' lang='lat' dir='ltr'><strong>concameratione</strong></span> <span class='ocrx_word' id='word_1_27' title='bbox 1753 943 1804 996; x_wconf 90' lang='lat' dir='ltr'><strong>in</strong></span> 
     </span>
    </p>
   </div>
   <div class='ocr_carea' id='block_1_6' title="bbox 228 1027 1803 1098">
    <p class='ocr_par' dir='ltr' id='par_1_6' title="bbox 228 1027 1803 1098">
     <span class='ocr_line' id='line_1_6' title="bbox 228 1027 1803 1098; baseline 0.007 -19"><span class='ocrx_word' id='word_1_28' title='bbox 228 1042 390 1080; x_wconf 87' lang='lat' dir='ltr'><strong>unum</strong></span> <span class='ocrx_word' id='word_1_29' title='bbox 434 1027 661 1095; x_wconf 91' lang='lat' dir='ltr'><strong>lapidem</strong></span> <span class='ocrx_word' id='word_1_30' title='bbox 703 1027 754 1080; x_wconf 89' lang='lat' dir='ltr'><strong>in</strong></span> <span class='ocrx_word' id='word_1_31' title='bbox 793 1029 967 1082; x_wconf 89' lang='lat' dir='ltr'><strong>medio</strong></span> <span class='ocrx_word' id='word_1_32' title='bbox 1012 1031 1240 1097; x_wconf 86' lang='lat' dir='ltr'><strong>positum</strong></span> <span class='ocrx_word' id='word_1_33' title='bbox 1285 1046 1557 1098; x_wconf 79' lang='lat' dir='ltr'><strong>connexa,</strong></span> <span class='ocrx_word' id='word_1_34' title='bbox 1608 1035 1652 1089; x_wconf 88' lang='lat' dir='ltr'><strong>si</strong></span> <span class='ocrx_word' id='word_1_35' title='bbox 1683 1052 1803 1090; x_wconf 91' lang='lat' dir='ltr'><strong>eum</strong></span> 
     </span>
    </p>
   </div>
   <div class='ocr_carea' id='block_1_7' title="bbox 229 1119 1807 1192">
    <p class='ocr_par' dir='ltr' id='par_1_7' title="bbox 229 1119 1807 1192">
     <span class='ocr_line' id='line_1_7' title="bbox 229 1119 1807 1192; baseline 0.007 -22"><span class='ocrx_word' id='word_1_36' title='bbox 229 1119 412 1183; x_wconf 91' lang='lat' dir='ltr'><strong>tollat,</strong></span> <span class='ocrx_word' id='word_1_37' title='bbox 465 1129 626 1172; x_wconf 90' lang='lat' dir='ltr'><strong>totam</strong></span> <span class='ocrx_word' id='word_1_38' title='bbox 671 1119 877 1174; x_wconf 70' lang='lat' dir='ltr'><strong>aedilicii</strong></span> <span class='ocrx_word' id='word_1_39' title='bbox 923 1135 1230 1192; x_wconf 66' lang='lat' dir='ltr'><strong>compagem</strong></span> <span class='ocrx_word' id='word_1_40' title='bbox 1275 1126 1528 1179; x_wconf 83' lang='lat' dir='ltr'><strong>solverit:</strong></span> <span class='ocrx_word' id='word_1_41' title='bbox 1563 1127 1807 1182; x_wconf 88' lang='lat' dir='ltr'><strong>similiter</strong></span> 
     </span>
    </p>
   </div>
   <div class='ocr_carea' id='block_1_8' title="bbox 234 1212 1805 1284">
    <p class='ocr_par' dir='ltr' id='par_1_8' title="bbox 234 1212 1805 1284">
     <span class='ocr_line' id='line_1_8' title="bbox 234 1212 1805 1284; baseline 0.003 -19"><span class='ocrx_word' id='word_1_42' title='bbox 234 1212 379 1266; x_wconf 90' lang='lat' dir='ltr'><strong>Deus</strong></span> <span class='ocrx_word' id='word_1_43' title='bbox 408 1227 528 1265; x_wconf 90' lang='lat' dir='ltr'><strong>cum</strong></span> <span class='ocrx_word' id='word_1_44' title='bbox 557 1227 672 1266; x_wconf 90' lang='lat' dir='ltr'><strong>eam</strong></span> <span class='ocrx_word' id='word_1_45' title='bbox 701 1213 970 1266; x_wconf 88' lang='lat' dir='ltr'><strong>civitatem</strong></span> <span class='ocrx_word' id='word_1_46' title='bbox 1014 1213 1201 1268; x_wconf 77' lang='lat' dir='ltr'><strong>fecerit</strong></span> <span class='ocrx_word' id='word_1_47' title='bbox 1227 1216 1375 1284; x_wconf 90' lang='lat' dir='ltr'><strong>quasi</strong></span> <span class='ocrx_word' id='word_1_48' title='bbox 1413 1217 1612 1270; x_wconf 91' lang='lat' dir='ltr'><strong>nodum</strong></span> <span class='ocrx_word' id='word_1_49' title='bbox 1645 1219 1805 1271; x_wconf 89' lang='lat' dir='ltr'><strong>totius</strong></span> 
     </span>
    </p>
   </div>
   <div class='ocr_carea' id='block_1_9' title="bbox 226 1301 1804 1372">
    <p class='ocr_par' dir='ltr' id='par_1_9' title="bbox 226 1301 1804 1372">
     <span class='ocr_line' id='line_1_9' title="bbox 226 1301 1804 1372; baseline 0.005 -18"><span class='ocrx_word' id='word_1_50' title='bbox 226 1302 502 1370; x_wconf 79' lang='lat' dir='ltr'><strong>religionis</strong></span> <span class='ocrx_word' id='word_1_51' title='bbox 529 1301 797 1366; x_wconf 66' lang='lat' dir='ltr'><strong>Iudaicae,</strong></span> <span class='ocrx_word' id='word_1_52' title='bbox 840 1317 902 1355; x_wconf 93' lang='lat' dir='ltr'><strong>ac</strong></span> <span class='ocrx_word' id='word_1_53' title='bbox 942 1317 1062 1356; x_wconf 78' lang='lat' dir='ltr'><strong>mox</strong></span> <span class='ocrx_word' id='word_1_54' title='bbox 1101 1319 1216 1357; x_wconf 81' lang='lat' dir='ltr'><strong>eam</strong></span> <span class='ocrx_word' id='word_1_55' title='bbox 1245 1306 1593 1372; x_wconf 77' lang='lat' dir='ltr'><strong>subverterit,</strong></span> <span class='ocrx_word' id='word_1_56' title='bbox 1628 1323 1804 1362; x_wconf 86' lang='lat' dir='ltr'><strong>nonne</strong></span> 
     </span>
    </p>
   </div>
   <div class='ocr_carea' id='block_1_10' title="bbox 223 1395 1522 1462">
    <p class='ocr_par' dir='ltr' id='par_1_10' title="bbox 223 1395 1522 1462">
     <span class='ocr_line' id='line_1_10' title="bbox 223 1395 1522 1462; baseline 0.006 -17"><span class='ocrx_word' id='word_1_57' title='bbox 223 1395 430 1462; x_wconf 86' lang='lat' dir='ltr'><strong>pariter</strong></span> <span class='ocrx_word' id='word_1_58' title='bbox 455 1403 508 1448; x_wconf 90' lang='lat' dir='ltr'><strong>et</strong></span> <span class='ocrx_word' id='word_1_59' title='bbox 535 1395 840 1448; x_wconf 82' lang='lat' dir='ltr'><strong>universum</strong></span> <span class='ocrx_word' id='word_1_60' title='bbox 869 1395 986 1461; x_wconf 86' lang='lat' dir='ltr'><strong>ejus</strong></span> <span class='ocrx_word' id='word_1_61' title='bbox 1014 1404 1210 1450; x_wconf 89' lang='lat' dir='ltr'><strong>statum</strong></span> <span class='ocrx_word' id='word_1_62' title='bbox 1241 1397 1522 1453; x_wconf 72' lang='lat' dir='ltr'><strong>dissolvit?</strong></span> 
     </span>
    </p>
   </div>
   <div class='ocr_carea' id='block_1_11' title="bbox 294 1484 1800 1560">
    <p class='ocr_par' dir='ltr' id='par_1_11' title="bbox 294 1484 1800 1560">
     <span class='ocr_line' id='line_1_11' title="bbox 294 1484 1800 1560; baseline 0.004 -21"><span class='ocrx_word' id='word_1_63' title='bbox 294 1486 347 1539; x_wconf 84' lang='lat'><strong>7.</strong></span> <span class='ocrx_word' id='word_1_64' title='bbox 395 1485 588 1537; x_wconf 75' lang='lat' dir='ltr'><strong>Verum</strong></span> <span class='ocrx_word' id='word_1_65' title='bbox 644 1484 899 1538; x_wconf 83' lang='lat' dir='ltr'><strong>hactenus</strong></span> <span class='ocrx_word' id='word_1_66' title='bbox 955 1485 1210 1541; x_wconf 87' lang='lat' dir='ltr'><strong>adversus</strong></span> <span class='ocrx_word' id='word_1_67' title='bbox 1250 1487 1464 1542; x_wconf 73' lang='lat' dir='ltr'><strong>Judmos</strong></span> <span class='ocrx_word' id='word_1_68' title='bbox 1513 1500 1800 1560; x_wconf 87' lang='lat' dir='ltr'><strong>pugnatum</strong></span> 
     </span>
    </p>
   </div>
   <div class='ocr_carea' id='block_1_12' title="bbox 220 1575 1801 1649">
    <p class='ocr_par' dir='ltr' id='par_1_12' title="bbox 220 1575 1801 1649">
     <span class='ocr_line' id='line_1_12' title="bbox 220 1575 1801 1649; baseline 0.004 -19"><span class='ocrx_word' id='word_1_69' title='bbox 220 1586 365 1630; x_wconf 83' lang='lat' dir='ltr'><strong>esto.</strong></span> <span class='ocrx_word' id='word_1_70' title='bbox 396 1576 524 1630; x_wconf 82' lang='lat' dir='ltr'><strong>Nam</strong></span> <span class='ocrx_word' id='word_1_71' title='bbox 560 1575 718 1631; x_wconf 91' lang='lat' dir='ltr'><strong>hodie</strong></span> <span class='ocrx_word' id='word_1_72' title='bbox 748 1577 918 1630; x_wconf 78' lang='lat' dir='ltr'><strong>solum</strong></span> <span class='ocrx_word' id='word_1_73' title='bbox 947 1578 1156 1632; x_wconf 92' lang='lat' dir='ltr'><strong>eminus</strong></span> <span class='ocrx_word' id='word_1_74' title='bbox 1176 1579 1226 1632; x_wconf 92' lang='lat' dir='ltr'><strong>in</strong></span> <span class='ocrx_word' id='word_1_75' title='bbox 1256 1579 1374 1632; x_wconf 90' lang='lat' dir='ltr'><strong>illos</strong></span> <span class='ocrx_word' id='word_1_76' title='bbox 1391 1579 1582 1649; x_wconf 89' lang='lat' dir='ltr'><strong>jaculis</strong></span> <span class='ocrx_word' id='word_1_77' title='bbox 1603 1581 1801 1636; x_wconf 80' lang='lat' dir='ltr'><strong>velitati</strong></span> 
     </span>
    </p>
   </div>
   <div class='ocr_carea' id='block_1_13' title="bbox 220 1669 1800 1738">
    <p class='ocr_par' dir='ltr' id='par_1_13' title="bbox 220 1669 1800 1738">
     <span class='ocr_line' id='line_1_13' title="bbox 220 1669 1800 1738; baseline 0.003 -16"><span class='ocrx_word' id='word_1_78' title='bbox 220 1683 443 1733; x_wconf 90' lang='lat' dir='ltr'><strong>sumus,</strong></span> <span class='ocrx_word' id='word_1_79' title='bbox 478 1677 678 1722; x_wconf 87' lang='lat' dir='ltr'><strong>tantum</strong></span> <span class='ocrx_word' id='word_1_80' title='bbox 731 1669 960 1737; x_wconf 86' lang='lat' dir='ltr'><strong>loquuti,</strong></span> <span class='ocrx_word' id='word_1_81' title='bbox 992 1679 1243 1738; x_wconf 89' lang='lat' dir='ltr'><strong>quantum</strong></span> <span class='ocrx_word' id='word_1_82' title='bbox 1271 1672 1400 1724; x_wconf 89' lang='lat' dir='ltr'><strong>satis</strong></span> <span class='ocrx_word' id='word_1_83' title='bbox 1428 1682 1542 1726; x_wconf 89' lang='lat' dir='ltr'><strong>erat</strong></span> <span class='ocrx_word' id='word_1_84' title='bbox 1587 1673 1653 1725; x_wconf 90' lang='lat' dir='ltr'><strong>ad</strong></span> <span class='ocrx_word' id='word_1_85' title='bbox 1703 1673 1800 1727; x_wconf 83' lang='lat' dir='ltr'><strong>de-</strong></span> 
     </span>
    </p>
   </div>
   <div class='ocr_carea' id='block_1_14' title="bbox 221 1757 1803 1827">
    <p class='ocr_par' dir='ltr' id='par_1_14' title="bbox 221 1757 1803 1827">
     <span class='ocr_line' id='line_1_14' title="bbox 221 1757 1803 1827; baseline 0.003 -15"><span class='ocrx_word' id='word_1_86' title='bbox 221 1757 532 1826; x_wconf 85' lang='lat' dir='ltr'><strong>pellendum</strong></span> <span class='ocrx_word' id='word_1_87' title='bbox 561 1757 852 1826; x_wconf 88' lang='lat' dir='ltr'><strong>perieulum</strong></span> <span class='ocrx_word' id='word_1_88' title='bbox 883 1773 912 1811; x_wconf 91' lang='lat' dir='ltr'><strong>a</strong></span> <span class='ocrx_word' id='word_1_89' title='bbox 962 1759 1212 1812; x_wconf 82' lang='lat' dir='ltr'><strong>fratribus</strong></span> <span class='ocrx_word' id='word_1_90' title='bbox 1241 1759 1470 1827; x_wconf 90' lang='lat' dir='ltr'><strong>nostris,</strong></span> <span class='ocrx_word' id='word_1_91' title='bbox 1505 1762 1612 1814; x_wconf 92' lang='lat' dir='ltr'><strong>imo</strong></span> <span class='ocrx_word' id='word_1_92' title='bbox 1637 1763 1803 1816; x_wconf 91' lang='lat' dir='ltr'><strong>multo</strong></span> 
     </span>
    </p>
   </div>
   <div class='ocr_carea' id='block_1_15' title="bbox 223 1849 1802 1918">
    <p class='ocr_par' dir='ltr' id='par_1_15' title="bbox 223 1849 1802 1918">
     <span class='ocr_line' id='line_1_15' title="bbox 223 1849 1802 1918; baseline 0.004 -16"><span class='ocrx_word' id='word_1_93' title='bbox 223 1849 390 1902; x_wconf 87' lang='lat' dir='ltr'><strong>etiam</strong></span> <span class='ocrx_word' id='word_1_94' title='bbox 412 1849 656 1918; x_wconf 86' lang='lat' dir='ltr'><strong>amplius.</strong></span> <span class='ocrx_word' id='word_1_95' title='bbox 683 1849 866 1902; x_wconf 78' lang='lat' dir='ltr'><strong>Restat</strong></span> <span class='ocrx_word' id='word_1_96' title='bbox 891 1858 1070 1904; x_wconf 90' lang='lat' dir='ltr'><strong>autem</strong></span> <span class='ocrx_word' id='word_1_97' title='bbox 1099 1849 1226 1903; x_wconf 90' lang='lat' dir='ltr'><strong>illud</strong></span> <span class='ocrx_word' id='word_1_98' title='bbox 1275 1852 1597 1917; x_wconf 88' lang='lat' dir='ltr'><strong>necessario,</strong></span> <span class='ocrx_word' id='word_1_99' title='bbox 1628 1863 1682 1906; x_wconf 92' lang='lat' dir='ltr'><strong>ut</strong></span> <span class='ocrx_word' id='word_1_100' title='bbox 1705 1869 1802 1908; x_wconf 89' lang='lat' dir='ltr'><strong>vos</strong></span> 
     </span>
    </p>
   </div>
   <div class='ocr_carea' id='block_1_16' title="bbox 222 1941 1796 2010">
    <p class='ocr_par' dir='ltr' id='par_1_16' title="bbox 222 1941 1796 2010">
     <span class='ocr_line' id='line_1_16' title="bbox 222 1941 1796 2010; baseline 0.003 -17"><span class='ocrx_word' id='word_1_101' title='bbox 222 1942 315 2010; x_wconf 87' lang='lat' dir='ltr'><strong>qui</strong></span> <span class='ocrx_word' id='word_1_102' title='bbox 344 1941 541 1996; x_wconf 86' lang='lat' dir='ltr'><strong>adestis</strong></span> <span class='ocrx_word' id='word_1_103' title='bbox 565 1983 578 2003; x_wconf 90' lang='lat'><strong>,</strong></span> <span class='ocrx_word' id='word_1_104' title='bbox 609 1942 972 2006; x_wconf 89' lang='lat' dir='ltr'><strong>adhortemur,</strong></span> <span class='ocrx_word' id='word_1_105' title='bbox 1005 1951 1062 1995; x_wconf 93' lang='lat' dir='ltr'><strong>ut</strong></span> <span class='ocrx_word' id='word_1_106' title='bbox 1112 1943 1331 1997; x_wconf 91' lang='lat' dir='ltr'><strong>multam</strong></span> <span class='ocrx_word' id='word_1_107' title='bbox 1384 1945 1796 1998; x_wconf 86' lang='lat' dir='ltr'><strong>sollicitudinem</strong></span> 
     </span>
    </p>
   </div>
   <div class='ocr_carea' id='block_1_17' title="bbox 223 2030 1798 2103">
    <p class='ocr_par' dir='ltr' id='par_1_17' title="bbox 223 2030 1798 2103">
     <span class='ocr_line' id='line_1_17' title="bbox 223 2030 1798 2103; baseline 0.001 -19"><span class='ocrx_word' id='word_1_108' title='bbox 223 2030 469 2085; x_wconf 81' lang='lat' dir='ltr'><strong>habeatis</strong></span> <span class='ocrx_word' id='word_1_109' title='bbox 517 2045 615 2100; x_wconf 91' lang='lat' dir='ltr'><strong>pro</strong></span> <span class='ocrx_word' id='word_1_110' title='bbox 668 2032 918 2086; x_wconf 86' lang='lat' dir='ltr'><strong>membris</strong></span> <span class='ocrx_word' id='word_1_111' title='bbox 966 2032 1181 2086; x_wconf 90' lang='lat' dir='ltr'><strong>nostris.</strong></span> <span class='ocrx_word' id='word_1_112' title='bbox 1228 2032 1305 2087; x_wconf 84' lang='lat' dir='ltr'><strong>Nc</strong></span> <span class='ocrx_word' id='word_1_113' title='bbox 1351 2033 1627 2098; x_wconf 81' lang='lat' dir='ltr'><strong>dixeritis,</strong></span> <span class='ocrx_word' id='word_1_114' title='bbox 1675 2033 1798 2103; x_wconf 93' lang='lat' dir='ltr'><strong>quid</strong></span> 
     </span>
    </p>
   </div>
   <div class='ocr_carea' id='block_1_18' title="bbox 222 2126 1801 2195">
    <p class='ocr_par' dir='ltr' id='par_1_18' title="bbox 222 2126 1801 2195">
     <span class='ocr_line' id='line_1_18' title="bbox 222 2126 1801 2195; baseline 0.001 -17"><span class='ocrx_word' id='word_1_115' title='bbox 222 2142 345 2180; x_wconf 88' lang='lat' dir='ltr'><strong>mea</strong></span> <span class='ocrx_word' id='word_1_116' title='bbox 375 2126 572 2179; x_wconf 87' lang='lat' dir='ltr'><strong>refert?</strong></span> <span class='ocrx_word' id='word_1_117' title='bbox 593 2141 690 2178; x_wconf 91' lang='lat' dir='ltr'><strong>cur</strong></span> <span class='ocrx_word' id='word_1_118' title='bbox 708 2135 880 2180; x_wconf 89' lang='lat' dir='ltr'><strong>autem</strong></span> <span class='ocrx_word' id='word_1_119' title='bbox 903 2141 1001 2195; x_wconf 85' lang='lat' dir='ltr'><strong>ego</strong></span> <span class='ocrx_word' id='word_1_120' title='bbox 1029 2141 1206 2181; x_wconf 90' lang='lat' dir='ltr'><strong>rerum</strong></span> <span class='ocrx_word' id='word_1_121' title='bbox 1238 2126 1534 2181; x_wconf 87' lang='lat' dir='ltr'><strong>alienarum</strong></span> <span class='ocrx_word' id='word_1_122' title='bbox 1560 2127 1801 2180; x_wconf 89' lang='lat' dir='ltr'><strong>curiosus</strong></span> 
     </span>
    </p>
   </div>
   <div class='ocr_carea' id='block_1_19' title="bbox 221 2216 1796 2285">
    <p class='ocr_par' dir='ltr' id='par_1_19' title="bbox 221 2216 1796 2285">
     <span class='ocr_line' id='line_1_19' title="bbox 221 2216 1796 2285; baseline -0.001 -15"><span class='ocrx_word' id='word_1_123' title='bbox 221 2219 324 2270; x_wconf 87' lang='lat' dir='ltr'><strong>sim</strong></span> <span class='ocrx_word' id='word_1_124' title='bbox 345 2226 398 2270; x_wconf 85' lang='lat' dir='ltr'><strong>et</strong></span> <span class='ocrx_word' id='word_1_125' title='bbox 417 2216 674 2272; x_wconf 89' lang='lat' dir='ltr'><strong>sollicitus</strong></span> <span class='ocrx_word' id='word_1_126' title='bbox 698 2217 721 2268; x_wconf 89' lang='lat'><strong>?</strong></span> <span class='ocrx_word' id='word_1_127' title='bbox 745 2216 1000 2270; x_wconf 90' lang='lat' dir='ltr'><strong>Dominus</strong></span> <span class='ocrx_word' id='word_1_128' title='bbox 1024 2225 1245 2285; x_wconf 81' lang='lat' dir='ltr'><strong>propter</strong></span> <span class='ocrx_word' id='word_1_129' title='bbox 1267 2231 1364 2268; x_wconf 88' lang='lat' dir='ltr'><strong>nos</strong></span> <span class='ocrx_word' id='word_1_130' title='bbox 1403 2226 1642 2270; x_wconf 90' lang='lat' dir='ltr'><strong>mortuus</strong></span> <span class='ocrx_word' id='word_1_131' title='bbox 1682 2227 1796 2280; x_wconf 89' lang='lat' dir='ltr'><strong>est;</strong></span> 
     </span>
    </p>
   </div>
   <div class='ocr_carea' id='block_1_20' title="bbox 223 2305 1800 2376">
    <p class='ocr_par' dir='ltr' id='par_1_20' title="bbox 223 2305 1800 2376">
     <span class='ocr_line' id='line_1_20' title="bbox 223 2305 1800 2376; baseline -0.001 -16"><span class='ocrx_word' id='word_1_132' title='bbox 223 2318 277 2361; x_wconf 93' lang='lat' dir='ltr'><strong>tu</strong></span> <span class='ocrx_word' id='word_1_133' title='bbox 299 2323 432 2362; x_wconf 82' lang='lat' dir='ltr'><strong>vero</strong></span> <span class='ocrx_word' id='word_1_134' title='bbox 454 2321 520 2360; x_wconf 89' lang='lat' dir='ltr'><strong>ne</strong></span> <span class='ocrx_word' id='word_1_135' title='bbox 547 2321 844 2360; x_wconf 87' lang='lat' dir='ltr'><strong>sermonem</strong></span> <span class='ocrx_word' id='word_1_136' title='bbox 879 2306 1090 2376; x_wconf 86' lang='lat' dir='ltr'><strong>quidem</strong></span> <span class='ocrx_word' id='word_1_137' title='bbox 1121 2305 1430 2375; x_wconf 85' lang='lat' dir='ltr'><strong>profers?Et</strong></span> <span class='ocrx_word' id='word_1_138' title='bbox 1453 2321 1608 2375; x_wconf 92' lang='lat' dir='ltr'><strong>quam</strong></span> <span class='ocrx_word' id='word_1_139' title='bbox 1653 2307 1800 2359; x_wconf 89' lang='lat' dir='ltr'><strong>inve-</strong></span> 
     </span>
    </p>
   </div>
   <div class='ocr_carea' id='block_1_21' title="bbox 223 2394 1798 2464">
    <p class='ocr_par' dir='ltr' id='par_1_21' title="bbox 223 2394 1798 2464">
     <span class='ocr_line' id='line_1_21' title="bbox 223 2394 1798 2464; baseline 0 -16"><span class='ocrx_word' id='word_1_140' title='bbox 223 2397 343 2449; x_wconf 89' lang='lat' dir='ltr'><strong>nies</strong></span> <span class='ocrx_word' id='word_1_141' title='bbox 367 2396 574 2450; x_wconf 79' lang='lat' dir='ltr'><strong>veniam</strong></span> <span class='ocrx_word' id='word_1_142' title='bbox 595 2437 610 2460; x_wconf 95' lang='lat'><strong>,</strong></span> <span class='ocrx_word' id='word_1_143' title='bbox 641 2405 729 2448; x_wconf 89' lang='lat' dir='ltr'><strong>aut</strong></span> <span class='ocrx_word' id='word_1_144' title='bbox 750 2410 906 2464; x_wconf 87' lang='lat' dir='ltr'><strong>quam</strong></span> <span class='ocrx_word' id='word_1_145' title='bbox 938 2395 1170 2464; x_wconf 79' lang='lat' dir='ltr'><strong>reperies</strong></span> <span class='ocrx_word' id='word_1_146' title='bbox 1201 2395 1628 2449; x_wconf 90' lang='lat' dir='ltr'><strong>excusationem?</strong></span> <span class='ocrx_word' id='word_1_147' title='bbox 1653 2394 1798 2460; x_wconf 88' lang='lat' dir='ltr'><strong>Qno-</strong></span> 
     </span>
    </p>
   </div>
   <div class='ocr_carea' id='block_1_22' title="bbox 221 2484 1798 2550">
    <p class='ocr_par' dir='ltr' id='par_1_22' title="bbox 221 2484 1798 2550">
     <span class='ocr_line' id='line_1_22' title="bbox 221 2484 1798 2550; baseline -0.001 -10"><span class='ocrx_word' id='word_1_148' title='bbox 221 2485 386 2540; x_wconf 89' lang='lat' dir='ltr'><strong>modo</strong></span> <span class='ocrx_word' id='word_1_149' title='bbox 411 2485 478 2539; x_wconf 89' lang='lat' dir='ltr'><strong>ad</strong></span> <span class='ocrx_word' id='word_1_150' title='bbox 494 2485 686 2540; x_wconf 77' lang='lat' dir='ltr'><strong>Christi</strong></span> <span class='ocrx_word' id='word_1_151' title='bbox 714 2485 942 2540; x_wconf 89' lang='lat' dir='ltr'><strong>tribunal</strong></span> <span class='ocrx_word' id='word_1_152' title='bbox 967 2485 1132 2540; x_wconf 83' lang='lat' dir='ltr'><strong>stabis</strong></span> <span class='ocrx_word' id='word_1_153' title='bbox 1153 2500 1272 2539; x_wconf 91' lang='lat' dir='ltr'><strong>cum</strong></span> <span class='ocrx_word' id='word_1_154' title='bbox 1304 2485 1514 2549; x_wconf 86' lang='lat' dir='ltr'><strong>fiducia,</strong></span> <span class='ocrx_word' id='word_1_155' title='bbox 1541 2485 1625 2538; x_wconf 89' lang='lat' dir='ltr'><strong>dic</strong></span> <span class='ocrx_word' id='word_1_156' title='bbox 1647 2484 1798 2550; x_wconf 89' lang='lat' dir='ltr'><strong>mihi,</strong></span> 
     </span>
    </p>
   </div>
   <div class='ocr_carea' id='block_1_23' title="bbox 225 2575 1797 2632">
    <p class='ocr_par' dir='ltr' id='par_1_23' title="bbox 225 2575 1797 2632">
     <span class='ocr_line' id='line_1_23' title="bbox 225 2575 1797 2632; baseline -0.001 -2"><span class='ocrx_word' id='word_1_157' title='bbox 225 2586 306 2630; x_wconf 91' lang='lat' dir='ltr'><strong>tot</strong></span> <span class='ocrx_word' id='word_1_158' title='bbox 361 2578 659 2631; x_wconf 90' lang='lat' dir='ltr'><strong>animarum</strong></span> <span class='ocrx_word' id='word_1_159' title='bbox 709 2578 926 2631; x_wconf 83' lang='lat' dir='ltr'><strong>exitium</strong></span> <span class='ocrx_word' id='word_1_160' title='bbox 977 2577 1352 2631; x_wconf 87' lang='lat' dir='ltr'><strong>dissimulans?</strong></span> <span class='ocrx_word' id='word_1_161' title='bbox 1409 2577 1618 2632; x_wconf 90' lang='lat' dir='ltr'><strong>Utinam</strong></span> <span class='ocrx_word' id='word_1_162' title='bbox 1670 2575 1797 2629; x_wconf 90' lang='lat' dir='ltr'><strong>mihi</strong></span> 
     </span>
    </p>
   </div>
   <div class='ocr_carea' id='block_1_24' title="bbox 217 2667 1800 2737">
    <p class='ocr_par' dir='ltr' id='par_1_24' title="bbox 217 2667 1800 2737">
     <span class='ocr_line' id='line_1_24' title="bbox 217 2667 1800 2737; baseline -0.002 -14"><span class='ocrx_word' id='word_1_163' title='bbox 217 2669 496 2737; x_wconf 84' lang='lat' dir='ltr'><strong>contingat</strong></span> <span class='ocrx_word' id='word_1_164' title='bbox 526 2683 591 2721; x_wconf 91' lang='lat' dir='ltr'><strong>eo</strong></span> <span class='ocrx_word' id='word_1_165' title='bbox 617 2677 891 2722; x_wconf 89' lang='lat' dir='ltr'><strong>currentes</strong></span> <span class='ocrx_word' id='word_1_166' title='bbox 916 2667 1120 2734; x_wconf 88' lang='lat' dir='ltr'><strong>videre,</strong></span> <span class='ocrx_word' id='word_1_167' title='bbox 1140 2682 1468 2737; x_wconf 84' lang='lat' dir='ltr'><strong>nequaquam</strong></span> <span class='ocrx_word' id='word_1_168' title='bbox 1496 2667 1644 2720; x_wconf 88' lang='lat' dir='ltr'><strong>vobis</strong></span> <span class='ocrx_word' id='word_1_169' title='bbox 1664 2681 1800 2735; x_wconf 88' lang='lat' dir='ltr'><strong>opus</strong></span> 
     </span>
    </p>
   </div>
   <div class='ocr_carea' id='block_1_25' title="bbox 214 2759 1628 2822">
    <p class='ocr_par' dir='ltr' id='par_1_25' title="bbox 214 2759 1628 2822">
     <span class='ocr_line' id='line_1_25' title="bbox 214 2759 1628 2822; baseline -0.004 -7"><span class='ocrx_word' id='word_1_170' title='bbox 214 2769 388 2822; x_wconf 86' lang='lat' dir='ltr'><strong>esset,</strong></span> <span class='ocrx_word' id='word_1_171' title='bbox 417 2759 512 2813; x_wconf 88' lang='lat' dir='ltr'><strong>sed</strong></span> <span class='ocrx_word' id='word_1_172' title='bbox 535 2759 864 2813; x_wconf 83' lang='lat' dir='ltr'><strong>celerrimam</strong></span> <span class='ocrx_word' id='word_1_173' title='bbox 894 2759 1200 2814; x_wconf 89' lang='lat' dir='ltr'><strong>adhiberem</strong></span> <span class='ocrx_word' id='word_1_174' title='bbox 1222 2759 1628 2814; x_wconf 86' lang='lat' dir='ltr'><strong>correctionem.</strong></span> 
     </span>
    </p>
   </div>
   <div class='ocr_carea' id='block_1_26' title="bbox 287 2842 1794 2914">
    <p class='ocr_par' dir='ltr' id='par_1_26' title="bbox 287 2842 1794 2914">
     <span class='ocr_line' id='line_1_26' title="bbox 287 2842 1794 2914; baseline -0.001 -18"><span class='ocrx_word' id='word_1_175' title='bbox 287 2844 594 2896; x_wconf 80' lang='lat' dir='ltr'><strong>Adhortatio</strong></span> <span class='ocrx_word' id='word_1_176' title='bbox 639 2844 706 2895; x_wconf 85' lang='lat' dir='ltr'><strong>ad</strong></span> <span class='ocrx_word' id='word_1_177' title='bbox 747 2843 1141 2897; x_wconf 82' lang='lat' dir='ltr'><strong>emendationem</strong></span> <span class='ocrx_word' id='word_1_178' title='bbox 1189 2845 1426 2914; x_wconf 81' lang='lat' dir='ltr'><strong>fratrum.</strong></span> <span class='ocrx_word' id='word_1_179' title='bbox 1466 2871 1538 2882; x_wconf 94' lang='lat'><strong>â€”</strong></span> <span class='ocrx_word' id='word_1_180' title='bbox 1575 2842 1794 2907; x_wconf 82' lang='lat' dir='ltr'><strong>Quoties</strong></span> 
     </span>
    </p>
   </div>
   <div class='ocr_carea' id='block_1_27' title="bbox 214 2931 1797 3000">
    <p class='ocr_par' dir='ltr' id='par_1_27' title="bbox 214 2931 1797 3000">
     <span class='ocr_line' id='line_1_27' title="bbox 214 2931 1797 3000; baseline -0.004 -11"><span class='ocrx_word' id='word_1_181' title='bbox 214 2935 388 2989; x_wconf 89' lang='lat' dir='ltr'><strong>frater</strong></span> <span class='ocrx_word' id='word_1_182' title='bbox 417 2944 500 2988; x_wconf 90' lang='lat' dir='ltr'><strong>est</strong></span> <span class='ocrx_word' id='word_1_183' title='bbox 519 2932 888 2988; x_wconf 87' lang='lat' dir='ltr'><strong>emendandus</strong></span> <span class='ocrx_word' id='word_1_184' title='bbox 909 2975 925 3000; x_wconf 92' lang='lat'><strong>,</strong></span> <span class='ocrx_word' id='word_1_185' title='bbox 955 2933 1159 2988; x_wconf 82' lang='lat' dir='ltr'><strong>etiamsi</strong></span> <span class='ocrx_word' id='word_1_186' title='bbox 1205 2932 1311 2986; x_wconf 88' lang='lat' dir='ltr'><strong>vita</strong></span> <span class='ocrx_word' id='word_1_187' title='bbox 1331 2933 1401 2985; x_wconf 91' lang='lat' dir='ltr'><strong>sit</strong></span> <span class='ocrx_word' id='word_1_188' title='bbox 1425 2931 1797 3000; x_wconf 88' lang='lat' dir='ltr'><strong>impendenda,</strong></span> 
     </span>
    </p>
   </div>
   <div class='ocr_carea' id='block_1_28' title="bbox 213 3021 1798 3089">
    <p class='ocr_par' dir='ltr' id='par_1_28' title="bbox 213 3021 1798 3089">
     <span class='ocr_line' id='line_1_28' title="bbox 213 3021 1798 3089; baseline -0.003 -9"><span class='ocrx_word' id='word_1_189' title='bbox 213 3043 284 3080; x_wconf 90' lang='lat' dir='ltr'><strong>ne</strong></span> <span class='ocrx_word' id='word_1_190' title='bbox 312 3039 552 3080; x_wconf 87' lang='lat' dir='ltr'><strong>recuses.</strong></span> <span class='ocrx_word' id='word_1_191' title='bbox 577 3024 785 3079; x_wconf 88' lang='lat' dir='ltr'><strong>Imitare</strong></span> <span class='ocrx_word' id='word_1_192' title='bbox 815 3025 1095 3078; x_wconf 89' lang='lat' dir='ltr'><strong>Dominum</strong></span> <span class='ocrx_word' id='word_1_193' title='bbox 1114 3032 1280 3077; x_wconf 91' lang='lat' dir='ltr'><strong>tuum.</strong></span> <span class='ocrx_word' id='word_1_194' title='bbox 1304 3022 1452 3089; x_wconf 86' lang='lat' dir='ltr'><strong>Quod</strong></span> <span class='ocrx_word' id='word_1_195' title='bbox 1475 3021 1519 3076; x_wconf 89' lang='lat' dir='ltr'><strong>si</strong></span> <span class='ocrx_word' id='word_1_196' title='bbox 1547 3023 1798 3075; x_wconf 89' lang='lat' dir='ltr'><strong>famulum</strong></span> 
     </span>
    </p>
   </div>
   <div class='ocr_carea' id='block_1_29' title="bbox 215 3113 1798 3184">
    <p class='ocr_par' dir='ltr' id='par_1_29' title="bbox 215 3113 1798 3184">
     <span class='ocr_line' id='line_1_29' title="bbox 215 3113 1798 3184; baseline -0.003 -12"><span class='ocrx_word' id='word_1_197' title='bbox 215 3119 391 3172; x_wconf 85' lang='lat' dir='ltr'><strong>habes</strong></span> <span class='ocrx_word' id='word_1_198' title='bbox 411 3157 430 3182; x_wconf 91' lang='lat'><strong>,</strong></span> <span class='ocrx_word' id='word_1_199' title='bbox 482 3117 528 3170; x_wconf 90' lang='lat' dir='ltr'><strong>si</strong></span> <span class='ocrx_word' id='word_1_200' title='bbox 565 3132 781 3170; x_wconf 82' lang='lat' dir='ltr'><strong>uxorem</strong></span> <span class='ocrx_word' id='word_1_201' title='bbox 804 3158 819 3180; x_wconf 94' lang='lat'><strong>,</strong></span> <span class='ocrx_word' id='word_1_202' title='bbox 853 3116 1016 3170; x_wconf 91' lang='lat' dir='ltr'><strong>multa</strong></span> <span class='ocrx_word' id='word_1_203' title='bbox 1045 3131 1164 3170; x_wconf 91' lang='lat' dir='ltr'><strong>cum</strong></span> <span class='ocrx_word' id='word_1_204' title='bbox 1210 3114 1481 3184; x_wconf 82' lang='lat' dir='ltr'><strong>diligentia</strong></span> <span class='ocrx_word' id='word_1_205' title='bbox 1512 3115 1628 3168; x_wconf 92' lang='lat' dir='ltr'><strong>illos</strong></span> <span class='ocrx_word' id='word_1_206' title='bbox 1653 3113 1798 3168; x_wconf 90' lang='lat' dir='ltr'><strong>domi</strong></span> 
     </span>
    </p>
   </div>
   <div class='ocr_carea' id='block_1_30' title="bbox 211 3205 1801 3276">
    <p class='ocr_par' dir='ltr' id='par_1_30' title="bbox 211 3205 1801 3276">
     <span class='ocr_line' id='line_1_30' title="bbox 211 3205 1801 3276; baseline -0.004 -12"><span class='ocrx_word' id='word_1_207' title='bbox 211 3210 522 3264; x_wconf 87' lang='lat' dir='ltr'><strong>contineas.</strong></span> <span class='ocrx_word' id='word_1_208' title='bbox 553 3208 759 3262; x_wconf 86' lang='lat' dir='ltr'><strong>Etenim</strong></span> <span class='ocrx_word' id='word_1_209' title='bbox 789 3208 834 3262; x_wconf 93' lang='lat' dir='ltr'><strong>si</strong></span> <span class='ocrx_word' id='word_1_210' title='bbox 876 3223 982 3262; x_wconf 89' lang='lat' dir='ltr'><strong>non</strong></span> <span class='ocrx_word' id='word_1_211' title='bbox 1011 3206 1272 3276; x_wconf 82' lang='lat' dir='ltr'><strong>permittis</strong></span> <span class='ocrx_word' id='word_1_212' title='bbox 1317 3207 1418 3260; x_wconf 90' lang='lat' dir='ltr'><strong>illis</strong></span> <span class='ocrx_word' id='word_1_213' title='bbox 1457 3215 1517 3259; x_wconf 88' lang='lat' dir='ltr'><strong>ut</strong></span> <span class='ocrx_word' id='word_1_214' title='bbox 1547 3206 1598 3258; x_wconf 92' lang='lat' dir='ltr'><strong>in</strong></span> <span class='ocrx_word' id='word_1_215' title='bbox 1653 3205 1801 3258; x_wconf 81' lang='lat' dir='ltr'><strong>thea-</strong></span> 
     </span>
    </p>
   </div>
   <div class='ocr_carea' id='block_1_31' title="bbox 212 3297 1800 3369">
    <p class='ocr_par' dir='ltr' id='par_1_31' title="bbox 212 3297 1800 3369">
     <span class='ocr_line' id='line_1_31' title="bbox 212 3297 1800 3369; baseline -0.003 -15"><span class='ocrx_word' id='word_1_216' title='bbox 212 3311 358 3354; x_wconf 89' lang='lat' dir='ltr'><strong>trum</strong></span> <span class='ocrx_word' id='word_1_217' title='bbox 389 3309 515 3353; x_wconf 85' lang='lat' dir='ltr'><strong>eant</strong></span> <span class='ocrx_word' id='word_1_218' title='bbox 536 3341 549 3361; x_wconf 93' lang='lat'><strong>,</strong></span> <span class='ocrx_word' id='word_1_219' title='bbox 573 3308 768 3368; x_wconf 89' lang='lat' dir='ltr'><strong>quanto</strong></span> <span class='ocrx_word' id='word_1_220' title='bbox 798 3299 964 3368; x_wconf 86' lang='lat' dir='ltr'><strong>magis</strong></span> <span class='ocrx_word' id='word_1_221' title='bbox 988 3315 1018 3352; x_wconf 86' lang='lat' dir='ltr'><strong>a</strong></span> <span class='ocrx_word' id='word_1_222' title='bbox 1043 3299 1316 3369; x_wconf 83' lang='lat' dir='ltr'><strong>Synagoga</strong></span> <span class='ocrx_word' id='word_1_223' title='bbox 1345 3297 1647 3352; x_wconf 71' lang='lat' dir='ltr'><strong>Judmorum</strong></span> <span class='ocrx_word' id='word_1_224' title='bbox 1676 3305 1800 3350; x_wconf 89' lang='lat' dir='ltr'><strong>sunt</strong></span> 
     </span>
    </p>
   </div>
   <div class='ocr_carea' id='block_1_32' title="bbox 210 3386 1799 3459">
    <p class='ocr_par' dir='ltr' id='par_1_32' title="bbox 210 3386 1799 3459">
     <span class='ocr_line' id='line_1_32' title="bbox 210 3386 1799 3459; baseline -0.003 -15"><span class='ocrx_word' id='word_1_225' title='bbox 210 3389 667 3459; x_wconf 66' lang='lat' dir='ltr'><strong>arcendiHlajus</strong></span> <span class='ocrx_word' id='word_1_226' title='bbox 699 3401 781 3444; x_wconf 89' lang='lat' dir='ltr'><strong>est</strong></span> <span class='ocrx_word' id='word_1_227' title='bbox 828 3388 916 3442; x_wconf 88' lang='lat' dir='ltr'><strong>hic</strong></span> <span class='ocrx_word' id='word_1_228' title='bbox 958 3389 1130 3442; x_wconf 87' lang='lat' dir='ltr'><strong>scelus</strong></span> <span class='ocrx_word' id='word_1_229' title='bbox 1176 3403 1332 3457; x_wconf 89' lang='lat' dir='ltr'><strong>quam</strong></span> <span class='ocrx_word' id='word_1_230' title='bbox 1361 3387 1484 3440; x_wconf 91' lang='lat' dir='ltr'><strong>illic.</strong></span> <span class='ocrx_word' id='word_1_231' title='bbox 1513 3386 1663 3452; x_wconf 84' lang='lat' dir='ltr'><strong>Quod</strong></span> <span class='ocrx_word' id='word_1_232' title='bbox 1694 3387 1799 3440; x_wconf 91' lang='lat' dir='ltr'><strong>illic</strong></span> 
     </span>
    </p>
   </div>
   <div class='ocr_carea' id='block_1_33' title="bbox 211 3477 1798 3552">
    <p class='ocr_par' dir='ltr' id='par_1_33' title="bbox 211 3477 1798 3552">
     <span class='ocr_line' id='line_1_33' title="bbox 211 3477 1798 3552; baseline -0.003 -15"><span class='ocrx_word' id='word_1_233' title='bbox 211 3486 271 3537; x_wconf 85' lang='lat' dir='ltr'><strong>fit</strong></span> <span class='ocrx_word' id='word_1_234' title='bbox 294 3526 309 3547; x_wconf 92' lang='lat'><strong>,</strong></span> <span class='ocrx_word' id='word_1_235' title='bbox 344 3492 620 3552; x_wconf 87' lang='lat' dir='ltr'><strong>peccatum</strong></span> <span class='ocrx_word' id='word_1_236' title='bbox 647 3490 758 3546; x_wconf 89' lang='lat' dir='ltr'><strong>est;</strong></span> <span class='ocrx_word' id='word_1_237' title='bbox 786 3480 927 3550; x_wconf 90' lang='lat' dir='ltr'><strong>quod</strong></span> <span class='ocrx_word' id='word_1_238' title='bbox 957 3481 1040 3533; x_wconf 88' lang='lat' dir='ltr'><strong>hic</strong></span> <span class='ocrx_word' id='word_1_239' title='bbox 1060 3523 1075 3545; x_wconf 92' lang='lat'><strong>,</strong></span> <span class='ocrx_word' id='word_1_240' title='bbox 1100 3479 1360 3547; x_wconf 88' lang='lat' dir='ltr'><strong>impietas.</strong></span> <span class='ocrx_word' id='word_1_241' title='bbox 1392 3478 1514 3532; x_wconf 72' lang='lat' dir='ltr'><strong>llrec</strong></span> <span class='ocrx_word' id='word_1_242' title='bbox 1542 3493 1647 3532; x_wconf 92' lang='lat' dir='ltr'><strong>non</strong></span> <span class='ocrx_word' id='word_1_243' title='bbox 1679 3477 1798 3532; x_wconf 89' lang='lat' dir='ltr'><strong>ideo</strong></span> 
     </span>
    </p>
   </div>
   <div class='ocr_carea' id='block_1_34' title="bbox 212 3567 1799 3644">
    <p class='ocr_par' dir='ltr' id='par_1_34' title="bbox 212 3567 1799 3644">
     <span class='ocr_line' id='line_1_34' title="bbox 212 3567 1799 3644; baseline -0.006 -16"><span class='ocrx_word' id='word_1_244' title='bbox 212 3577 432 3644; x_wconf 91' lang='lat' dir='ltr'><strong>loquor,</strong></span> <span class='ocrx_word' id='word_1_245' title='bbox 462 3582 519 3626; x_wconf 90' lang='lat' dir='ltr'><strong>ut</strong></span> <span class='ocrx_word' id='word_1_246' title='bbox 540 3572 656 3626; x_wconf 90' lang='lat' dir='ltr'><strong>illos</strong></span> <span class='ocrx_word' id='word_1_247' title='bbox 681 3572 863 3625; x_wconf 88' lang='lat' dir='ltr'><strong>sinatis</strong></span> <span class='ocrx_word' id='word_1_248' title='bbox 890 3571 940 3623; x_wconf 90' lang='lat' dir='ltr'><strong>in</strong></span> <span class='ocrx_word' id='word_1_249' title='bbox 962 3574 1223 3624; x_wconf 74' lang='lat' dir='ltr'><strong>theatrum</strong></span> <span class='ocrx_word' id='word_1_250' title='bbox 1248 3569 1353 3632; x_wconf 90' lang='lat' dir='ltr'><strong>ire,</strong></span> <span class='ocrx_word' id='word_1_251' title='bbox 1384 3583 1506 3622; x_wconf 90' lang='lat' dir='ltr'><strong>nam</strong></span> <span class='ocrx_word' id='word_1_252' title='bbox 1536 3577 1590 3621; x_wconf 89' lang='lat' dir='ltr'><strong>et</strong></span> <span class='ocrx_word' id='word_1_253' title='bbox 1611 3567 1660 3620; x_wconf 89' lang='lat' dir='ltr'><strong>id</strong></span> <span class='ocrx_word' id='word_1_254' title='bbox 1687 3582 1799 3619; x_wconf 85' lang='lat' dir='ltr'><strong>ma-</strong></span> 
     </span>
    </p>
   </div>
   <div class='ocr_carea' id='block_1_35' title="bbox 215 3659 1796 3730">
    <p class='ocr_par' dir='ltr' id='par_1_35' title="bbox 215 3659 1796 3730">
     <span class='ocr_line' id='line_1_35' title="bbox 215 3659 1796 3730; baseline -0.006 -10"><span class='ocrx_word' id='word_1_255' title='bbox 215 3669 327 3722; x_wconf 88' lang='lat' dir='ltr'><strong>lum</strong></span> <span class='ocrx_word' id='word_1_256' title='bbox 367 3674 493 3721; x_wconf 89' lang='lat' dir='ltr'><strong>cst:</strong></span> <span class='ocrx_word' id='word_1_257' title='bbox 526 3665 619 3720; x_wconf 92' lang='lat' dir='ltr'><strong>sed</strong></span> <span class='ocrx_word' id='word_1_258' title='bbox 673 3673 727 3718; x_wconf 90' lang='lat' dir='ltr'><strong>ut</strong></span> <span class='ocrx_word' id='word_1_259' title='bbox 777 3664 842 3717; x_wconf 91' lang='lat' dir='ltr'><strong>ab</strong></span> <span class='ocrx_word' id='word_1_260' title='bbox 880 3663 980 3717; x_wconf 93' lang='lat' dir='ltr'><strong>hoc</strong></span> <span class='ocrx_word' id='word_1_261' title='bbox 1034 3663 1200 3716; x_wconf 92' lang='lat' dir='ltr'><strong>multo</strong></span> <span class='ocrx_word' id='word_1_262' title='bbox 1243 3661 1408 3730; x_wconf 85' lang='lat' dir='ltr'><strong>magis</strong></span> <span class='ocrx_word' id='word_1_263' title='bbox 1450 3659 1796 3730; x_wconf 88' lang='lat' dir='ltr'><strong>prohibeatis.</strong></span> 
     </span>
    </p>
   </div>
   <div class='ocr_carea' id='block_1_36' title="bbox 212 3751 1797 3826">
    <p class='ocr_par' dir='ltr' id='par_1_36' title="bbox 212 3751 1797 3826">
     <span class='ocr_line' id='line_1_36' title="bbox 212 3751 1797 3826; baseline -0.005 -14"><span class='ocrx_word' id='word_1_264' title='bbox 212 3759 352 3826; x_wconf 86' lang='lat' dir='ltr'><strong>Quid</strong></span> <span class='ocrx_word' id='word_1_265' title='bbox 381 3766 718 3826; x_wconf 83' lang='lat' dir='ltr'><strong>spectaturus</strong></span> <span class='ocrx_word' id='word_1_266' title='bbox 755 3755 926 3810; x_wconf 90' lang='lat' dir='ltr'><strong>curris</strong></span> <span class='ocrx_word' id='word_1_267' title='bbox 965 3753 1027 3806; x_wconf 91' lang='lat' dir='ltr'><strong>ad</strong></span> <span class='ocrx_word' id='word_1_268' title='bbox 1071 3751 1398 3824; x_wconf 87' lang='lat' dir='ltr'><strong>Synagogam</strong></span> <span class='ocrx_word' id='word_1_269' title='bbox 1432 3753 1520 3806; x_wconf 92' lang='lat' dir='ltr'><strong>Dei</strong></span> <span class='ocrx_word' id='word_1_270' title='bbox 1567 3752 1797 3805; x_wconf 90' lang='lat' dir='ltr'><strong>hostium</strong></span> 
     </span>
    </p>
   </div>
   <div class='ocr_carea' id='block_1_37' title="bbox 213 3842 1799 3910">
    <p class='ocr_par' dir='ltr' id='par_1_37' title="bbox 213 3842 1799 3910">
     <span class='ocr_line' id='line_1_37' title="bbox 213 3842 1799 3910; baseline -0.006 -7"><span class='ocrx_word' id='word_1_271' title='bbox 213 3849 562 3904; x_wconf 70' lang='lat' dir='ltr'><strong>lndzeorum?</strong></span> <span class='ocrx_word' id='word_1_272' title='bbox 589 3862 715 3902; x_wconf 89' lang='lat' dir='ltr'><strong>num</strong></span> <span class='ocrx_word' id='word_1_273' title='bbox 741 3846 984 3900; x_wconf 83' lang='lat' dir='ltr'><strong>homines</strong></span> <span class='ocrx_word' id='word_1_274' title='bbox 1009 3845 1130 3898; x_wconf 89' lang='lat' dir='ltr'><strong>tuba</strong></span> <span class='ocrx_word' id='word_1_275' title='bbox 1159 3842 1450 3898; x_wconf 86' lang='lat' dir='ltr'><strong>canentes?</strong></span> <span class='ocrx_word' id='word_1_276' title='bbox 1480 3844 1545 3896; x_wconf 85' lang='lat' dir='ltr'><strong>At</strong></span> <span class='ocrx_word' id='word_1_277' title='bbox 1565 3842 1799 3910; x_wconf 88' lang='lat' dir='ltr'><strong>eportuit</strong></span> 
     </span>
    </p>
   </div>
   <div class='ocr_carea' id='block_1_38' title="bbox 214 3931 1797 4007">
    <p class='ocr_par' dir='ltr' id='par_1_38' title="bbox 214 3931 1797 4007">
     <span class='ocr_line' id='line_1_38' title="bbox 214 3931 1797 4007; baseline -0.005 -14"><span class='ocrx_word' id='word_1_278' title='bbox 214 3941 360 3994; x_wconf 92' lang='lat' dir='ltr'><strong>domi</strong></span> <span class='ocrx_word' id='word_1_279' title='bbox 390 3940 664 3994; x_wconf 84' lang='lat' dir='ltr'><strong>sedentem</strong></span> <span class='ocrx_word' id='word_1_280' title='bbox 695 3937 920 4007; x_wconf 82' lang='lat' dir='ltr'><strong>gemitus</strong></span> <span class='ocrx_word' id='word_1_281' title='bbox 945 3951 1008 3990; x_wconf 90' lang='lat' dir='ltr'><strong>ac</strong></span> <span class='ocrx_word' id='word_1_282' title='bbox 1033 3936 1292 4006; x_wconf 86' lang='lat' dir='ltr'><strong>lacrymas</strong></span> <span class='ocrx_word' id='word_1_283' title='bbox 1325 3950 1419 4003; x_wconf 90' lang='lat' dir='ltr'><strong>pro</strong></span> <span class='ocrx_word' id='word_1_284' title='bbox 1447 3933 1548 3987; x_wconf 92' lang='lat' dir='ltr'><strong>illis</strong></span> <span class='ocrx_word' id='word_1_285' title='bbox 1577 3931 1797 4001; x_wconf 84' lang='lat' dir='ltr'><strong>profun-</strong></span> 
     </span>
    </p>
   </div>
   <div class='ocr_carea' id='block_1_39' title="bbox 213 4022 1793 4098">
    <p class='ocr_par' dir='ltr' id='par_1_39' title="bbox 213 4022 1793 4098">
     <span class='ocr_line' id='line_1_39' title="bbox 213 4022 1793 4098; baseline -0.008 -13"><span class='ocrx_word' id='word_1_286' title='bbox 213 4032 381 4095; x_wconf 90' lang='lat' dir='ltr'><strong>dere,</strong></span> <span class='ocrx_word' id='word_1_287' title='bbox 408 4030 552 4098; x_wconf 88' lang='lat' dir='ltr'><strong>quod</strong></span> <span class='ocrx_word' id='word_1_288' title='bbox 584 4027 839 4082; x_wconf 85' lang='lat' dir='ltr'><strong>rebellent</strong></span> <span class='ocrx_word' id='word_1_289' title='bbox 868 4035 1132 4095; x_wconf 64' lang='lat' dir='ltr'><strong>praecepto</strong></span> <span class='ocrx_word' id='word_1_290' title='bbox 1173 4025 1299 4088; x_wconf 87' lang='lat' dir='ltr'><strong>Dei,</strong></span> <span class='ocrx_word' id='word_1_291' title='bbox 1343 4023 1482 4092; x_wconf 89' lang='lat' dir='ltr'><strong>quod</strong></span> <span class='ocrx_word' id='word_1_292' title='bbox 1524 4022 1793 4076; x_wconf 89' lang='lat' dir='ltr'><strong>diabolum</strong></span> 
     </span>
    </p>
   </div>
   <div class='ocr_carea' id='block_1_40' title="bbox 214 4113 1798 4187">
    <p class='ocr_par' dir='ltr' id='par_1_40' title="bbox 214 4113 1798 4187">
     <span class='ocr_line' id='line_1_40' title="bbox 214 4113 1798 4187; baseline -0.004 -15"><span class='ocrx_word' id='word_1_293' title='bbox 214 4121 452 4174; x_wconf 79' lang='lat' dir='ltr'><strong>habeant</strong></span> <span class='ocrx_word' id='word_1_294' title='bbox 502 4134 625 4173; x_wconf 92' lang='lat' dir='ltr'><strong>cum</strong></span> <span class='ocrx_word' id='word_1_295' title='bbox 666 4119 789 4187; x_wconf 90' lang='lat' dir='ltr'><strong>ipsis</strong></span> <span class='ocrx_word' id='word_1_296' title='bbox 825 4118 1048 4171; x_wconf 88' lang='lat' dir='ltr'><strong>choreas</strong></span> <span class='ocrx_word' id='word_1_297' title='bbox 1083 4124 1344 4184; x_wconf 82' lang='lat' dir='ltr'><strong>agentem.</strong></span> <span class='ocrx_word' id='word_1_298' title='bbox 1386 4113 1551 4177; x_wconf 87' lang='lat' dir='ltr'><strong>Nam,</strong></span> <span class='ocrx_word' id='word_1_299' title='bbox 1577 4123 1632 4165; x_wconf 88' lang='lat' dir='ltr'><strong>ut</strong></span> <span class='ocrx_word' id='word_1_300' title='bbox 1676 4121 1798 4166; x_wconf 88' lang='lat' dir='ltr'><strong>ante</strong></span> 
     </span>
    </p>
   </div>
   <div class='ocr_carea' id='block_1_41' title="bbox 211 4204 1798 4280">
    <p class='ocr_par' dir='ltr' id='par_1_41' title="bbox 211 4204 1798 4280">
     <span class='ocr_line' id='line_1_41' title="bbox 211 4204 1798 4280; baseline -0.003 -18"><span class='ocrx_word' id='word_1_301' title='bbox 211 4211 347 4272; x_wconf 87' lang='lat' dir='ltr'><strong>dixi,</strong></span> <span class='ocrx_word' id='word_1_302' title='bbox 378 4209 518 4280; x_wconf 88' lang='lat' dir='ltr'><strong>quod</strong></span> <span class='ocrx_word' id='word_1_303' title='bbox 545 4211 600 4261; x_wconf 90' lang='lat' dir='ltr'><strong>lit</strong></span> <span class='ocrx_word' id='word_1_304' title='bbox 625 4217 814 4278; x_wconf 72' lang='lat' dir='ltr'><strong>przeter</strong></span> <span class='ocrx_word' id='word_1_305' title='bbox 841 4207 1162 4261; x_wconf 87' lang='lat' dir='ltr'><strong>voluntatem</strong></span> <span class='ocrx_word' id='word_1_306' title='bbox 1191 4206 1302 4268; x_wconf 87' lang='lat' dir='ltr'><strong>Dei,</strong></span> <span class='ocrx_word' id='word_1_307' title='bbox 1325 4205 1532 4260; x_wconf 90' lang='lat' dir='ltr'><strong>etiamsi</strong></span> <span class='ocrx_word' id='word_1_308' title='bbox 1555 4204 1798 4272; x_wconf 83' lang='lat' dir='ltr'><strong>aliquan-</strong></span> 
     </span>
    </p>
   </div>
   <div class='ocr_carea' id='block_1_42' title="bbox 211 4295 1796 4367">
    <p class='ocr_par' dir='ltr' id='par_1_42' title="bbox 211 4295 1796 4367">
     <span class='ocr_line' id='line_1_42' title="bbox 211 4295 1796 4367; baseline -0.003 -15"><span class='ocrx_word' id='word_1_309' title='bbox 211 4301 286 4354; x_wconf 93' lang='lat' dir='ltr'><strong>do</strong></span> <span class='ocrx_word' id='word_1_310' title='bbox 307 4300 402 4353; x_wconf 89' lang='lat' dir='ltr'><strong>fuit</strong></span> <span class='ocrx_word' id='word_1_311' title='bbox 431 4299 748 4367; x_wconf 86' lang='lat' dir='ltr'><strong>permissum</strong></span> <span class='ocrx_word' id='word_1_312' title='bbox 771 4340 786 4362; x_wconf 97' lang='lat'><strong>,</strong></span> <span class='ocrx_word' id='word_1_313' title='bbox 821 4307 1000 4365; x_wconf 87' lang='lat' dir='ltr'><strong>postea</strong></span> <span class='ocrx_word' id='word_1_314' title='bbox 1029 4296 1242 4349; x_wconf 90' lang='lat' dir='ltr'><strong>violatio</strong></span> <span class='ocrx_word' id='word_1_315' title='bbox 1269 4295 1394 4358; x_wconf 79' lang='lat' dir='ltr'><strong>legis</strong></span> <span class='ocrx_word' id='word_1_316' title='bbox 1414 4303 1515 4359; x_wconf 90' lang='lat' dir='ltr'><strong>est,</strong></span> <span class='ocrx_word' id='word_1_317' title='bbox 1559 4302 1613 4348; x_wconf 89' lang='lat' dir='ltr'><strong>et</strong></span> <span class='ocrx_word' id='word_1_318' title='bbox 1639 4295 1796 4347; x_wconf 62' lang='lat' dir='ltr'><strong>innuo</strong></span> 
     </span>
    </p>
   </div>
   <div class='ocr_carea' id='block_1_43' title="bbox 215 4383 1800 4460">
    <p class='ocr_par' dir='ltr' id='par_1_43' title="bbox 215 4383 1800 4460">
     <span class='ocr_line' id='line_1_43' title="bbox 215 4383 1800 4460; baseline -0.006 -12"><span class='ocrx_word' id='word_1_319' title='bbox 215 4394 558 4448; x_wconf 80' lang='lat' dir='ltr'><strong>merahilium</strong></span> <span class='ocrx_word' id='word_1_320' title='bbox 623 4391 1000 4460; x_wconf 88' lang='lat' dir='ltr'><strong>suppliciorum</strong></span> <span class='ocrx_word' id='word_1_321' title='bbox 1050 4389 1289 4442; x_wconf 87' lang='lat' dir='ltr'><strong>materia.</strong></span> <span class='ocrx_word' id='word_1_322' title='bbox 1322 4385 1470 4440; x_wconf 83' lang='lat' dir='ltr'><strong>Tuba</strong></span> <span class='ocrx_word' id='word_1_323' title='bbox 1536 4383 1800 4439; x_wconf 88' lang='lat' dir='ltr'><strong>canebant</strong></span> 
     </span>
    </p>
   </div>
   <div class='ocr_carea' id='block_1_44' title="bbox 211 4480 1796 4550">
    <p class='ocr_par' dir='ltr' id='par_1_44' title="bbox 211 4480 1796 4550">
     <span class='ocr_line' id='line_1_44' title="bbox 211 4480 1796 4550; baseline -0.005 -13"><span class='ocrx_word' id='word_1_324' title='bbox 211 4483 388 4537; x_wconf 63' lang='lat' dir='ltr'><strong>Jndstâ€˜i</strong></span> <span class='ocrx_word' id='word_1_325' title='bbox 425 4492 534 4535; x_wconf 90' lang='lat' dir='ltr'><strong>tum</strong></span> <span class='ocrx_word' id='word_1_326' title='bbox 561 4497 680 4536; x_wconf 89' lang='lat' dir='ltr'><strong>cum</strong></span> <span class='ocrx_word' id='word_1_327' title='bbox 712 4481 974 4550; x_wconf 85' lang='lat' dir='ltr'><strong>habebant</strong></span> <span class='ocrx_word' id='word_1_328' title='bbox 1001 4480 1288 4542; x_wconf 85' lang='lat' dir='ltr'><strong>sacrificia,</strong></span> <span class='ocrx_word' id='word_1_329' title='bbox 1319 4491 1458 4530; x_wconf 90' lang='lat' dir='ltr'><strong>nunc</strong></span> <span class='ocrx_word' id='word_1_330' title='bbox 1511 4492 1638 4530; x_wconf 89' lang='lat' dir='ltr'><strong>vero</strong></span> <span class='ocrx_word' id='word_1_331' title='bbox 1690 4491 1796 4529; x_wconf 90' lang='lat' dir='ltr'><strong>non</strong></span> 
     </span>
    </p>
   </div>
   <div class='ocr_carea' id='block_1_45' title="bbox 212 4569 1797 4638">
    <p class='ocr_par' dir='ltr' id='par_1_45' title="bbox 212 4569 1797 4638">
     <span class='ocr_line' id='line_1_45' title="bbox 212 4569 1797 4638; baseline -0.003 -10"><span class='ocrx_word' id='word_1_332' title='bbox 212 4575 343 4630; x_wconf 88' lang='lat' dir='ltr'><strong>licet</strong></span> <span class='ocrx_word' id='word_1_333' title='bbox 384 4573 490 4627; x_wconf 90' lang='lat' dir='ltr'><strong>illis</strong></span> <span class='ocrx_word' id='word_1_334' title='bbox 531 4573 668 4626; x_wconf 91' lang='lat' dir='ltr'><strong>idem</strong></span> <span class='ocrx_word' id='word_1_335' title='bbox 713 4571 908 4626; x_wconf 90' lang='lat' dir='ltr'><strong>facere.</strong></span> <span class='ocrx_word' id='word_1_336' title='bbox 962 4570 1189 4624; x_wconf 85' lang='lat' dir='ltr'><strong>Proinde</strong></span> <span class='ocrx_word' id='word_1_337' title='bbox 1215 4570 1394 4638; x_wconf 89' lang='lat' dir='ltr'><strong>accipe</strong></span> <span class='ocrx_word' id='word_1_338' title='bbox 1429 4569 1538 4637; x_wconf 89' lang='lat' dir='ltr'><strong>jam</strong></span> <span class='ocrx_word' id='word_1_339' title='bbox 1560 4609 1574 4630; x_wconf 94' lang='lat'><strong>,</strong></span> <span class='ocrx_word' id='word_1_340' title='bbox 1598 4583 1700 4637; x_wconf 87' lang='lat' dir='ltr'><strong>qua</strong></span> <span class='ocrx_word' id='word_1_341' title='bbox 1729 4569 1797 4623; x_wconf 86' lang='lat' dir='ltr'><strong>de</strong></span> 
     </span>
    </p>
   </div>
   <div class='ocr_carea' id='block_1_46' title="bbox 210 4660 1797 4729">
    <p class='ocr_par' dir='ltr' id='par_1_46' title="bbox 210 4660 1797 4729">
     <span class='ocr_line' id='line_1_46' title="bbox 210 4660 1797 4729; baseline -0.005 -9"><span class='ocrx_word' id='word_1_342' title='bbox 210 4682 378 4721; x_wconf 81' lang='lat' dir='ltr'><strong>causa</strong></span> <span class='ocrx_word' id='word_1_343' title='bbox 440 4665 576 4718; x_wconf 64' lang='lat' dir='ltr'><strong>datae</strong></span> <span class='ocrx_word' id='word_1_344' title='bbox 632 4665 737 4717; x_wconf 92' lang='lat' dir='ltr'><strong>sint</strong></span> <span class='ocrx_word' id='word_1_345' title='bbox 780 4663 880 4716; x_wconf 89' lang='lat' dir='ltr'><strong>illis</strong></span> <span class='ocrx_word' id='word_1_346' title='bbox 927 4663 1086 4716; x_wconf 75' lang='lat' dir='ltr'><strong>tubae.</strong></span> <span class='ocrx_word' id='word_1_347' title='bbox 1122 4661 1258 4723; x_wconf 78' lang='lat' dir='ltr'><strong>Fac,</strong></span> <span class='ocrx_word' id='word_1_348' title='bbox 1290 4661 1485 4729; x_wconf 88' lang='lat' dir='ltr'><strong>inquit,</strong></span> <span class='ocrx_word' id='word_1_349' title='bbox 1518 4660 1603 4712; x_wconf 84' lang='lat' dir='ltr'><strong>tibi</strong></span> <span class='ocrx_word' id='word_1_350' title='bbox 1653 4660 1797 4713; x_wconf 83' lang='lat' dir='ltr'><strong>tubas</strong></span> 
     </span>
    </p>
   </div>
   <div class='ocr_carea' id='block_1_47' title="bbox 204 4753 1796 4824">
    <p class='ocr_par' dir='ltr' id='par_1_47' title="bbox 204 4753 1796 4824">
     <span class='ocr_line' id='line_1_47' title="bbox 204 4753 1796 4824; baseline -0.003 -15"><span class='ocrx_word' id='word_1_351' title='bbox 204 4759 433 4810; x_wconf 72' lang='lat' dir='ltr'><strong>ductile:</strong></span> <span class='ocrx_word' id='word_1_352' title='bbox 473 4767 734 4824; x_wconf 83' lang='lat' dir='ltr'><strong>argenteas</strong></span> <span class='ocrx_word' id='word_1_353' title='bbox 779 4753 966 4823; x_wconf 85' lang='lat' dir='ltr'><strong>(Num.</strong></span> <span class='ocrx_word' id='word_1_354' title='bbox 997 4753 1083 4807; x_wconf 78' lang='lat'><strong>10.</strong></span> <span class='ocrx_word' id='word_1_355' title='bbox 1127 4753 1206 4824; x_wconf 71' lang='lat'><strong>2),</strong></span> <span class='ocrx_word' id='word_1_356' title='bbox 1246 4768 1474 4823; x_wconf 82' lang='lat' dir='ltr'><strong>moxque</strong></span> <span class='ocrx_word' id='word_1_357' title='bbox 1519 4767 1796 4806; x_wconf 85' lang='lat' dir='ltr'><strong>common-</strong></span> 
     </span>
    </p>
   </div>
   <div class='ocr_carea' id='block_1_48' title="bbox 204 4846 1798 4914">
    <p class='ocr_par' dir='ltr' id='par_1_48' title="bbox 204 4846 1798 4914">
     <span class='ocr_line' id='line_1_48' title="bbox 204 4846 1798 4914; baseline -0.002 -13"><span class='ocrx_word' id='word_1_358' title='bbox 204 4860 400 4902; x_wconf 77' lang='lat' dir='ltr'><strong>strans</strong></span> <span class='ocrx_word' id='word_1_359' title='bbox 449 4863 600 4900; x_wconf 89' lang='lat' dir='ltr'><strong>usum</strong></span> <span class='ocrx_word' id='word_1_360' title='bbox 634 4847 862 4908; x_wconf 88' lang='lat' dir='ltr'><strong>illarum,</strong></span> <span class='ocrx_word' id='word_1_361' title='bbox 895 4846 1138 4914; x_wconf 86' lang='lat' dir='ltr'><strong>subjicit:</strong></span> <span class='ocrx_word' id='word_1_362' title='bbox 1167 4846 1229 4898; x_wconf 80' lang='lat' dir='ltr'><strong>Et</strong></span> <span class='ocrx_word' id='word_1_363' title='bbox 1259 4847 1360 4898; x_wconf 81' lang='lat' dir='ltr'><strong>illis</strong></span> <span class='ocrx_word' id='word_1_364' title='bbox 1385 4848 1548 4900; x_wconf 83' lang='lat' dir='ltr'><strong>canile</strong></span> <span class='ocrx_word' id='word_1_365' title='bbox 1575 4847 1626 4898; x_wconf 90' lang='lat' dir='ltr'><strong>in</strong></span> <span class='ocrx_word' id='word_1_366' title='bbox 1653 4847 1798 4899; x_wconf 81' lang='lat' dir='ltr'><strong>holo-</strong></span> 
     </span>
    </p>
   </div>
   <div class='ocr_carea' id='block_1_49' title="bbox 194 4939 1792 5005">
    <p class='ocr_par' dir='ltr' id='par_1_49' title="bbox 194 4939 1792 5005">
     <span class='ocr_line' id='line_1_49' title="bbox 194 4939 1792 5005; baseline -0.003 -11"><span class='ocrx_word' id='word_1_367' title='bbox 194 4941 520 4994; x_wconf 80' lang='lat' dir='ltr'><strong>cautomatis</strong></span> <span class='ocrx_word' id='word_1_368' title='bbox 537 4940 726 5002; x_wconf 80' lang='lat' dir='ltr'><strong>vestris,</strong></span> <span class='ocrx_word' id='word_1_369' title='bbox 745 4949 790 4993; x_wconf 90' lang='lat' dir='ltr'><strong>et</strong></span> <span class='ocrx_word' id='word_1_370' title='bbox 817 4939 868 4992; x_wconf 87' lang='lat' dir='ltr'><strong>in</strong></span> <span class='ocrx_word' id='word_1_371' title='bbox 895 4939 1158 5005; x_wconf 75' lang='lat' dir='ltr'><strong>sacriï¬ciis</strong></span> <span class='ocrx_word' id='word_1_372' title='bbox 1174 4940 1469 4992; x_wconf 82' lang='lat' dir='ltr'><strong>salutarium</strong></span> <span class='ocrx_word' id='word_1_373' title='bbox 1497 4949 1792 4992; x_wconf 79' lang='lat' dir='ltr'><strong>vestrorum.</strong></span> 
     </span>
    </p>
   </div>
   <div class='ocr_carea' id='block_1_50' title="bbox 194 5028 1798 5099">
    <p class='ocr_par' dir='ltr' id='par_1_50' title="bbox 194 5028 1798 5099">
     <span class='ocr_line' id='line_1_50' title="bbox 194 5028 1798 5099; baseline -0.004 -11"><span class='ocrx_word' id='word_1_374' title='bbox 194 5031 314 5088; x_wconf 82' lang='lat' dir='ltr'><strong>Ubi</strong></span> <span class='ocrx_word' id='word_1_375' title='bbox 363 5030 527 5099; x_wconf 81' lang='lat' dir='ltr'><strong>igitur</strong></span> <span class='ocrx_word' id='word_1_376' title='bbox 554 5037 636 5084; x_wconf 84' lang='lat' dir='ltr'><strong>est</strong></span> <span class='ocrx_word' id='word_1_377' title='bbox 662 5028 857 5091; x_wconf 88' lang='lat' dir='ltr'><strong>altare,</strong></span> <span class='ocrx_word' id='word_1_378' title='bbox 887 5028 974 5081; x_wconf 87' lang='lat' dir='ltr'><strong>ubi</strong></span> <span class='ocrx_word' id='word_1_379' title='bbox 1003 5043 1154 5090; x_wconf 91' lang='lat' dir='ltr'><strong>arca,</strong></span> <span class='ocrx_word' id='word_1_380' title='bbox 1183 5028 1270 5081; x_wconf 90' lang='lat' dir='ltr'><strong>ubi</strong></span> <span class='ocrx_word' id='word_1_381' title='bbox 1298 5028 1690 5081; x_wconf 89' lang='lat' dir='ltr'><strong>tabernaculum</strong></span> <span class='ocrx_word' id='word_1_382' title='bbox 1743 5036 1798 5081; x_wconf 92' lang='lat' dir='ltr'><strong>et</strong></span> 
     </span>
    </p>
   </div>
   <div class='ocr_carea' id='block_1_51' title="bbox 192 5117 1795 5187">
    <p class='ocr_par' dir='ltr' id='par_1_51' title="bbox 192 5117 1795 5187">
     <span class='ocr_line' id='line_1_51' title="bbox 192 5117 1795 5187; baseline -0.003 -11"><span class='ocrx_word' id='word_1_383' title='bbox 192 5123 427 5177; x_wconf 87' lang='lat' dir='ltr'><strong>Sancta</strong></span> <span class='ocrx_word' id='word_1_384' title='bbox 441 5119 888 5184; x_wconf 89' lang='lat' dir='ltr'><strong>sanctorum,ubi</strong></span> <span class='ocrx_word' id='word_1_385' title='bbox 935 5118 1203 5181; x_wconf 88' lang='lat' dir='ltr'><strong>sacerdos,</strong></span> <span class='ocrx_word' id='word_1_386' title='bbox 1237 5118 1323 5170; x_wconf 91' lang='lat' dir='ltr'><strong>ubi</strong></span> <span class='ocrx_word' id='word_1_387' title='bbox 1355 5117 1636 5171; x_wconf 86' lang='lat' dir='ltr'><strong>Cherubim</strong></span> <span class='ocrx_word' id='word_1_388' title='bbox 1676 5117 1795 5187; x_wconf 86' lang='lat' dir='ltr'><strong>glo-</strong></span> 
     </span>
    </p>
   </div>
   <div class='ocr_carea' id='block_1_52' title="bbox 183 5208 1792 5279">
    <p class='ocr_par' dir='ltr' id='par_1_52' title="bbox 183 5208 1792 5279">
     <span class='ocr_line' id='line_1_52' title="bbox 183 5208 1792 5279; baseline -0.004 -12"><span class='ocrx_word' id='word_1_389' title='bbox 183 5221 339 5279; x_wconf 73' lang='grc' dir='ltr'><strong>Î¹-á¼±Îµá¿Î¹,</strong></span> <span class='ocrx_word' id='word_1_390' title='bbox 389 5213 480 5266; x_wconf 89' lang='lat' dir='ltr'><strong>ubi</strong></span> <span class='ocrx_word' id='word_1_391' title='bbox 533 5211 854 5265; x_wconf 89' lang='lat' dir='ltr'><strong>thuribulum</strong></span> <span class='ocrx_word' id='word_1_392' title='bbox 905 5225 1155 5272; x_wconf 86' lang='lat' dir='ltr'><strong>aureum,</strong></span> <span class='ocrx_word' id='word_1_393' title='bbox 1203 5208 1288 5261; x_wconf 89' lang='lat' dir='ltr'><strong>ubi</strong></span> <span class='ocrx_word' id='word_1_394' title='bbox 1340 5208 1792 5276; x_wconf 85' lang='lat' dir='ltr'><strong>propitiaterinm,</strong></span> 
     </span>
    </p>
   </div>
   <div class='ocr_carea' id='block_1_53' title="bbox 187 5299 1796 5375">
    <p class='ocr_par' dir='ltr' id='par_1_53' title="bbox 187 5299 1796 5375">
     <span class='ocr_line' id='line_1_53' title="bbox 187 5299 1796 5375; baseline -0.003 -16"><span class='ocrx_word' id='word_1_395' title='bbox 187 5307 303 5359; x_wconf 86' lang='lat' dir='ltr'><strong>ubi</strong></span> <span class='ocrx_word' id='word_1_396' title='bbox 337 5303 538 5375; x_wconf 85' lang='lat' dir='ltr'><strong>phiala,</strong></span> <span class='ocrx_word' id='word_1_397' title='bbox 566 5303 652 5358; x_wconf 89' lang='lat' dir='ltr'><strong>ubi</strong></span> <span class='ocrx_word' id='word_1_398' title='bbox 688 5310 882 5372; x_wconf 75' lang='lat' dir='ltr'><strong>patera:</strong></span> <span class='ocrx_word' id='word_1_399' title='bbox 909 5301 1184 5363; x_wconf 73' lang='lat' dir='ltr'><strong>libatorire,</strong></span> <span class='ocrx_word' id='word_1_400' title='bbox 1207 5301 1293 5354; x_wconf 90' lang='lat' dir='ltr'><strong>ubi</strong></span> <span class='ocrx_word' id='word_1_401' title='bbox 1327 5299 1460 5368; x_wconf 81' lang='lat' dir='ltr'><strong>ignis</strong></span> <span class='ocrx_word' id='word_1_402' title='bbox 1485 5301 1572 5353; x_wconf 89' lang='lat' dir='ltr'><strong>ille</strong></span> <span class='ocrx_word' id='word_1_403' title='bbox 1592 5300 1796 5354; x_wconf 70' lang='lat' dir='ltr'><strong>cazlitus</strong></span> 
     </span>
    </p>
   </div>
   <div class='ocr_carea' id='block_1_54' title="bbox 187 5389 1796 5453">
    <p class='ocr_par' dir='ltr' id='par_1_54' title="bbox 187 5389 1796 5453">
     <span class='ocr_line' id='line_1_54' title="bbox 187 5389 1796 5453; baseline -0.001 -7"><span class='ocrx_word' id='word_1_404' title='bbox 187 5393 524 5448; x_wconf 82' lang='lat' dir='ltr'><strong>demissus?</strong></span> <span class='ocrx_word' id='word_1_405' title='bbox 561 5393 694 5445; x_wconf 90' lang='lat' dir='ltr'><strong>Cum</strong></span> <span class='ocrx_word' id='word_1_406' title='bbox 733 5392 907 5448; x_wconf 84' lang='lat' dir='ltr'><strong>omnia</strong></span> <span class='ocrx_word' id='word_1_407' title='bbox 935 5391 1210 5453; x_wconf 86' lang='lat' dir='ltr'><strong>amiseris,</strong></span> <span class='ocrx_word' id='word_1_408' title='bbox 1242 5389 1372 5444; x_wconf 86' lang='lat' dir='ltr'><strong>nihil</strong></span> <span class='ocrx_word' id='word_1_409' title='bbox 1415 5389 1556 5443; x_wconf 88' lang='lat' dir='ltr'><strong>aliud</strong></span> <span class='ocrx_word' id='word_1_410' title='bbox 1601 5390 1796 5444; x_wconf 89' lang='lat' dir='ltr'><strong>retines</strong></span> 
     </span>
    </p>
   </div>
   <div class='ocr_carea' id='block_1_55' title="bbox 193 5483 1793 5556">
    <p class='ocr_par' dir='ltr' id='par_1_55' title="bbox 193 5483 1793 5556">
     <span class='ocr_line' id='line_1_55' title="bbox 193 5483 1793 5556; baseline 0 -21"><span class='ocrx_word' id='word_1_411' title='bbox 193 5504 377 5556; x_wconf 75' lang='lat' dir='ltr'><strong>quam</strong></span> <span class='ocrx_word' id='word_1_412' title='bbox 413 5486 600 5540; x_wconf 85' lang='lat' dir='ltr'><strong>tubas?</strong></span> <span class='ocrx_word' id='word_1_413' title='bbox 627 5484 786 5540; x_wconf 83' lang='lat' dir='ltr'><strong>Vides</strong></span> <span class='ocrx_word' id='word_1_414' title='bbox 827 5486 942 5539; x_wconf 89' lang='lat' dir='ltr'><strong>illos</strong></span> <span class='ocrx_word' id='word_1_415' title='bbox 972 5484 1153 5538; x_wconf 90' lang='lat' dir='ltr'><strong>ludere</strong></span> <span class='ocrx_word' id='word_1_416' title='bbox 1204 5485 1379 5538; x_wconf 86' lang='lat' dir='ltr'><strong>verius</strong></span> <span class='ocrx_word' id='word_1_417' title='bbox 1423 5498 1580 5552; x_wconf 89' lang='lat' dir='ltr'><strong>quam</strong></span> <span class='ocrx_word' id='word_1_418' title='bbox 1631 5483 1793 5536; x_wconf 89' lang='lat' dir='ltr'><strong>Demn</strong></span> 
     </span>
    </p>
   </div>
   <div class='ocr_carea' id='block_1_56' title="bbox 193 5577 1792 5648">
    <p class='ocr_par' dir='ltr' id='par_1_56' title="bbox 193 5577 1792 5648">
     <span class='ocr_line' id='line_1_56' title="bbox 193 5577 1792 5648; baseline -0.001 -17"><span class='ocrx_word' id='word_1_419' title='bbox 193 5578 434 5633; x_wconf 69' lang='lat' dir='ltr'><strong>rolcre?</strong></span> <span class='ocrx_word' id='word_1_420' title='bbox 458 5579 652 5632; x_wconf 70' lang='lat' dir='ltr'><strong>Verum</strong></span> <span class='ocrx_word' id='word_1_421' title='bbox 698 5577 1141 5648; x_wconf 76' lang='lat' dir='ltr'><strong>quemadmodum</strong></span> <span class='ocrx_word' id='word_1_422' title='bbox 1172 5577 1290 5632; x_wconf 88' lang='lat' dir='ltr'><strong>illos</strong></span> <span class='ocrx_word' id='word_1_423' title='bbox 1311 5577 1581 5647; x_wconf 88' lang='lat' dir='ltr'><strong>culpamus</strong></span> <span class='ocrx_word' id='word_1_424' title='bbox 1606 5620 1621 5642; x_wconf 94' lang='lat'><strong>,</strong></span> <span class='ocrx_word' id='word_1_425' title='bbox 1653 5577 1792 5648; x_wconf 91' lang='lat' dir='ltr'><strong>quod</strong></span> 
     </span>
    </p>
   </div>
   <div class='ocr_carea' id='block_1_57' title="bbox 1453 373 2278 432">
    <p class='ocr_par' dir='ltr' id='par_1_57' title="bbox 1453 373 2278 432">
     <span class='ocr_line' id='line_1_57' title="bbox 1453 373 2278 432; baseline 0.007 -6"><span class='ocrx_word' id='word_1_426' title='bbox 1453 373 1814 432; x_wconf 79' lang='lat' dir='ltr'><strong>ADVERSUS</strong></span> <span class='ocrx_word' id='word_1_427' title='bbox 1849 375 2149 432; x_wconf 69' lang='lat' dir='ltr'><strong>JUD/EOS.</strong></span> <span class='ocrx_word' id='word_1_428' title='bbox 2191 375 2278 432; x_wconf 83' lang='lat' dir='ltr'><strong>IV.</strong></span> 
     </span>
    </p>
   </div>
   <div class='ocr_carea' id='block_1_58' title="bbox 231 478 1814 556">
    <p class='ocr_par' dir='ltr' id='par_1_58' title="bbox 231 478 1814 556">
     <span class='ocr_line' id='line_1_58' title="bbox 231 478 1814 556; baseline 0.008 -24"><span class='ocrx_word' id='word_1_429' title='bbox 231 481 306 534; x_wconf 81' lang='lat' dir='ltr'><strong>fas</strong></span> <span class='ocrx_word' id='word_1_430' title='bbox 330 495 438 534; x_wconf 91' lang='lat' dir='ltr'><strong>non</strong></span> <span class='ocrx_word' id='word_1_431' title='bbox 465 487 549 534; x_wconf 90' lang='lat' dir='ltr'><strong>est</strong></span> <span class='ocrx_word' id='word_1_432' title='bbox 580 478 901 547; x_wconf 84' lang='lat' dir='ltr'><strong>sacrificari;</strong></span> <span class='ocrx_word' id='word_1_433' title='bbox 932 482 1100 537; x_wconf 82' lang='lat' dir='ltr'><strong>solam</strong></span> <span class='ocrx_word' id='word_1_434' title='bbox 1129 481 1515 556; x_wconf 76' lang='lat' dir='ltr'><strong>Jerosolymam</strong></span> <span class='ocrx_word' id='word_1_435' title='bbox 1545 487 1646 542; x_wconf 82' lang='lat' dir='ltr'><strong>illis</strong></span> <span class='ocrx_word' id='word_1_436' title='bbox 1665 488 1814 544; x_wconf 88' lang='lat' dir='ltr'><strong>adire</strong></span> 
     </span>
    </p>
   </div>
   <div class='ocr_carea' id='block_1_59' title="bbox 229 573 1814 648">
    <p class='ocr_par' dir='ltr' id='par_1_59' title="bbox 229 573 1814 648">
     <span class='ocr_line' id='line_1_59' title="bbox 229 573 1814 648; baseline 0.005 -22"><span class='ocrx_word' id='word_1_437' title='bbox 229 587 335 626; x_wconf 81' lang='lat' dir='ltr'><strong>non</strong></span> <span class='ocrx_word' id='word_1_438' title='bbox 369 573 528 638; x_wconf 89' lang='lat' dir='ltr'><strong>licet,</strong></span> <span class='ocrx_word' id='word_1_439' title='bbox 573 573 623 626; x_wconf 90' lang='lat' dir='ltr'><strong>in</strong></span> <span class='ocrx_word' id='word_1_440' title='bbox 661 587 762 642; x_wconf 87' lang='lat' dir='ltr'><strong>qua</strong></span> <span class='ocrx_word' id='word_1_441' title='bbox 792 573 908 628; x_wconf 89' lang='lat' dir='ltr'><strong>sola</strong></span> <span class='ocrx_word' id='word_1_442' title='bbox 947 574 1069 628; x_wconf 90' lang='lat' dir='ltr'><strong>licet</strong></span> <span class='ocrx_word' id='word_1_443' title='bbox 1112 575 1406 631; x_wconf 86' lang='lat' dir='ltr'><strong>immolare.</strong></span> <span class='ocrx_word' id='word_1_444' title='bbox 1435 578 1625 632; x_wconf 82' lang='lat' dir='ltr'><strong>Annon</strong></span> <span class='ocrx_word' id='word_1_445' title='bbox 1655 581 1814 648; x_wconf 82' lang='lat' dir='ltr'><strong>igitur</strong></span> 
     </span>
    </p>
   </div>
   <div class='ocr_carea' id='block_1_60' title="bbox 3382 388 3487 444">
    <p class='ocr_par' dir='ltr' id='par_1_60' title="bbox 3382 388 3487 444">
     <span class='ocr_line' id='line_1_60' title="bbox 3382 388 3487 444; baseline -0.01 -2"><span class='ocrx_word' id='word_1_446' title='bbox 3382 388 3487 444; x_wconf 65' lang='lat' dir='ltr'><strong>8S9.</strong></span> 
     </span>
    </p>
   </div>
   <div class='ocr_carea' id='block_1_61' title="bbox 1921 488 3490 570">
    <p class='ocr_par' dir='ltr' id='par_1_61' title="bbox 1921 488 3490 570">
     <span class='ocr_line' id='line_1_61' title="bbox 1921 488 3490 570; baseline 0.007 -28"><span class='ocrx_word' id='word_1_447' title='bbox 1921 488 2110 570; x_wconf 47' lang='lat' dir='ltr'><strong>legcmâ€˜</strong></span> <span class='ocrx_word' id='word_1_448' title='bbox 2127 489 2614 558; x_wconf 81' lang='lat' dir='ltr'><strong>transgrediuntur:</strong></span> <span class='ocrx_word' id='word_1_449' title='bbox 2647 491 2715 546; x_wconf 91' lang='lat' dir='ltr'><strong>ita</strong></span> <span class='ocrx_word' id='word_1_450' title='bbox 2763 493 2930 548; x_wconf 89' lang='lat' dir='ltr'><strong>multo</strong></span> <span class='ocrx_word' id='word_1_451' title='bbox 2955 495 3118 564; x_wconf 87' lang='lat' dir='ltr'><strong>magis</strong></span> <span class='ocrx_word' id='word_1_452' title='bbox 3139 509 3234 551; x_wconf 89' lang='lat' dir='ltr'><strong>vos</strong></span> <span class='ocrx_word' id='word_1_453' title='bbox 3280 497 3490 553; x_wconf 83' lang='lat' dir='ltr'><strong>incusa-</strong></span> 
     </span>
    </p>
   </div>
   <div class='ocr_carea' id='block_1_62' title="bbox 1919 579 3494 654">
    <p class='ocr_par' dir='ltr' id='par_1_62' title="bbox 1919 579 3494 654">
     <span class='ocr_line' id='line_1_62' title="bbox 1919 579 3494 654; baseline 0.009 -22"><span class='ocrx_word' id='word_1_454' title='bbox 1919 594 2038 632; x_wconf 89' lang='lat' dir='ltr'><strong>mus</strong></span> <span class='ocrx_word' id='word_1_455' title='bbox 2059 620 2074 642; x_wconf 94' lang='lat'><strong>,</strong></span> <span class='ocrx_word' id='word_1_456' title='bbox 2101 580 2242 648; x_wconf 90' lang='lat' dir='ltr'><strong>quod</strong></span> <span class='ocrx_word' id='word_1_457' title='bbox 2271 579 2337 632; x_wconf 91' lang='lat' dir='ltr'><strong>ad</strong></span> <span class='ocrx_word' id='word_1_458' title='bbox 2395 588 2816 650; x_wconf 81' lang='lat' dir='ltr'><strong>transgressores</strong></span> <span class='ocrx_word' id='word_1_459' title='bbox 2844 584 2972 654; x_wconf 81' lang='lat' dir='ltr'><strong>legis</strong></span> <span class='ocrx_word' id='word_1_460' title='bbox 3005 589 3356 653; x_wconf 81' lang='lat' dir='ltr'><strong>concurritis;</strong></span> <span class='ocrx_word' id='word_1_461' title='bbox 3389 607 3494 646; x_wconf 87' lang='lat' dir='ltr'><strong>nec</strong></span> 
     </span>
    </p>
   </div>
   <div class='ocr_carea' id='block_1_63' title="bbox 1916 673 3486 740">
    <p class='ocr_par' dir='ltr' id='par_1_63' title="bbox 1916 673 3486 740">
     <span class='ocr_line' id='line_1_63' title="bbox 1916 673 3486 740; baseline 0.01 -16"><span class='ocrx_word' id='word_1_462' title='bbox 1916 673 2036 726; x_wconf 90' lang='lat' dir='ltr'><strong>illos</strong></span> <span class='ocrx_word' id='word_1_463' title='bbox 2066 681 2266 725; x_wconf 88' lang='lat' dir='ltr'><strong>tantum</strong></span> <span class='ocrx_word' id='word_1_464' title='bbox 2286 714 2300 734; x_wconf 91' lang='lat'><strong>,</strong></span> <span class='ocrx_word' id='word_1_465' title='bbox 2331 674 2418 737; x_wconf 83' lang='lat' dir='ltr'><strong>qui</strong></span> <span class='ocrx_word' id='word_1_466' title='bbox 2450 689 2515 727; x_wconf 93' lang='lat' dir='ltr'><strong>eo</strong></span> <span class='ocrx_word' id='word_1_467' title='bbox 2565 683 2909 740; x_wconf 90' lang='lat' dir='ltr'><strong>concurrunt,</strong></span> <span class='ocrx_word' id='word_1_468' title='bbox 2939 692 3122 733; x_wconf 90' lang='lat' dir='ltr'><strong>verum</strong></span> <span class='ocrx_word' id='word_1_469' title='bbox 3172 681 3330 734; x_wconf 91' lang='lat' dir='ltr'><strong>etiam</strong></span> <span class='ocrx_word' id='word_1_470' title='bbox 3390 699 3486 739; x_wconf 88' lang='lat' dir='ltr'><strong>eos</strong></span> 
     </span>
    </p>
   </div>
   <div class='ocr_carea' id='block_1_64' title="bbox 1914 764 3482 837">
    <p class='ocr_par' dir='ltr' id='par_1_64' title="bbox 1914 764 3482 837">
     <span class='ocr_line' id='line_1_64' title="bbox 1914 764 3482 837; baseline 0.01 -23"><span class='ocrx_word' id='word_1_471' title='bbox 1914 764 2107 831; x_wconf 89' lang='lat' dir='ltr'><strong>quibus</strong></span> <span class='ocrx_word' id='word_1_472' title='bbox 2130 778 2248 818; x_wconf 90' lang='lat' dir='ltr'><strong>cum</strong></span> <span class='ocrx_word' id='word_1_473' title='bbox 2275 764 2344 817; x_wconf 90' lang='lat' dir='ltr'><strong>sit</strong></span> <span class='ocrx_word' id='word_1_474' title='bbox 2389 765 2676 819; x_wconf 84' lang='lat' dir='ltr'><strong>auctoritas</strong></span> <span class='ocrx_word' id='word_1_475' title='bbox 2698 768 3006 835; x_wconf 86' lang='lat' dir='ltr'><strong>prohibendi</strong></span> <span class='ocrx_word' id='word_1_476' title='bbox 3034 785 3185 837; x_wconf 90' lang='lat' dir='ltr'><strong>suos,</strong></span> <span class='ocrx_word' id='word_1_477' title='bbox 3210 775 3378 827; x_wconf 89' lang='lat' dir='ltr'><strong>nolint</strong></span> <span class='ocrx_word' id='word_1_478' title='bbox 3404 785 3482 828; x_wconf 86' lang='lat' dir='ltr'><strong>ta-</strong></span> 
     </span>
    </p>
   </div>
   <div class='ocr_carea' id='block_1_65' title="bbox 1918 854 3485 929">
    <p class='ocr_par' dir='ltr' id='par_1_65' title="bbox 1918 854 3485 929">
     <span class='ocr_line' id='line_1_65' title="bbox 1918 854 3485 929; baseline 0.006 -23"><span class='ocrx_word' id='word_1_479' title='bbox 1918 869 2038 907; x_wconf 90' lang='lat' dir='ltr'><strong>men</strong></span> <span class='ocrx_word' id='word_1_480' title='bbox 2099 855 2147 908; x_wconf 92' lang='lat' dir='ltr'><strong>id</strong></span> <span class='ocrx_word' id='word_1_481' title='bbox 2191 854 2379 910; x_wconf 92' lang='lat' dir='ltr'><strong>facere.</strong></span> <span class='ocrx_word' id='word_1_482' title='bbox 2431 857 2506 910; x_wconf 85' lang='lat' dir='ltr'><strong>Nc</strong></span> <span class='ocrx_word' id='word_1_483' title='bbox 2530 858 2655 911; x_wconf 92' lang='lat' dir='ltr'><strong>mihi</strong></span> <span class='ocrx_word' id='word_1_484' title='bbox 2688 858 2916 912; x_wconf 88' lang='lat' dir='ltr'><strong>dixeris:</strong></span> <span class='ocrx_word' id='word_1_485' title='bbox 2942 861 3064 929; x_wconf 89' lang='lat' dir='ltr'><strong>quid</strong></span> <span class='ocrx_word' id='word_1_486' title='bbox 3095 863 3362 918; x_wconf 87' lang='lat' dir='ltr'><strong>mihicum</strong></span> <span class='ocrx_word' id='word_1_487' title='bbox 3395 867 3485 920; x_wconf 89' lang='lat' dir='ltr'><strong>illo</strong></span> 
     </span>
    </p>
   </div>
   <div class='ocr_carea' id='block_1_66' title="bbox 1911 945 3486 1014">
    <p class='ocr_par' dir='ltr' id='par_1_66' title="bbox 1911 945 3486 1014">
     <span class='ocr_line' id='line_1_66' title="bbox 1911 945 3486 1014; baseline 0.008 -20"><span class='ocrx_word' id='word_1_488' title='bbox 1911 945 2213 998; x_wconf 87' lang='lat' dir='ltr'><strong>commercii</strong></span> <span class='ocrx_word' id='word_1_489' title='bbox 2241 945 2361 998; x_wconf 88' lang='lat' dir='ltr'><strong>est?</strong></span> <span class='ocrx_word' id='word_1_490' title='bbox 2395 946 2616 999; x_wconf 89' lang='lat' dir='ltr'><strong>Alienus</strong></span> <span class='ocrx_word' id='word_1_491' title='bbox 2639 955 2754 1011; x_wconf 90' lang='lat' dir='ltr'><strong>est,</strong></span> <span class='ocrx_word' id='word_1_492' title='bbox 2785 947 2990 1014; x_wconf 84' lang='lat' dir='ltr'><strong>ignotus</strong></span> <span class='ocrx_word' id='word_1_493' title='bbox 3019 959 3125 1004; x_wconf 90' lang='lat' dir='ltr'><strong>est.</strong></span> <span class='ocrx_word' id='word_1_494' title='bbox 3163 952 3292 1004; x_wconf 89' lang='lat' dir='ltr'><strong>Dum</strong></span> <span class='ocrx_word' id='word_1_495' title='bbox 3328 952 3486 1009; x_wconf 81' lang='lat' dir='ltr'><strong>fuerit</strong></span> 
     </span>
    </p>
   </div>
   <div class='ocr_carea' id='block_1_67' title="bbox 1911 1031 3481 1108">
    <p class='ocr_par' dir='ltr' id='par_1_67' title="bbox 1911 1031 3481 1108">
     <span class='ocr_line' id='line_1_67' title="bbox 1911 1031 3481 1108; baseline 0.008 -24"><span class='ocrx_word' id='word_1_496' title='bbox 1911 1031 2083 1086; x_wconf 83' lang='lat' dir='ltr'><strong>fidelis</strong></span> <span class='ocrx_word' id='word_1_497' title='bbox 2104 1075 2117 1097; x_wconf 95' lang='lat'><strong>,</strong></span> <span class='ocrx_word' id='word_1_498' title='bbox 2147 1032 2271 1086; x_wconf 91' lang='lat' dir='ltr'><strong>dum</strong></span> <span class='ocrx_word' id='word_1_499' title='bbox 2303 1035 2608 1088; x_wconf 79' lang='lat' dir='ltr'><strong>earumdem</strong></span> <span class='ocrx_word' id='word_1_500' title='bbox 2638 1037 2897 1106; x_wconf 87' lang='lat' dir='ltr'><strong>particeps</strong></span> <span class='ocrx_word' id='word_1_501' title='bbox 2928 1041 3294 1108; x_wconf 82' lang='lat' dir='ltr'><strong>mysteriorum</strong></span> <span class='ocrx_word' id='word_1_502' title='bbox 3317 1084 3332 1107; x_wconf 95' lang='lat'><strong>,</strong></span> <span class='ocrx_word' id='word_1_503' title='bbox 3357 1043 3481 1096; x_wconf 85' lang='lat' dir='ltr'><strong>dum</strong></span> 
     </span>
    </p>
   </div>
   <div class='ocr_carea' id='block_1_68' title="bbox 1910 1123 3479 1197">
    <p class='ocr_par' dir='ltr' id='par_1_68' title="bbox 1910 1123 3479 1197">
     <span class='ocr_line' id='line_1_68' title="bbox 1910 1123 3479 1197; baseline 0.008 -22"><span class='ocrx_word' id='word_1_504' title='bbox 1910 1123 1960 1175; x_wconf 88' lang='lat' dir='ltr'><strong>in</strong></span> <span class='ocrx_word' id='word_1_505' title='bbox 1991 1124 2232 1177; x_wconf 88' lang='lat' dir='ltr'><strong>eamdem</strong></span> <span class='ocrx_word' id='word_1_506' title='bbox 2282 1127 2530 1179; x_wconf 89' lang='lat' dir='ltr'><strong>convenit</strong></span> <span class='ocrx_word' id='word_1_507' title='bbox 2560 1126 2849 1180; x_wconf 89' lang='lat' dir='ltr'><strong>Ecclesiam</strong></span> <span class='ocrx_word' id='word_1_508' title='bbox 2871 1169 2883 1189; x_wconf 90' lang='lat'><strong>,</strong></span> <span class='ocrx_word' id='word_1_509' title='bbox 2910 1138 2962 1181; x_wconf 87' lang='lat' dir='ltr'><strong>et</strong></span> <span class='ocrx_word' id='word_1_510' title='bbox 2992 1130 3273 1197; x_wconf 87' lang='lat' dir='ltr'><strong>fratribus,</strong></span> <span class='ocrx_word' id='word_1_511' title='bbox 3304 1142 3358 1185; x_wconf 86' lang='lat' dir='ltr'><strong>et</strong></span> <span class='ocrx_word' id='word_1_512' title='bbox 3394 1147 3479 1186; x_wconf 90' lang='lat' dir='ltr'><strong>co-</strong></span> 
     </span>
    </p>
   </div>
   <div class='ocr_carea' id='block_1_69' title="bbox 1908 1214 3480 1291">
    <p class='ocr_par' dir='ltr' id='par_1_69' title="bbox 1908 1214 3480 1291">
     <span class='ocr_line' id='line_1_69' title="bbox 1908 1214 3480 1291; baseline 0.005 -26"><span class='ocrx_word' id='word_1_513' title='bbox 1908 1214 2110 1281; x_wconf 77' lang='lat' dir='ltr'><strong>gnatis,</strong></span> <span class='ocrx_word' id='word_1_514' title='bbox 2138 1222 2192 1266; x_wconf 91' lang='lat' dir='ltr'><strong>et</strong></span> <span class='ocrx_word' id='word_1_515' title='bbox 2217 1216 2531 1268; x_wconf 84' lang='lat' dir='ltr'><strong>necessariis</strong></span> <span class='ocrx_word' id='word_1_516' title='bbox 2551 1258 2564 1279; x_wconf 91' lang='lat'><strong>,</strong></span> <span class='ocrx_word' id='word_1_517' title='bbox 2590 1227 2643 1270; x_wconf 91' lang='lat' dir='ltr'><strong>et</strong></span> <span class='ocrx_word' id='word_1_518' title='bbox 2669 1218 2876 1270; x_wconf 60' lang='lat' dir='ltr'><strong>caeteris</strong></span> <span class='ocrx_word' id='word_1_519' title='bbox 2903 1218 3147 1272; x_wconf 89' lang='lat' dir='ltr'><strong>omnilms</strong></span> <span class='ocrx_word' id='word_1_520' title='bbox 3167 1233 3246 1273; x_wconf 90' lang='lat' dir='ltr'><strong>est</strong></span> <span class='ocrx_word' id='word_1_521' title='bbox 3266 1222 3480 1291; x_wconf 85' lang='lat' dir='ltr'><strong>propin-</strong></span> 
     </span>
    </p>
   </div>
   <div class='ocr_carea' id='block_1_70' title="bbox 1908 1305 3479 1382">
    <p class='ocr_par' dir='ltr' id='par_1_70' title="bbox 1908 1305 3479 1382">
     <span class='ocr_line' id='line_1_70' title="bbox 1908 1305 3479 1382; baseline 0.006 -26"><span class='ocrx_word' id='word_1_522' title='bbox 1908 1305 2079 1372; x_wconf 91' lang='lat' dir='ltr'><strong>quior.</strong></span> <span class='ocrx_word' id='word_1_523' title='bbox 2110 1305 2336 1359; x_wconf 85' lang='lat' dir='ltr'><strong>Proinde</strong></span> <span class='ocrx_word' id='word_1_524' title='bbox 2363 1307 2500 1360; x_wconf 91' lang='lat' dir='ltr'><strong>sicut</strong></span> <span class='ocrx_word' id='word_1_525' title='bbox 2531 1323 2633 1360; x_wconf 89' lang='lat' dir='ltr'><strong>non</strong></span> <span class='ocrx_word' id='word_1_526' title='bbox 2670 1309 2766 1376; x_wconf 91' lang='lat' dir='ltr'><strong>ipsi</strong></span> <span class='ocrx_word' id='word_1_527' title='bbox 2795 1318 2996 1362; x_wconf 88' lang='lat' dir='ltr'><strong>tantum</strong></span> <span class='ocrx_word' id='word_1_528' title='bbox 3041 1309 3182 1364; x_wconf 85' lang='lat' dir='ltr'><strong>fures</strong></span> <span class='ocrx_word' id='word_1_529' title='bbox 3213 1311 3336 1365; x_wconf 89' lang='lat' dir='ltr'><strong>dant</strong></span> <span class='ocrx_word' id='word_1_530' title='bbox 3366 1327 3479 1382; x_wconf 72' lang='lat' dir='ltr'><strong>pa:-</strong></span> 
     </span>
    </p>
   </div>
   <div class='ocr_carea' id='block_1_71' title="bbox 1908 1399 3483 1478">
    <p class='ocr_par' dir='ltr' id='par_1_71' title="bbox 1908 1399 3483 1478">
     <span class='ocr_line' id='line_1_71' title="bbox 1908 1399 3483 1478; baseline 0.008 -30"><span class='ocrx_word' id='word_1_531' title='bbox 1908 1411 2029 1462; x_wconf 83' lang='lat' dir='ltr'><strong>nas,</strong></span> <span class='ocrx_word' id='word_1_532' title='bbox 2064 1413 2245 1450; x_wconf 80' lang='lat' dir='ltr'><strong>verum</strong></span> <span class='ocrx_word' id='word_1_533' title='bbox 2273 1399 2431 1451; x_wconf 87' lang='lat' dir='ltr'><strong>etiam</strong></span> <span class='ocrx_word' id='word_1_534' title='bbox 2469 1400 2654 1454; x_wconf 89' lang='lat' dir='ltr'><strong>eadem</strong></span> <span class='ocrx_word' id='word_1_535' title='bbox 2687 1415 2839 1468; x_wconf 75' lang='lat' dir='ltr'><strong>pmna</strong></span> <span class='ocrx_word' id='word_1_536' title='bbox 2865 1403 3172 1470; x_wconf 88' lang='lat' dir='ltr'><strong>plectuntur</strong></span> <span class='ocrx_word' id='word_1_537' title='bbox 3202 1405 3258 1470; x_wconf 90' lang='lat' dir='ltr'><strong>ii,</strong></span> <span class='ocrx_word' id='word_1_538' title='bbox 3291 1407 3483 1478; x_wconf 76' lang='lat' dir='ltr'><strong>quibus</strong></span> 
     </span>
    </p>
   </div>
   <div class='ocr_carea' id='block_1_72' title="bbox 1907 1492 3475 1555">
    <p class='ocr_par' dir='ltr' id='par_1_72' title="bbox 1907 1492 3475 1555">
     <span class='ocr_line' id='line_1_72' title="bbox 1907 1492 3475 1555; baseline 0.008 -17"><span class='ocrx_word' id='word_1_539' title='bbox 1907 1499 2027 1538; x_wconf 90' lang='lat' dir='ltr'><strong>cum</strong></span> <span class='ocrx_word' id='word_1_540' title='bbox 2079 1497 2222 1541; x_wconf 77' lang='lat' dir='ltr'><strong>esset</strong></span> <span class='ocrx_word' id='word_1_541' title='bbox 2274 1497 2504 1555; x_wconf 88' lang='lat' dir='ltr'><strong>potestas</strong></span> <span class='ocrx_word' id='word_1_542' title='bbox 2527 1492 2765 1554; x_wconf 76' lang='lat' dir='ltr'><strong>vetandi,</strong></span> <span class='ocrx_word' id='word_1_543' title='bbox 2809 1507 2912 1544; x_wconf 92' lang='lat' dir='ltr'><strong>non</strong></span> <span class='ocrx_word' id='word_1_544' title='bbox 2940 1504 3219 1549; x_wconf 90' lang='lat' dir='ltr'><strong>vetuerunt</strong></span> <span class='ocrx_word' id='word_1_545' title='bbox 3265 1506 3475 1552; x_wconf 88' lang='lat' dir='ltr'><strong>tamen:</strong></span> 
     </span>
    </p>
   </div>
   <div class='ocr_carea' id='block_1_73' title="bbox 1907 1574 3476 1657">
    <p class='ocr_par' dir='ltr' id='par_1_73' title="bbox 1907 1574 3476 1657">
     <span class='ocr_line' id='line_1_73' title="bbox 1907 1574 3476 1657; baseline 0.01 -29"><span class='ocrx_word' id='word_1_546' title='bbox 1907 1574 1978 1628; x_wconf 90' lang='lat' dir='ltr'><strong>ita</strong></span> <span class='ocrx_word' id='word_1_547' title='bbox 2005 1591 2106 1629; x_wconf 93' lang='lat' dir='ltr'><strong>non</strong></span> <span class='ocrx_word' id='word_1_548' title='bbox 2135 1578 2304 1631; x_wconf 90' lang='lat' dir='ltr'><strong>solum</strong></span> <span class='ocrx_word' id='word_1_549' title='bbox 2329 1579 2416 1647; x_wconf 90' lang='lat' dir='ltr'><strong>qui</strong></span> <span class='ocrx_word' id='word_1_550' title='bbox 2468 1580 2626 1645; x_wconf 88' lang='lat' dir='ltr'><strong>impie</strong></span> <span class='ocrx_word' id='word_1_551' title='bbox 2649 1593 2837 1649; x_wconf 88' lang='lat' dir='ltr'><strong>agunt,</strong></span> <span class='ocrx_word' id='word_1_552' title='bbox 2859 1599 3043 1637; x_wconf 88' lang='lat' dir='ltr'><strong>vermn</strong></span> <span class='ocrx_word' id='word_1_553' title='bbox 3067 1585 3224 1638; x_wconf 90' lang='lat' dir='ltr'><strong>etiam</strong></span> <span class='ocrx_word' id='word_1_554' title='bbox 3258 1587 3330 1642; x_wconf 90' lang='lat' dir='ltr'><strong>illi</strong></span> <span class='ocrx_word' id='word_1_555' title='bbox 3383 1591 3476 1657; x_wconf 80' lang='lat' dir='ltr'><strong>qui</strong></span> 
     </span>
    </p>
   </div>
   <div class='ocr_carea' id='block_1_74' title="bbox 1905 1668 3482 1736">
    <p class='ocr_par' dir='ltr' id='par_1_74' title="bbox 1905 1668 3482 1736">
     <span class='ocr_line' id='line_1_74' title="bbox 1905 1668 3482 1736; baseline 0.009 -18"><span class='ocrx_word' id='word_1_556' title='bbox 1905 1679 2025 1719; x_wconf 90' lang='lat' dir='ltr'><strong>cum</strong></span> <span class='ocrx_word' id='word_1_557' title='bbox 2060 1669 2258 1734; x_wconf 89' lang='lat' dir='ltr'><strong>possint</strong></span> <span class='ocrx_word' id='word_1_558' title='bbox 2287 1668 2353 1720; x_wconf 89' lang='lat' dir='ltr'><strong>ab</strong></span> <span class='ocrx_word' id='word_1_559' title='bbox 2401 1669 2668 1736; x_wconf 90' lang='lat' dir='ltr'><strong>impietate</strong></span> <span class='ocrx_word' id='word_1_560' title='bbox 2721 1687 2999 1736; x_wconf 89' lang='lat' dir='ltr'><strong>revocare,</strong></span> <span class='ocrx_word' id='word_1_561' title='bbox 3056 1683 3228 1728; x_wconf 90' lang='lat' dir='ltr'><strong>tamen</strong></span> <span class='ocrx_word' id='word_1_562' title='bbox 3286 1675 3369 1730; x_wconf 89' lang='lat' dir='ltr'><strong>vel</strong></span> <span class='ocrx_word' id='word_1_563' title='bbox 3409 1678 3482 1731; x_wconf 85' lang='lat' dir='ltr'><strong>ob</strong></span> 
     </span>
    </p>
   </div>
   <div class='ocr_carea' id='block_1_75' title="bbox 1907 1757 3481 1833">
    <p class='ocr_par' dir='ltr' id='par_1_75' title="bbox 1907 1757 3481 1833">
     <span class='ocr_line' id='line_1_75' title="bbox 1907 1757 3481 1833; baseline 0.01 -28"><span class='ocrx_word' id='word_1_564' title='bbox 1907 1757 2202 1827; x_wconf 82' lang='lat' dir='ltr'><strong>pigritiam,</strong></span> <span class='ocrx_word' id='word_1_565' title='bbox 2233 1759 2315 1812; x_wconf 88' lang='lat' dir='ltr'><strong>vel</strong></span> <span class='ocrx_word' id='word_1_566' title='bbox 2347 1759 2416 1812; x_wconf 93' lang='lat' dir='ltr'><strong>ob</strong></span> <span class='ocrx_word' id='word_1_567' title='bbox 2460 1760 2788 1813; x_wconf 89' lang='lat' dir='ltr'><strong>timiditatem</strong></span> <span class='ocrx_word' id='word_1_568' title='bbox 2817 1763 2865 1815; x_wconf 89' lang='lat' dir='ltr'><strong>id</strong></span> <span class='ocrx_word' id='word_1_569' title='bbox 2891 1762 3063 1818; x_wconf 81' lang='lat' dir='ltr'><strong>facere</strong></span> <span class='ocrx_word' id='word_1_570' title='bbox 3093 1765 3299 1833; x_wconf 88' lang='lat' dir='ltr'><strong>nolunt,</strong></span> <span class='ocrx_word' id='word_1_571' title='bbox 3322 1765 3481 1822; x_wconf 86' lang='lat' dir='ltr'><strong>simili</strong></span> 
     </span>
    </p>
   </div>
   <div class='ocr_carea' id='block_1_76' title="bbox 1909 1848 3482 1921">
    <p class='ocr_par' dir='ltr' id='par_1_76' title="bbox 1909 1848 3482 1921">
     <span class='ocr_line' id='line_1_76' title="bbox 1909 1848 3482 1921; baseline 0.007 -20"><span class='ocrx_word' id='word_1_572' title='bbox 1909 1861 2028 1901; x_wconf 89' lang='lat' dir='ltr'><strong>cum</strong></span> <span class='ocrx_word' id='word_1_573' title='bbox 2060 1848 2164 1902; x_wconf 88' lang='lat' dir='ltr'><strong>illis</strong></span> <span class='ocrx_word' id='word_1_574' title='bbox 2210 1864 2362 1918; x_wconf 62' lang='lat' dir='ltr'><strong>poena</strong></span> <span class='ocrx_word' id='word_1_575' title='bbox 2393 1851 2716 1919; x_wconf 90' lang='lat' dir='ltr'><strong>plectuntur.</strong></span> <span class='ocrx_word' id='word_1_576' title='bbox 2745 1851 3018 1921; x_wconf 90' lang='lat' dir='ltr'><strong>Siquidem</strong></span> <span class='ocrx_word' id='word_1_577' title='bbox 3051 1855 3303 1910; x_wconf 90' lang='lat' dir='ltr'><strong>talentum</strong></span> <span class='ocrx_word' id='word_1_578' title='bbox 3352 1858 3482 1912; x_wconf 90' lang='lat' dir='ltr'><strong>illud</strong></span> 
     </span>
    </p>
   </div>
   <div class='ocr_carea' id='block_1_77' title="bbox 1906 1938 3486 2010">
    <p class='ocr_par' dir='ltr' id='par_1_77' title="bbox 1906 1938 3486 2010">
     <span class='ocr_line' id='line_1_77' title="bbox 1906 1938 3486 2010; baseline 0.011 -25"><span class='ocrx_word' id='word_1_579' title='bbox 1906 1938 2048 2006; x_wconf 88' lang='lat' dir='ltr'><strong>quod</strong></span> <span class='ocrx_word' id='word_1_580' title='bbox 2077 1950 2350 2007; x_wconf 90' lang='lat' dir='ltr'><strong>acceperat</strong></span> <span class='ocrx_word' id='word_1_581' title='bbox 2371 1955 2432 1994; x_wconf 94' lang='lat' dir='ltr'><strong>ac</strong></span> <span class='ocrx_word' id='word_1_582' title='bbox 2454 1940 2728 1995; x_wconf 91' lang='lat' dir='ltr'><strong>defoderat</strong></span> <span class='ocrx_word' id='word_1_583' title='bbox 2751 1956 2937 1997; x_wconf 86' lang='lat' dir='ltr'><strong>servus</strong></span> <span class='ocrx_word' id='word_1_584' title='bbox 2962 1944 3067 2010; x_wconf 92' lang='lat' dir='ltr'><strong>ille,</strong></span> <span class='ocrx_word' id='word_1_585' title='bbox 3093 1945 3318 2000; x_wconf 91' lang='lat' dir='ltr'><strong>reddidit</strong></span> <span class='ocrx_word' id='word_1_586' title='bbox 3347 1947 3486 2003; x_wconf 89' lang='lat' dir='ltr'><strong>inte-</strong></span> 
     </span>
    </p>
   </div>
   <div class='ocr_carea' id='block_1_78' title="bbox 1907 2032 3484 2103">
    <p class='ocr_par' dir='ltr' id='par_1_78' title="bbox 1907 2032 3484 2103">
     <span class='ocr_line' id='line_1_78' title="bbox 1907 2032 3484 2103; baseline 0.007 -21"><span class='ocrx_word' id='word_1_587' title='bbox 1907 2045 2088 2099; x_wconf 88' lang='lat' dir='ltr'><strong>grum;</strong></span> <span class='ocrx_word' id='word_1_588' title='bbox 2137 2040 2369 2085; x_wconf 89' lang='lat' dir='ltr'><strong>attamen</strong></span> <span class='ocrx_word' id='word_1_589' title='bbox 2419 2032 2510 2086; x_wconf 93' lang='lat' dir='ltr'><strong>dat</strong></span> <span class='ocrx_word' id='word_1_590' title='bbox 2563 2048 2870 2102; x_wconf 59' lang='grc' dir='ltr'><strong>Î½Î±á¿–ÎºÎµÏ‚,ÎµÎ¿</strong></span> <span class='ocrx_word' id='word_1_591' title='bbox 2915 2036 3054 2103; x_wconf 91' lang='lat' dir='ltr'><strong>quod</strong></span> <span class='ocrx_word' id='word_1_592' title='bbox 3109 2051 3210 2089; x_wconf 92' lang='lat' dir='ltr'><strong>non</strong></span> <span class='ocrx_word' id='word_1_593' title='bbox 3262 2047 3484 2094; x_wconf 84' lang='lat' dir='ltr'><strong>auxerat</strong></span> 
     </span>
    </p>
   </div>
   <div class='ocr_carea' id='block_1_79' title="bbox 1907 2119 3480 2194">
    <p class='ocr_par' dir='ltr' id='par_1_79' title="bbox 1907 2119 3480 2194">
     <span class='ocr_line' id='line_1_79' title="bbox 1907 2119 3480 2194; baseline 0.006 -22"><span class='ocrx_word' id='word_1_594' title='bbox 1907 2119 2108 2174; x_wconf 88' lang='lat' dir='ltr'><strong>lucrum</strong></span> <span class='ocrx_word' id='word_1_595' title='bbox 2156 2119 2380 2192; x_wconf 81' lang='lat' dir='ltr'><strong>(Matth.</strong></span> <span class='ocrx_word' id='word_1_596' title='bbox 2409 2122 2492 2176; x_wconf 80' lang='lat' dir='ltr'><strong>l8.</strong></span> <span class='ocrx_word' id='word_1_597' title='bbox 2524 2122 2612 2176; x_wconf 66' lang='lat' dir='ltr'><strong>2i.</strong></span> <span class='ocrx_word' id='word_1_598' title='bbox 2639 2123 2795 2192; x_wconf 79' lang='lat' dir='ltr'><strong>sqq.):</strong></span> <span class='ocrx_word' id='word_1_599' title='bbox 2845 2125 2912 2177; x_wconf 90' lang='lat' dir='ltr'><strong>ita</strong></span> <span class='ocrx_word' id='word_1_600' title='bbox 2945 2133 2998 2178; x_wconf 91' lang='lat' dir='ltr'><strong>tu</strong></span> <span class='ocrx_word' id='word_1_601' title='bbox 3023 2125 3235 2194; x_wconf 91' lang='lat' dir='ltr'><strong>quidem</strong></span> <span class='ocrx_word' id='word_1_602' title='bbox 3272 2127 3480 2182; x_wconf 87' lang='lat' dir='ltr'><strong>etiamsi</strong></span> 
     </span>
    </p>
   </div>
   <div class='ocr_carea' id='block_1_80' title="bbox 1907 2209 3482 2286">
    <p class='ocr_par' dir='ltr' id='par_1_80' title="bbox 1907 2209 3482 2286">
     <span class='ocr_line' id='line_1_80' title="bbox 1907 2209 3482 2286; baseline 0.006 -24"><span class='ocrx_word' id='word_1_603' title='bbox 1907 2209 2020 2277; x_wconf 89' lang='lat' dir='ltr'><strong>ipse</strong></span> <span class='ocrx_word' id='word_1_604' title='bbox 2050 2225 2214 2278; x_wconf 90' lang='lat' dir='ltr'><strong>purus</strong></span> <span class='ocrx_word' id='word_1_605' title='bbox 2239 2221 2289 2264; x_wconf 89' lang='lat' dir='ltr'><strong>et</strong></span> <span class='ocrx_word' id='word_1_606' title='bbox 2318 2212 2569 2266; x_wconf 89' lang='lat' dir='ltr'><strong>innocens</strong></span> <span class='ocrx_word' id='word_1_607' title='bbox 2595 2228 2901 2280; x_wconf 88' lang='lat' dir='ltr'><strong>perseveres</strong></span> <span class='ocrx_word' id='word_1_608' title='bbox 2919 2254 2935 2279; x_wconf 95' lang='lat'><strong>,</strong></span> <span class='ocrx_word' id='word_1_609' title='bbox 2964 2215 3008 2268; x_wconf 89' lang='lat' dir='ltr'><strong>si</strong></span> <span class='ocrx_word' id='word_1_610' title='bbox 3036 2232 3138 2268; x_wconf 92' lang='lat' dir='ltr'><strong>non</strong></span> <span class='ocrx_word' id='word_1_611' title='bbox 3168 2231 3360 2286; x_wconf 86' lang='lat' dir='ltr'><strong>augeas</strong></span> <span class='ocrx_word' id='word_1_612' title='bbox 3404 2225 3482 2272; x_wconf 89' lang='lat' dir='ltr'><strong>ta-</strong></span> 
     </span>
    </p>
   </div>
   <div class='ocr_carea' id='block_1_81' title="bbox 1907 2299 3477 2370">
    <p class='ocr_par' dir='ltr' id='par_1_81' title="bbox 1907 2299 3477 2370">
     <span class='ocr_line' id='line_1_81' title="bbox 1907 2299 3477 2370; baseline 0.005 -18"><span class='ocrx_word' id='word_1_613' title='bbox 1907 2299 2104 2353; x_wconf 92' lang='lat' dir='ltr'><strong>lentum</strong></span> <span class='ocrx_word' id='word_1_614' title='bbox 2127 2340 2141 2363; x_wconf 86' lang='lat'><strong>,</strong></span> <span class='ocrx_word' id='word_1_615' title='bbox 2175 2316 2272 2354; x_wconf 87' lang='lat' dir='ltr'><strong>nec</strong></span> <span class='ocrx_word' id='word_1_616' title='bbox 2293 2301 2506 2356; x_wconf 84' lang='lat' dir='ltr'><strong>fratrem</strong></span> <span class='ocrx_word' id='word_1_617' title='bbox 2531 2312 2838 2370; x_wconf 88' lang='lat' dir='ltr'><strong>pereuntem</strong></span> <span class='ocrx_word' id='word_1_618' title='bbox 2868 2318 3087 2358; x_wconf 88' lang='lat' dir='ltr'><strong>revoces</strong></span> <span class='ocrx_word' id='word_1_619' title='bbox 3118 2304 3183 2358; x_wconf 91' lang='lat' dir='ltr'><strong>ad</strong></span> <span class='ocrx_word' id='word_1_620' title='bbox 3219 2305 3477 2370; x_wconf 89' lang='lat' dir='ltr'><strong>salutem,</strong></span> 
     </span>
    </p>
   </div>
   <div class='ocr_carea' id='block_1_82' title="bbox 1909 2389 3479 2462">
    <p class='ocr_par' dir='ltr' id='par_1_82' title="bbox 1909 2389 3479 2462">
     <span class='ocr_line' id='line_1_82' title="bbox 1909 2389 3479 2462; baseline 0.004 -20"><span class='ocrx_word' id='word_1_621' title='bbox 1909 2389 2094 2443; x_wconf 85' lang='lat' dir='ltr'><strong>eadem</strong></span> <span class='ocrx_word' id='word_1_622' title='bbox 2121 2405 2238 2458; x_wconf 75' lang='lat' dir='ltr'><strong>qure</strong></span> <span class='ocrx_word' id='word_1_623' title='bbox 2270 2389 2358 2444; x_wconf 92' lang='lat' dir='ltr'><strong>ille</strong></span> <span class='ocrx_word' id='word_1_624' title='bbox 2388 2392 2621 2459; x_wconf 89' lang='lat' dir='ltr'><strong>patieris.</strong></span> <span class='ocrx_word' id='word_1_625' title='bbox 2649 2390 2783 2458; x_wconf 88' lang='lat' dir='ltr'><strong>Quid</strong></span> <span class='ocrx_word' id='word_1_626' title='bbox 2815 2393 2987 2462; x_wconf 84' lang='lat' dir='ltr'><strong>magni</strong></span> <span class='ocrx_word' id='word_1_627' title='bbox 3029 2394 3280 2462; x_wconf 83' lang='lat' dir='ltr'><strong>postulo?</strong></span> <span class='ocrx_word' id='word_1_628' title='bbox 3304 2393 3479 2450; x_wconf 86' lang='lat' dir='ltr'><strong>Unus-</strong></span> 
     </span>
    </p>
   </div>
   <div class='ocr_carea' id='block_1_83' title="bbox 1904 2481 3477 2549">
    <p class='ocr_par' dir='ltr' id='par_1_83' title="bbox 1904 2481 3477 2549">
     <span class='ocr_line' id='line_1_83' title="bbox 1904 2481 3477 2549; baseline 0.008 -17"><span class='ocrx_word' id='word_1_629' title='bbox 1904 2481 2127 2549; x_wconf 88' lang='lat' dir='ltr'><strong>quisque</strong></span> <span class='ocrx_word' id='word_1_630' title='bbox 2150 2489 2383 2536; x_wconf 89' lang='lat' dir='ltr'><strong>vestrnm</strong></span> <span class='ocrx_word' id='word_1_631' title='bbox 2416 2498 2576 2536; x_wconf 89' lang='lat' dir='ltr'><strong>unum</strong></span> <span class='ocrx_word' id='word_1_632' title='bbox 2602 2483 2730 2536; x_wconf 88' lang='lat' dir='ltr'><strong>mihi</strong></span> <span class='ocrx_word' id='word_1_633' title='bbox 2758 2499 2821 2537; x_wconf 88' lang='lat' dir='ltr'><strong>ex</strong></span> <span class='ocrx_word' id='word_1_634' title='bbox 2853 2483 3100 2539; x_wconf 88' lang='lat' dir='ltr'><strong>fratribus</strong></span> <span class='ocrx_word' id='word_1_635' title='bbox 3145 2486 3210 2541; x_wconf 90' lang='lat' dir='ltr'><strong>ad</strong></span> <span class='ocrx_word' id='word_1_636' title='bbox 3254 2489 3477 2544; x_wconf 86' lang='lat' dir='ltr'><strong>salutem</strong></span> 
     </span>
    </p>
   </div>
   <div class='ocr_carea' id='block_1_84' title="bbox 1905 2571 3480 2650">
    <p class='ocr_par' dir='ltr' id='par_1_84' title="bbox 1905 2571 3480 2650">
     <span class='ocr_line' id='line_1_84' title="bbox 1905 2571 3480 2650; baseline 0.006 -26"><span class='ocrx_word' id='word_1_637' title='bbox 1905 2581 2154 2636; x_wconf 87' lang='lat' dir='ltr'><strong>revocet;</strong></span> <span class='ocrx_word' id='word_1_638' title='bbox 2184 2571 2270 2626; x_wconf 90' lang='lat' dir='ltr'><strong>hic</strong></span> <span class='ocrx_word' id='word_1_639' title='bbox 2290 2574 2568 2637; x_wconf 86' lang='lat' dir='ltr'><strong>sollicitus,</strong></span> <span class='ocrx_word' id='word_1_640' title='bbox 2603 2573 2690 2629; x_wconf 89' lang='lat' dir='ltr'><strong>hic</strong></span> <span class='ocrx_word' id='word_1_641' title='bbox 2712 2575 2934 2644; x_wconf 88' lang='lat' dir='ltr'><strong>quisque</strong></span> <span class='ocrx_word' id='word_1_642' title='bbox 2953 2577 3195 2630; x_wconf 91' lang='lat' dir='ltr'><strong>curiosus</strong></span> <span class='ocrx_word' id='word_1_643' title='bbox 3213 2588 3350 2646; x_wconf 87' lang='lat' dir='ltr'><strong>esto,</strong></span> <span class='ocrx_word' id='word_1_644' title='bbox 3375 2595 3480 2650; x_wconf 89' lang='lat' dir='ltr'><strong>quo</strong></span> 
     </span>
    </p>
   </div>
   <div class='ocr_carea' id='block_1_85' title="bbox 1905 2664 3477 2727">
    <p class='ocr_par' dir='ltr' id='par_1_85' title="bbox 1905 2664 3477 2727">
     <span class='ocr_line' id='line_1_85' title="bbox 1905 2664 3477 2727; baseline 0.008 -11"><span class='ocrx_word' id='word_1_645' title='bbox 1905 2664 2152 2717; x_wconf 90' lang='lat' dir='ltr'><strong>nimirum</strong></span> <span class='ocrx_word' id='word_1_646' title='bbox 2177 2665 2227 2719; x_wconf 90' lang='lat' dir='ltr'><strong>in</strong></span> <span class='ocrx_word' id='word_1_647' title='bbox 2254 2666 2482 2720; x_wconf 66' lang='lat' dir='ltr'><strong>crastina</strong></span> <span class='ocrx_word' id='word_1_648' title='bbox 2510 2667 2727 2720; x_wconf 90' lang='lat' dir='ltr'><strong>collecta</strong></span> <span class='ocrx_word' id='word_1_649' title='bbox 2760 2667 2923 2725; x_wconf 89' lang='lat' dir='ltr'><strong>nmlta</strong></span> <span class='ocrx_word' id='word_1_650' title='bbox 2951 2683 3070 2722; x_wconf 89' lang='lat' dir='ltr'><strong>cum</strong></span> <span class='ocrx_word' id='word_1_651' title='bbox 3116 2670 3302 2724; x_wconf 89' lang='lat' dir='ltr'><strong>fiducia</strong></span> <span class='ocrx_word' id='word_1_652' title='bbox 3327 2687 3477 2727; x_wconf 89' lang='lat' dir='ltr'><strong>com-</strong></span> 
     </span>
    </p>
   </div>
   <div class='ocr_carea' id='block_1_86' title="bbox 1839 2755 3476 2832">
    <p class='ocr_par' dir='ltr' id='par_1_86' title="bbox 1839 2755 3476 2832">
     <span class='ocr_line' id='line_1_86' title="bbox 1839 2755 3476 2832; baseline 0.006 -25"><span class='ocrx_word' id='word_1_653' title='bbox 1839 2759 1844 2764; x_wconf 82' lang='lat'>&#39;</span> <span class='ocrx_word' id='word_1_654' title='bbox 1903 2770 2188 2825; x_wconf 87' lang='lat' dir='ltr'><strong>pareamus</strong></span> <span class='ocrx_word' id='word_1_655' title='bbox 2226 2755 2444 2811; x_wconf 87' lang='lat' dir='ltr'><strong>donaria</strong></span> <span class='ocrx_word' id='word_1_656' title='bbox 2491 2758 2600 2811; x_wconf 92' lang='lat' dir='ltr'><strong>Deo</strong></span> <span class='ocrx_word' id='word_1_657' title='bbox 2645 2758 2872 2812; x_wconf 88' lang='lat' dir='ltr'><strong>ferentes</strong></span> <span class='ocrx_word' id='word_1_658' title='bbox 2895 2796 2910 2822; x_wconf 92' lang='lat'><strong>,</strong></span> <span class='ocrx_word' id='word_1_659' title='bbox 2944 2759 3161 2813; x_wconf 87' lang='lat' dir='ltr'><strong>donaria</strong></span> <span class='ocrx_word' id='word_1_660' title='bbox 3185 2802 3202 2827; x_wconf 92' lang='lat'><strong>,</strong></span> <span class='ocrx_word' id='word_1_661' title='bbox 3233 2761 3476 2832; x_wconf 89' lang='lat' dir='ltr'><strong>inquam,</strong></span> 
     </span>
    </p>
   </div>
   <div class='ocr_carea' id='block_1_87' title="bbox 1905 2845 3476 2915">
    <p class='ocr_par' dir='ltr' id='par_1_87' title="bbox 1905 2845 3476 2915">
     <span class='ocr_line' id='line_1_87' title="bbox 1905 2845 3476 2915; baseline 0.006 -17"><span class='ocrx_word' id='word_1_662' title='bbox 1905 2845 2142 2899; x_wconf 90' lang='lat' dir='ltr'><strong>omnium</strong></span> <span class='ocrx_word' id='word_1_663' title='bbox 2175 2847 2587 2915; x_wconf 88' lang='lat' dir='ltr'><strong>pretiosissima,</strong></span> <span class='ocrx_word' id='word_1_664' title='bbox 2615 2848 2658 2900; x_wconf 91' lang='lat' dir='ltr'><strong>si</strong></span> <span class='ocrx_word' id='word_1_665' title='bbox 2690 2848 2896 2902; x_wconf 84' lang='lat' dir='ltr'><strong>animas</strong></span> <span class='ocrx_word' id='word_1_666' title='bbox 2923 2849 3213 2903; x_wconf 89' lang='lat' dir='ltr'><strong>errantium</strong></span> <span class='ocrx_word' id='word_1_667' title='bbox 3245 2851 3476 2909; x_wconf 89' lang='lat' dir='ltr'><strong>reduxe-</strong></span> 
     </span>
    </p>
   </div>
   <div class='ocr_carea' id='block_1_88' title="bbox 1903 2937 3483 3006">
    <p class='ocr_par' dir='ltr' id='par_1_88' title="bbox 1903 2937 3483 3006">
     <span class='ocr_line' id='line_1_88' title="bbox 1903 2937 3483 3006; baseline 0.001 -15"><span class='ocrx_word' id='word_1_668' title='bbox 1903 2937 2105 3001; x_wconf 88' lang='lat' dir='ltr'><strong>rimus;</strong></span> <span class='ocrx_word' id='word_1_669' title='bbox 2133 2937 2343 2994; x_wconf 85' lang='lat' dir='ltr'><strong>etiamsi</strong></span> <span class='ocrx_word' id='word_1_670' title='bbox 2379 2940 2698 2995; x_wconf 89' lang='lat' dir='ltr'><strong>contumelia</strong></span> <span class='ocrx_word' id='word_1_671' title='bbox 2731 2939 2886 2993; x_wconf 91' lang='lat' dir='ltr'><strong>fuerit</strong></span> <span class='ocrx_word' id='word_1_672' title='bbox 2907 2938 3158 3006; x_wconf 87' lang='lat' dir='ltr'><strong>ferenda,</strong></span> <span class='ocrx_word' id='word_1_673' title='bbox 3183 2942 3227 2996; x_wconf 88' lang='lat' dir='ltr'><strong>si</strong></span> <span class='ocrx_word' id='word_1_674' title='bbox 3251 2942 3483 2997; x_wconf 89' lang='lat' dir='ltr'><strong>toleran-</strong></span> 
     </span>
    </p>
   </div>
   <div class='ocr_carea' id='block_1_89' title="bbox 1903 3027 3478 3098">
    <p class='ocr_par' dir='ltr' id='par_1_89' title="bbox 1903 3027 3478 3098">
     <span class='ocr_line' id='line_1_89' title="bbox 1903 3027 3478 3098; baseline 0.004 -18"><span class='ocrx_word' id='word_1_675' title='bbox 1903 3028 1968 3080; x_wconf 89' lang='lat' dir='ltr'><strong>da</strong></span> <span class='ocrx_word' id='word_1_676' title='bbox 2016 3027 2271 3094; x_wconf 80' lang='lat' dir='ltr'><strong>verbera,</strong></span> <span class='ocrx_word' id='word_1_677' title='bbox 2323 3029 2367 3081; x_wconf 91' lang='lat' dir='ltr'><strong>si</strong></span> <span class='ocrx_word' id='word_1_678' title='bbox 2415 3027 2623 3098; x_wconf 90' lang='lat' dir='ltr'><strong>quidvis</strong></span> <span class='ocrx_word' id='word_1_679' title='bbox 2671 3029 2811 3081; x_wconf 90' lang='lat' dir='ltr'><strong>aliud</strong></span> <span class='ocrx_word' id='word_1_680' title='bbox 2855 3028 3246 3095; x_wconf 77' lang='lat' dir='ltr'><strong>sull&#39;erendum,</strong></span> <span class='ocrx_word' id='word_1_681' title='bbox 3298 3033 3478 3086; x_wconf 85' lang='lat' dir='ltr'><strong>omnia</strong></span> 
     </span>
    </p>
   </div>
   <div class='ocr_carea' id='block_1_90' title="bbox 1905 3117 3472 3191">
    <p class='ocr_par' dir='ltr' id='par_1_90' title="bbox 1905 3117 3472 3191">
     <span class='ocr_line' id='line_1_90' title="bbox 1905 3117 3472 3191; baseline 0.003 -19"><span class='ocrx_word' id='word_1_682' title='bbox 1905 3117 2158 3173; x_wconf 85' lang='lat' dir='ltr'><strong>faciamus</strong></span> <span class='ocrx_word' id='word_1_683' title='bbox 2209 3129 2267 3172; x_wconf 88' lang='lat' dir='ltr'><strong>ut</strong></span> <span class='ocrx_word' id='word_1_684' title='bbox 2318 3119 2435 3172; x_wconf 91' lang='lat' dir='ltr'><strong>illos</strong></span> <span class='ocrx_word' id='word_1_685' title='bbox 2479 3133 2876 3186; x_wconf 89' lang='lat' dir='ltr'><strong>recnperemus.</strong></span> <span class='ocrx_word' id='word_1_686' title='bbox 2921 3119 3362 3191; x_wconf 88' lang='lat' dir='ltr'><strong>Quandoquidem</strong></span> <span class='ocrx_word' id='word_1_687' title='bbox 3414 3131 3472 3177; x_wconf 89' lang='lat' dir='ltr'><strong>et</strong></span> 
     </span>
    </p>
   </div>
   <div class='ocr_carea' id='block_1_91' title="bbox 1903 3208 3478 3276">
    <p class='ocr_par' dir='ltr' id='par_1_91' title="bbox 1903 3208 3478 3276">
     <span class='ocr_line' id='line_1_91' title="bbox 1903 3208 3478 3276; baseline 0.004 -16"><span class='ocrx_word' id='word_1_688' title='bbox 1903 3219 2134 3276; x_wconf 75' lang='lat' dir='ltr'><strong>:rgrotos</strong></span> <span class='ocrx_word' id='word_1_689' title='bbox 2161 3209 2394 3263; x_wconf 89' lang='lat' dir='ltr'><strong>calcibus</strong></span> <span class='ocrx_word' id='word_1_690' title='bbox 2447 3208 2732 3274; x_wconf 90' lang='lat' dir='ltr'><strong>ferientes,</strong></span> <span class='ocrx_word' id='word_1_691' title='bbox 2763 3211 3097 3265; x_wconf 84' lang='lat' dir='ltr'><strong>contumeliis</strong></span> <span class='ocrx_word' id='word_1_692' title='bbox 3125 3222 3178 3267; x_wconf 90' lang='lat' dir='ltr'><strong>et</strong></span> <span class='ocrx_word' id='word_1_693' title='bbox 3222 3213 3478 3268; x_wconf 82' lang='lat' dir='ltr'><strong>conviciis</strong></span> 
     </span>
    </p>
   </div>
   <div class='ocr_carea' id='block_1_92' title="bbox 1905 3300 3473 3363">
    <p class='ocr_par' dir='ltr' id='par_1_92' title="bbox 1905 3300 3473 3363">
     <span class='ocr_line' id='line_1_92' title="bbox 1905 3300 3473 3363; baseline 0.004 -10"><span class='ocrx_word' id='word_1_694' title='bbox 1905 3300 2235 3355; x_wconf 89' lang='lat' dir='ltr'><strong>incessentes</strong></span> <span class='ocrx_word' id='word_1_695' title='bbox 2280 3301 2536 3363; x_wconf 86' lang='lat' dir='ltr'><strong>ferimus,</strong></span> <span class='ocrx_word' id='word_1_696' title='bbox 2588 3316 2688 3355; x_wconf 89' lang='lat' dir='ltr'><strong>nec</strong></span> <span class='ocrx_word' id='word_1_697' title='bbox 2737 3301 3058 3356; x_wconf 79' lang='lat' dir='ltr'><strong>offendimur</strong></span> <span class='ocrx_word' id='word_1_698' title='bbox 3102 3306 3473 3360; x_wconf 86' lang='lat' dir='ltr'><strong>eontnmeliis:</strong></span> 
     </span>
    </p>
   </div>
   <div class='ocr_carea' id='block_1_93' title="bbox 1902 3391 3474 3462">
    <p class='ocr_par' dir='ltr' id='par_1_93' title="bbox 1902 3391 3474 3462">
     <span class='ocr_line' id='line_1_93' title="bbox 1902 3391 3474 3462; baseline 0.004 -18"><span class='ocrx_word' id='word_1_699' title='bbox 1902 3407 2088 3447; x_wconf 87' lang='lat' dir='ltr'><strong>verum</strong></span> <span class='ocrx_word' id='word_1_700' title='bbox 2137 3391 2266 3445; x_wconf 88' lang='lat' dir='ltr'><strong>nihil</strong></span> <span class='ocrx_word' id='word_1_701' title='bbox 2318 3391 2459 3445; x_wconf 91' lang='lat' dir='ltr'><strong>aliud</strong></span> <span class='ocrx_word' id='word_1_702' title='bbox 2491 3391 2670 3446; x_wconf 86' lang='lat' dir='ltr'><strong>videre</strong></span> <span class='ocrx_word' id='word_1_703' title='bbox 2699 3393 2940 3460; x_wconf 90' lang='lat' dir='ltr'><strong>cupimus</strong></span> <span class='ocrx_word' id='word_1_704' title='bbox 2960 3433 2976 3458; x_wconf 95' lang='lat'><strong>,</strong></span> <span class='ocrx_word' id='word_1_705' title='bbox 3004 3408 3162 3462; x_wconf 92' lang='lat' dir='ltr'><strong>quam</strong></span> <span class='ocrx_word' id='word_1_706' title='bbox 3193 3395 3474 3450; x_wconf 90' lang='lat' dir='ltr'><strong>sanitatem</strong></span> 
     </span>
    </p>
   </div>
   <div class='ocr_carea' id='block_1_94' title="bbox 1903 3481 3474 3552">
    <p class='ocr_par' dir='ltr' id='par_1_94' title="bbox 1903 3481 3474 3552">
     <span class='ocr_line' id='line_1_94' title="bbox 1903 3481 3474 3552; baseline 0.004 -17"><span class='ocrx_word' id='word_1_707' title='bbox 1903 3481 2132 3536; x_wconf 85' lang='lat' dir='ltr'><strong>hominis</strong></span> <span class='ocrx_word' id='word_1_708' title='bbox 2155 3499 2250 3552; x_wconf 89' lang='lat' dir='ltr'><strong>per</strong></span> <span class='ocrx_word' id='word_1_709' title='bbox 2278 3483 2522 3537; x_wconf 92' lang='lat' dir='ltr'><strong>morbum</strong></span> <span class='ocrx_word' id='word_1_710' title='bbox 2553 3483 2800 3538; x_wconf 87' lang='lat' dir='ltr'><strong>indecora</strong></span> <span class='ocrx_word' id='word_1_711' title='bbox 2826 3481 3087 3539; x_wconf 90' lang='lat' dir='ltr'><strong>facientis.</strong></span> <span class='ocrx_word' id='word_1_712' title='bbox 3118 3483 3254 3552; x_wconf 89' lang='lat' dir='ltr'><strong>Quin</strong></span> <span class='ocrx_word' id='word_1_713' title='bbox 3282 3495 3336 3540; x_wconf 90' lang='lat' dir='ltr'><strong>et</strong></span> <span class='ocrx_word' id='word_1_714' title='bbox 3359 3502 3474 3542; x_wconf 80' lang='lat' dir='ltr'><strong>me-</strong></span> 
     </span>
    </p>
   </div>
   <div class='ocr_carea' id='block_1_95' title="bbox 1903 3575 3474 3644">
    <p class='ocr_par' dir='ltr' id='par_1_95' title="bbox 1903 3575 3474 3644">
     <span class='ocr_line' id='line_1_95' title="bbox 1903 3575 3474 3644; baseline 0.003 -16"><span class='ocrx_word' id='word_1_715' title='bbox 1903 3575 2007 3629; x_wconf 91' lang='lat' dir='ltr'><strong>dici</strong></span> <span class='ocrx_word' id='word_1_716' title='bbox 2038 3585 2240 3630; x_wconf 90' lang='lat' dir='ltr'><strong>vestem</strong></span> <span class='ocrx_word' id='word_1_717' title='bbox 2288 3591 2431 3644; x_wconf 72' lang='lat' dir='ltr'><strong>smpe</strong></span> <span class='ocrx_word' id='word_1_718' title='bbox 2477 3576 2726 3631; x_wconf 88' lang='lat' dir='ltr'><strong>laceravit</strong></span> <span class='ocrx_word' id='word_1_719' title='bbox 2754 3585 3050 3643; x_wconf 83' lang='lat' dir='ltr'><strong>:egrotans,</strong></span> <span class='ocrx_word' id='word_1_720' title='bbox 3082 3586 3135 3630; x_wconf 88' lang='lat' dir='ltr'><strong>at</strong></span> <span class='ocrx_word' id='word_1_721' title='bbox 3165 3592 3270 3630; x_wconf 90' lang='lat' dir='ltr'><strong>nou</strong></span> <span class='ocrx_word' id='word_1_722' title='bbox 3299 3578 3418 3631; x_wconf 86' lang='lat' dir='ltr'><strong>ideo</strong></span> <span class='ocrx_word' id='word_1_723' title='bbox 3444 3595 3474 3632; x_wconf 90' lang='lat' dir='ltr'><strong>a</strong></span> 
     </span>
    </p>
   </div>
   <div class='ocr_carea' id='block_1_96' title="bbox 1903 3665 3475 3736">
    <p class='ocr_par' dir='ltr' id='par_1_96' title="bbox 1903 3665 3475 3736">
     <span class='ocr_line' id='line_1_96' title="bbox 1903 3665 3475 3736; baseline 0.001 -18"><span class='ocrx_word' id='word_1_724' title='bbox 1903 3681 2027 3718; x_wconf 85' lang='lat' dir='ltr'><strong>cura</strong></span> <span class='ocrx_word' id='word_1_725' title='bbox 2072 3665 2275 3718; x_wconf 90' lang='lat' dir='ltr'><strong>destitit</strong></span> <span class='ocrx_word' id='word_1_726' title='bbox 2327 3666 2432 3720; x_wconf 91' lang='lat' dir='ltr'><strong>illc.</strong></span> <span class='ocrx_word' id='word_1_727' title='bbox 2484 3666 2580 3732; x_wconf 87' lang='lat' dir='ltr'><strong>Qui</strong></span> <span class='ocrx_word' id='word_1_728' title='bbox 2615 3666 2671 3720; x_wconf 91' lang='lat' dir='ltr'><strong>fit</strong></span> <span class='ocrx_word' id='word_1_729' title='bbox 2719 3665 2896 3734; x_wconf 82' lang='lat' dir='ltr'><strong>igitur,</strong></span> <span class='ocrx_word' id='word_1_730' title='bbox 2930 3675 2984 3718; x_wconf 92' lang='lat' dir='ltr'><strong>ut</strong></span> <span class='ocrx_word' id='word_1_731' title='bbox 3027 3666 3116 3734; x_wconf 91' lang='lat' dir='ltr'><strong>qui</strong></span> <span class='ocrx_word' id='word_1_732' title='bbox 3160 3668 3475 3736; x_wconf 83' lang='lat' dir='ltr'><strong>corporibus</strong></span> 
     </span>
    </p>
   </div>
   <div class='ocr_carea' id='block_1_97' title="bbox 1903 3756 3475 3824">
    <p class='ocr_par' dir='ltr' id='par_1_97' title="bbox 1903 3756 3475 3824">
     <span class='ocr_line' id='line_1_97' title="bbox 1903 3756 3475 3824; baseline 0.001 -14"><span class='ocrx_word' id='word_1_733' title='bbox 1903 3757 2221 3819; x_wconf 90' lang='lat' dir='ltr'><strong>consulunt,</strong></span> <span class='ocrx_word' id='word_1_734' title='bbox 2254 3765 2396 3810; x_wconf 86' lang='lat' dir='ltr'><strong>tanta</strong></span> <span class='ocrx_word' id='word_1_735' title='bbox 2427 3765 2640 3810; x_wconf 89' lang='lat' dir='ltr'><strong>utantur</strong></span> <span class='ocrx_word' id='word_1_736' title='bbox 2667 3756 2934 3824; x_wconf 76' lang='lat' dir='ltr'><strong>diligentia</strong></span> <span class='ocrx_word' id='word_1_737' title='bbox 2957 3797 2970 3817; x_wconf 94' lang='lat'><strong>,</strong></span> <span class='ocrx_word' id='word_1_738' title='bbox 3007 3771 3104 3810; x_wconf 90' lang='lat' dir='ltr'><strong>nos</strong></span> <span class='ocrx_word' id='word_1_739' title='bbox 3145 3765 3222 3810; x_wconf 90' lang='lat' dir='ltr'><strong>tot</strong></span> <span class='ocrx_word' id='word_1_740' title='bbox 3270 3759 3475 3811; x_wconf 85' lang='lat' dir='ltr'><strong>anima-</strong></span> 
     </span>
    </p>
   </div>
   <div class='ocr_carea' id='block_1_98' title="bbox 1905 3846 3475 3916">
    <p class='ocr_par' dir='ltr' id='par_1_98' title="bbox 1905 3846 3475 3916">
     <span class='ocr_line' id='line_1_98' title="bbox 1905 3846 3475 3916; baseline 0 -15"><span class='ocrx_word' id='word_1_741' title='bbox 1905 3847 2003 3901; x_wconf 87' lang='lat' dir='ltr'><strong>bus</strong></span> <span class='ocrx_word' id='word_1_742' title='bbox 2025 3847 2365 3916; x_wconf 87' lang='lat' dir='ltr'><strong>pereuntibus</strong></span> <span class='ocrx_word' id='word_1_743' title='bbox 2385 3861 2675 3908; x_wconf 88' lang='lat' dir='ltr'><strong>cessemus,</strong></span> <span class='ocrx_word' id='word_1_744' title='bbox 2702 3846 2916 3915; x_wconf 88' lang='lat' dir='ltr'><strong>perinde</strong></span> <span class='ocrx_word' id='word_1_745' title='bbox 2936 3847 3084 3916; x_wconf 88' lang='lat' dir='ltr'><strong>quasi</strong></span> <span class='ocrx_word' id='word_1_746' title='bbox 3111 3847 3475 3902; x_wconf 79' lang='lat' dir='ltr'><strong>existimemus</strong></span> 
     </span>
    </p>
   </div>
   <div class='ocr_carea' id='block_1_99' title="bbox 1903 3938 3472 4007">
    <p class='ocr_par' dir='ltr' id='par_1_99' title="bbox 1903 3938 3472 4007">
     <span class='ocr_line' id='line_1_99' title="bbox 1903 3938 3472 4007; baseline -0.002 -15"><span class='ocrx_word' id='word_1_747' title='bbox 1903 3938 2034 3992; x_wconf 89' lang='lat' dir='ltr'><strong>nihil</strong></span> <span class='ocrx_word' id='word_1_748' title='bbox 2061 3941 2303 3994; x_wconf 84' lang='lat' dir='ltr'><strong>accidere</strong></span> <span class='ocrx_word' id='word_1_749' title='bbox 2353 3955 2541 4007; x_wconf 84' lang='lat' dir='ltr'><strong>grave,</strong></span> <span class='ocrx_word' id='word_1_750' title='bbox 2572 3954 2690 3992; x_wconf 91' lang='lat' dir='ltr'><strong>cum</strong></span> <span class='ocrx_word' id='word_1_751' title='bbox 2749 3939 2986 3993; x_wconf 87' lang='lat' dir='ltr'><strong>membra</strong></span> <span class='ocrx_word' id='word_1_752' title='bbox 3028 3947 3205 3992; x_wconf 91' lang='lat' dir='ltr'><strong>nostra</strong></span> <span class='ocrx_word' id='word_1_753' title='bbox 3264 3947 3472 4006; x_wconf 78' lang='lat' dir='ltr'><strong>putres-</strong></span> 
     </span>
    </p>
   </div>
   <div class='ocr_carea' id='block_1_100' title="bbox 1901 4027 3470 4098">
    <p class='ocr_par' dir='ltr' id='par_1_100' title="bbox 1901 4027 3470 4098">
     <span class='ocr_line' id='line_1_100' title="bbox 1901 4027 3470 4098; baseline -0.001 -15"><span class='ocrx_word' id='word_1_754' title='bbox 1901 4030 2065 4083; x_wconf 90' lang='lat' dir='ltr'><strong>cunt?</strong></span> <span class='ocrx_word' id='word_1_755' title='bbox 2093 4033 2161 4084; x_wconf 85' lang='lat' dir='ltr'><strong>At</strong></span> <span class='ocrx_word' id='word_1_756' title='bbox 2187 4047 2291 4084; x_wconf 93' lang='lat' dir='ltr'><strong>non</strong></span> <span class='ocrx_word' id='word_1_757' title='bbox 2314 4031 2383 4084; x_wconf 89' lang='lat' dir='ltr'><strong>ita</strong></span> <span class='ocrx_word' id='word_1_758' title='bbox 2409 4029 2598 4084; x_wconf 84' lang='lat' dir='ltr'><strong>Paulus</strong></span> <span class='ocrx_word' id='word_1_759' title='bbox 2622 4047 2636 4084; x_wconf 90' lang='lat'>:</span> <span class='ocrx_word' id='word_1_760' title='bbox 2660 4028 2752 4083; x_wconf 92' lang='lat' dir='ltr'><strong>sed</strong></span> <span class='ocrx_word' id='word_1_761' title='bbox 2783 4027 3082 4098; x_wconf 90' lang='lat' dir='ltr'><strong>quomodo?</strong></span> <span class='ocrx_word' id='word_1_762' title='bbox 3105 4029 3262 4094; x_wconf 84' lang='lat' dir='ltr'><strong>Quis,</strong></span> <span class='ocrx_word' id='word_1_763' title='bbox 3285 4029 3470 4096; x_wconf 90' lang='lat' dir='ltr'><strong>inquit,</strong></span> 
     </span>
    </p>
   </div>
   <div class='ocr_carea' id='block_1_101' title="bbox 1901 4117 3472 4187">
    <p class='ocr_par' dir='ltr' id='par_1_101' title="bbox 1901 4117 3472 4187">
     <span class='ocr_line' id='line_1_101' title="bbox 1901 4117 3472 4187; baseline -0.001 -16"><span class='ocrx_word' id='word_1_764' title='bbox 1901 4120 2207 4186; x_wconf 83' lang='lat' dir='ltr'><strong>inï¬rmatur,</strong></span> <span class='ocrx_word' id='word_1_765' title='bbox 2240 4130 2285 4174; x_wconf 85' lang='lat' dir='ltr'><strong>et</strong></span> <span class='ocrx_word' id='word_1_766' title='bbox 2309 4137 2408 4172; x_wconf 86' lang='lat' dir='ltr'><strong>non</strong></span> <span class='ocrx_word' id='word_1_767' title='bbox 2432 4120 2692 4185; x_wconf 78' lang='lat' dir='ltr'><strong>infirmor?</strong></span> <span class='ocrx_word' id='word_1_768' title='bbox 2722 4119 2847 4185; x_wconf 84' lang='lat' dir='ltr'><strong>Quis</strong></span> <span class='ocrx_word' id='word_1_769' title='bbox 2867 4117 3156 4183; x_wconf 74' lang='lat' dir='ltr'><strong>o/fenditur,</strong></span> <span class='ocrx_word' id='word_1_770' title='bbox 3185 4127 3229 4169; x_wconf 85' lang='lat' dir='ltr'><strong>et</strong></span> <span class='ocrx_word' id='word_1_771' title='bbox 3255 4134 3344 4187; x_wconf 79' lang='lat' dir='ltr'><strong>ego</strong></span> <span class='ocrx_word' id='word_1_772' title='bbox 3372 4134 3472 4170; x_wconf 88' lang='lat' dir='ltr'><strong>non</strong></span> 
     </span>
    </p>
   </div>
   <div class='ocr_carea' id='block_1_102' title="bbox 1901 4207 3469 4279">
    <p class='ocr_par' dir='ltr' id='par_1_102' title="bbox 1901 4207 3469 4279">
     <span class='ocr_line' id='line_1_102' title="bbox 1901 4207 3469 4279; baseline -0.001 -18"><span class='ocrx_word' id='word_1_773' title='bbox 1901 4226 2022 4263; x_wconf 87' lang='lat' dir='ltr'><strong>uror</strong></span> <span class='ocrx_word' id='word_1_774' title='bbox 2049 4209 2122 4279; x_wconf 73' lang='grc'><strong>(2.</strong></span> <span class='ocrx_word' id='word_1_775' title='bbox 2156 4210 2271 4264; x_wconf 86' lang='lat' dir='ltr'><strong>Cor.</strong></span> <span class='ocrx_word' id='word_1_776' title='bbox 2297 4211 2382 4264; x_wconf 79' lang='lat' dir='ltr'><strong>ll.</strong></span> <span class='ocrx_word' id='word_1_777' title='bbox 2410 4208 2526 4278; x_wconf 76' lang='lat'><strong>â€˜29)?</strong></span> <span class='ocrx_word' id='word_1_778' title='bbox 2550 4209 2697 4263; x_wconf 85' lang='lat' dir='ltr'><strong>llunc</strong></span> <span class='ocrx_word' id='word_1_779' title='bbox 2727 4209 2897 4277; x_wconf 83' lang='lat' dir='ltr'><strong>ignem</strong></span> <span class='ocrx_word' id='word_1_780' title='bbox 2925 4218 2975 4260; x_wconf 90' lang='lat' dir='ltr'><strong>tu</strong></span> <span class='ocrx_word' id='word_1_781' title='bbox 2998 4221 3205 4276; x_wconf 91' lang='lat' dir='ltr'><strong>quoque</strong></span> <span class='ocrx_word' id='word_1_782' title='bbox 3229 4207 3469 4274; x_wconf 85' lang='lat' dir='ltr'><strong>concipe,</strong></span> 
     </span>
    </p>
   </div>
   <div class='ocr_carea' id='block_1_103' title="bbox 1901 4295 3468 4369">
    <p class='ocr_par' dir='ltr' id='par_1_103' title="bbox 1901 4295 3468 4369">
     <span class='ocr_line' id='line_1_103' title="bbox 1901 4295 3468 4369; baseline -0.004 -14"><span class='ocrx_word' id='word_1_783' title='bbox 1901 4308 1955 4355; x_wconf 88' lang='lat' dir='ltr'><strong>et</strong></span> <span class='ocrx_word' id='word_1_784' title='bbox 1984 4302 2026 4354; x_wconf 93' lang='lat' dir='ltr'><strong>si</strong></span> <span class='ocrx_word' id='word_1_785' title='bbox 2054 4300 2396 4369; x_wconf 87' lang='lat' dir='ltr'><strong>conspexeris</strong></span> <span class='ocrx_word' id='word_1_786' title='bbox 2419 4301 2630 4352; x_wconf 87' lang='lat' dir='ltr'><strong>fratrem</strong></span> <span class='ocrx_word' id='word_1_787' title='bbox 2663 4308 2968 4366; x_wconf 84' lang='lat' dir='ltr'><strong>pereuntem</strong></span> <span class='ocrx_word' id='word_1_788' title='bbox 2986 4338 3000 4360; x_wconf 94' lang='lat'><strong>,</strong></span> <span class='ocrx_word' id='word_1_789' title='bbox 3023 4295 3264 4364; x_wconf 84' lang='lat' dir='ltr'><strong>quamvis</strong></span> <span class='ocrx_word' id='word_1_790' title='bbox 3286 4297 3468 4349; x_wconf 85' lang='lat' dir='ltr'><strong>convi-</strong></span> 
     </span>
    </p>
   </div>
   <div class='ocr_carea' id='block_1_104' title="bbox 1899 4386 3464 4460">
    <p class='ocr_par' dir='ltr' id='par_1_104' title="bbox 1899 4386 3464 4460">
     <span class='ocr_line' id='line_1_104' title="bbox 1899 4386 3464 4460; baseline -0.004 -15"><span class='ocrx_word' id='word_1_791' title='bbox 1899 4391 2091 4452; x_wconf 88' lang='lat' dir='ltr'><strong>cietur.</strong></span> <span class='ocrx_word' id='word_1_792' title='bbox 2113 4391 2352 4460; x_wconf 86' lang='lat' dir='ltr'><strong>quamvis</strong></span> <span class='ocrx_word' id='word_1_793' title='bbox 2375 4388 2744 4444; x_wconf 86' lang='lat' dir='ltr'><strong>contumeliam</strong></span> <span class='ocrx_word' id='word_1_794' title='bbox 2773 4386 2995 4452; x_wconf 87' lang='lat' dir='ltr'><strong>inferat,</strong></span> <span class='ocrx_word' id='word_1_795' title='bbox 3021 4386 3259 4454; x_wconf 86' lang='lat' dir='ltr'><strong>quamvis</strong></span> <span class='ocrx_word' id='word_1_796' title='bbox 3285 4387 3464 4440; x_wconf 54' lang='lat' dir='ltr'><strong>verbo.</strong></span> 
     </span>
    </p>
   </div>
   <div class='ocr_carea' id='block_1_105' title="bbox 1901 4477 3466 4550">
    <p class='ocr_par' dir='ltr' id='par_1_105' title="bbox 1901 4477 3466 4550">
     <span class='ocr_line' id='line_1_105' title="bbox 1901 4477 3466 4550; baseline -0.004 -15"><span class='ocrx_word' id='word_1_797' title='bbox 1901 4491 2003 4547; x_wconf 85' lang='lat' dir='ltr'><strong>ret,</strong></span> <span class='ocrx_word' id='word_1_798' title='bbox 2031 4482 2274 4550; x_wconf 90' lang='lat' dir='ltr'><strong>quamvis</strong></span> <span class='ocrx_word' id='word_1_799' title='bbox 2303 4481 2574 4534; x_wconf 88' lang='lat' dir='ltr'><strong>minitetur</strong></span> <span class='ocrx_word' id='word_1_800' title='bbox 2607 4494 2664 4533; x_wconf 89' lang='lat' dir='ltr'><strong>se</strong></span> <span class='ocrx_word' id='word_1_801' title='bbox 2695 4477 2924 4531; x_wconf 87' lang='lat' dir='ltr'><strong>futurmn</strong></span> <span class='ocrx_word' id='word_1_802' title='bbox 2956 4482 3179 4540; x_wconf 89' lang='lat' dir='ltr'><strong>hostem,</strong></span> <span class='ocrx_word' id='word_1_803' title='bbox 3210 4485 3300 4530; x_wconf 91' lang='lat' dir='ltr'><strong>aut</strong></span> <span class='ocrx_word' id='word_1_804' title='bbox 3328 4477 3466 4534; x_wconf 86' lang='lat' dir='ltr'><strong>aliud</strong></span> 
     </span>
    </p>
   </div>
   <div class='ocr_carea' id='block_1_106' title="bbox 1901 4566 3470 4643">
    <p class='ocr_par' dir='ltr' id='par_1_106' title="bbox 1901 4566 3470 4643">
     <span class='ocr_line' id='line_1_106' title="bbox 1901 4566 3470 4643; baseline -0.004 -17"><span class='ocrx_word' id='word_1_805' title='bbox 1901 4572 2413 4643; x_wconf 71' lang='lat' dir='ltr'><strong>quidlibvtintentet,</strong></span> <span class='ocrx_word' id='word_1_806' title='bbox 2437 4570 2518 4624; x_wconf 89' lang='lat' dir='ltr'><strong>fac</strong></span> <span class='ocrx_word' id='word_1_807' title='bbox 2543 4569 2718 4622; x_wconf 93' lang='lat' dir='ltr'><strong>omnia</strong></span> <span class='ocrx_word' id='word_1_808' title='bbox 2743 4567 2979 4638; x_wconf 86' lang='lat' dir='ltr'><strong>perferas</strong></span> <span class='ocrx_word' id='word_1_809' title='bbox 3006 4567 3226 4631; x_wconf 91' lang='lat' dir='ltr'><strong>fortiter,</strong></span> <span class='ocrx_word' id='word_1_810' title='bbox 3257 4577 3312 4622; x_wconf 92' lang='lat' dir='ltr'><strong>ut</strong></span> <span class='ocrx_word' id='word_1_811' title='bbox 3335 4566 3470 4623; x_wconf 85' lang='lat' dir='ltr'><strong>illius</strong></span> 
     </span>
    </p>
   </div>
   <div class='ocr_carea' id='block_1_107' title="bbox 1901 4659 3470 4722">
    <p class='ocr_par' dir='ltr' id='par_1_107' title="bbox 1901 4659 3470 4722">
     <span class='ocr_line' id='line_1_107' title="bbox 1901 4659 3470 4722; baseline -0.001 -6"><span class='ocrx_word' id='word_1_812' title='bbox 1901 4662 2198 4717; x_wconf 87' lang='lat' dir='ltr'><strong>lucrifacias</strong></span> <span class='ocrx_word' id='word_1_813' title='bbox 2219 4663 2464 4716; x_wconf 88' lang='lat' dir='ltr'><strong>salutem.</strong></span> <span class='ocrx_word' id='word_1_814' title='bbox 2482 4662 2537 4716; x_wconf 89' lang='lat' dir='ltr'><strong>Si</strong></span> <span class='ocrx_word' id='word_1_815' title='bbox 2570 4661 2657 4715; x_wconf 88' lang='lat' dir='ltr'><strong>ille</strong></span> <span class='ocrx_word' id='word_1_816' title='bbox 2684 4659 2774 4714; x_wconf 83' lang='lat' dir='ltr'><strong>fiat</strong></span> <span class='ocrx_word' id='word_1_817' title='bbox 2795 4660 3041 4714; x_wconf 90' lang='lat' dir='ltr'><strong>inimicus</strong></span> <span class='ocrx_word' id='word_1_818' title='bbox 3059 4701 3074 4722; x_wconf 90' lang='lat'><strong>,</strong></span> <span class='ocrx_word' id='word_1_819' title='bbox 3099 4659 3236 4712; x_wconf 89' lang='lat' dir='ltr'><strong>Dens</strong></span> <span class='ocrx_word' id='word_1_820' title='bbox 3260 4659 3349 4714; x_wconf 90' lang='lat' dir='ltr'><strong>tibi</strong></span> <span class='ocrx_word' id='word_1_821' title='bbox 3371 4663 3470 4714; x_wconf 87' lang='lat' dir='ltr'><strong>erit</strong></span> 
     </span>
    </p>
   </div>
   <div class='ocr_carea' id='block_1_108' title="bbox 1900 4750 3466 4823">
    <p class='ocr_par' dir='ltr' id='par_1_108' title="bbox 1900 4750 3466 4823">
     <span class='ocr_line' id='line_1_108' title="bbox 1900 4750 3466 4823; baseline -0.004 -15"><span class='ocrx_word' id='word_1_822' title='bbox 1900 4755 2122 4818; x_wconf 89' lang='lat' dir='ltr'><strong>amicus;</strong></span> <span class='ocrx_word' id='word_1_823' title='bbox 2145 4755 2452 4823; x_wconf 87' lang='lat' dir='ltr'><strong>magnisque</strong></span> <span class='ocrx_word' id='word_1_824' title='bbox 2481 4753 2532 4806; x_wconf 93' lang='lat' dir='ltr'><strong>in</strong></span> <span class='ocrx_word' id='word_1_825' title='bbox 2555 4751 2641 4806; x_wconf 90' lang='lat' dir='ltr'><strong>die</strong></span> <span class='ocrx_word' id='word_1_826' title='bbox 2665 4751 2758 4806; x_wconf 92' lang='lat' dir='ltr'><strong>illo</strong></span> <span class='ocrx_word' id='word_1_827' title='bbox 2777 4750 2929 4804; x_wconf 89' lang='lat' dir='ltr'><strong>bonis</strong></span> <span class='ocrx_word' id='word_1_828' title='bbox 2957 4761 3007 4805; x_wconf 90' lang='lat' dir='ltr'><strong>te</strong></span> <span class='ocrx_word' id='word_1_829' title='bbox 3029 4751 3466 4805; x_wconf 86' lang='lat' dir='ltr'><strong>remunerabitur.</strong></span> 
     </span>
    </p>
   </div>
   <div class='ocr_carea' id='block_1_109' title="bbox 1901 4841 3467 4908">
    <p class='ocr_par' dir='ltr' id='par_1_109' title="bbox 1901 4841 3467 4908">
     <span class='ocr_line' id='line_1_109' title="bbox 1901 4841 3467 4908; baseline -0.006 -8"><span class='ocrx_word' id='word_1_830' title='bbox 1901 4846 2111 4900; x_wconf 88' lang='lat' dir='ltr'><strong>Utinam</strong></span> <span class='ocrx_word' id='word_1_831' title='bbox 2141 4855 2316 4900; x_wconf 88' lang='lat' dir='ltr'><strong>autem</strong></span> <span class='ocrx_word' id='word_1_832' title='bbox 2341 4845 2389 4898; x_wconf 93' lang='lat' dir='ltr'><strong>id</strong></span> <span class='ocrx_word' id='word_1_833' title='bbox 2416 4843 2622 4898; x_wconf 87' lang='lat' dir='ltr'><strong>eveniat</strong></span> <span class='ocrx_word' id='word_1_834' title='bbox 2645 4851 2946 4896; x_wconf 90' lang='lat' dir='ltr'><strong>sanctorum</strong></span> <span class='ocrx_word' id='word_1_835' title='bbox 2969 4841 3104 4894; x_wconf 87' lang='lat' dir='ltr'><strong>votis</strong></span> <span class='ocrx_word' id='word_1_836' title='bbox 3122 4855 3184 4894; x_wconf 92' lang='lat' dir='ltr'><strong>ac</strong></span> <span class='ocrx_word' id='word_1_837' title='bbox 3206 4841 3467 4908; x_wconf 85' lang='lat' dir='ltr'><strong>precibus,</strong></span> 
     </span>
    </p>
   </div>
   <div class='ocr_carea' id='block_1_110' title="bbox 1901 4931 3470 5007">
    <p class='ocr_par' dir='ltr' id='par_1_110' title="bbox 1901 4931 3470 5007">
     <span class='ocr_line' id='line_1_110' title="bbox 1901 4931 3470 5007; baseline -0.003 -16"><span class='ocrx_word' id='word_1_838' title='bbox 1901 4948 1958 4991; x_wconf 90' lang='lat' dir='ltr'><strong>ut</strong></span> <span class='ocrx_word' id='word_1_839' title='bbox 1987 4948 2039 4992; x_wconf 90' lang='lat' dir='ltr'><strong>et</strong></span> <span class='ocrx_word' id='word_1_840' title='bbox 2083 4939 2170 5007; x_wconf 91' lang='lat' dir='ltr'><strong>qui</strong></span> <span class='ocrx_word' id='word_1_841' title='bbox 2196 4939 2245 4990; x_wconf 92' lang='lat' dir='ltr'><strong>in</strong></span> <span class='ocrx_word' id='word_1_842' title='bbox 2263 4951 2496 4991; x_wconf 87' lang='lat' dir='ltr'><strong>errorem</strong></span> <span class='ocrx_word' id='word_1_843' title='bbox 2548 4935 2756 4989; x_wconf 87' lang='lat' dir='ltr'><strong>abducti</strong></span> <span class='ocrx_word' id='word_1_844' title='bbox 2788 4942 2944 4998; x_wconf 89' lang='lat' dir='ltr'><strong>sunt,</strong></span> <span class='ocrx_word' id='word_1_845' title='bbox 2977 4944 3356 5002; x_wconf 79' lang='lat' dir='ltr'><strong>recuperantur</strong></span> <span class='ocrx_word' id='word_1_846' title='bbox 3403 4931 3470 4986; x_wconf 84' lang='lat' dir='ltr'><strong>ad</strong></span> 
     </span>
    </p>
   </div>
   <div class='ocr_carea' id='block_1_111' title="bbox 1901 5023 3467 5094">
    <p class='ocr_par' dir='ltr' id='par_1_111' title="bbox 1901 5023 3467 5094">
     <span class='ocr_line' id='line_1_111' title="bbox 1901 5023 3467 5094; baseline -0.005 -12"><span class='ocrx_word' id='word_1_847' title='bbox 1901 5029 2122 5083; x_wconf 88' lang='lat' dir='ltr'><strong>salutem</strong></span> <span class='ocrx_word' id='word_1_848' title='bbox 2144 5070 2158 5092; x_wconf 95' lang='lat'><strong>,</strong></span> <span class='ocrx_word' id='word_1_849' title='bbox 2191 5041 2241 5082; x_wconf 88' lang='lat' dir='ltr'><strong>et</strong></span> <span class='ocrx_word' id='word_1_850' title='bbox 2270 5045 2360 5081; x_wconf 88' lang='lat' dir='ltr'><strong>vos</strong></span> <span class='ocrx_word' id='word_1_851' title='bbox 2389 5029 2438 5082; x_wconf 91' lang='lat' dir='ltr'><strong>in</strong></span> <span class='ocrx_word' id='word_1_852' title='bbox 2473 5027 2572 5082; x_wconf 90' lang='lat' dir='ltr'><strong>hoc</strong></span> <span class='ocrx_word' id='word_1_853' title='bbox 2600 5036 2790 5080; x_wconf 87' lang='lat' dir='ltr'><strong>venatu</strong></span> <span class='ocrx_word' id='word_1_854' title='bbox 2821 5025 2924 5079; x_wconf 89' lang='lat' dir='ltr'><strong>voti</strong></span> <span class='ocrx_word' id='word_1_855' title='bbox 2950 5034 3222 5094; x_wconf 80' lang='lat' dir='ltr'><strong>compotes</strong></span> <span class='ocrx_word' id='word_1_856' title='bbox 3274 5023 3467 5076; x_wconf 82' lang='lat' dir='ltr'><strong>evada-</strong></span> 
     </span>
    </p>
   </div>
   <div class='ocr_carea' id='block_1_112' title="bbox 1901 5113 3558 5188">
    <p class='ocr_par' dir='ltr' id='par_1_112' title="bbox 1901 5113 3558 5188">
     <span class='ocr_line' id='line_1_112' title="bbox 1901 5113 3558 5188; baseline -0.005 -14"><span class='ocrx_word' id='word_1_857' title='bbox 1901 5120 2003 5186; x_wconf 90' lang='lat' dir='ltr'><strong>tis;</strong></span> <span class='ocrx_word' id='word_1_858' title='bbox 2053 5131 2106 5175; x_wconf 91' lang='lat' dir='ltr'><strong>et</strong></span> <span class='ocrx_word' id='word_1_859' title='bbox 2161 5121 2236 5173; x_wconf 89' lang='lat' dir='ltr'><strong>illi</strong></span> <span class='ocrx_word' id='word_1_860' title='bbox 2292 5119 2390 5187; x_wconf 90' lang='lat' dir='ltr'><strong>ipsi</strong></span> <span class='ocrx_word' id='word_1_861' title='bbox 2435 5117 2764 5188; x_wconf 79' lang='lat' dir='ltr'><strong>blasphemi,</strong></span> <span class='ocrx_word' id='word_1_862' title='bbox 2821 5116 3026 5169; x_wconf 88' lang='lat' dir='ltr'><strong>liberati</strong></span> <span class='ocrx_word' id='word_1_863' title='bbox 3081 5115 3147 5168; x_wconf 91' lang='lat' dir='ltr'><strong>ab</strong></span> <span class='ocrx_word' id='word_1_864' title='bbox 3200 5113 3470 5180; x_wconf 70' lang='lat' dir='ltr'><strong>impietate</strong></span> <span class='ocrx_word' id='word_1_865' title='bbox 3549 5131 3558 5137; x_wconf 54' lang='grc' dir='ltr'>á½·</span> 
     </span>
    </p>
   </div>
   <div class='ocr_carea' id='block_1_113' title="bbox 1899 5203 3466 5275">
    <p class='ocr_par' dir='ltr' id='par_1_113' title="bbox 1899 5203 3466 5275">
     <span class='ocr_line' id='line_1_113' title="bbox 1899 5203 3466 5275; baseline -0.007 -12"><span class='ocrx_word' id='word_1_866' title='bbox 1899 5223 2030 5274; x_wconf 83' lang='lat' dir='ltr'><strong>sua,</strong></span> <span class='ocrx_word' id='word_1_867' title='bbox 2076 5209 2344 5263; x_wconf 74' lang='lat' dir='ltr'><strong>Christum</strong></span> <span class='ocrx_word' id='word_1_868' title='bbox 2409 5215 2698 5275; x_wconf 89' lang='lat' dir='ltr'><strong>agnoscant</strong></span> <span class='ocrx_word' id='word_1_869' title='bbox 2767 5220 2860 5274; x_wconf 92' lang='lat' dir='ltr'><strong>pro</strong></span> <span class='ocrx_word' id='word_1_870' title='bbox 2917 5204 3042 5272; x_wconf 80' lang='lat' dir='ltr'><strong>ipsis</strong></span> <span class='ocrx_word' id='word_1_871' title='bbox 3113 5203 3466 5264; x_wconf 83' lang='lat' dir='ltr'><strong>crurilixum,</strong></span> 
     </span>
    </p>
   </div>
   <div class='ocr_carea' id='block_1_114' title="bbox 1901 5294 3468 5364">
    <p class='ocr_par' dir='ltr' id='par_1_114' title="bbox 1901 5294 3468 5364">
     <span class='ocr_line' id='line_1_114' title="bbox 1901 5294 3468 5364; baseline -0.006 -10"><span class='ocrx_word' id='word_1_872' title='bbox 1901 5311 1958 5354; x_wconf 87' lang='lat' dir='ltr'><strong>ut</strong></span> <span class='ocrx_word' id='word_1_873' title='bbox 2026 5317 2212 5355; x_wconf 88' lang='lat' dir='ltr'><strong>omnes</strong></span> <span class='ocrx_word' id='word_1_874' title='bbox 2265 5315 2371 5354; x_wconf 90' lang='lat' dir='ltr'><strong>uno</strong></span> <span class='ocrx_word' id='word_1_875' title='bbox 2424 5299 2636 5361; x_wconf 84' lang='lat' dir='ltr'><strong>animo,</strong></span> <span class='ocrx_word' id='word_1_876' title='bbox 2687 5297 2979 5364; x_wconf 88' lang='lat' dir='ltr'><strong>eodemque</strong></span> <span class='ocrx_word' id='word_1_877' title='bbox 3039 5309 3133 5349; x_wconf 79' lang='lat' dir='ltr'><strong>ore</strong></span> <span class='ocrx_word' id='word_1_878' title='bbox 3203 5294 3468 5362; x_wconf 75' lang='lat' dir='ltr'><strong>glorifice-</strong></span> 
     </span>
    </p>
   </div>
   <div class='ocr_carea' id='block_1_115' title="bbox 1903 5384 3468 5446">
    <p class='ocr_par' dir='ltr' id='par_1_115' title="bbox 1903 5384 3468 5446">
     <span class='ocr_line' id='line_1_115' title="bbox 1903 5384 3468 5446; baseline -0.007 0"><span class='ocrx_word' id='word_1_879' title='bbox 1903 5409 2020 5446; x_wconf 89' lang='lat' dir='ltr'><strong>mus</strong></span> <span class='ocrx_word' id='word_1_880' title='bbox 2052 5393 2217 5446; x_wconf 90' lang='lat' dir='ltr'><strong>Deum</strong></span> <span class='ocrx_word' id='word_1_881' title='bbox 2248 5401 2298 5445; x_wconf 92' lang='lat' dir='ltr'><strong>et</strong></span> <span class='ocrx_word' id='word_1_882' title='bbox 2333 5391 2540 5443; x_wconf 88' lang='lat' dir='ltr'><strong>Patrem</strong></span> <span class='ocrx_word' id='word_1_883' title='bbox 2569 5387 2774 5442; x_wconf 90' lang='lat' dir='ltr'><strong>Domini</strong></span> <span class='ocrx_word' id='word_1_884' title='bbox 2798 5384 2963 5440; x_wconf 89' lang='lat' dir='ltr'><strong>nostri</strong></span> <span class='ocrx_word' id='word_1_885' title='bbox 2983 5384 3106 5439; x_wconf 84' lang='lat' dir='ltr'><strong>.lcsu</strong></span> <span class='ocrx_word' id='word_1_886' title='bbox 3136 5384 3350 5445; x_wconf 77' lang='lat' dir='ltr'><strong>Christi,</strong></span> <span class='ocrx_word' id='word_1_887' title='bbox 3386 5384 3468 5435; x_wconf 76' lang='lat' dir='ltr'><strong>cui</strong></span> 
     </span>
    </p>
   </div>
   <div class='ocr_carea' id='block_1_116' title="bbox 1900 5473 3461 5551">
    <p class='ocr_par' dir='ltr' id='par_1_116' title="bbox 1900 5473 3461 5551">
     <span class='ocr_line' id='line_1_116' title="bbox 1900 5473 3461 5551; baseline -0.009 -15"><span class='ocrx_word' id='word_1_888' title='bbox 1900 5482 2065 5550; x_wconf 79' lang='lat' dir='ltr'><strong>gloria</strong></span> <span class='ocrx_word' id='word_1_889' title='bbox 2096 5491 2149 5535; x_wconf 91' lang='lat' dir='ltr'><strong>et</strong></span> <span class='ocrx_word' id='word_1_890' title='bbox 2176 5479 2408 5551; x_wconf 89' lang='lat' dir='ltr'><strong>potentia</strong></span> <span class='ocrx_word' id='word_1_891' title='bbox 2439 5493 2556 5530; x_wconf 92' lang='lat' dir='ltr'><strong>cum</strong></span> <span class='ocrx_word' id='word_1_892' title='bbox 2586 5484 2768 5531; x_wconf 82' lang='lat' dir='ltr'><strong>sancto</strong></span> <span class='ocrx_word' id='word_1_893' title='bbox 2786 5473 2986 5547; x_wconf 87' lang='lat' dir='ltr'><strong>Spiritu</strong></span> <span class='ocrx_word' id='word_1_894' title='bbox 3010 5473 3060 5526; x_wconf 93' lang='lat' dir='ltr'><strong>in</strong></span> <span class='ocrx_word' id='word_1_895' title='bbox 3087 5482 3272 5527; x_wconf 86' lang='lat' dir='ltr'><strong>cuncta</strong></span> <span class='ocrx_word' id='word_1_896' title='bbox 3301 5487 3461 5523; x_wconf 48' lang='lat' dir='ltr'><strong>sa-cuâ€™</strong></span> 
     </span>
    </p>
   </div>
   <div class='ocr_carea' id='block_1_117' title="bbox 1901 5571 2531 5637">
    <p class='ocr_par' dir='ltr' id='par_1_117' title="bbox 1901 5571 2531 5637">
     <span class='ocr_line' id='line_1_117' title="bbox 1901 5571 2531 5637; baseline -0.01 -9"><span class='ocrx_word' id='word_1_897' title='bbox 1901 5574 1948 5628; x_wconf 90' lang='lat' dir='ltr'><strong>la</strong></span> <span class='ocrx_word' id='word_1_898' title='bbox 1972 5573 2310 5637; x_wconf 72' lang='lat' dir='ltr'><strong>surculorum,</strong></span> <span class='ocrx_word' id='word_1_899' title='bbox 2340 5571 2531 5623; x_wconf 87' lang='lat' dir='ltr'><strong>Amen.</strong></span> 
     </span>
    </p>
   </div>
  </div>
