3990 6198
520 302 628 357 SS3

640 416 3285 442 __...I—T——-———-—-————-——-———-—————-———-———-

1224 286 1283 343 s.
1324 240 1600 355 massis
1635 284 2103 347 cnavsos'rom
2146 284 2461 346 ARClilEP.
2503 288 3037 351 CONSTANTINOP.
3574 318 3659 380 98,

1280 496 1504 605 ΑΒ
1526 495 1915 607 VERS
1938 495 2106 604 US
2184 497 2840 607 JUD/EOS
2888 504 2938 607 ¹.

1066 718 1261 761 curto
1294 719 1508 770 notari.

581 799 634 852 i.
676 795 827 852 Unde
856 795 1007 851 nobis
1055 796 1212 851 hodie
1250 795 1575 864 frequentior
1596 801 1889 848 conventus
1915 794 2082 847 iactus

504 891 633 947 est?
669 889 749 946 Ad
794 887 1187 958 efﬂagitandum
1238 887 1379 956 quod
1428 884 1647 954 polliciti
1696 897 1882 938 sumus
1926 884 2083 951 plane

507 981 854 1045 convenistis,
904 990 960 1034 ut
1002 986 1278 1047 argentum
1309 976 1415 1045 igni
1468 975 1770 1044 probatum,
1802 974 1945 1044 quod
1993 986 2080 1029 me

509 1075 663 1130 vobis
683 1073 1045 1128 exhibiturum
1078 1071 1423 1139 promiseram
1443 1109 1459 1134 ,
1490 1067 1782 1136 accipiatis.
1810 1064 1941 1121 Nam
1968 1064 2077 1119 elo-

506 1166 654 1236 quia,
687 1163 877 1233 inquit,
901 1160 998 1215 Dei
1016 1205 1028 1222 ,
1055 1160 1255 1228 eloquia
1291 1168 1430 1212 casta
1453 1173 1472 1210 :
1500 1166 1763 1228 argentum
1801 1155 1919 1226 igne
1952 1170 2077 1209 em-

506 1257 771 1318 minatum,
825 1254 1092 1322 probatum
1133 1260 1279 1303 term
1325 1247 1495 1316 (Psal.
1525 1247 1611 1301 ii.
1640 1244 1717 1317 7).
1762 1243 2079 1299 Benedictus

506 1346 666 1409 Deus,
689 1360 776 1411 qui
804 1343 953 1397 vobis
981 1351 1181 1396 tantum
1203 1338 1449 1394 audiendi
1472 1337 1775 1405 spirituales
1793 1349 2074 1390 sermones

505 1436 783 1505 inspiravit
819 1434 1087 1487 ardorem.
1139 1429 1597 1499 Quemadmodum
1634 1427 1775 1482 enim
1832 1426 2076 1482 homines

501 1525 626 1578 vino
650 1534 704 1578 et
732 1523 1035 1594 potionibus
1063 1519 1227 1577 dediti
1251 1561 1266 1583 ,
1294 1519 1502 1589 singulo
1522 1533 1732 1588 quoque
1758 1515 1846 1572 die
1886 1516 2074 1571 obam-

501 1616 722 1680 bulant,
774 1615 1085 1681 curioseque
1126 1610 1458 1680 disquirunt,
1519 1609 1603 1663 ubi
1657 1607 2075 1677 computationes

500 1706 785 1776 agitentur,
832 1703 922 1757 ubi
961 1702 1234 1766 convivia,
1265 1699 1353 1753 ubi
1406 1713 1608 1762 etcum,
1658 1697 1750 1751 ubi
1802 1709 2076 1751 comessa-

502 1801 703 1862 tiones,
737 1796 825 1849 ubi
853 1794 1195 1857 tentuientim,
1243 1791 1454 1862 phiaizn,
1485 1801 1717 1845 crateres
1745 1797 1801 1844 et
1843 1787 2070 1857 pocula:

500 1890 577 1944 sic
604 1898 659 1944 et
685 1901 781 1943 vos
810 1885 1050 1956 quotidie
1074 1884 1230 1938 simul
1257 1891 1417 1951 atque
1462 1880 1800 1935 surrexeritis
1819 1920 1835 1945 ,
1863 1878 2073 1933 curiose

500 1978 835 2050 perquiritis,
859 1977 1071 2030 ubinam
1098 1975 1269 2027 futura
1299 1972 1370 2026 sit
1405 1971 1725 2035 exhortatio,
1753 1968 1842 2022 ubi
1887 1966 2074 2021 admo-

498 2072 664 2137 nitio,
696 2069 783 2125 ubi
826 2068 1087 2132 doctrina,
1130 2065 1215 2119 ubi
1253 2078 1431 2119 sermo
1485 2061 1552 2115 ad
1605 2061 1825 2130 gloriam
1870 2055 2071 2113 Christi

498 2163 822 2220 conducens.
851 2161 994 2227 Quas
1014 2159 1087 2214 ob
1113 2171 1200 2212 res
1246 2164 1303 2211 ct
1355 2170 1453 2210 nos
1479 2168 1690 2224 quoque
1729 2148 2072 2221 propensiore

494 2255 672 2308 studio
698 2252 837 2324 quod
863 2250 1080 2321 polliciti
1112 2263 1295 2303 sumus
1319 2244 1684 2314 aggredimur:
1722 2251 1775 2296 ct
1799 2256 1919 2311 qua:
1948 2253 2070 2308 pro-

496 2346 772 2411 misimus,
829 2342 1175 2397 libentissime
1224 2337 1609 2408 prmstabimus.
1658 2333 1842 2402 itaque
1898 2343 2068 2399 pugna

495 2436 650 2491 nobis
674 2450 793 2490 cum
814 2433 1010 2488 iudacis
1030 2437 1293 2499 suscepta,
1323 2428 1523 2483 exitum
1550 2439 1707 2495 quem
1726 2422 1927 2486 debuit,
1955 2436 2068 2474 sor-

501 2530 592 2583 tita
644 2536 746 2582 est.
795 2525 1074 2593 Tropaaum
1124 2531 1359 2576 erectum
1402 2527 1514 2582 est,
1559 2529 1614 2572 et
1661 2530 1857 2571 corona
1915 2512 2069 2568 nobis

494 2630 643 2690 parta
668 2625 751 2674 est
768 2659 784 2685 ,
811 2625 861 2671 et
893 2616 1130 2670 bravium
1159 2630 1224 2668 ex
1251 2613 1522 2681 superiore
1542 2609 1805 2666 concione
1830 2615 2069 2676 reporta-

494 2714 690 2766 vimus.
735 2706 1006 2778 Siquidem
1058 2706 1160 2760 hoc
1207 2715 1614 2772 susceperamus
1661 2699 1956 2769 agendum,
2007 2706 2069 2753 ut

489 2805 978 2859 demonstraremus
1002 2797 1140 2868 quod
1160 2812 1222 2851 ea
1247 2811 1362 2865 quae
1384 2807 1526 2850 nunc
1545 2791 1679 2847 fiunt
1705 2791 1772 2845 ab
1799 2790 1938 2855 istis,
1960 2789 2068 2843 sint

489 2894 732 2968 qumdatn
796 2892 1146 2961 transgressio
1216 2889 1349 2958 legis
1417 2882 1913 2956 prmvaricatioque.
1966 2894 2066 2936 nec

488 2984 631 3040 aliud
652 2998 807 3053 quam
830 2982 1098 3036 hominum
1125 2979 1377 3032 adversus
1394 2977 1559 3031 Deum
1588 2974 1868 3029 commissa
1893 2984 2063 3041 pugna

489 3077 820 3145 bellumque:
852 3072 1011 3142 idque
1040 3069 1151 3125 Deo
1181 3068 1464 3122 auxiliante
1488 3065 1641 3120 nobis
1667 3061 2063 3118 accuratissime

488 3169 909 3221 demonstratum
956 3171 1057 3216 est.
1089 3159 1299 3215 Etenim
1342 3158 1387 3213 si
1412 3157 1677 3211 civitatem
1704 3169 1852 3209 suam
1881 3160 2063 3207 essent

488 3254 773 3324 aliquando
819 3249 1116 3319 recepturi,
1164 3257 1218 3303 et
1259 3248 1325 3301 ad
1370 3246 1646 3316 pristinum
1693 3244 1816 3298 vitae
1866 3251 2059 3297 statuta

489 3344 743 3407 redituri,
773 3341 1131 3410 templumque
1150 3340 1494 3392 instauratum
1526 3334 1715 3397 visuri,
1743 3347 2058 3403 quamquam

482 3426 533 3479 id
564 3439 850 3493 numquam
903 3432 987 3476 est
1035 3424 1298 3488 futurum;
1325 3435 1391 3475 ne
1430 3421 1508 3473 sic
1546 3421 1763 3489 quidem
1804 3424 2063 3476 haberent

476 3516 675 3585 justam
695 3514 1090 3568 excusationem
1119 3525 1305 3566 eorum
1331 3525 1449 3580 qum
1482 3508 1698 3565 faciunt.
1718 3509 1848 3564 Nam
1873 3518 1928 3564 et
1954 3520 2059 3564 tres

483 3606 558 3661 illi
584 3606 755 3676 pueri,
786 3614 842 3659 et
871 3604 1070 3669 Daniel,
1105 3605 1390 3673 exterique
1410 3617 1598 3658 omnes
1621 3601 1712 3672 qui
1738 3602 1985 3656 vivebant
2004 3602 2057 3656 in

478 3698 804 3768 captivitate,
820 3696 1196 3767 exspectabant
1209 3711 1269 3750 se
1284 3703 1590 3764 recepturos
1604 3695 1871 3751 civitatem
1884 3710 2056 3762 suam,

480 3799 540 3844 ut
584 3798 707 3861 post
748 3802 918 3844 annos
955 3789 1284 3858 septuaginta
1326 3787 1574 3842 viderent
1620 3787 1805 3858 patria:
1847 3788 2055 3861 solum,

479 3884 827 3954 pristinisque
872 3882 1112 3937 viverent
1154 3881 1358 3951 legibus
1401 3878 1561 3952 (Dan.
1590 3881 1617 3935 Ι
1645 3891 1690 3934 et
1715 3881 1873 3951 seqq).
1896 3881 2058 3950 Atqui

474 3991 601 4031 cum
634 3976 735 4030 hoc
762 3974 868 4029 illis
893 3972 1170 4029 evidenter
1193 3980 1337 4027 esset
1361 3973 1679 4042 promissum
1701 4013 1715 4037 ,
1751 3988 1819 4026 ne
1838 3973 1914 4027 sic
1938 3972 2058 4042 qui-

473 4067 602 4123 dem
633 4074 756 4121 ante
787 4063 1194 4135 promissionem
1223 4072 1278 4117 et
1319 4062 1548 4118 reditum
1588 4062 1703 4117 ausi
1752 4070 1876 4116 sunt
1902 4061 2058 4132 quid-

472 4174 636 4229 quam
666 4172 853 4214 eorum
870 4155 1046 4212 facere
1063 4155 1212 4226 juxta
1244 4155 1377 4226 legis
1402 4155 1570 4221 ritus,
1591 4170 1710 4224 quo:
1733 4154 1930 4208 faciunt
1948 4154 2056 4208 isti.

479 4251 593 4307 lioc
619 4261 772 4321 pacto
797 4249 997 4319 pOteris
1033 4260 1089 4303 et
1118 4248 1229 4318 ipse
1249 4247 1436 4303 Judaeo
1489 4261 1553 4301 os
1579 4246 1879 4301 occludcre.
1912 4246 2059 4316 Roga

476 4342 658 4409 illum,
686 4357 787 4412 qua
811 4341 881 4396 de
905 4355 1064 4396 causa
1089 4339 1302 4411 jejunas
1322 4381 1337 4407 ,
1366 4354 1488 4394 eum
1518 4355 1623 4394 non
1652 4338 1849 4394 habeas
1874 4338 2059 4393 civita-

476 4432 630 4487 tem?
657 4431 809 4499 Quod
829 4432 872 4486 si
895 4432 1107 4496 dixerit,
1131 4431 1380 4501 quoniam
1409 4447 1569 4502 spero
1596 4446 1684 4487 me
1720 4441 2057 4502 recepturum

475 4522 772 4587 civitatem,
801 4521 886 4575 dic
912 4521 985 4575 illi
1018 4537 1032 4575 :
1064 4522 1287 4588 proinde
1315 4522 1550 4592 quiesce,
1577 4522 1747 4578 donec
1771 4524 2055 4592 receperis.

480 4615 616 4672 Nam
662 4614 740 4670 illi
785 4614 986 4679 sancti,
1014 4613 1188 4668 donec
1226 4614 1292 4669 ad
1321 4615 1543 4684 patriam
1588 4631 1738 4670 suam
1788 4616 2055 4680 redirent,

382 4746 389 4755 .
476 4709 613 4763 nihil
639 4724 823 4764 eorum
853 4722 972 4776 qua:
999 4714 1058 4761 tu
1087 4706 1215 4761 facis
1238 4748 1252 4772 ,
1276 4707 1391 4761 ausi
1421 4717 1547 4762 sunt
1567 4706 1762 4763 facere.
1794 4708 2056 4775 Proinde,

475 4813 531 4857 ut
559 4802 733 4872 palam
755 4809 857 4865 est,
888 4814 1027 4853 nunc
1051 4799 1217 4866 legem
1247 4798 1339 4853 Dei
1361 4798 1529 4852 violas
1556 4817 1568 4851 :
1593 4799 1824 4865 etiamsi,
1857 4807 1916 4853 ut
1938 4799 2056 4864 ais,

474 4905 794 4963 recepturus
818 4892 892 4946 sis
920 4891 1184 4945 civitatem
1210 4929 1226 4955 ,
1258 4899 1432 4943 tamen
1460 4900 1611 4959 pacta
1638 4904 1758 4944 cum
1791 4889 1903 4945 Deo
1932 4890 2058 4945 inita

476 4984 771 5050 rescindis,
799 4994 854 5039 et
880 4984 931 5037 iu
961 4985 1131 5052 ipsum
1153 4982 1277 5036 vita:
1301 4988 1497 5035 statum
1527 4981 1947 5035 contumeliosus
1977 4995 2055 5035 es.

446 5064 447 5067 “
478 5078 643 5149 igitur
693 5078 744 5131 iu
775 5075 1015 5130 oratione
1040 5074 1317 5142 superiore
1337 5072 1566 5127 diximus
1591 5081 1783 5127 vestrae
1813 5072 2056 5140 caritati,

473 5178 730 5241 quantum
775 5168 903 5222 satis
945 5166 1011 5220 ad
1040 5163 1420 5220 retundendam
1453 5162 1755 5219 Judarorum
1786 5162 2063 5232 impuden-

479 5264 639 5329 tiam,
665 5270 722 5317 et
738 5260 805 5314 ad
837 5256 1253 5328 redarguendatn
1270 5270 1454 5311 eorum
1480 5256 1988 5326 prmvaricatiauem.

2188 702 2571 760 edoceremus:
2598 720 2697 776 age
2721 722 2904 765 rursus
2927 718 2982 765 et
3007 708 3109 765 hoc
3131 726 3196 769 es
3220 710 3474 774 abundanti
3495 720 3677 783 damon.

2186 802 2437 860 stremus,
2464 795 2603 865 quod
2628 797 2880 866 templum
2917 815 3200 869 numquam
3226 803 3573 875 iustaurabiiur,
3599 829 3674 871 ne.

2184 900 2286 954 quc
2314 886 2379 943 ad
2410 886 2688 955 pristinum
2715 890 2836 943 vice
2859 898 3055 944 statum
3081 894 3376 951 restituendi
3403 897 3545 956 Judaei
3564 915 3672 963 sunt.

2185 974 2295 1030 Hoc
2319 984 2473 1046 pacto
2498 976 2610 1040 fiet,
2641 986 2700 1032 ut
2722 987 2776 1032 et
2800 992 2895 1033 vos
2915 981 3158 1036 exactius
3183 987 3423 1041 noveritis
3446 993 3679 1058 apostolica

2185 1064 2453 1133 dogmata,
2478 1076 2531 1121 et
2562 1066 2639 1121 illi
2665 1076 2846 1123 contra
2868 1069 2937 1123 ad
2980 1071 3233 1139 majorem
3270 1075 3556 1145 impietatem
3582 1098 3672 1151 pro

2186 1152 2320 1222 lapsi
2362 1155 2660 1225 capiantur.
2706 1157 2902 1213 ilarum
2933 1175 3058 1215 vero
3089 1177 3263 1217 rerum
3292 1174 3465 1221 testem
3501 1170 3679 1228 adduce.

2186 1261 2303 1301 mus
2340 1261 2445 1302 non
2473 1250 2743 1318 angelum,
2774 1266 2880 1306 non
2908 1252 3303 1323 archangelum,
3334 1259 3423 1313 sed
3449 1262 3569 1316 orbis
3588 1266 3677 1319 uni-

2183 1335 2321 1390 versi
2354 1337 2642 1407 principem
2672 1340 2951 1397 Dominum
2981 1353 3219 1399 nostrum
3250 1346 3420 1402 Iesum
3446 1351 3678 1410 Christum.

2182 1424 2232 1479 is
2272 1428 2434 1494 enim,
2464 1444 2587 1485 cum
2629 1432 2895 1503 ingressus
2931 1434 3314 1508 Jerosolymam
3357 1442 3547 1499 vidisset
3581 1455 3680 1501 ters-

2181 1518 2349 1588 plum,
2395 1520 2562 1576 dixit:
2594 1521 2851 1579 Futurum
2880 1536 2933 1580 ut
2958 1526 3279 1599 Jerosolynta
3313 1536 3677 1593 conculcarctttra

2179 1613 2409 1683 gentibus
2454 1616 2654 1680 multis,
2701 1617 2860 1672 donec
2901 1602 3227 1689 impleantur
3269 1633 3483 1695 tempora
3517 1630 3684 1698 gentiam

2179 1706 2454 1759 multarum
2483 1704 2635 1777 (Luc.
2659 1705 2750 1761 2i.
2785 1707 2877 1778 24)
2906 1726 2919 1762 :
2948 1718 3157 1779 tempus
3177 1712 3469 1782 signiﬁcans
3491 1717 3685 1789 usquead

2178 1798 2689 1854 consummationem
2731 1799 2935 1855 mundi.
2979 1802 3057 1856 Ac
3087 1817 3272 1863 rursus
3310 1805 3422 1859 haec
3443 1805 3504 1861 de
3540 1808 3694 1877 templo

2178 1887 2525 1945 comminatus
2552 1899 2654 1956 εει,
2706 1890 2928 1960 loquens
2971 1891 3271 1962 discipulis,
3303 1908 3407 1949 non
3445 1910 3691 1951 mansurum

2179 1975 2407 2047 lapidem
2445 1992 2607 2048 super
2649 1979 2878 2050 lapidem
2918 1980 2971 2034 in
3009 1996 3075 2036 eo
3104 1981 3225 2037 loco
3251 1983 3340 2053 qui
3384 1998 3484 2041 non
3508 1984 3697 2043 diruatsr

2178 2065 2389 2139 (Matth.
2434 2068 2525 2127 ει.
2577 2068 2676 2139 2):
2729 2072 3004 2141 perspicue
3048 2072 3348 2142 prmdicens
3388 2089 3501 2129 eunt
3528 2090 3699 2144 prorsus

2176 2156 2518 2223 abolendum,
2533 2168 2588 2215 et
2615 2161 2666 2215 in
2691 2170 2994 2230 perpetuam
3020 2161 3366 2218 solitudinem
3385 2164 3701 2234 redigendum.

2178 2246 2371 2302 Verum
2400 2247 2614 2304 Judaeus
2649 2249 2867 2304 omnino
2896 2250 3071 2319 rejicit
3094 2250 3199 2307 hoc
3227 2253 3591 2320 testimonium,
3628 2270 3704 2309 nec

2175 2339 2362 2409 recipit
2387 2354 2447 2393 ea
2478 2330 2597 2409 qua:
2622 2341 2869 2396 dicimus.
2902 2341 3156 2397 inimicus
3190 2343 3360 2409 enim,
3388 2344 3565 2414 inquit.
3586 2359 3705 2399 meus

2174 2435 2276 2493 est,
2302 2429 2392 2499 qui
2420 2429 2541 2484 talia
2572 2430 2836 2501 loquitur;
2866 2446 2966 2502 ego
2994 2432 3141 2488 illum
3165 2434 3323 2503 adegi
3358 2436 3408 2489 in
3435 2444 3709 2497 crucem;et

2173 2520 2438 2587 quomodo
2462 2521 2711 2591 recipiam
2738 2522 2878 2578 illius
2907 2523 3320 2580 testimonium?
3350 2527 3500 2595 Atqui
3527 2527 3616 2580 hoc
3636 2527 3704 2596 ip-

2173 2622 2291 2663 siim
2325 2611 2512 2665 mirum
2538 2619 2639 2678 est,
2688 2627 2722 2668 ο
2744 2612 2945 2679 Judaee,
2977 2614 3120 2684 quod
3154 2631 3283 2671 cum
3331 2625 3388 2671 tu
3432 2616 3717 2671 cruciﬁxerts

2173 2712 2317 2765 eum,
2347 2700 2435 2755 ille
2465 2711 2744 2771 postquam
2772 2703 2871 2759 abs
2897 2714 2948 2760 te
2972 2706 3267 2762 cruciﬁxus
3295 2716 3399 2771 est,
3427 2716 3544 2762 tunc
3563 2706 3712 2760 civita-

2174 2798 2278 2844 tem
2311 2799 2451 2846 tuam
2479 2794 2688 2860 evertit,
2721 2804 2862 2850 tuam
2889 2804 3101 2866 gentem
3128 2797 3436 2867 dissipavit,
3479 2806 3613 2851 tuum
3642 2810 3720 2866 po-

2171 2880 2351 2951 pulum
2382 2898 2476 2952 per
2504 2883 2813 2940 universum
2841 2891 3023 2941 orbem
3053 2886 3357 2958 dispersit:
3387 2887 3617 2944 videlicet
3654 2900 3720 2940 re-

2170 2972 2281 3043 ipsa
2302 2973 2599 3040 declarans,
2627 2989 2687 3031 se
2710 2977 3087 3044 resurrexisse,
3120 2993 3191 3036 ac
3216 2979 3424 3043 vivere,
3450 2986 3601 3048 atque
3612 2988 3728 3032 nunc

2168 3077 2289 3119 esse
2333 3065 2384 3119 in
2410 3066 2574 3120 caelis.
2613 3065 2874 3133 Quoniam
2904 3069 3047 3124 enim
3089 3084 3162 3127 ex
3204 3068 3502 3127 benefactis
3541 3067 3721 3123 noluisti

2167 3159 2457 3224 potentiam
2499 3157 2638 3213 illius
2668 3173 3014 3228 cognoscere,
3044 3175 3144 3231 per
3173 3177 3377 3232 pinnas
3402 3178 3467 3217 ae
3502 3160 3730 3232 supplicia

2165 3243 2552 3302 demonstravit
2579 3248 2739 3304 robur
2761 3264 2936 3311 suum.
2969 3251 3291 3311 inevitabile
3315 3253 3519 3323 pariter
3536 3260 3588 3306 et
3608 3253 3733 3305 ines-

2168 3337 2468 3407 pugnabile.
2503 3339 2568 3392 At
2594 3354 2661 3393 ne
2700 3339 2778 3393 sic
2807 3339 3018 3409 quidem
3058 3342 3273 3409 credis,
3305 3349 3404 3397 aut
3424 3350 3580 3412 putas
3614 3338 3739 3393 illum

2166 3438 2287 3480 esse
2314 3425 2500 3492 Deum,
2529 3441 2593 3484 ac
2621 3429 2787 3486 totius
2814 3431 2957 3487 orbis
2986 3432 3325 3499 Dominum;
3357 3434 3456 3490 sed
3497 3433 3743 3488 arbitraris

2169 3514 2441 3572 hominem
2481 3516 2644 3574 fuisse
2672 3520 2966 3591 vulgarem.
2998 3522 3114 3593 Age
3156 3524 3354 3595 igitur,
3391 3523 3612 3596 perinde
3635 3538 3692 3578 ac
3712 3522 3751 3577 si

2167 3607 2329 3667 homo
2356 3619 2558 3665 tantum
2604 3611 2779 3677 fuerit,
2828 3629 2942 3670 rem
2982 3618 3359 3673 excutiamus.
3387 3620 3523 3674 Cum
3566 3618 3745 3686 aliquos

2164 3699 2408 3756 videmus
2438 3699 2702 3768 homines,
2728 3719 2865 3772 quos
2889 3704 2941 3758 in
2976 3707 3242 3764 omnibus
3268 3710 3637 3780 comperimus
3653 3719 3754 3763 esse

2169 3805 2408 3857 veraces,
2458 3805 2558 3847 nec
2585 3792 2689 3847 ulla
2722 3793 2773 3847 iu
2804 3809 2864 3849 re
2891 3797 3226 3853 mentientes
3250 3814 3270 3853 :
3308 3800 3530 3867 horum,
3577 3796 3751 3855 etiamsi

2168 3879 2362 3935 fuerint
2390 3881 2592 3949 hostes,
2622 3883 2781 3939 modo
2805 3885 3097 3954 sapiamus,
3130 3888 3290 3947 dicta
3320 3891 3614 3962 recipimus
3635 3888 3754 3944 Raro

2164 3986 2283 4027 sum
2311 3973 2356 4028 si
2385 3972 2672 4028 viderimus
2698 3989 2793 4030 eos
2829 3977 3173 4045 mentientes,
3209 3981 3440 4039 etiamsi
3473 3984 3527 4036 in
3554 3977 3752 4035 nauant-

2165 4061 2230 4115 lis
2257 4076 2476 4119 veraces
2500 4062 2717 4130 fuerint,
2747 4079 2849 4121 nec
2869 4066 2955 4122 illa
2978 4066 3135 4123 facile
3159 4071 3500 4141 recipimus,
3526 4084 3643 4142 qua:
3655 4078 3755 4123 vero

2165 4152 2233 4206 ab
2260 4152 2362 4207 illis
2386 4151 2530 4211 dicta
2551 4162 2697 4210 sunt.

2235 4245 2291 4298 2.
2332 4243 2586 4300 Christum
2610 4246 2663 4300 in
2696 4247 3107 4317 pradictioaibus
3148 4267 3386 4321 prorsus
3411 4264 3638 4305 uernant
3674 4258 3752 4300 esst

2164 4336 2554 4392 deuwnstratur.
2574 4366 2649 4381 --
2666 4339 2780 4409 Age
2804 4355 2964 4405 nuuc,
2993 4341 3439 4399 cionsideremus
3458 4342 3651 4398 Christi
3671 4354 3758 4394 me

2163 4444 2253 4485 res
2276 4439 2332 4485 et
2372 4430 2555 4484 vitam.
2603 4430 2720 4486 Non
2764 4433 2907 4487 enim
2937 4433 3038 4489 hoc
3066 4443 3297 4490 tantum
3345 4436 3501 4508 quod
3537 4434 3754 4491 diximus.

2165 4520 2434 4589 praedixit,
2466 4533 2626 4591 atque
2654 4524 3047 4593 praenuntiavit,
3081 4542 3296 4583 verum
3326 4531 3502 4585 etiam
3530 4528 3631 4582 alia
3651 4523 3758 4581 mul-

2166 4620 2239 4675 ta,
2266 4609 2424 4682 longo
2452 4620 2573 4682 post
2601 4621 2840 4682 tempore
2866 4623 3110 4679 ventura,
3143 4617 3504 4672 vaticinatus
3528 4626 3629 4673 est.
3660 4613 3756 4669 Pro-

2165 4701 2396 4758 feramus
2424 4704 2581 4775 igitur
2604 4705 2982 4775 prtedietiones
3011 4706 3132 4761 illas
3168 4709 3229 4765 in
3262 4712 3568 4767 medium:
3594 4710 3644 4764 in
3669 4704 3758 4775 qui-

2166 4792 2267 4848 bus
2291 4794 2336 4849 si
2366 4795 2562 4851 videris
2588 4796 2733 4851 illum
2765 4797 3097 4862 mendacem,
3130 4814 3219 4857 ne
3244 4800 3401 4857 hanc
3427 4801 3642 4872 quidem
3658 4793 3755 4851 reci-

2167 4884 2297 4953 pito,
2344 4900 2515 4955 neque
2559 4896 2715 4956 putes
2753 4887 2828 4942 illi
2877 4888 3033 4944 ﬁdem
3066 4889 3442 4951 habendam.
3495 4893 3697 4953 Contra.
3724 4885 3756 4937 εί

2167 4974 2362 5029 videris
2394 4976 2538 5030 illum
2572 4977 2622 5030 in
2668 4981 2876 5033 caeteris
2912 4979 3178 5034 omnibus
3220 4997 3523 5048 vemeem,
3573 4993 3625 5036 et
3656 4978 3756 5032 illic

2162 5066 2335 5134 ipsam
2380 5066 2776 5134 praedictionem
2820 5069 3063 5125 evenisse
3109 5086 3125 5122 :
3188 5071 3415 5130 deinde
3455 5091 3581 5130 cum
3626 5068 3759 5127 vida!

2164 5156 2484 5213 imensdm
2518 5169 2814 5228 temporum
2856 5161 3203 5223 curriculum
3257 5176 3549 5223 attestans
3594 5155 3758 5220 veritati

2160 5262 2350 5302 eorum
2378 5264 2496 5316 qua:
2523 5250 2785 5317 praedixit,
2832 5265 2898 5305 ne
2924 5250 3053 5305 velis
3094 5252 3263 5308 ultra
3313 5257 3619 5326 perfricare
3655 5253 3768 5308 iron—

551 5351 814 5421 T'eiitplum
857 5349 1155 5403 Iudaeorum
1197 5362 1472 5416 numquam
1518 5346 1910 5401 restant-aridum
1956 5361 2065 5399 esse
2167 5345 2297 5402 leni,
2330 5353 2502 5408 neque
2524 5339 2689 5394 rebus
2714 5340 2827 5396 sole
2855 5340 3193 5397 clarioribus
3222 5347 3586 5417 obstrepere.
3621 5341 3777 5395 Vides-

478 5453 739 5515 proeatur.
768 5470 841 5481 ---
860 5440 1122 5495 Caeterum
1161 5436 1374 5507 quando
1403 5453 1505 5492 non
1534 5437 1636 5492 hoc
1676 5448 1876 5492 tantum
1907 5435 2061 5491 nobis

480 5542 594 5587 erat
635 5532 985 5602 propositum,
1018 5540 1072 5584 ut
1099 5529 1309 5584 illorum
1337 5544 1429 5584 ora
1458 5529 1846 5596 clauderemus,
1874 5542 2057 5583 verum

483 5630 545 5672 ut
568 5623 862 5677 Ecclesiant
909 5622 1176 5689 cepiosius
1204 5619 1274 5674 de
1316 5620 1425 5675 suis
1458 5621 1688 5694 propriis
1723 5618 2060 5691 dogmatibus

546 5725 566 5757 ι
600 5727 652 5768 'n
661 5732 720 5769 es
734 5718 869 5779 Mss,
883 5729 1057 5772 contra
1076 5721 1283 5774 Judazos
1294 5724 1509 5777 Humilia
1528 5724 1689 5777 tertia.

2166 5440 2284 5480 mus
2307 5428 2464 5497 igitur
2478 5430 2607 5499 quid
2630 5441 2887 5501 praterea
2910 5432 3268 5501 praedixerit.
3292 5438 3557 5495 Accessit
3576 5435 3638 5492 ad
3657 5431 3777 5490 illum

2164 5515 2359 5571 mulier
2379 5518 2699 5597 alabastrum
2722 5520 2922 5577 habens
2944 5525 3221 5591 unguenti
3255 5529 3522 5596 pretiosi,
3545 5538 3597 5582 et
3625 5518 3779 5578 effudit

2166 5617 2491 5677 unguentum
2515 5610 2726 5682 (Matth.
2753 5610 2868 5683 26).
2897 5612 3008 5668 Hoc
3034 5613 3269 5672 factum
3315 5619 3551 5691 indigne
3578 5617 3782 5675 feralia

2165 5698 2430 5772 discipuli,
2457 5701 2706 5760 dicebant
2728 5722 2743 5757 :
2766 5706 2935 5773 Quare
2958 5722 3055 5761 non
3074 5713 3496 5769 venumdatam
3514 5722 3591 5768 est
3613 5716 3781 5765 ιτεεικ·
