3990 6198
262 280 366 338 883

265 586 387 639 estis
415 583 656 637 mulieri?
681 585 868 638 bonum
892 587 1025 640 enim
1053 602 1180 657 opus
1207 587 1346 656 fecit.
1379 586 1502 641 Dico
1529 589 1661 641 enim
1689 589 1846 653 vobis,

261 677 566 743 ubicumque
613 676 947 745 Prwdicatum
986 679 1143 746 fuerit
1172 678 1266 732 hoc
1308 680 1620 750 euangelium
1649 681 1701 734 in
1731 682 1846 734 uni-

257 783 400 821 versa
425 776 584 830 terra,
615 767 808 822 dicetur
825 767 988 822 ethoc
1015 769 1152 838 quod
1177 764 1283 822 Ita:c
1304 769 1420 839 fecit
1439 809 1454 835 ,
1481 769 1534 824 in
1556 773 1848 825 memoriam

253 859 368 928 ejus
401 857 504 929 (Ib.
542 874 590 912 υ.
625 858 712 913 10.
755 855 856 929 sq).
902 859 1160 914 Utrumne
1189 862 1440 916 mentitus
1466 870 1569 927 est,
1611 877 1678 916 an
1706 861 1842 918 dixit

253 953 476 1006 verum?
496 951 687 1006 Evenit
705 951 846 1022 quod
865 951 1126 1022 praedixit,
1144 968 1209 1006 an
1229 952 1324 1007 fuit
1342 953 1498 1008 inane
1514 955 1845 1009 vaticinium?

254 1043 528 1114 Interroga
557 1043 831 1109 Judaeum;
863 1046 964 1098 etsi
995 1046 1186 1100 millies
1228 1045 1563 1115 perfricuerit
1591 1046 1838 1109 frontem,

249 1134 510 1190 adversus
561 1133 697 1190 banc
740 1135 1141 1206 prrcdictionem
1185 1153 1288 1190 non
1320 1138 1517 1208 poterit
1546 1138 1729 1194 oculos
1756 1147 1840 1191 at-

250 1225 466 1280 tollere.
497 1224 554 1279 ln
586 1226 835 1280 omnibus
875 1225 1018 1281 enim
1051 1227 1304 1282 Ecclesiis
1337 1229 1619 1282 memorari
1650 1228 1840 1282 mulic~

246 1331 368 1372 rem
399 1317 662 1374 audimus.
693 1317 829 1374 Sunt
871 1319 1140 1383 consules,
1171 1319 1355 1385 duces,
1401 1320 1521 1386 viri,
1565 1321 1837 1384 mulieres,

246 1412 480 1475 nobiles,
509 1411 766 1476 illustres,
799 1411 1086 1481 splendidi,
1117 1412 1168 1466 in
1197 1412 1446 1466 omnibus
1483 1412 1735 1476 urbibus;
1786 1417 1841 1468 et

244 1503 310 1558 in
337 1519 722 1575 quamcumque
748 1504 894 1560 orbis
928 1516 1130 1574 partem
1162 1503 1464 1572 deveneris,
1486 1519 1696 1560 summo
1715 1520 1836 1560 cum

242 1594 464 1650 silentio
491 1595 674 1651 audies
701 1596 858 1664 hujus
883 1595 1122 1651 mulieris
1149 1595 1382 1650 ofﬁcium
1421 1613 1436 1650 :
1468 1611 1568 1652 nec
1617 1606 1700 1652 est
1729 1597 1836 1652 ulla

242 1686 434 1743 mundi
463 1687 633 1758 plaga,
670 1703 788 1759 quae
812 1687 1009 1744 factum
1037 1689 1140 1743 hoc
1169 1688 1394 1758 ignoret.
1421 1689 1579 1759 Atqui
1605 1701 1733 1760 quot
1755 1706 1838 1744 re-

238 1793 345 1848 ges
373 1777 538 1832 multa
568 1793 864 1849 magnaque
890 1778 942 1833 in
987 1779 1150 1834 urbes
1178 1780 1519 1834 contulerunt
1556 1780 1832 1845 beneﬁcia,

238 1867 385 1923 bella
414 1883 535 1923 cum
565 1867 718 1922 laude
741 1877 1044 1938 gesserunt,
1077 1877 1272 1938 tr0pa2a
1299 1877 1618 1931 statuerunt,
1649 1879 1837 1940 gentes

236 1967 652 2024 conservaruut,
685 1959 845 2014 urbes
869 1959 1241 2022 condiderunt,
1263 1968 1318 2014 et
1345 1960 1654 2016 innumeros
1679 1976 1833 2030 para-

234 2065 372 2104 vere
411 2049 612 2105 reditus
653 2069 666 2104 :
697 2059 751 2104 et
780 2058 958 2105 tamen
987 2065 1110 2105 cum
1140 2051 1221 2105 his
1255 2053 1509 2120 praeclare
1548 2054 1712 2124 gestis
1755 2053 1833 2107 si-

236 2143 412 2198 lentio
442 2143 738 2214 teguntur?
783 2143 916 2199 Item
957 2144 1156 2216 reginae
1201 2146 1575 2215 primarizeque
1622 2145 1833 2201 femina:

234 2234 650 2290 innumerabilia
697 2234 972 2290 benefacta
1023 2235 1366 2291 contulerunt
1415 2236 1466 2290 in
1499 2251 1594 2291 eos
1640 2236 1832 2307 quibus

232 2325 593 2394 imperabant,
615 2342 732 2396 qua:
755 2342 821 2381 ne
845 2327 911 2380 de
933 2327 1149 2382 nomine
1173 2327 1389 2398 quidem
1415 2327 1506 2382 ulli
1529 2339 1667 2382 nota:
1685 2337 1828 2382 sunt.

232 2415 369 2471 ἢπερ
402 2427 580 2471 autem
608 2417 812 2485 abiecta
846 2417 1060 2483 mulier,
1089 2433 1208 2488 qua:
1251 2426 1455 2473 tantum
1499 2418 1685 2474 effudit
1730 2436 1828 2474 nn~

229 2519 512 2580 guentum,
543 2517 655 2564 toto
683 2518 940 2565 terrarum
961 2509 1092 2565 orbe
1119 2509 1452 2566 decantatur.
1475 2510 1553 2566 Ne
1577 2510 1831 2580 temporis

225 2599 456 2669 quidem
488 2608 594 2654 tam
635 2600 894 2656 immensa
925 2600 1198 2672 longitudo
1225 2602 1536 2656 memoriam
1571 2601 1712 2655 illius
1746 2601 1828 2656 vel

225 2692 515 2758 exstinxit,
556 2692 640 2748 vel
667 2694 968 2764 exstinguet
993 2708 1266 2762 umquam,
1299 2693 1456 2764 idque
1483 2709 1604 2749 cum
1634 2695 1846 2772 factum.

226 2784 418 2854 ipsum
460 2799 566 2839 non
593 2793 734 2840 esset
780 2785 986 2856 insigne
1015 2803 1028 2840 :
1056 2785 1183 2857 quid
1212 2786 1355 2841 enim
1384 2786 1561 2855 magni
1585 2795 1701 2841 erat
1728 2802 1828 2840 un-

221 2885 493 2947 guentum
531 2876 844 2933 etTundere?
892 2892 1065 2947 neque
1096 2892 1321 2948 persona
1361 2887 1506 2932 esset
1552 2877 1826 2944 celebris;

221 2979 357 3026 erat
393 2969 538 3025 enim
578 2969 772 3025 mulier
817 2969 1022 3039 abjecta
1061 2987 1075 3023 :
1109 2984 1284 3040 neque
1310 2968 1465 3024 multi
1521 2978 1684 3024 testes
1728 2969 1828 3023 ad-

221 3069 422 3127 erant;
452 3076 572 3116 nam
604 3062 741 3116 inter
759 3060 1048 3130 discipulos
1071 3074 1158 3116 res
1173 3070 1256 3116 est
1269 3069 1414 3131 gesta
1440 3078 1454 3114 :
1482 3075 1654 3131 neque
1680 3059 1828 3116 locus

220 3151 466 3216 nobilis;
499 3152 829 3222 nequeenim
859 3151 961 3208 hoc
984 3150 1106 3207 fecit
1138 3167 1233 3221 per
1254 3151 1517 3206 theatrum
1542 3151 1825 3216 transiens,

219 3242 332 3299 sed
359 3243 413 3296 in
436 3241 599 3297 domo
623 3241 808 3297 decem
829 3243 1106 3298 dumtaxat
1126 3242 1433 3297 hominibus
1455 3242 1824 3312 prmsentibus.

221 3337 490 3390 Attamen
517 3348 688 3404 neque
733 3349 977 3404 persona:
1007 3333 1202 3398 vilitas,
1230 3348 1405 3404 neque
1438 3334 1650 3389 testium
1693 3349 1826 3404 pau-

217 3429 392 3484 eitas,
427 3439 602 3494 neque
631 3425 730 3479 loci
776 3425 1098 3488 obscuritas,
1133 3439 1305 3495 neque
1335 3425 1438 3478 ulla
1472 3439 1560 3480 res
1603 3425 1706 3480 alia
1734 3441 1825 3494 po.

217 3517 336 3573 tuit
391 3516 531 3572 illius
575 3516 796 3572 abolere
844 3517 1179 3571 memoriam.
1225 3516 1364 3585 Quin
1408 3519 1585 3587 potius
1627 3518 1826 3589 reginis

215 3609 487 3664 ominibus
513 3623 578 3663 ac
603 3608 817 3678 regibus
847 3607 1110 3663 universis
1133 3607 1395 3662 celebrior
1432 3615 1515 3662 est
1543 3622 1684 3663 nunc
1710 3607 1826 3662 huic

217 3699 453 3762 mulier,
500 3714 602 3754 nec
625 3699 732 3753 ulla
761 3707 889 3754 mtas
929 3699 1181 3755 oblivioni
1211 3698 1426 3753 tradidit
1455 3697 1596 3768 quod
1628 3699 1823 3754 factum

215 3801 336 3846 est.
366 3789 523 3847 Unde
553 3789 627 3855 id,
654 3789 740 3845 die
777 3789 930 3857 mihi,
969 3799 1060 3845 aut
1085 3790 1206 3860 quis
1235 3791 1335 3845 hoc
1362 3789 1575 3846 effecit?
1633 3788 1823 3844 Annon

217 3884 377 3939 heus
422 3882 556 3952 ipse,
599 3882 684 3937 cui
720 3892 830 3936 tum
863 3881 964 3937 hoc
1006 3881 1241 3936 ofﬁcium
1269 3881 1640 3951 prmstabatur,
1688 3880 1826 3936 hanc

217 3976 432 4030 fatuam
463 3989 559 4044 per
587 3973 766 4028 omnia
806 3985 1067 4029 terrarum
1113 3972 1226 4028 loca
1273 3971 1567 4042 dispersit?
1593 3970 1824 4027 Proinde

214 4067 319 4122 dic
344 4065 498 4128 mihi,
525 4080 652 4119 num
682 4063 986 4134 huiusmodi
1016 4063 1309 4133 praedicere
1339 4064 1551 4118 virtutis
1579 4063 1824 4118 humana:

211 4157 477 4210 videtur?
523 4155 654 4223 Quis
694 4156 836 4209 enim
870 4169 1014 4208 sana:
1060 4155 1255 4208 mentis
1283 4153 1384 4208 hoc
1425 4154 1660 4208 dixerit?
1688 4153 1820 4208 Nam

209 4248 529 4319 pmdicere
545 4263 664 4316 qua:
691 4247 924 4300 facturus
944 4256 1106 4311 esset,
1131 4247 1322 4298 mirum
1362 4245 1578 4312 quidem
1608 4260 1670 4299 ac
1695 4259 1820 4314 pro-

209 4340 500 4410 digiosum
529 4355 544 4392 :
572 4353 755 4392 verum
784 4336 1075 4407 prtedicere
1099 4351 1217 4407 quae
1245 4335 1335 4390 alii
1359 4335 1550 4390 facturi
1577 4343 1720 4402 sunt,
1747 4335 1822 4391 ef-

209 4432 506 4500 ﬁcereqne
534 4439 586 4484 ut
618 4429 751 4484 ﬁdes
783 4429 887 4483 illis
915 4427 1193 4493 habeatur,
1221 4428 1433 4496 sintque
1457 4426 1668 4481 cunctis
1699 4441 1822 4497 per-

203 4523 442 4592 spicua,
472 4520 643 4576 multo
689 4520 863 4586 majus
887 4527 970 4574 est
1011 4533 1074 4574 ac
1100 4517 1415 4573 mirabilius.
1448 4516 1654 4571 Rursus
1685 4532 1822 4585 prte-

198 4617 370 4673 dixit
396 4615 594 4670 Petro:
647 4613 819 4684 Super
845 4612 976 4666 hanc
1001 4620 1191 4682 petram
1231 4610 1496 4678 aediﬁcabo
1541 4608 1822 4663 Ecclesium

199 4725 422 4772 Mm,
453 4716 500 4761 et
548 4715 707 4775 porta:
733 4705 884 4775 inferi
927 4721 1028 4758 non
1071 4703 1410 4774 prmalebunt
1449 4702 1688 4758 adversus
1713 4719 1823 4756 eam

202 4800 455 4873 (Matth.
485 4799 570 4854 Ili.
604 4798 716 4871 l8).
760 4797 987 4852 Proinde
1011 4796 1097 4851 dic
1126 4812 1243 4867 age,
1272 4796 1477 4858 Judaze.
1506 4796 1630 4866 quid
1659 4795 1823 4850 habes

189 4891 376 4964 quod
425 4889 810 4959 reprehendas,
857 4896 950 4942 aut
977 4886 1266 4956 redarguas
1308 4885 1468 4940 exiis
1515 4901 1634 4956 qua:
1679 4887 1818 4941 dicta

184 4995 354 5045 sunt
374 4983 401 5037 ἲ
417 4981 556 5049 Quid
575 4981 758 5046 babes,
783 4995 892 5052 quo
911 4979 1105 5035 doceas
1131 4983 1264 5033 hanc
1285 4979 1680 5049 praedictionem
1702 4993 1823 5034 esse

182 5075 591 5136 nsendacem?
611 5075 801 5129 Annon
823 5073 1183 5128 testimonium
1207 5087 1329 5127 cum
1356 5071 1514 5126 rebus
1533 5072 1818 5126 consentit.

172 5166 443 5224 etiamsi
495 5165 645 5220 mille
693 5165 865 5220 modis
907 5165 1020 5234 ipse
1062 5162 1354 5219 contendas
1396 5163 1448 5217 in
1499 5163 1820 5219 adversum?

170 5263 370 5330 Quint
401 5257 549 5312 enim
577 5255 717 5310 bella
746 5255 1006 5310 adversus
1029 5253 1323 5308 Ecclesiatn
1349 5253 1610 5307 concitata
1651 5253 1820 5307 sunt?

165 5357 370 5420 Quot
409 5347 683 5402 exercitus
710 5347 972 5410 instructi,
1002 5355 1131 5414 quot
1158 5360 1305 5399 arma
1350 5354 1510 5408 mota,
1539 5345 1682 5413 quod
1713 5361 1818 5400 non

167 5444 506 5502 cnieiatus
539 5449 592 5495 et
621 5439 865 5509 supplicii
899 5454 1066 5507 genus
1093 5436 1466 5508 excogitatum,
1497 5436 1816 5506 sartagines,

165 5533 537 5602 ωαψυιιευ,
568 5530 792 5598 lebetes,
821 5530 1084 5596 fornaces,
1127 5531 1275 5585 lacus
1303 5537 1358 5584 et
1386 5527 1695 5598 praecipitia,
1725 5526 1820 5582 bc-

165 5627 454 5686 uiarum
483 5622 696 5689 dentes,
724 5623 911 5688 maria,
953 5631 1009 5677 et
1036 5619 1474 5692 proscriptiones,
1500 5617 1711 5690 aliaque
1738 5619 1819 5673 in-

159 5727 454 5778 numera
513 5720 900 5768 tormentorum
958 5727 1175 5785 genera,
1207 5727 1378 5783 neque
1418 5709 1570 5766 dictis
1610 5723 1817 5764 memo-

1500 281 1860 345 ADVERSUS
1895 284 2192 350 JUDASOS.
2240 288 2298 348 γ.

257 404 322 455 tis
347 401 590 466 denariis,
604 417 661 454 ac
680 401 852 454 detaut
866 401 1166 471 pauperibus
1186 401 1203 472 (
1211 401 1261 454 Μ
1267 403 1398 459 attlt.
1416 403 1508 458 26.
1525 405 1580 478 9)
1594 406 1618 460 ‘i
1634 406 1744 461 lloc
1765 421 1852 461 re-

262 493 602 563 prehendens
648 494 882 562 loquitur
921 494 974 549 in
1013 495 1155 550 hunc
1182 495 1418 562 modum,
1473 497 1609 564 Quid
1658 498 1853 552 molesti

3442 318 3550 374 886

1961 409 2144 474 randa,
2179 425 2351 482 neque
2395 411 2547 469 factis
2577 413 2890 472 toleranda?
2917 419 3086 490 Atque
3115 420 3227 478 haec
3278 439 3383 480 non
3429 435 3544 480 tau-

1961 506 2070 552 tum
2101 498 2170 554 ab
2195 504 2481 568 extraneis,
2525 520 2709 560 verum
2741 508 2900 562 etiam
2924 523 2952 562 a
2984 511 3181 566 nostris
3206 511 3537 571 domesticis.

1958 591 2090 646 Nam
2121 594 2276 649 civile
2320 596 2588 664 quoddam
2629 599 2824 654 bellum
2877 612 3164 672 occuparat
3212 607 3410 672 omnia,
3459 600 3545 658 vel

1953 681 2143 750 quovis
2173 683 2346 751 potius
2391 686 2534 740 civili
2577 687 2716 742 bello
2762 691 3131 758 perniciosius.
3165 692 3348 765 Neque
3391 700 3536 754 enim

1954 772 2096 828 cives
2141 775 2300 830 modo
2329 791 2450 832 cum
2480 779 2704 847 civibus,
2739 798 2924 838 verum
2952 781 3110 841 etiam
3161 791 3370 860 cognati
3416 806 3537 846 cum

1952 866 2214 933 cognatis,
2251 865 2529 923 domestici
2555 885 2676 924 cum
2707 872 3033 940 domesticis,
3065 877 3221 933 amici
3251 894 3371 934 cum
3399 885 3539 936 ami-

1949 955 2028 1008 cis
2055 956 2497 1015 conllictabantur
2527 981 2540 1016 :
2574 964 2705 1018 nihil
2737 975 2913 1021 tamen
2945 968 3134 1024 horum
3161 969 3407 1028 dissolvit
3437 976 3539 1030 Ee-

1948 1047 2164 1102 clesiam
2187 1091 2201 1113 ,
2224 1065 2287 1106 ac
2313 1067 2380 1106 ne
2410 1052 2759 1111 infirmiorem
2781 1059 2992 1128 quidem
3016 1061 3266 1118 reddidit.
3291 1067 3464 1135 Atque
3488 1068 3537 1121 id

1946 1151 2076 1193 sane
2107 1141 2299 1195 mirum
2341 1153 2395 1197 et
2420 1144 2750 1208 incredibile,
2801 1150 2942 1218 quod
2974 1151 3089 1206 haec
3115 1153 3165 1206 in
3200 1153 3326 1224 ipsis
3353 1157 3534 1212 statim

1943 1230 2254 1298 primordiis
2301 1245 2442 1289 mota
2492 1247 2634 1291 sunt.
2683 1237 2814 1294 Nam
2860 1241 2903 1294 si
2955 1249 3062 1295 tum
3095 1240 3375 1300 irruissent
3420 1247 3536 1302 hace
3602 1227 3607 1234 ’

1944 1323 2160 1386 acerba,
2193 1335 2470 1395 postquam
2497 1327 2606 1396 jam
2638 1331 2843 1386 radices
2876 1343 3078 1402 egerat,
3108 1343 3161 1388 et
3192 1332 3387 1405 ubique
3421 1349 3530 1392 ter—
3577 1392 3581 1396 .

1945 1428 2122 1468 rarum
2148 1416 2441 1485 plantatum
2465 1428 2580 1472 erat
2603 1420 2966 1489 Evangelium,
2993 1423 3131 1479 haud
3160 1426 3377 1494 perinde
3401 1427 3530 1482 fuis-

1942 1512 2026 1558 set
2068 1504 2463 1574 admirandum,
2514 1525 2620 1564 non
2664 1511 2826 1566 fuisse
2866 1515 3181 1572 subversam
3214 1519 3527 1574 Ecclesium.

1940 1591 2205 1650 Cancrum
2232 1613 2351 1652 cum
2384 1599 2434 1653 in
2464 1601 2580 1669 ipso
2608 1601 2866 1658 doctrina:
2894 1605 3135 1672 exordio,
3178 1623 3350 1679 nuper
3380 1610 3528 1679 jacto

1942 1684 2061 1742 ﬁdei
2092 1689 2317 1756 semine,
2352 1692 2548 1747 teneris
2577 1694 2867 1748 etiamnum
2896 1693 3196 1753 auditorum
3231 1702 3521 1767 mentibus,

1941 1785 2020 1831 tot
2051 1778 2193 1834 bella
2232 1783 2530 1851 eruperint,
2562 1800 2652 1840 res
2695 1797 2904 1842 nostras
2937 1804 3040 1843 non
3069 1791 3239 1845 solum
3291 1793 3432 1848 nulla
3462 1810 3529 1848 ex

1939 1879 2090 1938 parte
2134 1871 2296 1927 fuisse
2324 1874 2631 1943 diminutas,
2664 1892 2850 1934 verum
2881 1881 3040 1934 etiam
3090 1883 3308 1937 multam
3339 1899 3528 1940 acces-

1937 1962 2142 2018 sionem
2171 1963 2474 2033 adjunctam
2505 1965 2690 2033 fuisse,
2723 1967 2826 2023 hoc
2855 1971 3102 2024 nimirum
3129 1983 3346 2042 sup-rat
3368 1989 3529 2029 omne

1939 2052 2274 2108 miraculum.
2302 2055 2378 2109 Ne
2406 2057 2527 2126 quis
2553 2068 2732 2113 autem
2761 2058 2944 2115 dicere
2977 2064 3164 2130 possit,
3205 2065 3346 2134 quod
3381 2081 3526 2120 nunc

1939 2142 2172 2198 Ecclesia
2206 2157 2324 2214 post
2351 2162 2532 2216 pacem
2561 2163 2590 2202 a
2623 2149 2836 2220 regibus
2879 2149 3157 2220 pnebitam
3186 2155 3522 2210 constabilita

1936 2234 2026 2294 sit,
2049 2249 2170 2288 cum
2199 2247 2342 2291 esset
2365 2239 2558 2306 minor,
2590 2254 2711 2294 cum
2739 2241 3007 2297 videretur
3027 2244 3367 2313 imbecillior,
3399 2258 3524 2304 tunc

1937 2323 2080 2379 illam
2130 2329 2420 2403 oppugnari
2470 2329 2710 2398 permisit
2762 2331 2940 2387 Deus:
2994 2343 3050 2388 ut
3079 2329 3306 2399 edis-cas,
3355 2339 3517 2392 etiam

1933 2415 2075 2484 quod
2127 2419 2348 2472 nuncin
2381 2428 2494 2472 tuto
2537 2421 2627 2485 sit,
2682 2437 2786 2476 non
2833 2424 3171 2479 tribuendum
3205 2442 3326 2482 esse
3383 2429 3519 2497 paci,

1933 2521 2092 2576 quam
2139 2517 2392 2576 praestant
2421 2525 2594 2579 reges,
2624 2512 2717 2566 sed
2756 2528 2785 2566 a
2824 2516 3056 2583 potentia
3100 2515 3189 2571 Dei
3231 2515 3518 2587 proﬁcisci.

2006 2599 2060 2652 5.
2092 2597 2245 2652 Multi
2270 2601 2438 2654 conati
2461 2610 2577 2654 sunt
2599 2618 2752 2655 novas
2773 2604 3010 2659 inducere
3033 2605 3186 2676 leges,
3218 2623 3348 2662 unus
3369 2607 3518 2663 Cltri-

1932 2697 2040 2743 stus
2069 2690 2250 2759 potuit.
2277 2720 2346 2730 —
2371 2690 2424 2744 ld
2453 2701 2509 2745 ut
2534 2706 2826 2762 cognoscas
2847 2704 2967 2750 esSe
2997 2711 3201 2762 verum,
3230 2709 3418 2767 reputa
3443 2710 3517 2754 te-

1932 2797 2076 2849 cum,
2106 2800 2262 2854 quam
2297 2785 2448 2840 multi
2475 2786 2651 2841 conati
2683 2787 2790 2840 sint
2827 2785 2965 2857 apud
2995 2783 3212 2844 Grzecos
3236 2791 3519 2860 opiniones

1933 2890 2101 2931 novas
2130 2892 2194 2932 ac
2219 2878 2527 2947 peregrinas
2556 2879 2766 2933 vivendi
2791 2879 3029 2936 rationes
3071 2882 3346 2951 inducere,
3377 2885 3520 2939 velut

1932 2965 2098 3029 Zeno.
2130 2967 2299 3034 Plato,
2327 2969 2594 3036 Socrates,
2624 2971 2896 3040 Diagoras,
2940 2973 3290 3045 Pythagoras,
3325 2977 3520 3048 aliique

1932 3057 2194 3112 innumeri
2221 3075 2236 3111 :
2269 3067 2444 3112 tamen
2475 3059 2610 3114 adeo
2639 3077 2742 3114 non
2772 3062 3030 3123 vicerunt,
3064 3071 3122 3118 ut
3151 3065 3418 3135 plerisque
3449 3084 3518 3120 ne

1927 3147 1996 3204 de
2017 3149 2230 3204 nomine
2250 3148 2464 3219 quidem
2482 3150 2589 3204 sint
2615 3152 2745 3218 uoti,
2768 3151 3012 3208 Christus
3031 3164 3209 3210 autem
3229 3171 3336 3209 non
3359 3157 3518 3211 modo

1929 3241 2254 3310 praescripsit
2283 3244 2404 3294 vitm
2455 3241 2702 3307 fortnam,
2739 3259 2922 3299 verum
2953 3243 3115 3300 etiam
3149 3245 3286 3299 hanc
3315 3246 3512 3317 ubique

1930 3343 2192 3387 terrarum
2219 3333 2493 3403 plantavit.
2517 3333 2685 3402 Quam
2713 3335 2878 3391 multa
2899 3336 3066 3391 fertur
3089 3334 3400 3407 Apollonius
3422 3340 3512 3394 ille

1928 3423 2177 3495 Tyaneus
2206 3425 2441 3480 fecisse?
2484 3415 2681 3480 Verum
2714 3427 2790 3481 uti
2825 3427 3015 3495 scires,
3045 3429 3134 3484 illa
3177 3431 3354 3485 omnia
3395 3447 3519 3487 esse

1928 3516 2178 3585 conﬁcta,
2205 3532 2362 3583 vana,
2396 3518 2527 3572 nihil
2561 3519 2807 3574 habentia
2839 3521 2948 3575 veri
2977 3539 2990 3575 :
3021 3521 3281 3577 exstincta
3307 3532 3428 3577 sunt
3456 3534 3511 3576 et

1929 3609 2089 3663 linem
2121 3619 2461 3679 acceperunt.
2493 3608 2522 3665 J
2559 3625 2611 3664 m
2641 3625 2708 3664 ne
2750 3611 2870 3680 quis
2907 3611 3198 3666 arbitretur
3235 3622 3514 3668 contumo.

1931 3699 2054 3753 liam
2083 3713 2205 3755 esse
2233 3700 2454 3765 Christi,
2492 3701 2634 3770 quod
2665 3700 2732 3756 de
2775 3700 2868 3754 illo
2899 3702 3058 3755 verba
3093 3701 3367 3763 facientes.
3405 3701 3509 3773 Py-

1931 3791 2185 3862 Ihztgortc,
2210 3791 2468 3857 Platonis,
2495 3791 2746 3857 ZenOnis,
2774 3801 2830 3846 et
2853 3790 3052 3863 Tyanei
3071 3793 3472 3848 meminerimus
3499 3814 3509 3845 :

1929 3897 2035 3936 non
2065 3883 2206 3938 enim
2250 3882 2302 3937 id
2334 3881 2563 3937 facimus
2589 3898 2655 3937 ex
2696 3883 2858 3937 animi
2894 3884 3060 3938 nostri
3091 3884 3374 3950 sententia,
3416 3885 3510 3939 sed

1928 3972 1994 4027 ad
2019 3972 2324 4027 Iudaeorum
2353 3972 2718 4028 inﬁrmitatem
2744 3987 2842 4027 nos
2864 3973 3008 4044 ipsos
3033 3973 3396 4039 demittentes,
3420 3976 3513 4046 qui

1926 4064 2152 4118 credunt
2195 4079 2316 4120 eum
2369 4078 2492 4120 esse
2543 4063 2743 4119 nudum
2790 4062 3102 4127 hominem;
3154 4063 3336 4120 itidem
3379 4073 3434 4120 et
3483 4082 3514 4119 a

1929 4157 2093 4210 Paulo
2119 4156 2312 4210 factum
2339 4165 2422 4211 est
2461 4155 2597 4227 (Act.
2633 4155 2744 4227 17).
2779 4156 2826 4210 Is
2868 4157 3010 4212 enim
3041 4157 3312 4226 ingressus
3342 4157 3511 4212 Athe-

1929 4261 2117 4299 narum
2165 4245 2372 4311 nrbetu,
2417 4261 2520 4301 non
2563 4262 2629 4300 ex
2663 4242 2938 4314 prophetis
2986 4261 3084 4298 nec
3113 4260 3178 4299 ex
3227 4243 3515 4316 Evangelia

1927 4350 2048 4390 cum
2080 4335 2181 4390 illis
2207 4335 2476 4400 disseruit,
2505 4335 2601 4390 sed
2645 4335 2712 4389 ab
2738 4350 2828 4388 ara
2872 4335 3013 4404 cepit
3044 4334 3467 4391 exhortationem
3495 4357 3508 4391 2

1929 4441 2034 4480 non
2065 4426 2207 4497 quod
2238 4440 2384 4480 aram
2407 4425 2550 4480 illam
2577 4425 2644 4480 ad
2669 4418 2964 4481 faciendam
2994 4425 3151 4481 ﬁdem
3177 4426 3294 4496 plus
3315 4427 3513 4483 habere

1927 4517 2183 4573 momenti
2219 4517 2484 4582 crederet,
2517 4533 2674 4586 quam
2708 4511 3016 4588 Evangelia,
3065 4533 3240 4588 neque
3267 4519 3409 4587 quod
3444 4520 3510 4574 li-

1929 4618 2070 4664 teras
2101 4610 2209 4664 illic
2239 4609 2524 4678 inscriptas
2557 4609 2792 4678 potiores
2819 4609 3042 4664 duceret
3080 4610 3390 4680 prophetis;
3417 4610 3512 4667 sed

1926 4702 2174 4771 quoniam
2201 4716 2320 4756 cum
2351 4701 2598 4771 gentibus
2623 4701 2949 4770 disputabat,
2982 4717 3102 4770 quae
3144 4702 3272 4756 nulli
3305 4712 3514 4757 nostro-

1926 4809 2047 4848 rum
2071 4793 2399 4847 voluminum
2426 4793 2672 4854 credunt.
2705 4807 2734 4845 a
2767 4793 2999 4864 prapriis
3031 4794 3265 4860 ipsorum
3293 4793 3506 4863 dogma-

1929 4886 2067 4941 tibus
2095 4886 2238 4954 ipsos
2281 4899 2564 4955 aggressus
2590 4894 2690 4938 est.
2728 4885 2860 4938 Ilinc
2880 4892 2963 4937 est
2991 4884 3131 4953 quod
3171 4885 3246 4936 ait
3269 4883 3510 4954 :Jv‘actus

1925 4993 2038 5030 sum
2066 4977 2268 5031 Judaris
2310 4986 2365 5030 ut
2402 4975 2638 5035 Judams.
2672 4976 2750 5029 Itis
2792 4975 2877 5043 qui
2902 4991 3011 5027 stne
3038 4975 3145 5044 lege
3173 4983 3335 5037 erant,
3382 4986 3512 5027 tam-

1925 5084 2077 5137 quam
2104 5084 2260 5122 essem
2288 5067 2398 5122 sine
2430 5067 2576 5137 lege;
2605 5082 2718 5118 cum
2760 5067 2869 5120 sine
2889 5065 2998 5135 lege
3039 5082 3140 5118 non
3182 5082 3338 5119 essem
3378 5064 3506 5126 Deo.

1924 5160 2014 5213 sed
2037 5175 2192 5213 essem
2235 5158 2290 5211 in
2315 5159 2422 5228 lege
2449 5157 2636 5210 Christi
2682 5156 2756 5225 (Ι.
2787 5152 2906 5211 Cor.
2935 5156 2991 5210 9.
3019 5154 3112 5208 20.
3158 5153 3274 5225 9-1).
3323 5155 3508 5209 Itidem

1931 5260 1986 5306 et
2030 5249 2226 5305 veteris
2266 5247 2570 5302 testamenti
2617 5246 2889 5316 Scriptura
2934 5247 3057 5300 facit
3081 5244 3148 5300 de
3177 5247 3285 5301 Deo
3311 5246 3510 5300 .luda'is

1928 5339 2187 5410 loquens:
2220 5338 2300 5392 sic
2328 5336 2470 5392 enim
2522 5337 2634 5390 ait:
2670 5336 2794 5402 Quis
2837 5336 3014 5389 similis
3045 5336 3118 5388 tui
3144 5337 3197 5389 in
3243 5336 3361 5400 diis,
3395 5335 3508 5390 Do-

1925 5431 2059 5484 mine
2103 5428 2295 5502 (Exod.
2328 5429 2414 5484 l5.
2449 5428 2573 5497 ll)?
2602 5427 2738 5496 Quid
2767 5427 3116 5497 ats.Moyses?
3169 5427 3315 5481 Itane
3353 5443 3504 5480 ('Olll-

1924 5523 2134 5594 paratio
2162 5531 2244 5577 est
2283 5521 2390 5576 ulla
2421 5521 2516 5576 Dei
2563 5521 2672 5576 veri
2703 5535 2767 5575 ac
2792 5519 3017 5574 deorum
3047 5516 3339 5575 falsorum?
3369 5520 3506 5585 Non,

1925 5615 2118 5684 inquit,
2141 5614 2241 5669 hoc
2260 5623 2317 5667 ut
2332 5613 2783 5684 comparationem
2813 5612 3056 5667 inducam
3079 5612 3330 5683 loquutus
3351 5627 3468 5666 sum
3492 5627 3506 5666 :

1927 5706 2020 5762 sed
2047 5707 2165 5777 quia
2197 5707 2259 5761 ad
2288 5707 2500 5764 Judacos
2529 5709 2656 5764 mibi
2686 5717 2798 5763 erat
2819 5722 3017 5771 sermo,
3057 5707 3145 5778 qui
3175 5709 3512 5780 magniﬁcam
