3990 6198
477 298 594 362 ‘88‘1

491 421 559 475 de
580 411 908 473 dwmonibus
933 406 1128 462 habent
1150 400 1476 472 Opinionem,
1498 393 1562 448 ad
1595 393 1800 447 illorum
1827 383 2067 441 imbecil-

493 512 688 565 litatum
735 519 820 558 me
867 493 1273 554 accommodans
1314 490 1416 544 hoc
1455 484 1676 542 docendi
1719 493 1913 552 genere
1950 490 2067 531 sum

495 614 636 653 usus.
670 593 929 660 Quoniam
965 588 1122 657 igitur
1154 581 1306 637 nobis
1331 591 1538 650 quoque
1559 572 1844 643 disputatio
1869 576 1948 623 est
1973 566 2068 620 ad-

493 705 676 744 versus
698 659 950 746 iludmus,
997 676 1087 748 qui
1113 674 1384 731 Christum
1429 668 1735 724 existimant
1777 659 2070 729 simplicem

493 779 658 832 fuisse
699 772 991 835 hominem,
1023 776 1076 823 et
1101 767 1229 835 legis
1271 759 1763 832 prmvaricatorem:
1795 757 2070 821 propterea

490 872 559 926 ab
590 863 678 936 iis,
698 882 815 936 qua:
845 861 983 932 apud
1021 867 1208 929 gentes
1234 855 1288 909 in
1327 849 1678 907 admiratione
1703 854 1845 910 sunt,
1891 839 2073 895 induxi

493 957 967 1028 comparationem.
991 948 1143 1018 Quod
1163 948 1208 1003 si
1229 944 1386 1000 vultis
1409 958 1492 996 me
1517 949 1570 996 et
1595 951 1800 1001 eorum,
1827 932 1915 1002 qui
1939 928 2076 999 apud

494 1052 639 1124 ipsos
665 1048 876 1104 Judzeos
906 1043 1092 1099 eadem
1121 1037 1298 1094 conati
1323 1041 1521 1089 suntet
1548 1026 1838 1097 discipulos
1867 1023 1966 1076 sibi
1993 1019 2079 1073 ad-

491 1149 787 1204 sciverunt,
835 1147 890 1193 et
920 1135 1187 1208 principes
1229 1138 1320 1184 aut
1363 1124 1620 1198 prmsides
1659 1116 1940 1188 designati,
1986 1110 2078 1166 sed

488 1234 741 1304 protinus
771 1228 1015 1287 exstincti
1047 1232 1188 1289 sunt,
1221 1213 1466 1287 exempla
1495 1226 1776 1268 recensere
1805 1226 1817 1260 :
1860 1220 1955 1275 age
1986 1218 2078 1257 co-

500 1329 742 1383 nabimur
770 1334 822 1378 ct
844 1323 920 1376 sic
947 1320 1335 1374 demonstrare.
1369 1310 1480 1364 lloc
1508 1305 1668 1378 igitur
1703 1300 1860 1356 modo
1885 1296 2080 1352 Gama-

499 1419 585 1473 liel
631 1431 691 1470 os
719 1412 982 1469 obturavit
1023 1408 1145 1462 illis.
1194 1405 1325 1457 Cum
1371 1400 1512 1453 enim
1542 1394 1746 1448 videret
1790 1390 1909 1443 illos
1941 1387 2081 1438 insa-

499 1511 724 1574 nieutes,
741 1503 1063 1575 cupidusque
1079 1491 1380 1552 eli‘undeudi
1402 1485 1670 1558 Sanguinis
1686 1479 2082 1549 discipulorum,

503 1599 730 1654 studens
773 1611 867 1651 eos
908 1592 976 1647 ab
1025 1585 1299 1658 impotenti
1348 1580 1560 1636 vesania
1606 1574 1876 1636 cohibere,
1921 1565 2086 1638 jussis

503 1691 771 1760 paulisper
793 1683 1044 1742 secedere
1071 1676 1344 1748 apostolis,
1391 1673 1471 1727 sic.
1497 1669 1562 1722 ad
1598 1667 1714 1721 illos
1742 1662 1901 1718 verba
1924 1657 2084 1713 fecit:

503 1748 788 1852 Prospicite
813 1778 947 1832 vobis
967 1773 1089 1845 quid
1116 1772 1177 1824 de
1198 1769 1275 1822 Itis
1301 1762 1583 1819 hominibus
1602 1758 1712 1812 sitis
1733 1751 1939 1826 facturi.
1960 1748 2090 1801 Ante

506 1878 596 1930 hos
628 1875 759 1928 enim
790 1871 895 1924 dies
939 1873 1138 1921 exortus
1164 1870 1233 1915 est
1265 1854 1522 1916 Theudas,
1553 1850 1721 1903 dicens
1763 1861 1816 1899 se
1848 1857 1952 1897 esse
1991 1837 2090 1891 ali-

497 1982 653 2037 quem
683 1981 704 2022 :
746 1971 792 2018 et
837 1960 1028 2032 sequuti
1058 1965 1173 2011 sunt
1198 1953 1342 2006 illum
1371 1946 1464 2001 viri
1503 1934 1881 2014 quadringenti,
1931 1939 1976 1986 et
2004 1928 2093 1984 ille

507 2059 683 2132 periit,
728 2064 774 2111 et
803 2027 972 2109 omnes
1003 2053 1238 2119 quotquot
1278 2041 1322 2096 ei
1350 2043 1648 2109 paruerunt,
1691 2027 1904 2100 dispersi
1951 2029 2087 2078 sunt.

503 2117 575 2207 ιὶῐε
601 2117 709 2222 post
737 2145 884 2202 illum
913 2117 1115 2196 exortus
1157 2146 1227 2192 est
1267 2133 1302 2188 Ι
1309 2132 1435 2186 udas
1463 2126 1728 2191 Gali/(eus,
1759 2121 1845 2192 qui
1887 2117 2093 2173 abduxit

499 2214 706 2298 tturlratn
728 2251 985 2308 magnam,
1007 2241 1052 2287 et
1081 2238 1306 2284 mortuus
1336 2234 1429 2288 est,
1454 2217 1788 2289 discipulique
1813 2214 1951 2267 illius
1977 2225 2096 2279 per-

505 2336 694 2390 ierunt.
743 2329 810 2383 Et
839 2341 970 2380 nunc
1013 2323 1124 2376 dico
1150 2318 1285 2373 vobis
1321 2331 1341 2370 :
1372 2311 1612 2368 attendite
1650 2306 1804 2366 vobis,
1855 2301 2094 2373 quoniam

510 2429 552 2482 si
575 2440 701 2496 Opus
727 2422 822 2474 hoc
852 2416 1004 2490 fuerit
1029 2429 1092 2468 ea:
1115 2408 1420 2470 hominibus,
1446 2400 1777 2460 dissolvetur;
1803 2396 1882 2463 sin
1908 2409 1971 2446 ea:
1993 2391 2096 2443 Deo

503 2481 727 2581 est,lnon
759 2481 984 2581 poteritis
1007 2501 1133 2556 illud
1159 2499 1451 2559 dissolvere,
1480 2508 1542 2545 ne
1563 2490 1692 2558 forte
1717 2481 2100 2553 comperiamini

511 2618 556 2662 et
582 2572 819 2659 adversus
851 2599 1013 2652 Deum
1040 2607 1266 2664 pugnare
1298 2587 1434 2660 (Act.
1467 2585 1520 2639 5.
1555 2579 1786 2647 τιὸ-59),
1823 2573 1975 2630 Unde
1998 2572 2096 2640 igi-

513 2711 600 2754 tur
622 2692 958 2750 manifestum
987 2661 1086 2748 est,
1114 2661 1230 2738 lore
1259 2680 1375 2735 utsi
1404 2693 1470 2732 ex
1493 2671 1794 2728 hominibus
1817 2668 1885 2720 sit
1909 2661 2102 2719 dissol-

512 2799 687 2843 vatur.
735 2781 1198 2856 Experimentum,
1260 2767 1452 2839 inquit,
1507 2761 1726 2832 cepistis
1777 2774 1806 2812 a
1858 2756 1993 2812 Juda
2048 2760 2102 2806 et

513 2876 754 2935 Theuda.
788 2844 970 2941 itaque
993 2877 1047 2923 et
1076 2865 1163 2921 hic
1190 2862 1278 2932 qui
1315 2860 1382 2915 ab
1407 2857 1524 2912 istis
1547 2852 1886 2924 przndicatur,
1909 2847 1954 2901 si
1985 2844 2102 2899 talis

515 2979 618 3036 est,
663 2965 846 3037 quales
885 2935 1102 3016 luerunt
1139 2955 1234 3020 illi,
1268 2965 1370 3006 nec
1412 2948 1588 3002 divina
1628 2941 1858 3014 potentia
1903 2935 2104 3008 peragit

515 3064 732 3118 omnia:
773 3060 1077 3125 exspectate
1104 3046 1392 3118 paulisper,
1425 3049 1476 3094 et
1508 3038 1623 3106 ipse
1670 3047 1845 3088 rerum
1883 3037 2104 3085 eventus

509 3151 667 3208 vobis
717 3147 876 3202 faciet
917 3143 1072 3196 [idem
1108 3157 1121 3192 :
1151 3153 1215 3193 ex
1247 3137 1358 3204 ipso
1397 3133 1499 3184 line
1528 3122 1879 3196 cognoscetis,
1926 3130 2101 3172 utrum

529 3245 613 3298 hic
644 3241 712 3296 sit
753 3243 1030 3306 impostor,
1063 3241 1122 3284 ut
1151 3227 1345 3290 dicitis,
1375 3237 1436 3275 ac
1469 3219 1598 3288 legis
1630 3225 2009 3283 tt‘ansgrt-ssnr,
2038 3223 2104 3261 an

509 3337 665 3389 Deus
718 3329 962 3384 universa
992 3331 1333 3375 conservans.
1367 3309 1722 3377 iucll'ahilique
1753 3303 1986 3374 potentia
2019 3312 2105 3353 res

532 3421 840 3480 mortalium
869 3417 1184 3483 diSpensans
1216 3405 1620 3470 inoderausqne.
1670 3395 1818 3464 Quod
1851 3394 1990 3457 dico,
2032 3389 2107 3444 fa-

501 3528 659 3572 ctum
683 3522 781 3568 est.
803 3512 1206 3578 Exspectaruat,
1235 3511 1286 3555 et
1315 3513 1380 3552 ex
1403 3495 1530 3565 ipsis
1559 3493 1709 3545 lactis
1738 3488 2000 3542 declarata
2027 3490 2109 3538 est

519 3609 692 3663 divina
721 3617 772 3659 et
801 3594 1222 3667 inettpuguabilis
1268 3586 1526 3660 putentia.
1560 3585 1731 3649 Atque
1763 3579 1862 3631 hoc
1911 3577 2099 3628 inven-

521 3709 653 3763 tum,
689 3693 828 3766 quod
857 3689 923 3746 ad
951 3682 1295 3756 decipiendos
1337 3677 1592 3749 plurimos
1633 3669 1922 3725 adhibitum
1971 3673 2104 3726 erat,

519 3799 778 3846 retortutn
816 3792 899 3840 est
925 3783 977 3836 in
1003 3786 1160 3848 caput
1184 3771 1397 3829 diaboli.
1426 3767 1555 3822 Nam
1581 3778 1698 3817 cum
1727 3759 1930 3814 videret
1961 3756 2106 3810 illum

521 3880 824 3942 advenisse,
849 3873 1032 3928 volens
1053 3869 1193 3922 illius
1215 3865 1501 3918 obscurare
1522 3856 1805 3911 adventum
1826 3860 2110 3916 veramque

521 3967 995 4043 dispensationem,
1019 3957 1264 4015 submisit
1289 3956 1602 4020 dccoptores
1641 3946 1858 4014 aliquot,
1893 3956 1996 4010 quo
2026 3938 2107 3990 vi-

522 4065 711 4121 delicet
740 4068 794 4115 et
817 4058 904 4112 ille
925 4069 1060 4109 unus
1082 4067 1146 4106 ex
1173 4062 1354 4103 eorum
1381 4055 1600 4098 numero
1623 4044 1913 4108 putaretur.
1933 4029 2111 4100 Quod-

521 4169 625 4226 que
655 4152 709 4208 in
752 4163 911 4206 cruce
958 4144 1100 4210 fecit,
1143 4149 1454 4211 procurans,
1489 4140 1542 4185 ut
1569 4131 1672 4183 duo
1703 4128 1935 4182 latrones
1982 4136 2105 4177 cum

525 4249 618 4303 illo
643 4241 1118 4312 cruciﬁgerentur:
1150 4233 1290 4288 idem
1321 4228 1444 4283 fecit
1469 4225 1522 4280 in
1553 4223 1694 4277 illius
1721 4218 1971 4280 adventu,
1995 4222 2107 4268 stu-

525 4341 661 4395 dens
692 4337 967 4392 veritatem
1000 4329 1234 4384 admixto
1261 4319 1539 4378 mendacio
1568 4317 1892 4372 obscurare:
1925 4319 2110 4362 verum

530 4443 629 4484 nec
654 4427 760 4480 illic
789 4420 1081 4494 praevaluit,
1111 4433 1210 4471 nec
1250 4413 1356 4480 hic,
1385 4411 1511 4481 quin
1543 4406 1772 4462 maxime
1809 4402 1909 4455 hoc
1941 4401 2110 4469 ipsum

531 4491 818 4590 [mteutiam
861 4511 1055 4566 Christi
1101 4503 1407 4561 declaravit.
1438 4497 1648 4568 Alioqui
1677 4495 1763 4549 dic
1790 4491 1943 4556 mihi,
1991 4503 2109 4552 cur,

533 4623 653 4664 cum
683 4615 791 4660 tres
835 4601 1033 4656 fuerint
1060 4595 1298 4652 crueilixi
1341 4592 1526 4647 eodem
1567 4591 1704 4652 loco,
1741 4584 1929 4640 eodem
1976 4592 2112 4636 tem-

532 4716 686 4774 pore,
711 4696 809 4751 sub
853 4692 1040 4748 iisdem
1083 4687 1365 4759 judicibus,
1411 4683 1484 4735 illi
1515 4681 1793 4740 sileantur,
1839 4676 1925 4730 hic
1969 4673 2115 4727 solus

533 4787 822 4845 adoretur?
861 4785 1066 4839 Rursus
1094 4793 1249 4850 quam
1279 4777 1347 4830 ob
1373 4788 1484 4828 rem
1516 4771 1749 4831 tandem,
1781 4782 1901 4820 cum
1938 4764 2114 4833 phire:

537 4897 728 4939 novam
751 4876 960 4933 vivendi
989 4873 1248 4929 rationem
1275 4864 1600 4927 induxerint,
1630 4875 1691 4914 ac
1716 4855 2004 4925 discipulos
2026 4853 2118 4904 ha-

538 4975 768 5040 buerint,
812 4971 1024 5025 illorum
1061 4980 1128 5019 ne
1165 4974 1358 5017 nomen
1382 4950 1601 5026 'quidem
1627 4949 1782 5003 hodie
1820 4955 1999 5000 notum
2028 4942 2113 5003 sit,

541 5069 626 5122 hic
656 5080 749 5136 per
772 5075 958 5117 omnes
985 5054 1165 5111 mundi
1193 5051 1372 5122 plagas
1394 5042 1642 5100 colatur?
1662 5039 1769 5094 Res
1793 5036 1934 5091 enim
1957 5033 2119 5102 potis-

541 5162 736 5214 sitnum
777 5154 1088 5210 eluccscunt
1127 5162 1193 5201 ex
1222 5141 1526 5199 collatione.
1557 5132 1754 5190 Confer
1783 5131 1880 5185 ista
1909 5125 2055 5190 inihi,
2087 5139 2120 5178 ο

542 5247 747 5311 iudice,
777 5258 839 5299 ac
862 5243 1005 5298 disce
1037 5235 1275 5292 veritatis
1296 5228 1684 5287 excellentiam.
1714 5221 1843 5289 Quis
1864 5219 2122 5287 impostor

547 5349 621 5393 tot
648 5335 912 5392 Ecclesias
935 5340 1044 5387 toto
1066 5339 1328 5384 terrarum
1345 5321 1478 5378 orbe
1509 5309 1751 5388 paravit?
1774 5311 1903 5378 Quis
1932 5309 1998 5363 ab
2024 5322 2120 5361 ex-

549 5429 732 5485 tremis
760 5427 826 5480 ad
855 5435 1092 5482 extrema
1113 5416 1296 5474 mundi
1325 5414 1524 5470 cultum
1551 5421 1702 5465 suum
1724 5401 1975 5476 protulit?
1995 5399 2122 5464 Quis

549 5534 738 5576 omnes
767 5517 1033 5586 subjectos
1071 5511 1275 5574 habuit,
1317 5506 1474 5576 idque
1501 5518 1619 5558 cum
1643 5505 1826 5555 essent
1849 5497 2124 5550 innumera

551 5606 864 5662 obstacula?
894 5605 1062 5659 Nemo
1085 5617 1234 5658 sane.
1266 5599 1456 5653 Annon
1480 5593 1638 5664 igitur
1659 5588 1996 5660 perspicuum
2019 5589 2121 5646 est,

546 5694 822 5748 Christum
845 5709 951 5750 non
977 5707 1095 5750 esse
1121 5693 1487 5760 impostorem,
1517 5681 1612 5741 sed
1651 5683 1994 5741 salvatorem,
2025 5671 2121 5730 Sed

1228 285 1283 345 S.
1324 279 1602 342 JO.\NMS
1639 267 2109 333 Ctttt't':‘0$T0.\tt
2153 263 2464 320 metitur.
2508 256 3016 316 CONSTANTtNuo

3591 251 3682 306 888

2177 376 2491 443 beneﬁcum,
2511 373 2604 430 sed
2629 382 2950 438 curatorem,
2971 369 3064 425 sed
3087 365 3363 440 principem
3383 371 3486 425 vita
3503 386 3677 435 nostra;

2177 465 2405 523 Proinde
2431 464 2497 519 ad
2531 465 2581 518 id
2608 462 2746 535 qttod
2774 471 2891 516 erat
2933 460 3259 530 propositum
3298 461 3479 524 redibo,
3504 466 3540 518 si
3566 471 3684 536 prius

2176 573 2336 613 unam
2367 555 2542 611 adhuc
2573 553 2970 624 prmdictionetn
3017 550 3288 605 addidero.
3322 549 3428 604 Non
3471 558 3581 619 veni,
3618 560 3686 611 ί...

2179 650 2313 719 quit,
2345 649 2540 701 mittere
2563 663 2736 716 pacem
2767 659 2921 714 super
2947 652 3154 705 terram,
3182 643 3268 695 sed
3293 643 3495 712 gladium
3514 646 3689 718 (Matth.

2185 741 2270 795 10.
2299 739 2390 809 54)
2420 755 2433 791 :
2465 753 2570 791 non
2596 735 2876 791 declarans
2902 734 3025 803 quid
3059 732 3172 803 ipse
3199 743 3421 802 cuperet,
3442 737 3524 791 sed
3550 753 3692 794 rerum

2183 839 2429 884 eventum
2476 826 2786 896 praedicens.
2826 824 2954 880 Veni
2981 826 3132 889 enim,
3181 824 3360 894 inquit,
3399 843 3610 898 separare
3630 832 3698 885 tm.

2185 923 2366 975 minent
2404 921 2644 974 adversus
2686 929 2879 990 patrem
2900 934 3070 982 suum,
3117 926 3164 971 et
3202 934 3381 970 nurum
3405 919 3615 973 adversus
3631 938 3698 974 so-

2185 1030 2323 1066 crum
2351 1028 2514 1077 suam,
2547 1020 2594 1064 et
2619 1011 2779 1079 ﬁliam
2808 1004 3054 1060 adversus
3075 1017 3282 1060 matrem
3307 1025 3440 1061 suam
3460 1007 3699 1079 (15.0.55).

2188 1104 2341 1161 Unde
2372 1103 2486 1158 haec
2517 1101 2782 1172 praedixit,
2834 1099 2876 1154 si
2910 1098 3039 1153 nihil
3069 1097 3212 1151 aliud
3241 1108 3351 1152 erat
3391 1113 3530 1168 quam
3557 1099 3698 1165 homo,

2187 1209 2241 1252 et
2284 1211 2417 1251 unus
2446 1197 2704 1267 quispiam
2735 1209 2766 1248 e
2809 1192 3007 1263 vulgo?
3043 1190 3195 1259 Quod
3236 1201 3404 1244 autem
3429 1190 3571 1254 dicit,
3596 1190 3704 1244 hunc

2192 1291 2350 1344 habet
2397 1304 2615 1343 sensum
2643 1305 2655 1342 :
2687 1285 2937 1356 quoniam
2985 1285 3180 1349 evenit,
3213 1292 3272 1337 ut
3312 1283 3359 1336 in
3390 1283 3554 1337 eadem
3583 1283 3706 1335 domo

2191 1395 2328 1435 unus
2357 1380 2426 1433 sit
2454 1378 2644 1444 tidelis,
2676 1378 2812 1431 alter
2856 1375 3084 1429 inﬁdelis
3110 1391 3122 1426 :
3156 1373 3346 1428 deinde
3377 1384 3513 1442 pater
3536 1373 3638 1426 velit
3660 1373 3707 1425 li-

2192 1474 2319 1527 lium
2369 1486 2521 1525 suum
2573 1468 2882 1539 pertrahere
2925 1466 2991 1520 ad
3039 1465 3359 1535 impietatem
3401 1480 3414 1517 :
3451 1463 3540 1517 hoc
3574 1463 3706 1532 ipsum

2194 1563 2489 1634 prmdicens
2511 1561 2582 1614 ait
2609 1577 2622 1613 :
2645 1558 2780 1613 adeo
2806 1559 2982 1612 vincet
3008 1545 3277 1625 Evangelii
3309 1564 3545 1624 potestas,
3573 1565 3618 1607 ut
3639 1553 3708 1606 lilii

2193 1669 2405 1725 quoque
2447 1659 2789 1708 contemnant
2821 1658 2998 1719 patres
3030 1663 3177 1713 suos,
3227 1656 3282 1702 et
3309 1647 3423 1700 lilia:
3465 1655 3648 1708 matres,
3672 1652 3713 1697 et

2197 1755 2441 1812 parentes
2487 1743 2705 1798 liberos.
2736 1740 2850 1794 Non
2895 1739 3066 1794 solum
3111 1748 3287 1791 autem
3332 1738 3471 1806 prius
3498 1735 3717 1790 habebunt

2194 1835 2487 1890 familiares
2551 1841 2917 1896 contemnere,
2962 1845 3146 1884 verum
3176 1831 3337 1883 etiam
3367 1843 3506 1881 suam
3533 1828 3716 1880 animam

2195 1941 2499 1998 exponere,
2528 1935 2826 1993 cunctaque
2853 1924 3119 1978 sustinere
3147 1936 3212 1974 ac
3244 1919 3460 1990 perpeti,
3491 1936 3548 1972 ne
3588 1919 3723 1986 pieta-

2198 2031 2302 2076 tem
2324 2019 2609 2088 abnegent.
2637 2015 2792 2072 Unde
2828 2014 2944 2069 hcce
2971 2014 3057 2068 ille
3089 2021 3198 2067 tum
3243 2011 3400 2076 seire,
3430 2019 3526 2063 tum
3553 2007 3722 2063 efﬁcere

2201 2112 2393 2183 potuit,
2421 2113 2462 2166 si
2493 2110 2589 2164 fuit
2619 2109 2780 2162 homo
2809 2121 2944 2162 unus
2971 2105 3233 2175 quispiam
3264 2118 3294 2158 e
3324 2101 3503 2171 vulgo?
3525 2099 3647 2155 Unde
3665 2098 3721 2151 illi

2199 2203 2346 2259 venit
2372 2203 2424 2257 in
2469 2209 2703 2256 mentem
2731 2198 2846 2253 hazc
2872 2198 3127 2267 cogitare,
3169 2193 3314 2265 quod
3345 2195 3450 2262 ipse
3487 2192 3594 2245 filiis
3618 2198 3728 2242 esset

2200 2295 2368 2365 magis
2398 2291 2721 2348 reverendus
2747 2289 2952 2343 futurus
2980 2303 3137 2356 quam
3171 2295 3373 2356 patres,
3419 2282 3547 2353 quod
3573 2295 3728 2352 paren-

2203 2384 2342 2438 tibus
2366 2382 2569 2436 dulcior
2595 2395 2752 2451 quam
2786 2378 2961 2443 liberi,
2988 2375 3128 2447 quod
3159 2374 3420 2429 uxoribus
3455 2368 3730 2426 desiderabi-

2204 2473 2304 2527 lior
2332 2486 2490 2542 quam
2536 2468 2754 2524 mariti?
2794 2467 2954 2537 idque
3007 2479 3113 2519 non
3164 2479 3274 2518 una
3319 2463 3370 2516 in
3397 2461 3560 2520 domo,
3599 2472 3734 2527 neque

2203 2564 2428 2628 duabus,
2475 2575 2648 2631 neque
2679 2559 2868 2625 tribus,
2899 2572 3071 2628 neque
3120 2555 3340 2622 decem,
3373 2569 3534 2624 neque
3569 2549 3736 2620 viginti,

2205 2670 2374 2725 neque
2398 2664 2633 2717 centum,
2662 2652 2756 2707 sed
2786 2651 2980 2721 ubique
3007 2656 3300 2712 terrarum,
3346 2647 3396 2701 in
3423 2643 3620 2698 urbibus
3642 2655 3735 2695 om-

2206 2747 2364 2802 nibus
2408 2759 2471 2799 ac
2515 2743 2842 2814 regionibus,
2895 2741 2946 2794 in
2977 2749 3139 2803 terra,
3187 2738 3247 2792 in
3281 2735 3430 2801 mari,
3462 2743 3511 2789 et
3536 2736 3582 2787 in
3621 2739 3742 2801 parte

2207 2835 2390 2892 mundi
2421 2835 2651 2888 habitata
2677 2832 2834 2888 simul
2856 2840 2908 2885 et
2939 2828 3318 2884 inhabitabili?
3343 2826 3446 2879 Nec
3469 2823 3581 2877 illud
3604 2821 3741 2891 possis

2207 2928 2425 2984 dicere:
2458 2925 2592 2979 dixit
2626 2923 2836 2993 quidem
2868 2923 2988 2987 ista,
3029 2935 3215 2974 verum
3272 2917 3409 2972 haud
3439 2913 3659 2986 perduxit
3692 2908 3743 2962 ad

2207 3017 2474 3074 elfectum.
2523 3014 2839 3083 Complures
2885 3013 3040 3081 igitur
3081 3011 3132 3064 in
3181 3007 3488 3078 primordiis
3530 3001 3744 3058 Ecclesia:

2208 3117 2366 3179 atque
2393 3106 2527 3160 adeo
2554 3119 2693 3158 nunc
2721 3118 2930 3172 quoque
2959 3101 3028 3155 ob
3060 3100 3318 3170 pietatem
3364 3097 3610 3151 habentur
3629 3092 3745 3152 odio,

2210 3199 2494 3270 ejiciuntur
2517 3211 2547 3252 e
2568 3195 2800 3266 paternis
2820 3193 3046 3256 azdibus,
3077 3205 3175 3245 nec
3203 3190 3276 3243 ad
3299 3186 3570 3257 quidquam
3591 3182 3746 3234 hortati

2212 3297 2570 3351 revertuntur,
2594 3283 2805 3339 abunde
2832 3297 3078 3351 magnum
3102 3281 3356 3334 solatium
3377 3289 3492 3331 esse
3513 3272 3747 3331 ducentes,

2210 3378 2350 3451 quod
2382 3377 2496 3431 hare
2523 3383 2740 3445 propter
2779 3373 3050 3427 Christum
3099 3370 3488 3440 perpetiantur.
3520 3363 3604 3416 Dic
3629 3357 3750 3420 mihi.

2211 3471 2331 3541 quis
2376 3469 2490 3523 harc
2528 3481 2777 3536 umquam
2827 3464 2997 3534 putuit
3026 3463 3164 3516 inter
3197 3456 3486 3514 homines?
3515 3455 3602 3508 llic
3626 3451 3754 3520 igitur

2214 3538 2329 3617 haec
2357 3560 2533 3615 omnia
2567 3557 2829 3628 praidixit,
2861 3555 2928 3610 de
2958 3553 3181 3607 muliere
3205 3551 3323 3616 illa,
3356 3549 3424 3603 de
3451 3543 3682 3604 Ecclesia,
3702 3538 3756 3591 de

2215 3653 2355 3708 bello
2381 3651 2484 3704 hoc
2528 3665 2541 3702 :
2585 3648 2725 3702 idem
2771 3645 3012 3715 praedixit
3035 3643 3293 3711 templum
3326 3639 3597 3696 ruiturum,
3625 3630 3751 3684 iero-

2214 3745 2473 3814 solymatn
2505 3750 2719 3809 captum
2764 3738 2848 3801 iri,
2882 3751 3107 3805 eamque
3137 3735 3410 3789 civitatem
3443 3744 3543 3783 non
3569 3722 3757 3791 amplius

2214 3813 2328 3891 lore
2375 3835 2639 3889 civitatem
2687 3830 3012 3895 Judazorum,
3069 3837 3125 3881 ut
3176 3836 3336 3880 antea
3379 3821 3486 3895 (Id.
3535 3819 3635 3887 Ἡ).
3672 3813 3756 3867 ita-

2215 3943 2319 3999 que
2339 3927 2382 3982 si
2405 3924 2654 3979 mentitus
2678 3930 2760 3977 est
2777 3921 2859 3974 illa
2879 3919 3076 3980 omnia,
3098 3932 3199 3971 nec
3217 3923 3515 3970 evenerunt
3531 3924 3636 3978 tium
3651 3918 3761 3974 pric-

2214 3996 2367 4085 dixit,
2417 4017 2498 4070 his
2548 4015 2705 4068 iidem
2736 4028 2889 4082 nega.
2922 4009 3070 4078 Quod
3101 4009 3145 4062 si
3185 4007 3341 4061 vides
3381 4005 3467 4057 illa
3507 3996 3760 4055 clarissime

2215 4112 2478 4175 evenisse,
2511 4109 2672 4176 inque
2701 4105 2814 4159 dies
2845 4103 3081 4172 singulos
3124 4112 3444 4168 augescere,
3477 4105 3634 4161 neque
3659 4084 3766 4140 inle-

2215 4217 2394 4256 rorutu
2423 4208 2604 4270 portas
2629 4196 2883 4250 adversus
2911 4192 3203 4246 Ecclesium
3231 4185 3552 4258 praevalere;
3578 4182 3619 4234 si
3645 4175 3761 4230 vides

2215 4293 2358 4366 quod
2401 4293 2590 4347 mulier
2619 4290 2704 4343 illa
2745 4288 2890 4351 fecit,
2937 4283 3215 4355 prmdicari
3249 4289 3404 4334 tanto
3427 4279 3535 4348 jam
3563 4281 3762 4341 tempore

2218 4403 2314 4459 per
2343 4385 2647 4440 universum
2693 4381 2907 4443 orbem;
2939 4375 2982 4430 si
3033 4374 3284 4429 homines
3314 4371 3409 4440 qui
3440 4368 3514 4424 illi
3553 4359 3758 4419 credide-

2216 4488 2363 4542 runt,
2390 4491 2512 4533 eum
2545 4474 2709 4544 pluris
2740 4471 2943 4524 faciunt
2967 4481 3124 4538 quam
3154 4469 3440 4535 parentes,
3487 4470 3635 4529 quant
3661 4463 3763 4505 nso.

2219 4589 2325 4638 res,
2353 4585 2512 4642 quam
2544 4568 2738 4622 liberos
2765 4581 2777 4617 :
2808 4578 2925 4628 cur,
2959 4573 3161 4630 quaeso,
3192 4557 3325 4611 huic
3355 4555 3449 4609 uni
3479 4538 3762 4621 praedictioni

2223 4665 2377 4719 ﬁdem
2426 4676 2532 4716 non
2586 4657 2846 4712 adhibes?
2895 4653 3187 4723 praesertim
3241 4664 3374 4704 cum
3420 4661 3487 4701 ex
3527 4645 3634 4711 ipso
3667 4649 3766 4689 tent-

2223 4772 2351 4827 pore
2405 4750 2762 4808 testimonium
2817 4746 2958 4800 illius
3010 4743 3283 4797 silentium
3349 4739 3583 4806 imponat
3630 4729 3763 4793 impu-

2222 4849 2414 4904 dentia:
2445 4856 2566 4900 tum.
2597 4841 2747 4910 Quod
2777 4839 2821 4893 si
2851 4846 2970 4907 post
3015 4833 3285 4889 excidium
3319 4829 3470 4884 urbis
3498 4839 3601 4879 non
3629 4829 3763 4873 trans-

2226 4943 2391 4995 issent
2426 4935 2528 4991 nisi
2575 4933 2761 4988 decem
2792 4928 2936 4993 anni,
2967 4937 3058 4981 aut
3081 4923 3298 4994 viginti,
3331 4928 3426 4975 aut
3457 4917 3672 4984 triginta,
3703 4912 3764 4957 aut

2224 5027 2599 5103 quinquaginta
2627 5041 2640 5078 :
2672 5023 2888 5076 minime
2919 5027 3092 5072 tamen
3123 5015 3362 5069 decebat
3390 5009 3474 5065 vel
3502 5016 3606 5063 tum
3638 5003 3745 5065 impu

2225 5123 2415 5178 denter
2456 5118 2752 5181 obsistere,
2800 5109 3008 5167 etiamsi
3055 5107 3245 5162 fuisset
3289 5104 3474 5173 aliqua
3527 5083 3761 5152 reiectamli

2228 5212 2469 5274 occasio;
2521 5209 2629 5279 jam
2658 5220 2804 5267 vero,
2831 5203 2876 5257 si
2906 5213 3010 5255 non
3060 5195 3455 5268 quinquaginta.
3501 5194 3700 5244 tantum,
3726 5179 3765 5226 οι

2229 5311 2464 5366 centum,
2515 5301 2620 5354 imo
2668 5297 2749 5350 bis
2778 5309 2842 5349 ac
2871 5303 2953 5348 ter
2979 5300 3180 5345 tantum
3210 5297 3508 5347 armorum,
3541 5275 3768 5336 multoqtte

2229 5395 2480 5466 amplius,
2529 5388 2782 5461 prmteriit
2811 5393 2931 5456 post
2958 5383 3226 5438 civitatem
3257 5385 3496 5447 captam,
3549 5381 3638 5425 nec
3662 5364 3768 5417 inte-

2232 5462 2339 5540 rim'
2358 5484 2521 5538 ullum
2552 5478 2853 5547 vestigium,
2883 5482 2975 5529 aut
3002 5471 3184 5528 umbra
3217 5467 3476 5540 apparuit
3505 5462 3628 5530 ejus,
3646 5463 3774 5524 quam

2231 5573 2583 5644 exspectatis,
2633 5567 2938 5624 mutationis
2981 5583 2997 5620 :
3048 5578 3144 5619 cur
3195 5561 3408 5616 frustra
3459 5553 3690 5623 nullaque
3725 5542 3776 5598 de

2233 5680 2390 5722 causa
2412 5665 2464 5720 in
2497 5660 2817 5730 impudentia
2846 5651 3196 5730 perseveras?
