3990 6198
235 366 336 422 889

302 477 352 528 ι.
388 472 471 526 Es:
509 469 764 542 praphetis
789 456 1032 540 probatusi
1049 467 1288 538 templum
1318 483 1418 522 non
1446 465 1811 521 restituendum

235 564 595 621 esse—llaec
634 561 764 618 satis
805 571 958 617 erant
1001 561 1068 616 ad
1109 559 1581 617 demonstrandum
1627 557 1810 623 vobis,

234 672 520 728 numquam
551 655 664 710 fore
681 664 742 709 ut
763 654 1014 724 templum
1041 653 1370 708 restituatur.
1391 651 1584 704 Verum
1605 649 1816 719 quando

233 751 434 804 veritas
459 747 642 802 multis
663 744 834 799 modis
856 739 1141 802 exuberat.
1173 741 1349 796 missis
1386 738 1687 809 Evangeliis
1707 777 1722 801 ,
1750 736 1816 792 ad

235 841 524 912 prophetas
547 853 634 893 me
659 846 837 899 verto,
870 835 1060 905 quibus
1085 833 1313 888 maxime
1344 830 1588 886 videntur
1615 828 1776 883 ﬁdere
1799 846 1814 883 :

236 945 398 1004 atque
429 948 493 986 ex
526 931 610 985 his
658 928 993 1000 perspicuum
1034 926 1254 991 faciam,
1294 939 1468 994 neque
1513 923 1816 987 civitatem,

235 1039 411 1096 neque
429 1023 682 1092 templum
700 1035 948 1089 umquam
968 1017 1185 1088 posthac
1200 1013 1606 1070 restituendum.
1623 1011 1817 1078 Quam-

235 1131 394 1186 quam
425 1113 556 1168 nihil
585 1122 699 1167 erat
731 1110 857 1165 mihi
897 1123 1120 1164 necesse
1147 1107 1515 1162 demonstrare
1542 1101 1682 1172 quod
1714 1114 1818 1153 non

239 1209 568 1264 restituetur.
609 1203 793 1274 Neque
838 1202 982 1258 enim
1028 1216 1200 1266 mea},
1247 1197 1341 1254 sed
1388 1197 1599 1251 illorum
1646 1200 1822 1264 partes

237 1309 395 1356 erant
421 1299 636 1361 docere,
659 1294 800 1366 quod
826 1303 969 1350 esset
996 1290 1404 1347 restituendum.
1425 1288 1554 1343 Nam
1581 1302 1681 1356 ego
1707 1284 1824 1354 qui-

237 1393 366 1446 dem
391 1407 455 1444 ex
487 1389 601 1458 ipso
631 1397 871 1456 tempore
899 1397 1190 1453 congruum
1223 1381 1395 1436 habeo
1429 1377 1819 1440 testimonium,

241 1481 377 1535 mihi
420 1475 919 1550 patrocinans:ipsi
957 1483 1168 1540 contra,
1216 1487 1336 1528 cum
1379 1486 1442 1526 ex
1486 1471 1603 1539 ipso
1645 1480 1822 1522 rerum

243 1578 443 1626 eventu
459 1568 794 1638 dcjictantur,
817 1580 914 1620 nec
934 1564 1222 1635 quidquam
1244 1577 1452 1628 eorum,
1476 1575 1593 1631 qua:
1618 1559 1820 1621 dicunt,

239 1669 443 1731 queant
461 1659 848 1719 demonstrare,
877 1666 1051 1709 tamen
1074 1653 1202 1708 nihil
1220 1651 1362 1707 aliud
1384 1665 1538 1721 quam
1559 1654 1827 1704 ostentant

239 1768 389 1815 sese,
415 1766 536 1806 cum
567 1757 808 1820 oporteat
833 1749 976 1817 ipsos
1003 1744 1360 1801 testimonium
1389 1741 1662 1798 exhibere.
1692 1739 1825 1794 Nam

244 1843 340 1896 illa
364 1857 483 1911 qua:
511 1839 631 1895 dico
659 1854 724 1894 ex
754 1838 870 1908 ipso
899 1851 1074 1892 rerum
1115 1843 1306 1890 eventu
1328 1833 1496 1888 doceo
1524 1846 1642 1886 esse
1667 1845 1822 1884 vera:

243 1933 454 1988 corruit
481 1931 622 1986 enim
652 1929 860 1996 civitas,
903 1942 1003 1982 nec
1032 1937 1135 1980 tam
1162 1925 1322 1995 longo
1345 1925 1452 1994 jam
1481 1931 1718 1992 tempore
1742 1921 1826 1976 ἰηι-

246 2033 492 2080 staurata
530 2031 645 2088 est;
684 2029 872 2077 contra
916 2034 1036 2090 quas
1078 2018 1260 2073 dicunt
1303 2017 1412 2084 isti,
1454 2009 1610 2070 nudis
1653 2013 1860 2072 verbis.

244 2119 514 2172 nituntur.
554 2112 711 2184 Atqui
755 2110 1020 2167 debebant
1065 2109 1164 2177 ipsi
1209 2107 1442 2172 docere,
1495 2106 1728 2160 futurum
1770 2111 1834 2158 ut

245 2208 438 2261 civitas
466 2219 650 2258 rursus
677 2203 1016 2256 instauretur.
1045 2197 1484 2269 Quandoquidem
1512 2196 1564 2249 in
1595 2193 1827 2250 forensi-

248 2301 352 2352 bus
376 2297 534 2353 etiam
553 2293 766 2365 judiciis
792 2291 1030 2346 videmus
1056 2290 1135 2344 sic
1164 2287 1277 2343 ﬁeri
1308 2285 1668 2357 probationes.
1697 2283 1830 2338 Nam

247 2387 462 2457 qumies
491 2386 625 2439 inter
652 2384 789 2438 ullos
811 2383 984 2451 aliqua
1008 2380 1192 2435 incidit
1217 2377 1599 2440 controversia,
1623 2385 1674 2430 et
1699 2375 1834 2430 alter

249 2477 619 2547 probationem
649 2475 848 2544 scripto
871 2470 1093 2543 profert,
1116 2469 1307 2525 deinde
1331 2470 1376 2524 is
1399 2467 1654 2523 adversus
1673 2479 1832 2536 quem

247 2569 466 2637 agitur,
518 2565 782 2620 inﬁciatur
822 2579 884 2618 ea
929 2577 1046 2632 qua:
1092 2558 1678 2630 objiciunturzcogitur
1721 2557 1834 2626 ipse

251 2671 442 2729 [mstea
472 2667 636 2713 testes
662 2666 717 2712 et
745 2656 877 2710 alias
902 2653 1093 2709 aﬂerre
1117 2652 1482 2723 probationes,
1513 2648 1706 2719 quibus
1733 2647 1833 2701 do-

247 2762 375 2809 ceat
401 2768 504 2807 non
526 2765 646 2806 esse.
661 2763 782 2804 vera
799 2763 917 2818 qua:
933 2746 1130 2815 scripto
1150 2746 1510 2808 continentur,
1531 2756 1634 2796 non
1654 2749 1852 2796 autem

251 2846 302 2898 is
325 2843 416 2913 qui
446 2842 701 2910 scriptum
734 2838 1000 2909 produxit.
1044 2833 1247 2890 Eodem
1292 2833 1451 2888 modo
1487 2830 1836 2886 conveniebat

249 2946 312 2991 et
355 2936 486 2988 istos
520 2932 608 2987 hic
649 2932 844 2994 facere,
896 2929 1154 2998 nobisque
1199 2928 1251 2980 in
1283 2925 1516 2980 medium
1546 2923 1836 2993 producere

253 3024 591 3096 prophetam,
615 3023 702 3090 qui
724 3020 1028 3090 praedixerit
1047 3017 1265 3072 omnino
1287 3016 1540 3076 futurum,
1570 3021 1628 3067 ut
1652 3013 1839 3068 civitas

251 3117 588 3170 restituatur.
607 3112 737 3166 Nam
765 3111 808 3165 si
831 3108 1111 3180 praesentis
1132 3104 1458 3176 captivitatis
1479 3103 1600 3158 ﬁnis
1618 3103 1838 3158 omnino

250 3207 468 3260 futurus
492 3213 654 3268 esset,
682 3217 901 3259 necesse
927 3200 1112 3265 fuisse,
1137 3208 1194 3254 ut
1211 3196 1488 3269 prophetae
1508 3195 1560 3250 id
1585 3209 1835 3264 praenun-

251 3297 491 3361 tiarent,
538 3294 710 3364 palam
748 3302 830 3347 est
873 3291 1156 3357 omnibus,
1203 3288 1292 3358 qui
1341 3286 1428 3342 vel
1465 3285 1640 3341 obiter
1676 3285 1839 3339 libros

252 3385 599 3457 prOpheticos
643 3383 988 3454 inspexerint.
1015 3382 1126 3437 Mos
1152 3381 1293 3436 enim
1319 3388 1433 3434 erat
1459 3376 1598 3448 apud
1627 3375 1840 3431 Judteos

250 3487 432 3538 vetus,
460 3486 518 3529 ut
545 3475 817 3544 propheta:
844 3472 1098 3528 divinitus
1127 3471 1288 3524 afﬂati
1335 3469 1684 3540 prmdicereut
1715 3466 1836 3533 illis,

248 3584 376 3638 qum
404 3567 766 3632 imminerent,
788 3581 882 3620 seu
905 3566 1062 3629 bona,
1095 3578 1189 3618 seu
1211 3562 1368 3616 mala.
1397 3561 1574 3627 Quare
1601 3568 1654 3614 et
1677 3573 1836 3629 quam

248 3660 326 3713 ob
355 3659 513 3713 rem?
546 3657 770 3726 Propter
804 3656 1064 3726 insignem
1108 3653 1321 3708 illorum
1367 3651 1760 3721 improbitatem
1787 3657 1842 3703 et

252 3750 643 3819 impudentiam
669 3767 682 3802 :
705 3749 963 3818 siquidem
993 3745 1133 3802 illico
1161 3744 1541 3800 beneﬁciorum
1572 3743 1663 3797 Dei
1694 3742 1834 3797 obli-

249 3839 619 3900 viscebantur,
643 3853 810 3907 eaque
833 3852 950 3906 qum
977 3835 1194 3900 ﬁebant,
1215 3833 1548 3889 daemonibus
1566 3833 1840 3887 adscribe-

251 3931 413 3995 bant,
439 3938 497 3983 et
524 3927 660 3982 bona
689 3927 795 3982 illis
821 3926 1168 3996 imputabant.
1203 3925 1374 3980 Etiam
1401 3938 1559 3989 nunc,
1590 3937 1710 3977 cum
1737 3922 1842 3976 illis

250 4020 495 4090 egressis
516 4035 582 4072 ex
606 4018 840 4089 Egypto
867 4033 1013 4072 mare
1040 4017 1265 4072 scissum
1295 4026 1454 4082 esset,
1487 4016 1695 4085 aliaque
1719 4029 1845 4086 pro-

249 4109 402 4180 digia
443 4108 664 4172 ﬁerent,
705 4108 855 4162 obliti
895 4106 1036 4177 quod
1064 4105 1180 4161 haec
1213 4116 1431 4161 auctore
1461 4107 1566 4160 Deo
1589 4121 1841 4176 gereren-

253 4211 368 4266 tur,
408 4200 476 4254 iis
517 4199 606 4269 qui
631 4199 711 4254 dii
744 4213 850 4253 non
879 4206 1064 4265 erant,
1092 4198 1395 4254 tribuebant
1418 4213 1480 4252 ea
1507 4213 1624 4267 quae
1649 4197 1846 4252 ﬁebant

246 4293 505 4347 dicentes
539 4289 772 4344 Aaroni:
798 4289 906 4343 Fac
942 4289 1084 4344 nobis
1137 4287 1289 4355 deos,
1319 4289 1406 4358 qui
1435 4287 1717 4358 prwcedant
1755 4304 1844 4341 nos

249 4383 458 4457 (Exod.
505 4383 595 4437 32.
643 4384 715 4453 l).
759 4381 1004 4437 Jeremias
1050 4395 1260 4451 quoque
1304 4379 1846 4435 dicunt:Sermonem

246 4491 411 4541 quem
444 4473 674 4542 loquutus
713 4489 765 4526 es
797 4472 866 4525 ad
901 4487 992 4525 nos
1018 4471 1072 4524 in
1101 4470 1302 4524 nomine
1337 4469 1575 4533 Domini,
1619 4486 1718 4523 non
1755 4486 1846 4523 au-

249 4567 460 4619 diemus
491 4580 552 4618 ex
579 4574 645 4628 te,
663 4564 900 4634 quoniam
926 4563 1166 4634 faciemus
1189 4562 1378 4625 omnia,
1399 4576 1512 4630 qua:
1533 4561 1848 4631 egredientur

248 4671 319 4709 ea:
347 4670 445 4708 ore
469 4663 638 4708 nostro
655 4669 674 4707 :
693 4662 747 4706 ut
771 4653 1064 4707 adoleamus
1089 4653 1277 4722 regina:
1305 4651 1435 4716 cazli,
1463 4660 1510 4704 et
1535 4649 1742 4704 libemus
1769 4649 1848 4703 illi

249 4746 528 4810 libamina,
550 4745 969 4815 quemadmodum
989 4744 1196 4814 fecimus
1217 4752 1260 4798 et
1281 4761 1393 4808 nos,
1414 4753 1460 4797 et
1481 4752 1647 4814 patres
1668 4742 1844 4810 nostri,

251 4851 306 4892 es
331 4854 480 4908 reges
514 4839 674 4892 nostri
697 4848 744 4891 et
770 4837 1020 4907 principes
1040 4837 1197 4890 nostri
1218 4852 1237 4889 :
1256 4845 1304 4889 et
1319 4835 1495 4905 repleti
1509 4851 1680 4888 sumus
1703 4833 1851 4904 pani-

246 4935 374 4989 bus,
406 4938 453 4981 et
483 4928 674 4998 fuimus
687 4928 928 4998 jucundi,
948 4937 996 4981 et
1023 4925 1161 4980 mala
1185 4943 1285 4980 non
1313 4925 1627 4980 vidimus:et
1651 4934 1850 4994 postea-

240 5035 418 5089 quam
453 5018 734 5072 destitimus
756 5017 959 5070 adolere
981 5018 1169 5087 reginae
1192 5017 1324 5080 cadi,
1362 5025 1407 5070 et
1432 5016 1590 5070 libare
1616 5014 1693 5068 illi
1717 5013 1847 5068 liba-

230 5113 440 5175 mina,
483 5109 715 5162 diminuti
743 5125 916 5163 sumus
944 5125 1115 5162 omnes
1158 5124 1283 5172 nos,
1323 5115 1370 5158 et
1408 5105 1582 5176 gladio
1621 5107 1850 5174 [anteque

233 5201 542 5266 defecimus
580 5199 712 5270 (Jer.
748 5201 837 5255 Η.
876 5200 963 5254 16.
1010 5197 1122 5270 18).
1166 5197 1390 5252 Proinde
1418 5211 1486 5251 ne
1511 5195 1634 5265 quid
1663 5211 1847 5250 eorum

230 5310 380 5362 qua:
415 5294 809 5360 contingerent,
853 5291 1152 5344 simulacris
1181 5290 1523 5358 imputarent,
1554 5289 1647 5342 sed
1677 5288 1850 5356 potius

227 5381 550 5438 crederent
588 5390 642 5435 et
671 5382 897 5436 ultiones
924 5391 980 5436 et
1024 5380 1281 5435 beneficia
1310 5379 1440 5448 ipsis
1468 5394 1498 5431 a
1527 5379 1639 5433 Deo
1686 5377 1848 5448 proﬁ-

225 5473 422 5539 cisci;
471 5471 588 5526 illas
636 5471 848 5542 quidem
885 5471 956 5527 ob
991 5480 1248 5542 peccata,
1298 5469 1412 5524 haec
1452 5484 1580 5524 vero
1622 5485 1716 5537 per
1757 5469 1848 5523 Dei

233 5562 670 5632 benignitatem,
703 5563 978 5633 prophetae
1009 5563 1264 5618 divinitus
1289 5559 1452 5614 afﬂati
1494 5558 1850 5628 praedicebant

239 5655 369 5708 illis
399 5663 680 5708 eventura.
709 5654 882 5723 Atque
913 5661 968 5707 ut
990 5652 1190 5708 certius
1214 5653 1380 5718 scias,
1419 5651 1556 5705 hanc
1578 5665 1700 5705 esse
1725 5665 1850 5705 cau-

235 5760 379 5803 sam
426 5742 820 5812 praedictionis,
863 5743 981 5800 vide
1017 5743 1144 5814 quid
1186 5743 1326 5800 dicat
1366 5741 1732 5799 vocalissimus
1760 5741 1847 5799 ille

1430 347 1791 408 ADVERSUS
1821 349 2126 405 JUD.‘EOS.
2170 349 2231 406 ν.

3388 361 3491 414 890

1918 463 2077 521 lsaias
2125 465 2190 521 ad
2236 465 2490 537 populum
2542 466 2818 522 Judaicum
2867 487 2882 524 :
2918 468 3036 524 Scio
3066 473 3204 542 quod
3248 473 3402 525 durus
3435 492 3486 526 es

1919 567 1993 623 tu,
2021 567 2068 612 et
2096 575 2274 614 nervus
2299 563 2490 630 ferreus
2517 561 2686 615 cervis:
2727 570 2813 614 tua
2839 559 2984 631 (lsai.
3011 562 3101 616 48.
3125 561 3179 632 4)
3220 579 3236 616 :
3267 563 3368 619 hoc
3391 573 3496 633 est,

1922 648 2222 704 inﬂexibilis
2247 667 2261 702 :
2287 648 2352 703 Et
2380 654 2522 720 frons
2548 661 2643 704 tua
2659 666 2812 716 terea,
2844 650 2948 705 hoc
2972 661 3051 706 est
3079 651 3381 721 impudens.
3410 653 3499 710 Sic

1921 748 1975 793 et
1991 753 2089 794 nos
2110 738 2418 809 frequenter
2433 739 2668 795 solemus
2682 756 2776 796 eos
2793 741 2880 810 qui
2899 741 3140 796 nesciunt
3161 743 3496 810 erubescere,

1923 840 2344 902 χαλκοπροσώπους
2367 873 2382 896 ,
2433 833 2483 887 id
2513 842 2629 897 est,
2662 850 2854 888 aeream
2887 835 3142 892 habentes
3166 838 3375 902 faciem,
3401 858 3493 910 np.

1925 922 2142 992 pellare.
2175 922 2242 976 Et
2280 924 2580 977 annuntiavi
2621 925 2705 977 tibi
2750 941 2862 995 qua?
2893 934 3097 980 ventur»:
3140 938 3284 981 erant
3324 929 3375 980 in
3417 942 3484 995 te,

1926 1015 2216 1086 priusquam
2240 1015 2417 1084 ﬁerent
2439 1031 2459 1070 :
2482 1025 2528 1069 et
2552 1033 2613 1070 ea
2653 1026 2700 1070 te
2727 1018 2903 1072 audire
2932 1015 3046 1088 feci.
3081 1019 3285 1075 Deinde
3310 1022 3502 1089 przedi-

1924 1105 2117 1158 etionis
2139 1120 2351 1160 causam
2392 1108 2703 1172 enuntians,
2734 1107 2943 1177 Slllllell
2967 1127 2980 1163 :
3011 1107 3092 1163 Ne
3113 1109 3315 1180 quando
3339 1111 3502 1178 dicas,

1924 1195 2065 1250 idola
2084 1196 2208 1250 mihi
2227 1197 2471 1265 fecerunt,
2500 1207 2546 1251 et
2571 1199 2834 1268 sculptilia
2854 1201 3227 1273 con/latiliaque
3247 1218 3500 1274 praecepit.

1926 1295 2041 1338 rum
2071 1287 2215 1338 milii.
2245 1290 2321 1342 Ac
2351 1303 2567 1354 rursus,
2597 1291 2848 1359 quoniam
2886 1293 3186 1361 pcrvicaces
3211 1293 3424 1363 quidam
3455 1305 3510 1351 et

1927 1375 2050 1428 elati
2082 1385 2196 1444 post
2229 1385 2476 1431 eventum
2508 1378 2582 1430 rei
2607 1379 2942 1447 impudenter
2961 1381 3377 1454 agebant,quasi
3401 1400 3506 1439 non

1929 1465 2075 1533 prius
2101 1465 2372 1520 audissent
2395 1482 2408 1518 :
2433 1468 2705 1537 pr0pheta:
2733 1484 2837 1524 non
2858 1471 3029 1525 solum
3055 1471 3228 1528 futura
3255 1476 3504 1545 prmdiee-

1930 1556 2059 1610 bant
2082 1596 2096 1620 ,
2131 1571 2318 1611 verum
2347 1559 2510 1612 etiam
2557 1568 2719 1615 testes
2760 1560 3080 1617 adhibebant
3117 1579 3303 1620 eorum
3326 1606 3341 1630 ,
3389 1580 3507 1634 qu:e

1927 1647 2264 1714 gerebantur.
2309 1647 2395 1704 Sic
2433 1650 2574 1704 enim
2602 1667 2786 1706 rursus
2828 1652 3058 1723 loquitur
3103 1655 3243 1710 idem
3294 1656 3454 1712 Isaias
3486 1675 3508 1713 :

1932 1735 2012 1788 Da
2039 1737 2163 1790 milii
2193 1746 2336 1792 testes
2371 1739 2503 1793 viros
2541 1739 2684 1795 bona:
2728 1742 2878 1810 ﬁdei,
2928 1742 3104 1798 Uriam
3130 1757 3176 1799 et
3204 1747 3512 1804 Zachariam

1930 1826 2095 1895 ﬁlium
2140 1826 2407 1884 Baracltia:
2451 1831 2757 1885 sacerdotem
2810 1830 2938 1906 (Id.
2988 1834 3040 1888 8.
3090 1835 3190 1907 2).
3248 1837 3356 1892 Nec
3409 1839 3512 1895 hoc

1930 1927 2250 1986 contentus,
2301 1921 2353 1976 in
2401 1937 2541 1977 novo
2586 1923 2850 1979 volumine
2900 1925 3219 1996 descriptam
3269 1928 3516 2000 deposuit

1934 2011 2286 2080 prophetiam,
2309 2022 2364 2066 ut
2388 2022 2508 2082 post
2530 2024 2780 2070 eventum
2809 2018 2936 2086 ipsa:
2965 2018 3132 2074 literae
3159 2030 3341 2074 contra
3373 2024 3518 2092 ipsos

1932 2100 2148 2157 Iudaeos
2197 2104 2558 2159 testimonium
2612 2105 2835 2172 ferrent,
2888 2108 3029 2178 quod
3083 2109 3264 2165 afllatu
3313 2114 3520 2169 cJ-lest-i

1934 2192 2103 2248 multo
2129 2201 2253 2248 ante
2292 2203 2533 2264 tempore
2578 2195 2764 2252 fuisset
2803 2198 2908 2253 illis
2948 2199 3284 2270 praedictum.
3331 2204 3524 2275 quue

1933 2297 2039 2337 non
2066 2282 2237 2338 solum
2266 2285 2480 2354 scripsit
2508 2286 2616 2341 illis
2647 2286 2699 2340 in
2730 2288 3022 2356 volumine,
3056 2291 3149 2347 sed
3175 2292 3227 2347 in
3259 2310 3398 2349 novo
3425 2312 3517 2351 vo-

1935 2373 2156 2440 lumine,
2185 2391 2290 2444 quo
2329 2386 2510 2445 posset
2555 2379 2607 2431 in
2648 2379 2871 2434 multum
2903 2380 3096 2436 durare
3141 2392 3386 2454 tempus,
3419 2402 3521 2443 nec

1936 2461 2090 2517 facile
2111 2465 2403 2534 corrumpi,
2435 2466 2528 2521 sed
2553 2479 2867 2538 exspectare
2893 2482 3139 2526 eventum
3171 2490 3372 2543 rerum,
3400 2493 3522 2546 quae

1938 2552 2008 2606 ibi
2036 2554 2467 2610 continebantur.
2487 2559 2646 2613 Certe
2676 2576 2859 2615 verum
2886 2577 3007 2618 esse
3033 2566 3175 2633 quod
3201 2567 3341 2634 dico,
3369 2569 3520 2624 vide-

1937 2642 2061 2698 licet
2083 2644 2247 2700 Deum
2273 2647 2380 2702 illis
2404 2650 2584 2704 omnia
2611 2661 2830 2706 ventura
2854 2654 3186 2722 praedixisse,
3207 2673 3312 2714 non
3337 2675 3405 2714 ex
3436 2661 3522 2716 bis

1939 2743 2142 2790 tantum
2163 2777 2178 2803 ,
2223 2753 2407 2793 verum
2437 2748 2492 2794 et
2517 2756 2584 2795 ex
2615 2741 2741 2812 ipsis
2787 2759 2906 2812 qua:
2936 2745 3042 2801 illis
3069 2749 3378 2806 acciderunt
3409 2760 3525 2808 tum

1939 2825 2099 2891 bona,
2131 2840 2242 2883 tum
2272 2831 2433 2897 mala,
2463 2831 2862 2890 demonstrabo.

2007 2919 2060 2972 5.
2093 2918 2212 2974 Tres
2233 2921 2535 2976 Iudaeorum
2556 2925 2831 2980 sernitutes.
2853 2956 2924 2968 -—
2938 2929 3069 2984 Tres
3093 2932 3379 2990 Servitutes
3402 2951 3523 3005 gras-

1938 3008 2182 3064 vissimas
2209 3013 2536 3078 pertulerunt
2558 3013 2748 3080 «Ιυάειεὶ,
2772 3032 2840 3084 qu
2861 3035 2993 3072 trum
3023 3022 3220 3074 nullam
3249 3023 3388 3079 Deus
3414 3026 3537 3080 illis

1940 3096 2159 3167 ingessit
2187 3115 2290 3153 non
2318 3101 2642 3170 przedictam.
2671 3105 2766 3160 sed
2793 3122 3216 3180 unamquamque
3248 3114 3350 3168 illis
3385 3132 3522 3183 pra--

1940 3189 2216 3246 dicendam
2243 3194 2464 3258 curavit,
2492 3205 2544 3249 et
2574 3195 2770 3264 locum,
2799 3208 2853 3253 et
2881 3208 3106 3269 tempus,
3137 3211 3188 3255 et
3219 3218 3522 3273 personam,

1940 3291 1995 3336 et
2035 3281 2338 3338 afﬂictionis
2375 3286 2606 3354 speciem
2636 3327 2651 3351 ,
2693 3296 2747 3342 et
2793 3289 3044 3355 reditum,
3087 3291 3293 3362 aliaque
3335 3307 3528 3351 cuncta-

1941 3390 2147 3430 summa
2185 3391 2306 3430 cum
2350 3377 2624 3448 diligentia
2664 3382 3052 3450 pramuncians.
3090 3383 3170 3439 Ac
3211 3387 3380 3455 primo
3409 3387 3530 3443 loco

1943 3468 2337 3536 pnedictionem
2366 3469 2589 3526 referam
2615 3471 2680 3528 de
2701 3473 3002 3541 captivitate
3027 3477 3080 3529 in
3109 3477 3361 3549 AEgypto.
3389 3480 3530 3536 Deus

1943 3559 2166 3628 loquens
2193 3560 2259 3614 ad
2286 3561 2554 3617 Abraham
2582 3563 2663 3620 his
2692 3565 2868 3620 verbis
2898 3566 3064 3621 utitur
3095 3585 3109 3620 :
3150 3567 3328 3624 Sciens
3366 3572 3528 3646 scias,

1942 3651 2076 3720 quod
2102 3668 2266 3706 semen
2292 3662 2431 3707 tuum
2457 3655 2772 3725 peregrinum
2793 3657 2884 3710 erit
2904 3657 2956 3711 in
2982 3667 3114 3711 terra
3142 3676 3242 3713 non
3263 3677 3373 3723 sua,
3402 3673 3450 3716 et
3474 3663 3530 3716 in

1943 3742 2229 3797 servitutem
2257 3745 2483 3814 redigent
2512 3755 2560 3798 et
2593 3747 2809 3817 aﬂligent
2843 3749 2973 3802 illud
3009 3753 3156 3804 annis
3183 3753 3526 3823 quadringen-

1945 3834 2027 3887 tis.
2061 3832 2268 3889 Gentem
2295 3849 2459 3890 autem
2478 3877 2493 3903 ,
2521 3838 2814 3907 cuicumque
2833 3840 3111 3907 servierint,
3143 3858 3233 3912 ego
3250 3844 3533 3912 judicabo,

1946 3923 2067 3977 dicit
2106 3923 2374 3980 Dominus.
2425 3926 2620 3991 Quarta
2653 3939 2820 3983 autem
2865 3933 3188 4000 generatione
3219 3943 3531 3990 revértentur

1947 4016 2042 4069 huc
2071 4032 2186 4069 cum
2209 4027 2461 4086 apparatu
2483 4019 2686 4088 copioso
2717 4019 2866 4093 (Gen.
2903 4022 2988 4076 15.
3023 4025 3190 4078 1546
3215 4025 3252 4094 ).
3289 4025 3448 4081 Vides
3473 4037 3533 4081 ut

1948 4115 2002 4161 et
2055 4123 2332 4162 numerum
2383 4125 2644 4164 annorum
2695 4114 3060 4181 expresserit,
3108 4115 3528 4184 quadringentos

1947 4213 2114 4251 annos
2138 4207 2191 4253 et
2224 4201 2490 4254 servitutis
2525 4200 2775 4268 modum,
2803 4217 2923 4255 cum
2965 4219 3068 4256 non
3109 4205 3421 4273 simpliciter
3449 4208 3532 4261 in-

1948 4288 2093 4356 quit,
2136 4289 2185 4340 in
2216 4291 2496 4342 servitutem
2537 4291 2780 4358 redigent,
2808 4291 2900 4346 sed
2928 4292 3092 4357 addit,
3124 4295 3360 4365 aﬂligcut.
3393 4299 3531 4353 Audi

1947 4377 2214 4445 quomodo
2241 4379 2412 4433 Moses
2439 4380 2593 4448 paulo
2618 4390 2735 4450 post
2762 4392 2992 4450 exponat
3014 4383 3355 4440 al'ﬂictionem
3383 4404 3396 4440 :
3425 4386 3537 4442 Pa-

1950 4468 2061 4533 lem,
2091 4468 2279 4536 inquit,
2310 4485 2410 4522 non
2439 4469 2623 4523 dantur
2650 4472 2853 4542 [annalis
2883 4473 3000 4540 tuis,
3028 4482 3075 4527 et
3089 4473 3269 4544 jubent
3295 4493 3384 4530 nos
3411 4477 3538 4532 late-

1951 4576 2028 4611 res
2057 4563 2220 4628 facere
2249 4558 2450 4631 (Exod.
2483 4561 2540 4617 5.
2573 4561 2680 4632 l6)
2706 4580 2720 4616 :
2746 4572 2800 4617 et
2829 4563 3006 4634 ﬂagris
3032 4565 3378 4623 caedebantur
3397 4585 3534 4640 quo-

1954 4649 2076 4704 tidie
2101 4692 2116 4715 ,
2149 4659 2203 4704 ut
2235 4651 2498 4721 intelligas
2541 4653 2666 4722 quid
2696 4654 2796 4708 sibi
2829 4655 2986 4722 velit,
3017 4657 3071 4711 in
3099 4661 3385 4714 servitutem
3415 4663 3534 4716 red-

1951 4739 2086 4810 igent
2109 4750 2158 4794 et
2181 4742 2420 4812 aﬂligent.
2453 4740 2661 4796 Gentem
2693 4753 2879 4812 autem,
2909 4747 3098 4814 inquit,
3126 4750 3210 4802 cui
3241 4752 3533 4816 servierint,

1951 4851 2041 4904 ego
2057 4835 2300 4904 judicubo
2327 4837 2345 4905 (
2369 4833 2495 4890 Gen.
2527 4836 2612 4891 l5.
2650 4836 2755 4908 l4)
2790 4855 2802 4890 :
2833 4839 3136 4908 signiﬁcans
3163 4839 3536 4910 Egyptiorum

1953 4923 2374 4979 submersionem
2415 4925 2466 4978 in
2508 4925 2641 4979 mari
2682 4925 2893 4992 Rubro,
2925 4942 3082 4996 quam
3111 4927 3162 4982 in
3189 4930 3412 4984 canticis
3440 4930 3538 4986 de-

1953 5014 2192 5070 scribens
2219 5014 2392 5070 Moses
2411 5015 2488 5070 sic
2503 5014 2734 5085 loquitur
2760 5032 2774 5068 :
2809 5014 3006 5086 Equum
3025 5028 3072 5070 et
3096 5033 3409 5072 ascensorem
3430 5021 3544 5089 ejus

1955 5107 2162 5174 proiecit
2198 5107 2250 5160 in
2292 5104 2655 5179 mare(Exod.
2679 5107 2764 5160 l5.
2798 5108 2820 5160 l
2850 5108 2887 5175 ).
2939 5106 3060 5162 Mox
3090 5117 3144 5163 et
3179 5108 3380 5164 reditus
3420 5125 3538 5164 mo-

1953 5198 2116 5263 dum,
2153 5199 2293 5268 quod
2327 5207 2506 5253 essent
2546 5198 2764 5252 redituri
2807 5214 2928 5252 cum
2975 5200 3140 5255 multa
3179 5202 3536 5271 supellectile.

1956 5289 2171 5352 Sumite,
2207 5289 2394 5358 inquit,
2421 5291 2736 5342 commodata
2762 5307 2908 5344 asua
2932 5307 3138 5363 quaeque
3163 5293 3326 5346 vicina
3350 5303 3396 5348 ct
3421 5311 3544 5349 con-

1953 5377 2202 5432 tubernali
2240 5394 2359 5432 vasa
2393 5394 2546 5430 aurea
2582 5387 2634 5432 et
2669 5392 2905 5449 argentea
2962 5381 2979 5452 (
3000 5380 3085 5434 Id.
3135 5382 3188 5436 5.
3233 5380 3348 5454 29).
3399 5384 3544 5452 Quo-

1953 5467 2094 5522 niam
2124 5467 2266 5521 enim
2296 5467 2451 5536 longo
2481 5468 3045 5536 tempore-servierant
3064 5511 3078 5536 ,
3110 5461 3208 5527 nec
3233 5472 3540 5530 mercedem

1955 5565 2272 5627 receperant
2289 5597 2305 5623 ,
2331 5557 2471 5612 Deus
2493 5557 2668 5612 eﬂ'ecit
2691 5565 2749 5613 ut
2777 5559 3120 5616 inscientibus
3147 5577 3210 5616 ac
3240 5563 3544 5620 nolentibus

1955 5650 2116 5706 etiam
2153 5658 2430 5720 peterent,
2470 5649 2771 5722 clamatque
2800 5653 3054 5723 propheta
3085 5655 3269 5710 dicens
3300 5675 3314 5710 :
3348 5656 3554 5712 Eduxit

1955 5759 2039 5798 eos
2062 5759 2174 5798 cum
2202 5753 2407 5814 argento
2432 5753 2478 5799 et
2497 5760 2643 5814 auro,
2673 5761 2763 5802 nec
2787 5756 2892 5802 erat
2921 5746 2972 5801 in
2999 5747 3226 5804 tribubus
3250 5766 3426 5807 eorum
3453 5752 3542 5808 in:
