  <div class='ocr_page' id='page_1' title='image "/cluster/home/n/w/nwhite01/storage/ocr_20150623/48/hvd.32044073501892/369.png"; bbox 0 0 3990 6198; ppageno 0'>
   <div class='ocr_carea' id='block_1_1' title="bbox 562 335 664 392">
    <p class='ocr_par' dir='ltr' id='par_1_1' title="bbox 562 335 664 392">
     <span class='ocr_line' id='line_1_1' title="bbox 562 335 664 392; baseline -0.02 0"><span class='ocrx_word' id='word_1_1' title='bbox 562 335 664 392; x_wconf 78' lang='grc'><strong>891</strong></span> 
     </span>
    </p>
   </div>
   <div class='ocr_carea' id='block_1_2' title="bbox 557 441 2145 528">
    <p class='ocr_par' dir='ltr' id='par_1_2' title="bbox 557 441 2145 528">
     <span class='ocr_line' id='line_1_2' title="bbox 557 441 2145 528; baseline -0.01 -16"><span class='ocrx_word' id='word_1_2' title='bbox 557 460 742 528; x_wconf 78' lang='lat' dir='ltr'><strong>ﬁrmus</strong></span> <span class='ocrx_word' id='word_1_3' title='bbox 767 451 788 526; x_wconf 94' lang='lat'><strong>(</strong></span> <span class='ocrx_word' id='word_1_4' title='bbox 809 451 952 508; x_wconf 82' lang='lat' dir='ltr'><strong>Psal.</strong></span> <span class='ocrx_word' id='word_1_5' title='bbox 983 449 1104 507; x_wconf 70' lang='grc'><strong>106.</strong></span> <span class='ocrx_word' id='word_1_6' title='bbox 1132 450 1197 504; x_wconf 78' lang='grc'>57</span> <span class='ocrx_word' id='word_1_7' title='bbox 1221 447 1262 520; x_wconf 94' lang='grc'><strong>).</strong></span> <span class='ocrx_word' id='word_1_8' title='bbox 1289 447 1414 503; x_wconf 66' lang='lat' dir='ltr'><strong>llaec</strong></span> <span class='ocrx_word' id='word_1_9' title='bbox 1434 455 1514 504; x_wconf 87' lang='lat' dir='ltr'><strong>est</strong></span> <span class='ocrx_word' id='word_1_10' title='bbox 1538 462 1638 501; x_wconf 90' lang='lat' dir='ltr'><strong>una</strong></span> <span class='ocrx_word' id='word_1_11' title='bbox 1668 445 1898 502; x_wconf 85' lang='lat' dir='ltr'><strong>servitus</strong></span> <span class='ocrx_word' id='word_1_12' title='bbox 1920 441 2145 499; x_wconf 74' lang='lat' dir='ltr'><strong>exactis-</strong></span> 
     </span>
    </p>
   </div>
   <div class='ocr_carea' id='block_1_3' title="bbox 560 536 2146 616">
    <p class='ocr_par' dir='ltr' id='par_1_3' title="bbox 560 536 2146 616">
     <span class='ocr_line' id='line_1_3' title="bbox 560 536 2146 616; baseline -0.006 -16"><span class='ocrx_word' id='word_1_13' title='bbox 560 548 694 600; x_wconf 86' lang='lat' dir='ltr'><strong>sime</strong></span> <span class='ocrx_word' id='word_1_14' title='bbox 731 543 1006 616; x_wconf 68' lang='lat' dir='ltr'><strong>prtedit-ta.</strong></span> <span class='ocrx_word' id='word_1_15' title='bbox 1027 543 1138 612; x_wconf 80' lang='lat' dir='ltr'><strong>Age</strong></span> <span class='ocrx_word' id='word_1_16' title='bbox 1173 555 1312 594; x_wconf 89' lang='lat' dir='ltr'><strong>nunc</strong></span> <span class='ocrx_word' id='word_1_17' title='bbox 1337 549 1390 595; x_wconf 88' lang='lat' dir='ltr'><strong>et</strong></span> <span class='ocrx_word' id='word_1_18' title='bbox 1425 539 1490 594; x_wconf 89' lang='lat' dir='ltr'><strong>ad</strong></span> <span class='ocrx_word' id='word_1_19' title='bbox 1529 539 1750 594; x_wconf 82' lang='lat' dir='ltr'><strong>alteram</strong></span> <span class='ocrx_word' id='word_1_20' title='bbox 1789 536 2146 605; x_wconf 73' lang='lat' dir='ltr'><strong>captivitatem</strong></span> 
     </span>
    </p>
   </div>
   <div class='ocr_carea' id='block_1_4' title="bbox 562 627 2144 700">
    <p class='ocr_par' dir='ltr' id='par_1_4' title="bbox 562 627 2144 700">
     <span class='ocr_line' id='line_1_4' title="bbox 562 627 2144 700; baseline -0.004 -15"><span class='ocrx_word' id='word_1_21' title='bbox 562 643 831 688; x_wconf 91' lang='lat' dir='ltr'><strong>vertamus</strong></span> <span class='ocrx_word' id='word_1_22' title='bbox 853 647 1066 687; x_wconf 89' lang='lat' dir='ltr'><strong>sermon</strong></span> <span class='ocrx_word' id='word_1_23' title='bbox 1088 648 1176 697; x_wconf 55' lang='lat' dir='ltr'><strong>&#39;m,</strong></span> <span class='ocrx_word' id='word_1_24' title='bbox 1195 647 1352 700; x_wconf 87' lang='lat' dir='ltr'><strong>quam</strong></span> <span class='ocrx_word' id='word_1_25' title='bbox 1377 629 1610 700; x_wconf 83' lang='lat' dir='ltr'><strong>perpessi</strong></span> <span class='ocrx_word' id='word_1_26' title='bbox 1633 637 1755 683; x_wconf 87' lang='lat' dir='ltr'><strong>sunt</strong></span> <span class='ocrx_word' id='word_1_27' title='bbox 1779 628 1829 682; x_wconf 93' lang='lat' dir='ltr'><strong>in</strong></span> <span class='ocrx_word' id='word_1_28' title='bbox 1857 627 2144 697; x_wconf 79' lang='lat' dir='ltr'><strong>Babylone.</strong></span> 
     </span>
    </p>
   </div>
   <div class='ocr_carea' id='block_1_5' title="bbox 563 717 2146 789">
    <p class='ocr_par' dir='ltr' id='par_1_5' title="bbox 563 717 2146 789">
     <span class='ocr_line' id='line_1_5' title="bbox 563 717 2146 789; baseline -0.004 -13"><span class='ocrx_word' id='word_1_29' title='bbox 563 725 689 776; x_wconf 77' lang='lat' dir='ltr'><strong>Nam</strong></span> <span class='ocrx_word' id='word_1_30' title='bbox 716 733 772 776; x_wconf 89' lang='lat' dir='ltr'><strong>.ct</strong></span> <span class='ocrx_word' id='word_1_31' title='bbox 803 723 940 777; x_wconf 85' lang='lat' dir='ltr'><strong>hanc</strong></span> <span class='ocrx_word' id='word_1_32' title='bbox 967 730 1214 776; x_wconf 88' lang='lat' dir='ltr'><strong>accurate</strong></span> <span class='ocrx_word' id='word_1_33' title='bbox 1249 721 1566 789; x_wconf 73' lang='lat' dir='ltr'><strong>prmdixerat</strong></span> <span class='ocrx_word' id='word_1_34' title='bbox 1606 718 1863 774; x_wconf 86' lang='lat' dir='ltr'><strong>Jeremias</strong></span> <span class='ocrx_word' id='word_1_35' title='bbox 1891 758 1906 782; x_wconf 91' lang='lat'><strong>,</strong></span> <span class='ocrx_word' id='word_1_36' title='bbox 1951 717 2021 771; x_wconf 89' lang='lat' dir='ltr'><strong>ita</strong></span> <span class='ocrx_word' id='word_1_37' title='bbox 2065 717 2146 769; x_wconf 82' lang='lat' dir='ltr'><strong>lo-</strong></span> 
     </span>
    </p>
   </div>
   <div class='ocr_carea' id='block_1_6' title="bbox 560 806 2144 880">
    <p class='ocr_par' dir='ltr' id='par_1_6' title="bbox 560 806 2144 880">
     <span class='ocr_line' id='line_1_6' title="bbox 560 806 2144 880; baseline -0.003 -18"><span class='ocrx_word' id='word_1_38' title='bbox 560 828 730 880; x_wconf 82' lang='lat' dir='ltr'><strong>quens</strong></span> <span class='ocrx_word' id='word_1_39' title='bbox 761 831 774 866; x_wconf 89' lang='lat'>:</span> <span class='ocrx_word' id='word_1_40' title='bbox 807 811 896 866; x_wconf 92' lang='lat' dir='ltr'><strong>Sic</strong></span> <span class='ocrx_word' id='word_1_41' title='bbox 923 812 992 864; x_wconf 89' lang='lat' dir='ltr'><strong>ait</strong></span> <span class='ocrx_word' id='word_1_42' title='bbox 1025 810 1273 864; x_wconf 89' lang='lat' dir='ltr'><strong>Dominus</strong></span> <span class='ocrx_word' id='word_1_43' title='bbox 1301 826 1318 863; x_wconf 93' lang='lat'><strong><em>:</em></strong></span> <span class='ocrx_word' id='word_1_44' title='bbox 1357 819 1620 879; x_wconf 84' lang='lat' dir='ltr'><strong>postquam</strong></span> <span class='ocrx_word' id='word_1_45' title='bbox 1647 808 1841 876; x_wconf 75' lang='lat' dir='ltr'><strong>impleti</strong></span> <span class='ocrx_word' id='word_1_46' title='bbox 1878 806 2066 876; x_wconf 72' lang='lat' dir='ltr'><strong>fuerint</strong></span> <span class='ocrx_word' id='word_1_47' title='bbox 2094 806 2144 858; x_wconf 87' lang='lat' dir='ltr'><strong>in</strong></span> 
     </span>
    </p>
   </div>
   <div class='ocr_carea' id='block_1_7' title="bbox 563 901 2146 974">
    <p class='ocr_par' dir='ltr' id='par_1_7' title="bbox 563 901 2146 974">
     <span class='ocr_line' id='line_1_7' title="bbox 563 901 2146 974; baseline -0.004 -18"><span class='ocrx_word' id='word_1_48' title='bbox 563 903 820 974; x_wconf 81' lang='lat' dir='ltr'><strong>Babylone</strong></span> <span class='ocrx_word' id='word_1_49' title='bbox 844 905 1159 973; x_wconf 88' lang='lat' dir='ltr'><strong>septuaginta</strong></span> <span class='ocrx_word' id='word_1_50' title='bbox 1189 904 1311 955; x_wconf 88' lang='lat' dir='ltr'><strong>anni</strong></span> <span class='ocrx_word' id='word_1_51' title='bbox 1329 943 1342 967; x_wconf 92' lang='lat'><strong>,</strong></span> <span class='ocrx_word' id='word_1_52' title='bbox 1370 901 1576 955; x_wconf 83' lang='lat' dir='ltr'><strong>visitabo</strong></span> <span class='ocrx_word' id='word_1_53' title='bbox 1608 917 1712 966; x_wconf 80' lang='lat' dir='ltr'><strong>vos,</strong></span> <span class='ocrx_word' id='word_1_54' title='bbox 1745 909 1790 952; x_wconf 89' lang='lat' dir='ltr'><strong>et</strong></span> <span class='ocrx_word' id='word_1_55' title='bbox 1817 915 2000 969; x_wconf 84' lang='lat' dir='ltr'><strong>ponam</strong></span> <span class='ocrx_word' id='word_1_56' title='bbox 2028 913 2146 967; x_wconf 88' lang='lat' dir='ltr'><strong>erga</strong></span> 
     </span>
    </p>
   </div>
   <div class='ocr_carea' id='block_1_8' title="bbox 560 988 2142 1060">
    <p class='ocr_par' dir='ltr' id='par_1_8' title="bbox 560 988 2142 1060">
     <span class='ocr_line' id='line_1_8' title="bbox 560 988 2142 1060; baseline -0.005 -10"><span class='ocrx_word' id='word_1_57' title='bbox 560 1013 643 1050; x_wconf 87' lang='lat' dir='ltr'><strong>vos</strong></span> <span class='ocrx_word' id='word_1_58' title='bbox 670 995 816 1049; x_wconf 84' lang='lat' dir='ltr'><strong>verba</strong></span> <span class='ocrx_word' id='word_1_59' title='bbox 844 1012 952 1050; x_wconf 89' lang='lat' dir='ltr'><strong>mea</strong></span> <span class='ocrx_word' id='word_1_60' title='bbox 982 995 1128 1060; x_wconf 88' lang='lat' dir='ltr'><strong>bona,</strong></span> <span class='ocrx_word' id='word_1_61' title='bbox 1158 1005 1213 1047; x_wconf 88' lang='lat' dir='ltr'><strong>ut</strong></span> <span class='ocrx_word' id='word_1_62' title='bbox 1239 993 1455 1047; x_wconf 75' lang='lat' dir='ltr'><strong>redeatis</strong></span> <span class='ocrx_word' id='word_1_63' title='bbox 1484 993 1535 1044; x_wconf 89' lang='lat' dir='ltr'><strong>in</strong></span> <span class='ocrx_word' id='word_1_64' title='bbox 1565 991 1728 1045; x_wconf 89' lang='lat' dir='ltr'><strong>locum</strong></span> <span class='ocrx_word' id='word_1_65' title='bbox 1755 990 1888 1043; x_wconf 83' lang='lat' dir='ltr'><strong>hunc</strong></span> <span class='ocrx_word' id='word_1_66' title='bbox 1917 988 1936 1058; x_wconf 94' lang='lat'><strong>(</strong></span> <span class='ocrx_word' id='word_1_67' title='bbox 1953 988 2142 1042; x_wconf 79' lang='lat' dir='ltr'><strong>Jerem.</strong></span> 
     </span>
    </p>
   </div>
   <div class='ocr_carea' id='block_1_9' title="bbox 560 1083 2145 1157">
    <p class='ocr_par' dir='ltr' id='par_1_9' title="bbox 560 1083 2145 1157">
     <span class='ocr_line' id='line_1_9' title="bbox 560 1083 2145 1157; baseline -0.004 -18"><span class='ocrx_word' id='word_1_68' title='bbox 560 1087 648 1140; x_wconf 79' lang='lat'><strong>‘29.</strong></span> <span class='ocrx_word' id='word_1_69' title='bbox 672 1084 770 1157; x_wconf 82' lang='lat' dir='ltr'><strong>l0)</strong></span> <span class='ocrx_word' id='word_1_70' title='bbox 804 1103 818 1138; x_wconf 93' lang='lat'>:</span> <span class='ocrx_word' id='word_1_71' title='bbox 849 1095 895 1140; x_wconf 89' lang='lat' dir='ltr'><strong>et</strong></span> <span class='ocrx_word' id='word_1_72' title='bbox 921 1095 1202 1139; x_wconf 77' lang='lat' dir='ltr'><strong>convertam</strong></span> <span class='ocrx_word' id='word_1_73' title='bbox 1227 1083 1560 1152; x_wconf 79' lang='lat' dir='ltr'><strong>captivitatem</strong></span> <span class='ocrx_word' id='word_1_74' title='bbox 1588 1091 1835 1144; x_wconf 87' lang='lat' dir='ltr'><strong>vestram,</strong></span> <span class='ocrx_word' id='word_1_75' title='bbox 1865 1090 1909 1132; x_wconf 88' lang='lat' dir='ltr'><strong>et</strong></span> <span class='ocrx_word' id='word_1_76' title='bbox 1933 1095 2145 1148; x_wconf 86' lang='lat' dir='ltr'><strong>congre-</strong></span> 
     </span>
    </p>
   </div>
   <div class='ocr_carea' id='block_1_10' title="bbox 562 1170 2146 1247">
    <p class='ocr_par' dir='ltr' id='par_1_10' title="bbox 562 1170 2146 1247">
     <span class='ocr_line' id='line_1_10' title="bbox 562 1170 2146 1247; baseline -0.005 -18"><span class='ocrx_word' id='word_1_77' title='bbox 562 1177 690 1247; x_wconf 86' lang='lat' dir='ltr'><strong>gabo</strong></span> <span class='ocrx_word' id='word_1_78' title='bbox 719 1193 804 1230; x_wconf 83' lang='lat' dir='ltr'><strong>vos</strong></span> <span class='ocrx_word' id='word_1_79' title='bbox 826 1192 888 1230; x_wconf 80' lang='lat' dir='ltr'><strong>ea:</strong></span> <span class='ocrx_word' id='word_1_80' title='bbox 912 1176 1141 1228; x_wconf 85' lang='lat' dir='ltr'><strong>omnibus</strong></span> <span class='ocrx_word' id='word_1_81' title='bbox 1162 1174 1410 1244; x_wconf 80' lang='lat' dir='ltr'><strong>gentibus,</strong></span> <span class='ocrx_word' id='word_1_82' title='bbox 1434 1183 1479 1225; x_wconf 88' lang='lat' dir='ltr'><strong>et</strong></span> <span class='ocrx_word' id='word_1_83' title='bbox 1506 1187 1568 1224; x_wconf 67' lang='lat' dir='ltr'><strong>ex</strong></span> <span class='ocrx_word' id='word_1_84' title='bbox 1588 1171 1778 1224; x_wconf 88' lang='lat' dir='ltr'><strong>cunctis</strong></span> <span class='ocrx_word' id='word_1_85' title='bbox 1801 1170 1922 1224; x_wconf 89' lang='lat' dir='ltr'><strong>locis</strong></span> <span class='ocrx_word' id='word_1_86' title='bbox 1949 1170 1997 1220; x_wconf 81' lang='lat' dir='ltr'><strong>in</strong></span> <span class='ocrx_word' id='word_1_87' title='bbox 2022 1185 2146 1236; x_wconf 88' lang='lat' dir='ltr'><strong>quos</strong></span> 
     </span>
    </p>
   </div>
   <div class='ocr_carea' id='block_1_11' title="bbox 561 1261 2146 1338">
    <p class='ocr_par' dir='ltr' id='par_1_11' title="bbox 561 1261 2146 1338">
     <span class='ocr_line' id='line_1_11' title="bbox 561 1261 2146 1338; baseline -0.006 -16"><span class='ocrx_word' id='word_1_88' title='bbox 561 1269 775 1338; x_wconf 73' lang='lat' dir='ltr'><strong>dispersi</strong></span> <span class='ocrx_word' id='word_1_89' title='bbox 805 1283 888 1320; x_wconf 79' lang='lat' dir='ltr'><strong>vos</strong></span> <span class='ocrx_word' id='word_1_90' title='bbox 911 1308 924 1329; x_wconf 86' lang='lat'><strong>,</strong></span> <span class='ocrx_word' id='word_1_91' title='bbox 947 1267 1067 1321; x_wconf 86' lang='lat' dir='ltr'><strong>dicit</strong></span> <span class='ocrx_word' id='word_1_92' title='bbox 1097 1265 1345 1319; x_wconf 76' lang='lat' dir='ltr'><strong>Dominus</strong></span> <span class='ocrx_word' id='word_1_93' title='bbox 1369 1306 1385 1329; x_wconf 90' lang='lat'><strong>,</strong></span> <span class='ocrx_word' id='word_1_94' title='bbox 1417 1273 1462 1316; x_wconf 91' lang='lat' dir='ltr'><strong>et</strong></span> <span class='ocrx_word' id='word_1_95' title='bbox 1485 1271 1767 1316; x_wconf 81' lang='lat' dir='ltr'><strong>convertam</strong></span> <span class='ocrx_word' id='word_1_96' title='bbox 1793 1277 1876 1314; x_wconf 79' lang='lat' dir='ltr'><strong>vos</strong></span> <span class='ocrx_word' id='word_1_97' title='bbox 1904 1261 1954 1314; x_wconf 89' lang='lat' dir='ltr'><strong>in</strong></span> <span class='ocrx_word' id='word_1_98' title='bbox 1982 1262 2146 1315; x_wconf 87' lang='lat' dir='ltr'><strong>locum</strong></span> 
     </span>
    </p>
   </div>
   <div class='ocr_carea' id='block_1_12' title="bbox 560 1354 2145 1427">
    <p class='ocr_par' dir='ltr' id='par_1_12' title="bbox 560 1354 2145 1427">
     <span class='ocr_line' id='line_1_12' title="bbox 560 1354 2145 1427; baseline -0.004 -14"><span class='ocrx_word' id='word_1_99' title='bbox 560 1361 696 1414; x_wconf 85' lang='lat' dir='ltr'><strong>unde</strong></span> <span class='ocrx_word' id='word_1_100' title='bbox 720 1376 806 1414; x_wconf 78' lang='lat' dir='ltr'><strong>ros</strong></span> <span class='ocrx_word' id='word_1_101' title='bbox 828 1359 1106 1427; x_wconf 83' lang='lat' dir='ltr'><strong>demigrare</strong></span> <span class='ocrx_word' id='word_1_102' title='bbox 1130 1358 1223 1426; x_wconf 76' lang='lat' dir='ltr'><strong>feci</strong></span> <span class='ocrx_word' id='word_1_103' title='bbox 1251 1355 1423 1426; x_wconf 83' lang='lat' dir='ltr'><strong>(Ibid.</strong></span> <span class='ocrx_word' id='word_1_104' title='bbox 1455 1376 1509 1412; x_wconf 89' lang='grc' dir='ltr'><strong>υ.</strong></span> <span class='ocrx_word' id='word_1_105' title='bbox 1537 1354 1662 1424; x_wconf 74' lang='grc'><strong>14).</strong></span> <span class='ocrx_word' id='word_1_106' title='bbox 1693 1354 1850 1409; x_wconf 70' lang='lat' dir='ltr'><strong>Vides</strong></span> <span class='ocrx_word' id='word_1_107' title='bbox 1879 1364 1933 1407; x_wconf 93' lang='lat' dir='ltr'><strong>ut</strong></span> <span class='ocrx_word' id='word_1_108' title='bbox 1961 1367 2145 1406; x_wconf 88' lang='lat' dir='ltr'><strong>rursus</strong></span> 
     </span>
    </p>
   </div>
   <div class='ocr_carea' id='block_1_13' title="bbox 564 1447 2147 1516">
    <p class='ocr_par' dir='ltr' id='par_1_13' title="bbox 564 1447 2147 1516">
     <span class='ocr_line' id='line_1_13' title="bbox 564 1447 2147 1516; baseline -0.005 -11"><span class='ocrx_word' id='word_1_109' title='bbox 564 1451 650 1505; x_wconf 90' lang='lat' dir='ltr'><strong>hic</strong></span> <span class='ocrx_word' id='word_1_110' title='bbox 677 1459 731 1505; x_wconf 91' lang='lat' dir='ltr'><strong>et</strong></span> <span class='ocrx_word' id='word_1_111' title='bbox 753 1449 1022 1506; x_wconf 89' lang='lat' dir='ltr'><strong>civitatem</strong></span> <span class='ocrx_word' id='word_1_112' title='bbox 1046 1447 1392 1516; x_wconf 77' lang='lat' dir='ltr'><strong>expresserit,</strong></span> <span class='ocrx_word' id='word_1_113' title='bbox 1408 1457 1461 1501; x_wconf 89' lang='lat' dir='ltr'><strong>et</strong></span> <span class='ocrx_word' id='word_1_114' title='bbox 1479 1461 1740 1500; x_wconf 90' lang='lat' dir='ltr'><strong>annorum</strong></span> <span class='ocrx_word' id='word_1_115' title='bbox 1768 1459 2070 1507; x_wconf 82' lang='lat' dir='ltr'><strong>numerum,</strong></span> <span class='ocrx_word' id='word_1_116' title='bbox 2091 1452 2147 1497; x_wconf 90' lang='lat' dir='ltr'><strong>et</strong></span> 
     </span>
    </p>
   </div>
   <div class='ocr_carea' id='block_1_14' title="bbox 565 1533 2145 1609">
    <p class='ocr_par' dir='ltr' id='par_1_14' title="bbox 565 1533 2145 1609">
     <span class='ocr_line' id='line_1_14' title="bbox 565 1533 2145 1609; baseline -0.004 -15"><span class='ocrx_word' id='word_1_117' title='bbox 565 1540 705 1596; x_wconf 89' lang='lat' dir='ltr'><strong>unde</strong></span> <span class='ocrx_word' id='word_1_118' title='bbox 733 1549 788 1594; x_wconf 90' lang='lat' dir='ltr'><strong>ct</strong></span> <span class='ocrx_word' id='word_1_119' title='bbox 814 1554 920 1609; x_wconf 88' lang='lat' dir='ltr'><strong>quo</strong></span> <span class='ocrx_word' id='word_1_120' title='bbox 957 1548 1100 1592; x_wconf 88' lang='lat' dir='ltr'><strong>esset</strong></span> <span class='ocrx_word' id='word_1_121' title='bbox 1139 1538 1256 1592; x_wconf 90' lang='lat' dir='ltr'><strong>illos</strong></span> <span class='ocrx_word' id='word_1_122' title='bbox 1300 1535 1762 1606; x_wconf 75' lang='lat' dir='ltr'><strong>congregaturus?</strong></span> <span class='ocrx_word' id='word_1_123' title='bbox 1803 1534 1926 1589; x_wconf 87' lang='lat' dir='ltr'><strong>Ideo</strong></span> <span class='ocrx_word' id='word_1_124' title='bbox 1960 1533 2145 1588; x_wconf 83' lang='lat' dir='ltr'><strong>Daniel</strong></span> 
     </span>
    </p>
   </div>
   <div class='ocr_carea' id='block_1_15' title="bbox 566 1624 2148 1698">
    <p class='ocr_par' dir='ltr' id='par_1_15' title="bbox 566 1624 2148 1698">
     <span class='ocr_line' id='line_1_15' title="bbox 566 1624 2148 1698; baseline -0.004 -14"><span class='ocrx_word' id='word_1_125' title='bbox 566 1647 670 1687; x_wconf 73' lang='lat' dir='ltr'><strong>non</strong></span> <span class='ocrx_word' id='word_1_126' title='bbox 697 1630 843 1698; x_wconf 82' lang='lat' dir='ltr'><strong>prius</strong></span> <span class='ocrx_word' id='word_1_127' title='bbox 869 1643 1030 1697; x_wconf 91' lang='lat' dir='ltr'><strong>super</strong></span> <span class='ocrx_word' id='word_1_128' title='bbox 1058 1627 1140 1680; x_wconf 86' lang='lat' dir='ltr'><strong>his</strong></span> <span class='ocrx_word' id='word_1_129' title='bbox 1166 1627 1369 1696; x_wconf 77' lang='lat' dir='ltr'><strong>rogavit</strong></span> <span class='ocrx_word' id='word_1_130' title='bbox 1401 1627 1680 1680; x_wconf 89' lang='lat' dir='ltr'><strong>Domimnn</strong></span> <span class='ocrx_word' id='word_1_131' title='bbox 1698 1667 1712 1689; x_wconf 90' lang='lat'><strong>,</strong></span> <span class='ocrx_word' id='word_1_132' title='bbox 1742 1641 1898 1694; x_wconf 85' lang='lat' dir='ltr'><strong>quam</strong></span> <span class='ocrx_word' id='word_1_133' title='bbox 1926 1624 2148 1678; x_wconf 82' lang='lat' dir='ltr'><strong>vidisset</strong></span> 
     </span>
    </p>
   </div>
   <div class='ocr_carea' id='block_1_16' title="bbox 563 1714 2146 1788">
    <p class='ocr_par' dir='ltr' id='par_1_16' title="bbox 563 1714 2146 1788">
     <span class='ocr_line' id='line_1_16' title="bbox 563 1714 2146 1788; baseline -0.001 -18"><span class='ocrx_word' id='word_1_134' title='bbox 563 1736 702 1773; x_wconf 86' lang='lat' dir='ltr'><strong>anno</strong></span> <span class='ocrx_word' id='word_1_135' title='bbox 724 1719 1053 1788; x_wconf 80' lang='lat' dir='ltr'><strong>septuaginta</strong></span> <span class='ocrx_word' id='word_1_136' title='bbox 1079 1717 1392 1785; x_wconf 88' lang='lat' dir='ltr'><strong>completos.</strong></span> <span class='ocrx_word' id='word_1_137' title='bbox 1422 1715 1551 1782; x_wconf 87' lang='lat' dir='ltr'><strong>Quis</strong></span> <span class='ocrx_word' id='word_1_138' title='bbox 1575 1716 1687 1769; x_wconf 65' lang='lat' dir='ltr'><strong>haec</strong></span> <span class='ocrx_word' id='word_1_139' title='bbox 1712 1714 1880 1770; x_wconf 84' lang='lat' dir='ltr'><strong>dicit?</strong></span> <span class='ocrx_word' id='word_1_140' title='bbox 1905 1714 2020 1783; x_wconf 84' lang='lat' dir='ltr'><strong>Ipse</strong></span> <span class='ocrx_word' id='word_1_141' title='bbox 2048 1714 2146 1768; x_wconf 88' lang='lat' dir='ltr'><strong>Da-</strong></span> 
     </span>
    </p>
   </div>
   <div class='ocr_carea' id='block_1_17' title="bbox 567 1806 2142 1880">
    <p class='ocr_par' dir='ltr' id='par_1_17' title="bbox 567 1806 2142 1880">
     <span class='ocr_line' id='line_1_17' title="bbox 567 1806 2142 1880; baseline -0.004 -16"><span class='ocrx_word' id='word_1_142' title='bbox 567 1813 668 1867; x_wconf 75' lang='lat' dir='ltr'><strong>niel</strong></span> <span class='ocrx_word' id='word_1_143' title='bbox 690 1813 769 1866; x_wconf 83' lang='lat' dir='ltr'><strong>ita</strong></span> <span class='ocrx_word' id='word_1_144' title='bbox 800 1812 1020 1880; x_wconf 89' lang='lat' dir='ltr'><strong>loquens</strong></span> <span class='ocrx_word' id='word_1_145' title='bbox 1047 1826 1060 1862; x_wconf 86' lang='lat'><strong>:</strong></span> <span class='ocrx_word' id='word_1_146' title='bbox 1095 1809 1161 1862; x_wconf 80' lang='lat' dir='ltr'><strong>Et</strong></span> <span class='ocrx_word' id='word_1_147' title='bbox 1182 1826 1273 1880; x_wconf 85' lang='lat' dir='ltr'><strong>ego</strong></span> <span class='ocrx_word' id='word_1_148' title='bbox 1303 1808 1482 1862; x_wconf 84' lang='lat' dir='ltr'><strong>Daniel</strong></span> <span class='ocrx_word' id='word_1_149' title='bbox 1508 1808 1752 1878; x_wconf 80' lang='lat' dir='ltr'><strong>faciebam</strong></span> <span class='ocrx_word' id='word_1_150' title='bbox 1778 1823 1930 1876; x_wconf 85' lang='lat' dir='ltr'><strong>opera</strong></span> <span class='ocrx_word' id='word_1_151' title='bbox 1959 1806 2142 1876; x_wconf 87' lang='lat' dir='ltr'><strong>Regis,</strong></span> 
     </span>
    </p>
   </div>
   <div class='ocr_carea' id='block_1_18' title="bbox 565 1896 2141 1970">
    <p class='ocr_par' dir='ltr' id='par_1_18' title="bbox 565 1896 2141 1970">
     <span class='ocr_line' id='line_1_18' title="bbox 565 1896 2141 1970; baseline -0.001 -16"><span class='ocrx_word' id='word_1_152' title='bbox 565 1915 608 1954; x_wconf 70' lang='lat' dir='ltr'><strong>et</strong></span> <span class='ocrx_word' id='word_1_153' title='bbox 644 1901 934 1955; x_wconf 82' lang='lat' dir='ltr'><strong>admirabar</strong></span> <span class='ocrx_word' id='word_1_154' title='bbox 959 1902 1197 1955; x_wconf 78' lang='lat' dir='ltr'><strong>visionem</strong></span> <span class='ocrx_word' id='word_1_155' title='bbox 1222 1941 1237 1965; x_wconf 96' lang='lat'><strong>,</strong></span> <span class='ocrx_word' id='word_1_156' title='bbox 1269 1917 1358 1953; x_wconf 88' lang='lat' dir='ltr'><strong>nec</strong></span> <span class='ocrx_word' id='word_1_157' title='bbox 1395 1910 1499 1953; x_wconf 88' lang='lat' dir='ltr'><strong>erat</strong></span> <span class='ocrx_word' id='word_1_158' title='bbox 1531 1900 1616 1970; x_wconf 86' lang='lat' dir='ltr'><strong>qui</strong></span> <span class='ocrx_word' id='word_1_159' title='bbox 1644 1899 1941 1967; x_wconf 79' lang='lat' dir='ltr'><strong>intelligeret</strong></span> <span class='ocrx_word' id='word_1_160' title='bbox 1971 1896 2141 1968; x_wconf 87' lang='lat' dir='ltr'><strong>(Dan.</strong></span> 
     </span>
    </p>
   </div>
   <div class='ocr_carea' id='block_1_19' title="bbox 564 1991 2146 2064">
    <p class='ocr_par' dir='ltr' id='par_1_19' title="bbox 564 1991 2146 2064">
     <span class='ocr_line' id='line_1_19' title="bbox 564 1991 2146 2064; baseline -0.004 -15"><span class='ocrx_word' id='word_1_161' title='bbox 564 1998 616 2049; x_wconf 80' lang='grc'><strong>8.</strong></span> <span class='ocrx_word' id='word_1_162' title='bbox 643 1994 748 2064; x_wconf 71' lang='lat'><strong>27)</strong></span> <span class='ocrx_word' id='word_1_163' title='bbox 781 2011 794 2048; x_wconf 92' lang='lat'><strong>:</strong></span> <span class='ocrx_word' id='word_1_164' title='bbox 826 2005 871 2048; x_wconf 88' lang='lat' dir='ltr'><strong>et</strong></span> <span class='ocrx_word' id='word_1_165' title='bbox 895 1993 1118 2048; x_wconf 69' lang='lat' dir='ltr'><strong>intellexi</strong></span> <span class='ocrx_word' id='word_1_166' title='bbox 1143 1994 1195 2046; x_wconf 89' lang='lat' dir='ltr'><strong>in</strong></span> <span class='ocrx_word' id='word_1_167' title='bbox 1225 1993 1363 2046; x_wconf 80' lang='lat' dir='ltr'><strong>libris</strong></span> <span class='ocrx_word' id='word_1_168' title='bbox 1387 2009 1647 2046; x_wconf 82' lang='lat' dir='ltr'><strong>numerum</strong></span> <span class='ocrx_word' id='word_1_169' title='bbox 1674 2007 1944 2054; x_wconf 87' lang='lat' dir='ltr'><strong>annorum,</strong></span> <span class='ocrx_word' id='word_1_170' title='bbox 1968 2001 2022 2044; x_wconf 89' lang='lat' dir='ltr'><strong>ut</strong></span> <span class='ocrx_word' id='word_1_171' title='bbox 2050 1991 2146 2059; x_wconf 78' lang='lat' dir='ltr'><strong>fuit</strong></span> 
     </span>
    </p>
   </div>
   <div class='ocr_carea' id='block_1_20' title="bbox 565 2082 2145 2153">
    <p class='ocr_par' dir='ltr' id='par_1_20' title="bbox 565 2082 2145 2153">
     <span class='ocr_line' id='line_1_20' title="bbox 565 2082 2145 2153; baseline -0.003 -15"><span class='ocrx_word' id='word_1_172' title='bbox 565 2101 728 2138; x_wconf 86' lang='lat' dir='ltr'><strong>sermo</strong></span> <span class='ocrx_word' id='word_1_173' title='bbox 744 2083 954 2137; x_wconf 83' lang='lat' dir='ltr'><strong>Domini</strong></span> <span class='ocrx_word' id='word_1_174' title='bbox 980 2082 1048 2136; x_wconf 83' lang='lat' dir='ltr'><strong>ad</strong></span> <span class='ocrx_word' id='word_1_175' title='bbox 1071 2083 1345 2138; x_wconf 77' lang='lat' dir='ltr'><strong>.lrremiam</strong></span> <span class='ocrx_word' id='word_1_176' title='bbox 1368 2083 1663 2153; x_wconf 77' lang='lat' dir='ltr'><strong>praphetam</strong></span> <span class='ocrx_word' id='word_1_177' title='bbox 1679 2125 1692 2146; x_wconf 91' lang='lat'><strong>,</strong></span> <span class='ocrx_word' id='word_1_178' title='bbox 1723 2083 1791 2136; x_wconf 89' lang='lat' dir='ltr'><strong>ad</strong></span> <span class='ocrx_word' id='word_1_179' title='bbox 1815 2083 2145 2153; x_wconf 73' lang='lat' dir='ltr'><strong>expletionem</strong></span> 
     </span>
    </p>
   </div>
   <div class='ocr_carea' id='block_1_21' title="bbox 564 2173 2144 2245">
    <p class='ocr_par' dir='ltr' id='par_1_21' title="bbox 564 2173 2144 2245">
     <span class='ocr_line' id='line_1_21' title="bbox 564 2173 2144 2245; baseline -0.001 -17"><span class='ocrx_word' id='word_1_180' title='bbox 564 2175 889 2230; x_wconf 79' lang='lat' dir='ltr'><strong>desolationis</strong></span> <span class='ocrx_word' id='word_1_181' title='bbox 923 2174 1253 2245; x_wconf 79' lang='lat' dir='ltr'><strong>.lerosolymte</strong></span> <span class='ocrx_word' id='word_1_182' title='bbox 1287 2175 1408 2228; x_wconf 87' lang='lat' dir='ltr'><strong>anni</strong></span> <span class='ocrx_word' id='word_1_183' title='bbox 1443 2174 1759 2245; x_wconf 79' lang='lat' dir='ltr'><strong>septuaginta</strong></span> <span class='ocrx_word' id='word_1_184' title='bbox 1786 2189 1807 2227; x_wconf 89' lang='lat'><strong><em>:</em></strong></span> <span class='ocrx_word' id='word_1_185' title='bbox 1831 2183 1878 2228; x_wconf 88' lang='lat' dir='ltr'><strong>et</strong></span> <span class='ocrx_word' id='word_1_186' title='bbox 1912 2173 2030 2228; x_wconf 83' lang='lat' dir='ltr'><strong>dedi</strong></span> <span class='ocrx_word' id='word_1_187' title='bbox 2067 2178 2144 2245; x_wconf 82' lang='lat' dir='ltr'><strong>[a-</strong></span> 
     </span>
    </p>
   </div>
   <div class='ocr_carea' id='block_1_22' title="bbox 563 2266 2146 2336">
    <p class='ocr_par' dir='ltr' id='par_1_22' title="bbox 563 2266 2146 2336">
     <span class='ocr_line' id='line_1_22' title="bbox 563 2266 2146 2336; baseline -0.002 -15"><span class='ocrx_word' id='word_1_188' title='bbox 563 2269 688 2321; x_wconf 77' lang='lat' dir='ltr'><strong>ciem</strong></span> <span class='ocrx_word' id='word_1_189' title='bbox 707 2267 774 2320; x_wconf 87' lang='lat' dir='ltr'><strong>ad</strong></span> <span class='ocrx_word' id='word_1_190' title='bbox 799 2266 1071 2320; x_wconf 89' lang='lat' dir='ltr'><strong>Dontinum</strong></span> <span class='ocrx_word' id='word_1_191' title='bbox 1092 2266 1254 2319; x_wconf 89' lang='lat' dir='ltr'><strong>Deum</strong></span> <span class='ocrx_word' id='word_1_192' title='bbox 1282 2282 1468 2330; x_wconf 89' lang='lat' dir='ltr'><strong>meum,</strong></span> <span class='ocrx_word' id='word_1_193' title='bbox 1496 2275 1548 2318; x_wconf 87' lang='lat' dir='ltr'><strong>ut</strong></span> <span class='ocrx_word' id='word_1_194' title='bbox 1570 2266 1878 2335; x_wconf 69' lang='lat' dir='ltr'><strong>exquirerem</strong></span> <span class='ocrx_word' id='word_1_195' title='bbox 1900 2266 2146 2336; x_wconf 58' lang='lat' dir='ltr'><strong>precrtio-</strong></span> 
     </span>
    </p>
   </div>
   <div class='ocr_carea' id='block_1_23' title="bbox 564 2353 2140 2427">
    <p class='ocr_par' dir='ltr' id='par_1_23' title="bbox 564 2353 2140 2427">
     <span class='ocr_line' id='line_1_23' title="bbox 564 2353 2140 2427; baseline -0.003 -17"><span class='ocrx_word' id='word_1_196' title='bbox 564 2375 674 2411; x_wconf 80' lang='lat' dir='ltr'><strong>nem</strong></span> <span class='ocrx_word' id='word_1_197' title='bbox 702 2367 744 2412; x_wconf 92' lang='lat' dir='ltr'><strong>et</strong></span> <span class='ocrx_word' id='word_1_198' title='bbox 773 2356 1160 2412; x_wconf 83' lang='lat' dir='ltr'><strong>obsecrationem</strong></span> <span class='ocrx_word' id='word_1_199' title='bbox 1183 2357 1233 2409; x_wconf 89' lang='lat' dir='ltr'><strong>in</strong></span> <span class='ocrx_word' id='word_1_200' title='bbox 1249 2357 1451 2425; x_wconf 78' lang='lat' dir='ltr'><strong>jejunio</strong></span> <span class='ocrx_word' id='word_1_201' title='bbox 1471 2397 1487 2422; x_wconf 91' lang='lat'><strong>,</strong></span> <span class='ocrx_word' id='word_1_202' title='bbox 1508 2371 1651 2409; x_wconf 90' lang='lat' dir='ltr'><strong>sacco</strong></span> <span class='ocrx_word' id='word_1_203' title='bbox 1671 2397 1685 2420; x_wconf 92' lang='lat'><strong>,</strong></span> <span class='ocrx_word' id='word_1_204' title='bbox 1716 2366 1759 2408; x_wconf 89' lang='lat' dir='ltr'><strong>et</strong></span> <span class='ocrx_word' id='word_1_205' title='bbox 1785 2356 1950 2409; x_wconf 88' lang='lat' dir='ltr'><strong>cinere</strong></span> <span class='ocrx_word' id='word_1_206' title='bbox 1970 2354 1989 2427; x_wconf 90' lang='lat'><strong>(</strong></span> <span class='ocrx_word' id='word_1_207' title='bbox 2010 2353 2140 2408; x_wconf 87' lang='lat' dir='ltr'><strong>Ibid.</strong></span> 
     </span>
    </p>
   </div>
   <div class='ocr_carea' id='block_1_24' title="bbox 564 2447 2142 2520">
    <p class='ocr_par' dir='ltr' id='par_1_24' title="bbox 564 2447 2142 2520">
     <span class='ocr_line' id='line_1_24' title="bbox 564 2447 2142 2520; baseline -0.003 -15"><span class='ocrx_word' id='word_1_208' title='bbox 564 2452 615 2505; x_wconf 82' lang='lat'><strong>9.</strong></span> <span class='ocrx_word' id='word_1_209' title='bbox 641 2451 696 2505; x_wconf 68' lang='grc'><strong>2.</strong></span> <span class='ocrx_word' id='word_1_210' title='bbox 721 2453 755 2506; x_wconf 82' lang='grc'><strong>5</strong></span> <span class='ocrx_word' id='word_1_211' title='bbox 779 2451 821 2518; x_wconf 94' lang='grc'><strong>).</strong></span> <span class='ocrx_word' id='word_1_212' title='bbox 852 2452 1056 2506; x_wconf 84' lang='lat' dir='ltr'><strong>Audisti</strong></span> <span class='ocrx_word' id='word_1_213' title='bbox 1083 2449 1526 2520; x_wconf 83' lang='lat' dir='ltr'><strong>quemadmodum</strong></span> <span class='ocrx_word' id='word_1_214' title='bbox 1550 2449 1663 2504; x_wconf 69' lang='lat' dir='ltr'><strong>lucc</strong></span> <span class='ocrx_word' id='word_1_215' title='bbox 1685 2463 1897 2519; x_wconf 88' lang='lat' dir='ltr'><strong>quoque</strong></span> <span class='ocrx_word' id='word_1_216' title='bbox 1920 2447 2142 2518; x_wconf 86' lang='lat' dir='ltr'><strong>captivi-</strong></span> 
     </span>
    </p>
   </div>
   <div class='ocr_carea' id='block_1_25' title="bbox 565 2539 2142 2614">
    <p class='ocr_par' dir='ltr' id='par_1_25' title="bbox 565 2539 2142 2614">
     <span class='ocr_line' id='line_1_25' title="bbox 565 2539 2142 2614; baseline -0.001 -20"><span class='ocrx_word' id='word_1_217' title='bbox 565 2554 642 2596; x_wconf 72' lang='lat' dir='ltr'><strong>tas</strong></span> <span class='ocrx_word' id='word_1_218' title='bbox 663 2543 912 2614; x_wconf 64' lang='lat' dir='ltr'><strong>pradicta</strong></span> <span class='ocrx_word' id='word_1_219' title='bbox 939 2542 1112 2610; x_wconf 81' lang='lat' dir='ltr'><strong>fuerit,</strong></span> <span class='ocrx_word' id='word_1_220' title='bbox 1135 2541 1456 2611; x_wconf 82' lang='lat' dir='ltr'><strong>etpmpheta</strong></span> <span class='ocrx_word' id='word_1_221' title='bbox 1476 2555 1580 2594; x_wconf 91' lang='lat' dir='ltr'><strong>non</strong></span> <span class='ocrx_word' id='word_1_222' title='bbox 1603 2554 1764 2594; x_wconf 87' lang='lat' dir='ltr'><strong>ausus</strong></span> <span class='ocrx_word' id='word_1_223' title='bbox 1781 2539 1937 2593; x_wconf 83' lang='lat' dir='ltr'><strong>fuerit</strong></span> <span class='ocrx_word' id='word_1_224' title='bbox 1959 2552 2142 2607; x_wconf 91' lang='lat' dir='ltr'><strong>preces</strong></span> 
     </span>
    </p>
   </div>
   <div class='ocr_carea' id='block_1_26' title="bbox 561 2631 2143 2702">
    <p class='ocr_par' dir='ltr' id='par_1_26' title="bbox 561 2631 2143 2702">
     <span class='ocr_line' id='line_1_26' title="bbox 561 2631 2143 2702; baseline -0.003 -16"><span class='ocrx_word' id='word_1_225' title='bbox 561 2643 616 2686; x_wconf 83' lang='lat' dir='ltr'><strong>et</strong></span> <span class='ocrx_word' id='word_1_226' title='bbox 657 2633 1094 2702; x_wconf 73' lang='lat' dir='ltr'><strong>supplicationem</strong></span> <span class='ocrx_word' id='word_1_227' title='bbox 1137 2632 1424 2685; x_wconf 79' lang='lat' dir='ltr'><strong>admovere</strong></span> <span class='ocrx_word' id='word_1_228' title='bbox 1458 2631 1567 2684; x_wconf 90' lang='lat' dir='ltr'><strong>Deo</strong></span> <span class='ocrx_word' id='word_1_229' title='bbox 1605 2638 1729 2685; x_wconf 86' lang='lat' dir='ltr'><strong>ante</strong></span> <span class='ocrx_word' id='word_1_230' title='bbox 1771 2638 1981 2697; x_wconf 89' lang='lat' dir='ltr'><strong>tempus</strong></span> <span class='ocrx_word' id='word_1_231' title='bbox 2005 2643 2143 2696; x_wconf 67' lang='lat' dir='ltr'><strong>prae-</strong></span> 
     </span>
    </p>
   </div>
   <div class='ocr_carea' id='block_1_27' title="bbox 563 2717 2144 2792">
    <p class='ocr_par' dir='ltr' id='par_1_27' title="bbox 563 2717 2144 2792">
     <span class='ocr_line' id='line_1_27' title="bbox 563 2717 2144 2792; baseline -0.003 -15"><span class='ocrx_word' id='word_1_232' title='bbox 563 2723 786 2788; x_wconf 84' lang='lat' dir='ltr'><strong>tiuitum,</strong></span> <span class='ocrx_word' id='word_1_233' title='bbox 814 2739 882 2778; x_wconf 88' lang='lat' dir='ltr'><strong>ne</strong></span> <span class='ocrx_word' id='word_1_234' title='bbox 906 2722 1096 2780; x_wconf 80' lang='lat' dir='ltr'><strong>frustra</strong></span> <span class='ocrx_word' id='word_1_235' title='bbox 1120 2732 1426 2792; x_wconf 87' lang='lat' dir='ltr'><strong>temereque</strong></span> <span class='ocrx_word' id='word_1_236' title='bbox 1449 2720 1730 2786; x_wconf 81' lang='lat' dir='ltr'><strong>accedens,</strong></span> <span class='ocrx_word' id='word_1_237' title='bbox 1753 2719 1980 2785; x_wconf 80' lang='lat' dir='ltr'><strong>audiret,</strong></span> <span class='ocrx_word' id='word_1_238' title='bbox 2004 2717 2144 2787; x_wconf 74' lang='lat' dir='ltr'><strong>quod</strong></span> 
     </span>
    </p>
   </div>
   <div class='ocr_carea' id='block_1_28' title="bbox 563 2813 2146 2885">
    <p class='ocr_par' dir='ltr' id='par_1_28' title="bbox 563 2813 2146 2885">
     <span class='ocr_line' id='line_1_28' title="bbox 563 2813 2146 2885; baseline -0.003 -17"><span class='ocrx_word' id='word_1_239' title='bbox 563 2815 765 2869; x_wconf 78' lang='lat' dir='ltr'><strong>audivit</strong></span> <span class='ocrx_word' id='word_1_240' title='bbox 791 2815 1055 2870; x_wconf 84' lang='lat' dir='ltr'><strong>Jeremias</strong></span> <span class='ocrx_word' id='word_1_241' title='bbox 1086 2832 1098 2868; x_wconf 91' lang='lat'><strong>:</strong></span> <span class='ocrx_word' id='word_1_242' title='bbox 1131 2813 1214 2869; x_wconf 87' lang='lat' dir='ltr'><strong>Ne</strong></span> <span class='ocrx_word' id='word_1_243' title='bbox 1242 2815 1492 2885; x_wconf 85' lang='lat' dir='ltr'><strong>rogaveris</strong></span> <span class='ocrx_word' id='word_1_244' title='bbox 1513 2829 1606 2883; x_wconf 86' lang='lat' dir='ltr'><strong>pro</strong></span> <span class='ocrx_word' id='word_1_245' title='bbox 1631 2813 1819 2883; x_wconf 91' lang='lat' dir='ltr'><strong>populo</strong></span> <span class='ocrx_word' id='word_1_246' title='bbox 1845 2813 1960 2876; x_wconf 84' lang='lat' dir='ltr'><strong>hoc,</strong></span> <span class='ocrx_word' id='word_1_247' title='bbox 1985 2827 2146 2882; x_wconf 86' lang='lat' dir='ltr'><strong>neque</strong></span> 
     </span>
    </p>
   </div>
   <div class='ocr_carea' id='block_1_29' title="bbox 563 2901 2145 2976">
    <p class='ocr_par' dir='ltr' id='par_1_29' title="bbox 563 2901 2145 2976">
     <span class='ocr_line' id='line_1_29' title="bbox 563 2901 2145 2976; baseline -0.003 -16"><span class='ocrx_word' id='word_1_248' title='bbox 563 2906 828 2976; x_wconf 63' lang='lat' dir='ltr'><strong>pistularis</strong></span> <span class='ocrx_word' id='word_1_249' title='bbox 857 2921 948 2974; x_wconf 90' lang='lat' dir='ltr'><strong>pro</strong></span> <span class='ocrx_word' id='word_1_250' title='bbox 974 2905 1076 2959; x_wconf 81' lang='lat' dir='ltr'><strong>illis</strong></span> <span class='ocrx_word' id='word_1_251' title='bbox 1107 2920 1128 2959; x_wconf 92' lang='lat'><strong><em>:</em></strong></span> <span class='ocrx_word' id='word_1_252' title='bbox 1152 2905 1388 2974; x_wconf 84' lang='lat' dir='ltr'><strong>quoniam</strong></span> <span class='ocrx_word' id='word_1_253' title='bbox 1417 2920 1516 2957; x_wconf 86' lang='lat' dir='ltr'><strong>non</strong></span> <span class='ocrx_word' id='word_1_254' title='bbox 1547 2903 1814 2957; x_wconf 71' lang='lat' dir='ltr'><strong>exaudiam</strong></span> <span class='ocrx_word' id='word_1_255' title='bbox 1843 2911 1889 2956; x_wconf 88' lang='lat' dir='ltr'><strong>te</strong></span> <span class='ocrx_word' id='word_1_256' title='bbox 1914 2901 2145 2970; x_wconf 81' lang='lat' dir='ltr'><strong>(Ierem.</strong></span> 
     </span>
    </p>
   </div>
   <div class='ocr_carea' id='block_1_30' title="bbox 565 2995 2142 3067">
    <p class='ocr_par' dir='ltr' id='par_1_30' title="bbox 565 2995 2142 3067">
     <span class='ocr_line' id='line_1_30' title="bbox 565 2995 2142 3067; baseline -0.005 -14"><span class='ocrx_word' id='word_1_257' title='bbox 565 3000 649 3053; x_wconf 75' lang='grc'><strong>11.</strong></span> <span class='ocrx_word' id='word_1_258' title='bbox 681 2999 765 3052; x_wconf 86' lang='grc'><strong>11.</strong></span> <span class='ocrx_word' id='word_1_259' title='bbox 795 2997 910 3067; x_wconf 75' lang='grc'><strong>12).</strong></span> <span class='ocrx_word' id='word_1_260' title='bbox 932 2996 1126 3052; x_wconf 84' lang='lat' dir='ltr'><strong>Verum</strong></span> <span class='ocrx_word' id='word_1_261' title='bbox 1155 2997 1242 3051; x_wconf 88' lang='lat' dir='ltr'><strong>ubi</strong></span> <span class='ocrx_word' id='word_1_262' title='bbox 1275 2996 1403 3050; x_wconf 71' lang='lat' dir='ltr'><strong>vidit</strong></span> <span class='ocrx_word' id='word_1_263' title='bbox 1424 2997 1728 3050; x_wconf 80' lang='lat' dir='ltr'><strong>vaticinium</strong></span> <span class='ocrx_word' id='word_1_264' title='bbox 1758 3011 1877 3050; x_wconf 67' lang='lat' dir='ltr'><strong>esse</strong></span> <span class='ocrx_word' id='word_1_265' title='bbox 1903 2995 2142 3064; x_wconf 81' lang='lat' dir='ltr'><strong>complo-</strong></span> 
     </span>
    </p>
   </div>
   <div class='ocr_carea' id='block_1_31' title="bbox 563 3085 2141 3158">
    <p class='ocr_par' dir='ltr' id='par_1_31' title="bbox 563 3085 2141 3158">
     <span class='ocr_line' id='line_1_31' title="bbox 563 3085 2141 3158; baseline -0.004 -16"><span class='ocrx_word' id='word_1_266' title='bbox 563 3101 669 3142; x_wconf 86' lang='lat' dir='ltr'><strong>tum</strong></span> <span class='ocrx_word' id='word_1_267' title='bbox 691 3131 708 3156; x_wconf 95' lang='lat'><strong>,</strong></span> <span class='ocrx_word' id='word_1_268' title='bbox 735 3089 1000 3158; x_wconf 82' lang='lat' dir='ltr'><strong>simulque</strong></span> <span class='ocrx_word' id='word_1_269' title='bbox 1031 3098 1236 3157; x_wconf 88' lang='lat' dir='ltr'><strong>tempus</strong></span> <span class='ocrx_word' id='word_1_270' title='bbox 1259 3102 1446 3141; x_wconf 86' lang='lat' dir='ltr'><strong>vocare</strong></span> <span class='ocrx_word' id='word_1_271' title='bbox 1472 3086 1537 3139; x_wconf 88' lang='lat' dir='ltr'><strong>ad</strong></span> <span class='ocrx_word' id='word_1_272' title='bbox 1571 3085 1817 3148; x_wconf 84' lang='lat' dir='ltr'><strong>reditum,</strong></span> <span class='ocrx_word' id='word_1_273' title='bbox 1852 3093 1975 3138; x_wconf 89' lang='lat' dir='ltr'><strong>tunc</strong></span> <span class='ocrx_word' id='word_1_274' title='bbox 2001 3092 2141 3148; x_wconf 83' lang='lat' dir='ltr'><strong>orat,</strong></span> 
     </span>
    </p>
   </div>
   <div class='ocr_carea' id='block_1_32' title="bbox 563 3175 2141 3249">
    <p class='ocr_par' dir='ltr' id='par_1_32' title="bbox 563 3175 2141 3249">
     <span class='ocr_line' id='line_1_32' title="bbox 563 3175 2141 3249; baseline -0.006 -16"><span class='ocrx_word' id='word_1_275' title='bbox 563 3195 662 3235; x_wconf 71' lang='lat' dir='ltr'><strong>nec</strong></span> <span class='ocrx_word' id='word_1_276' title='bbox 697 3180 1048 3249; x_wconf 85' lang='lat' dir='ltr'><strong>simpliciter,</strong></span> <span class='ocrx_word' id='word_1_277' title='bbox 1083 3179 1174 3232; x_wconf 88' lang='lat' dir='ltr'><strong>scd</strong></span> <span class='ocrx_word' id='word_1_278' title='bbox 1215 3177 1267 3232; x_wconf 89' lang='lat' dir='ltr'><strong>in</strong></span> <span class='ocrx_word' id='word_1_279' title='bbox 1299 3176 1537 3247; x_wconf 85' lang='lat' dir='ltr'><strong>jejunio,</strong></span> <span class='ocrx_word' id='word_1_280' title='bbox 1576 3188 1732 3230; x_wconf 86' lang='lat' dir='ltr'><strong>sacco</strong></span> <span class='ocrx_word' id='word_1_281' title='bbox 1759 3183 1815 3230; x_wconf 90' lang='lat' dir='ltr'><strong>et</strong></span> <span class='ocrx_word' id='word_1_282' title='bbox 1841 3175 2022 3230; x_wconf 87' lang='lat' dir='ltr'><strong>cinere</strong></span> <span class='ocrx_word' id='word_1_283' title='bbox 2049 3191 2062 3226; x_wconf 88' lang='lat'>:</span> <span class='ocrx_word' id='word_1_284' title='bbox 2092 3183 2141 3226; x_wconf 90' lang='lat' dir='ltr'><strong>et</strong></span> 
     </span>
    </p>
   </div>
   <div class='ocr_carea' id='block_1_33' title="bbox 559 3265 2142 3341">
    <p class='ocr_par' dir='ltr' id='par_1_33' title="bbox 559 3265 2142 3341">
     <span class='ocr_line' id='line_1_33' title="bbox 559 3265 2142 3341; baseline -0.006 -16"><span class='ocrx_word' id='word_1_285' title='bbox 559 3270 700 3341; x_wconf 78' lang='lat' dir='ltr'><strong>quod</strong></span> <span class='ocrx_word' id='word_1_286' title='bbox 738 3271 789 3324; x_wconf 92' lang='lat' dir='ltr'><strong>in</strong></span> <span class='ocrx_word' id='word_1_287' title='bbox 814 3271 1085 3324; x_wconf 81' lang='lat' dir='ltr'><strong>hominum</strong></span> <span class='ocrx_word' id='word_1_288' title='bbox 1109 3269 1347 3324; x_wconf 85' lang='lat' dir='ltr'><strong>moribus</strong></span> <span class='ocrx_word' id='word_1_289' title='bbox 1372 3268 1590 3322; x_wconf 77' lang='lat' dir='ltr'><strong>evenire</strong></span> <span class='ocrx_word' id='word_1_290' title='bbox 1615 3267 1771 3330; x_wconf 85' lang='lat' dir='ltr'><strong>solet,</strong></span> <span class='ocrx_word' id='word_1_291' title='bbox 1794 3265 1846 3320; x_wconf 88' lang='lat' dir='ltr'><strong>id</strong></span> <span class='ocrx_word' id='word_1_292' title='bbox 1875 3265 2002 3320; x_wconf 88' lang='lat' dir='ltr'><strong>lecit</strong></span> <span class='ocrx_word' id='word_1_293' title='bbox 2021 3280 2142 3334; x_wconf 82' lang='lat' dir='ltr'><strong>erga</strong></span> 
     </span>
    </p>
   </div>
   <div class='ocr_carea' id='block_1_34' title="bbox 563 3354 2145 3426">
    <p class='ocr_par' dir='ltr' id='par_1_34' title="bbox 563 3354 2145 3426">
     <span class='ocr_line' id='line_1_34' title="bbox 563 3354 2145 3426; baseline -0.004 -11"><span class='ocrx_word' id='word_1_294' title='bbox 563 3362 750 3415; x_wconf 84' lang='lat' dir='ltr'><strong>Deum.</strong></span> <span class='ocrx_word' id='word_1_295' title='bbox 784 3359 890 3413; x_wconf 87' lang='lat' dir='ltr'><strong>Nos</strong></span> <span class='ocrx_word' id='word_1_296' title='bbox 914 3360 1056 3414; x_wconf 89' lang='lat' dir='ltr'><strong>enim</strong></span> <span class='ocrx_word' id='word_1_297' title='bbox 1092 3373 1212 3412; x_wconf 91' lang='lat' dir='ltr'><strong>cum</strong></span> <span class='ocrx_word' id='word_1_298' title='bbox 1234 3357 1475 3412; x_wconf 86' lang='lat' dir='ltr'><strong>videmus</strong></span> <span class='ocrx_word' id='word_1_299' title='bbox 1507 3357 1750 3426; x_wconf 87' lang='lat' dir='ltr'><strong>aliquos,</strong></span> <span class='ocrx_word' id='word_1_300' title='bbox 1795 3357 1885 3426; x_wconf 87' lang='lat' dir='ltr'><strong>qui</strong></span> <span class='ocrx_word' id='word_1_301' title='bbox 1920 3354 2145 3410; x_wconf 75' lang='lat' dir='ltr'><strong>famulos</strong></span> 
     </span>
    </p>
   </div>
   <div class='ocr_carea' id='block_1_35' title="bbox 562 3446 2113 3520">
    <p class='ocr_par' dir='ltr' id='par_1_35' title="bbox 562 3446 2113 3520">
     <span class='ocr_line' id='line_1_35' title="bbox 562 3446 2113 3520; baseline -0.004 -15"><span class='ocrx_word' id='word_1_302' title='bbox 562 3459 680 3520; x_wconf 78' lang='lat' dir='ltr'><strong>post</strong></span> <span class='ocrx_word' id='word_1_303' title='bbox 711 3450 870 3503; x_wconf 89' lang='lat' dir='ltr'><strong>multa</strong></span> <span class='ocrx_word' id='word_1_304' title='bbox 910 3449 1194 3518; x_wconf 74' lang='lat' dir='ltr'><strong>graviaque</strong></span> <span class='ocrx_word' id='word_1_305' title='bbox 1232 3447 1514 3501; x_wconf 69' lang='lat' dir='ltr'><strong>conuuissa</strong></span> <span class='ocrx_word' id='word_1_306' title='bbox 1557 3447 1899 3515; x_wconf 89' lang='lat' dir='ltr'><strong>conjeccrunt</strong></span> <span class='ocrx_word' id='word_1_307' title='bbox 1936 3446 1986 3500; x_wconf 92' lang='lat' dir='ltr'><strong>in</strong></span> <span class='ocrx_word' id='word_1_308' title='bbox 2026 3447 2113 3500; x_wconf 87' lang='lat' dir='ltr'><strong>vin</strong></span> 
     </span>
    </p>
   </div>
   <div class='ocr_carea' id='block_1_36' title="bbox 561 3538 2148 3608">
    <p class='ocr_par' dir='ltr' id='par_1_36' title="bbox 561 3538 2148 3608">
     <span class='ocr_line' id='line_1_36' title="bbox 561 3538 2148 3608; baseline 0.001 -18"><span class='ocrx_word' id='word_1_309' title='bbox 561 3540 701 3605; x_wconf 76' lang='lat' dir='ltr'><strong>cuia,</strong></span> <span class='ocrx_word' id='word_1_310' title='bbox 732 3555 834 3594; x_wconf 83' lang='lat' dir='ltr'><strong>non</strong></span> <span class='ocrx_word' id='word_1_311' title='bbox 867 3540 1107 3607; x_wconf 86' lang='lat' dir='ltr'><strong>protinus</strong></span> <span class='ocrx_word' id='word_1_312' title='bbox 1139 3539 1188 3592; x_wconf 90' lang='lat' dir='ltr'><strong>in</strong></span> <span class='ocrx_word' id='word_1_313' title='bbox 1219 3538 1483 3608; x_wconf 83' lang='lat' dir='ltr'><strong>principio</strong></span> <span class='ocrx_word' id='word_1_314' title='bbox 1505 3538 1832 3608; x_wconf 77' lang='lat' dir='ltr'><strong>exordioque</strong></span> <span class='ocrx_word' id='word_1_315' title='bbox 1857 3538 2148 3607; x_wconf 89' lang='lat' dir='ltr'><strong>punitionis</strong></span> 
     </span>
    </p>
   </div>
   <div class='ocr_carea' id='block_1_37' title="bbox 561 3623 2148 3698">
    <p class='ocr_par' dir='ltr' id='par_1_37' title="bbox 561 3623 2148 3698">
     <span class='ocr_line' id='line_1_37' title="bbox 561 3623 2148 3698; baseline 0 -14"><span class='ocrx_word' id='word_1_316' title='bbox 561 3623 907 3684; x_wconf 79' lang='lat' dir='ltr'><strong>admovemus</strong></span> <span class='ocrx_word' id='word_1_317' title='bbox 933 3629 1374 3698; x_wconf 83' lang='lat' dir='ltr'><strong>supplicationem</strong></span> <span class='ocrx_word' id='word_1_318' title='bbox 1407 3645 1420 3682; x_wconf 90' lang='lat'><strong>:</strong></span> <span class='ocrx_word' id='word_1_319' title='bbox 1454 3628 1547 3683; x_wconf 90' lang='lat' dir='ltr'><strong>sed</strong></span> <span class='ocrx_word' id='word_1_320' title='bbox 1575 3629 1664 3684; x_wconf 87' lang='lat' dir='ltr'><strong>ubi</strong></span> <span class='ocrx_word' id='word_1_321' title='bbox 1689 3630 2003 3684; x_wconf 85' lang='lat' dir='ltr'><strong>sciverimus</strong></span> <span class='ocrx_word' id='word_1_322' title='bbox 2026 3629 2148 3684; x_wconf 87' lang='lat' dir='ltr'><strong>illos</strong></span> 
     </span>
    </p>
   </div>
   <div class='ocr_carea' id='block_1_38' title="bbox 561 3717 2148 3791">
    <p class='ocr_par' dir='ltr' id='par_1_38' title="bbox 561 3717 2148 3791">
     <span class='ocr_line' id='line_1_38' title="bbox 561 3717 2148 3791; baseline 0 -17"><span class='ocrx_word' id='word_1_323' title='bbox 561 3721 762 3791; x_wconf 80' lang='lat' dir='ltr'><strong>aliquot</strong></span> <span class='ocrx_word' id='word_1_324' title='bbox 799 3719 918 3774; x_wconf 88' lang='lat' dir='ltr'><strong>dies</strong></span> <span class='ocrx_word' id='word_1_325' title='bbox 955 3719 1359 3788; x_wconf 72' lang='lat' dir='ltr'><strong>temperatiores</strong></span> <span class='ocrx_word' id='word_1_326' title='bbox 1387 3734 1505 3774; x_wconf 89' lang='lat' dir='ltr'><strong>esse</strong></span> <span class='ocrx_word' id='word_1_327' title='bbox 1545 3717 1744 3786; x_wconf 81' lang='lat' dir='ltr'><strong>factos,</strong></span> <span class='ocrx_word' id='word_1_328' title='bbox 1774 3727 1900 3774; x_wconf 92' lang='lat' dir='ltr'><strong>tunc</strong></span> <span class='ocrx_word' id='word_1_329' title='bbox 1935 3719 2148 3774; x_wconf 86' lang='lat' dir='ltr'><strong>adimus</strong></span> 
     </span>
    </p>
   </div>
   <div class='ocr_carea' id='block_1_39' title="bbox 565 3809 2145 3880">
    <p class='ocr_par' dir='ltr' id='par_1_39' title="bbox 565 3809 2145 3880">
     <span class='ocr_line' id='line_1_39' title="bbox 565 3809 2145 3880; baseline 0.001 -16"><span class='ocrx_word' id='word_1_330' title='bbox 565 3811 726 3866; x_wconf 86' lang='lat' dir='ltr'><strong>heros</strong></span> <span class='ocrx_word' id='word_1_331' title='bbox 749 3853 764 3877; x_wconf 94' lang='lat'><strong>,</strong></span> <span class='ocrx_word' id='word_1_332' title='bbox 807 3809 944 3864; x_wconf 90' lang='lat' dir='ltr'><strong>nacti</strong></span> <span class='ocrx_word' id='word_1_333' title='bbox 980 3809 1088 3878; x_wconf 85' lang='lat' dir='ltr'><strong>jam</strong></span> <span class='ocrx_word' id='word_1_334' title='bbox 1128 3819 1180 3864; x_wconf 91' lang='lat' dir='ltr'><strong>et</strong></span> <span class='ocrx_word' id='word_1_335' title='bbox 1217 3810 1282 3864; x_wconf 90' lang='lat' dir='ltr'><strong>ab</strong></span> <span class='ocrx_word' id='word_1_336' title='bbox 1314 3811 1428 3880; x_wconf 84' lang='lat' dir='ltr'><strong>ipso</strong></span> <span class='ocrx_word' id='word_1_337' title='bbox 1459 3820 1696 3880; x_wconf 85' lang='lat' dir='ltr'><strong>tempore</strong></span> <span class='ocrx_word' id='word_1_338' title='bbox 1733 3809 2006 3865; x_wconf 76' lang='lat' dir='ltr'><strong>amilinm.</strong></span> <span class='ocrx_word' id='word_1_339' title='bbox 2036 3810 2145 3865; x_wconf 88' lang='lat' dir='ltr'><strong>lloc</strong></span> 
     </span>
    </p>
   </div>
   <div class='ocr_carea' id='block_1_40' title="bbox 563 3899 2144 3971">
    <p class='ocr_par' dir='ltr' id='par_1_40' title="bbox 563 3899 2144 3971">
     <span class='ocr_line' id='line_1_40' title="bbox 563 3899 2144 3971; baseline 0.002 -17"><span class='ocrx_word' id='word_1_340' title='bbox 563 3917 692 3956; x_wconf 83' lang='lat' dir='ltr'><strong>sane</strong></span> <span class='ocrx_word' id='word_1_341' title='bbox 726 3909 782 3956; x_wconf 84' lang='lat' dir='ltr'><strong>et</strong></span> <span class='ocrx_word' id='word_1_342' title='bbox 822 3899 1077 3969; x_wconf 78' lang='lat' dir='ltr'><strong>propheta</strong></span> <span class='ocrx_word' id='word_1_343' title='bbox 1112 3899 1251 3955; x_wconf 75' lang='lat' dir='ltr'><strong>fecit.</strong></span> <span class='ocrx_word' id='word_1_344' title='bbox 1289 3902 1573 3970; x_wconf 69' lang='lat' dir='ltr'><strong>Postquam</strong></span> <span class='ocrx_word' id='word_1_345' title='bbox 1601 3903 1743 3956; x_wconf 90' lang='lat' dir='ltr'><strong>enim</strong></span> <span class='ocrx_word' id='word_1_346' title='bbox 1774 3919 1955 3971; x_wconf 60' lang='lat' dir='ltr'><strong>[muas</strong></span> <span class='ocrx_word' id='word_1_347' title='bbox 1980 3903 2144 3957; x_wconf 82' lang='lat' dir='ltr'><strong>dede-</strong></span> 
     </span>
    </p>
   </div>
   <div class='ocr_carea' id='block_1_41' title="bbox 563 3992 2141 4062">
    <p class='ocr_par' dir='ltr' id='par_1_41' title="bbox 563 3992 2141 4062">
     <span class='ocr_line' id='line_1_41' title="bbox 563 3992 2141 4062; baseline 0.002 -14"><span class='ocrx_word' id='word_1_348' title='bbox 563 4003 683 4048; x_wconf 80' lang='lat' dir='ltr'><strong>rant</strong></span> <span class='ocrx_word' id='word_1_349' title='bbox 703 4035 716 4058; x_wconf 91' lang='lat'><strong>,</strong></span> <span class='ocrx_word' id='word_1_350' title='bbox 747 3992 1152 4062; x_wconf 71' lang='lat' dir='ltr'><strong>haudquaquam</strong></span> <span class='ocrx_word' id='word_1_351' title='bbox 1180 3993 1368 4061; x_wconf 80' lang='lat' dir='ltr'><strong>dignas</strong></span> <span class='ocrx_word' id='word_1_352' title='bbox 1399 3994 1646 4047; x_wconf 74' lang='lat' dir='ltr'><strong>admissis</strong></span> <span class='ocrx_word' id='word_1_353' title='bbox 1671 4035 1686 4058; x_wconf 94' lang='lat'><strong>,</strong></span> <span class='ocrx_word' id='word_1_354' title='bbox 1714 4006 1947 4049; x_wconf 85' lang='lat' dir='ltr'><strong>attamen</strong></span> <span class='ocrx_word' id='word_1_355' title='bbox 1981 3995 2141 4051; x_wconf 77' lang='lat' dir='ltr'><strong>dede-</strong></span> 
     </span>
    </p>
   </div>
   <div class='ocr_carea' id='block_1_42' title="bbox 565 4084 2146 4155">
    <p class='ocr_par' dir='ltr' id='par_1_42' title="bbox 565 4084 2146 4155">
     <span class='ocr_line' id='line_1_42' title="bbox 565 4084 2146 4155; baseline -0.001 -14"><span class='ocrx_word' id='word_1_356' title='bbox 565 4095 717 4148; x_wconf 81' lang='lat' dir='ltr'><strong>rant;</strong></span> <span class='ocrx_word' id='word_1_357' title='bbox 749 4085 852 4155; x_wconf 74' lang='lat' dir='ltr'><strong>iam</strong></span> <span class='ocrx_word' id='word_1_358' title='bbox 879 4084 988 4138; x_wconf 86' lang='lat' dir='ltr'><strong>adit</strong></span> <span class='ocrx_word' id='word_1_359' title='bbox 1018 4085 1202 4148; x_wconf 75' lang='lat' dir='ltr'><strong>Deum,</strong></span> <span class='ocrx_word' id='word_1_360' title='bbox 1223 4099 1320 4155; x_wconf 89' lang='lat' dir='ltr'><strong>pro</strong></span> <span class='ocrx_word' id='word_1_361' title='bbox 1349 4085 1623 4139; x_wconf 85' lang='lat' dir='ltr'><strong>illisvcrba</strong></span> <span class='ocrx_word' id='word_1_362' title='bbox 1654 4085 1907 4140; x_wconf 73' lang='lat' dir='ltr'><strong>facturus.</strong></span> <span class='ocrx_word' id='word_1_363' title='bbox 1935 4085 2084 4150; x_wconf 83' lang='lat' dir='ltr'><strong>Quod</strong></span> <span class='ocrx_word' id='word_1_364' title='bbox 2102 4085 2146 4140; x_wconf 86' lang='lat' dir='ltr'><strong>si</strong></span> 
     </span>
    </p>
   </div>
   <div class='ocr_carea' id='block_1_43' title="bbox 564 4173 2146 4246">
    <p class='ocr_par' dir='ltr' id='par_1_43' title="bbox 564 4173 2146 4246">
     <span class='ocr_line' id='line_1_43' title="bbox 564 4173 2146 4246; baseline -0.001 -16"><span class='ocrx_word' id='word_1_365' title='bbox 564 4177 793 4243; x_wconf 85' lang='lat' dir='ltr'><strong>videtur,</strong></span> <span class='ocrx_word' id='word_1_366' title='bbox 827 4176 992 4246; x_wconf 86' lang='lat' dir='ltr'><strong>ipsam</strong></span> <span class='ocrx_word' id='word_1_367' title='bbox 1035 4176 1194 4230; x_wconf 87' lang='lat' dir='ltr'><strong>etiam</strong></span> <span class='ocrx_word' id='word_1_368' title='bbox 1235 4173 1662 4245; x_wconf 72' lang='lat' dir='ltr'><strong>deprecationem</strong></span> <span class='ocrx_word' id='word_1_369' title='bbox 1691 4175 1984 4229; x_wconf 73' lang='lat' dir='ltr'><strong>audiamus.</strong></span> <span class='ocrx_word' id='word_1_370' title='bbox 2015 4174 2146 4230; x_wconf 82' lang='lat' dir='ltr'><strong>Con-</strong></span> 
     </span>
    </p>
   </div>
   <div class='ocr_carea' id='block_1_44' title="bbox 564 4267 2147 4339">
    <p class='ocr_par' dir='ltr' id='par_1_44' title="bbox 564 4267 2147 4339">
     <span class='ocr_line' id='line_1_44' title="bbox 564 4267 2147 4339; baseline -0.002 -15"><span class='ocrx_word' id='word_1_371' title='bbox 564 4271 726 4339; x_wconf 73' lang='lat' dir='ltr'><strong>Iessus</strong></span> <span class='ocrx_word' id='word_1_372' title='bbox 761 4285 872 4322; x_wconf 89' lang='lat' dir='ltr'><strong>sum</strong></span> <span class='ocrx_word' id='word_1_373' title='bbox 905 4273 1068 4330; x_wconf 80' lang='lat' dir='ltr'><strong>enim,</strong></span> <span class='ocrx_word' id='word_1_374' title='bbox 1101 4268 1286 4336; x_wconf 85' lang='lat' dir='ltr'><strong>inquit.</strong></span> <span class='ocrx_word' id='word_1_375' title='bbox 1317 4279 1362 4321; x_wconf 87' lang='lat' dir='ltr'><strong>el</strong></span> <span class='ocrx_word' id='word_1_376' title='bbox 1396 4268 1524 4328; x_wconf 73' lang='lat' dir='ltr'><strong>dixi,</strong></span> <span class='ocrx_word' id='word_1_377' title='bbox 1567 4267 1780 4322; x_wconf 85' lang='lat' dir='ltr'><strong>Domine</strong></span> <span class='ocrx_word' id='word_1_378' title='bbox 1804 4267 1939 4321; x_wconf 86' lang='lat' dir='ltr'><strong>Deus</strong></span> <span class='ocrx_word' id='word_1_379' title='bbox 1969 4286 2147 4338; x_wconf 85' lang='lat' dir='ltr'><strong>magne</strong></span> 
     </span>
    </p>
   </div>
   <div class='ocr_carea' id='block_1_45' title="bbox 563 4359 2147 4429">
    <p class='ocr_par' dir='ltr' id='par_1_45' title="bbox 563 4359 2147 4429">
     <span class='ocr_line' id='line_1_45' title="bbox 563 4359 2147 4429; baseline -0.003 -13"><span class='ocrx_word' id='word_1_380' title='bbox 563 4371 612 4416; x_wconf 82' lang='lat' dir='ltr'><strong>ct</strong></span> <span class='ocrx_word' id='word_1_381' title='bbox 637 4359 966 4422; x_wconf 80' lang='lat' dir='ltr'><strong>admirabilis,</strong></span> <span class='ocrx_word' id='word_1_382' title='bbox 997 4360 1082 4429; x_wconf 91' lang='lat' dir='ltr'><strong>qui</strong></span> <span class='ocrx_word' id='word_1_383' title='bbox 1105 4375 1272 4414; x_wconf 80' lang='lat' dir='ltr'><strong>seruas</strong></span> <span class='ocrx_word' id='word_1_384' title='bbox 1300 4374 1498 4428; x_wconf 81' lang='lat' dir='ltr'><strong>pactum</strong></span> <span class='ocrx_word' id='word_1_385' title='bbox 1519 4367 1661 4412; x_wconf 87' lang='lat' dir='ltr'><strong>tuum</strong></span> <span class='ocrx_word' id='word_1_386' title='bbox 1686 4369 1731 4412; x_wconf 91' lang='lat' dir='ltr'><strong>et</strong></span> <span class='ocrx_word' id='word_1_387' title='bbox 1753 4361 2147 4414; x_wconf 84' lang='lat' dir='ltr'><strong>misericordiam</strong></span> 
     </span>
    </p>
   </div>
   <div class='ocr_carea' id='block_1_46' title="bbox 565 4449 2143 4519">
    <p class='ocr_par' dir='ltr' id='par_1_46' title="bbox 565 4449 2143 4519">
     <span class='ocr_line' id='line_1_46' title="bbox 565 4449 2143 4519; baseline 0.001 -17"><span class='ocrx_word' id='word_1_388' title='bbox 565 4461 704 4502; x_wconf 82' lang='lat' dir='ltr'><strong>tamn</strong></span> <span class='ocrx_word' id='word_1_389' title='bbox 723 4450 816 4512; x_wconf 86' lang='lat' dir='ltr'><strong>iis,</strong></span> <span class='ocrx_word' id='word_1_390' title='bbox 848 4450 933 4518; x_wconf 87' lang='lat' dir='ltr'><strong>qui</strong></span> <span class='ocrx_word' id='word_1_391' title='bbox 959 4460 1006 4501; x_wconf 89' lang='lat' dir='ltr'><strong>te</strong></span> <span class='ocrx_word' id='word_1_392' title='bbox 1025 4449 1260 4518; x_wconf 80' lang='lat' dir='ltr'><strong>diligunt,</strong></span> <span class='ocrx_word' id='word_1_393' title='bbox 1286 4460 1330 4502; x_wconf 90' lang='lat' dir='ltr'><strong>et</strong></span> <span class='ocrx_word' id='word_1_394' title='bbox 1359 4460 1554 4503; x_wconf 80' lang='lat' dir='ltr'><strong>servant</strong></span> <span class='ocrx_word' id='word_1_395' title='bbox 1578 4460 1826 4519; x_wconf 75' lang='lat' dir='ltr'><strong>prcecepIa</strong></span> <span class='ocrx_word' id='word_1_396' title='bbox 1851 4460 1938 4503; x_wconf 88' lang='lat' dir='ltr'><strong>tua</strong></span> <span class='ocrx_word' id='word_1_397' title='bbox 1969 4451 1986 4519; x_wconf 94' lang='lat'><strong>(</strong></span> <span class='ocrx_word' id='word_1_398' title='bbox 2011 4449 2143 4504; x_wconf 83' lang='lat' dir='ltr'><strong>Dan.</strong></span> 
     </span>
    </p>
   </div>
   <div class='ocr_carea' id='block_1_47' title="bbox 567 4537 2144 4610">
    <p class='ocr_par' dir='ltr' id='par_1_47' title="bbox 567 4537 2144 4610">
     <span class='ocr_line' id='line_1_47' title="bbox 567 4537 2144 4610; baseline 0.001 -17"><span class='ocrx_word' id='word_1_399' title='bbox 567 4540 619 4593; x_wconf 78' lang='lat'><strong>9.</strong></span> <span class='ocrx_word' id='word_1_400' title='bbox 652 4540 688 4592; x_wconf 72' lang='grc' dir='ltr'><strong><em>ι</em></strong></span> <span class='ocrx_word' id='word_1_401' title='bbox 714 4539 756 4608; x_wconf 91' lang='grc'><strong>).</strong></span> <span class='ocrx_word' id='word_1_402' title='bbox 785 4537 918 4603; x_wconf 85' lang='lat' dir='ltr'><strong>Quid</strong></span> <span class='ocrx_word' id='word_1_403' title='bbox 951 4538 1100 4603; x_wconf 82' lang='lat' dir='ltr'><strong>lacis,</strong></span> <span class='ocrx_word' id='word_1_404' title='bbox 1131 4554 1162 4589; x_wconf 86' lang='grc' dir='ltr'>ο</span> <span class='ocrx_word' id='word_1_405' title='bbox 1195 4538 1419 4591; x_wconf 84' lang='lat' dir='ltr'><strong>Daniel?</strong></span> <span class='ocrx_word' id='word_1_406' title='bbox 1449 4539 1551 4593; x_wconf 78' lang='lat' dir='ltr'><strong>Pro</strong></span> <span class='ocrx_word' id='word_1_407' title='bbox 1581 4539 1883 4593; x_wconf 89' lang='lat' dir='ltr'><strong>hominibus</strong></span> <span class='ocrx_word' id='word_1_408' title='bbox 1909 4541 1996 4610; x_wconf 89' lang='lat' dir='ltr'><strong>qui</strong></span> <span class='ocrx_word' id='word_1_409' title='bbox 2027 4555 2144 4609; x_wconf 86' lang='lat' dir='ltr'><strong>pce-</strong></span> 
     </span>
    </p>
   </div>
   <div class='ocr_carea' id='block_1_48' title="bbox 562 4627 2145 4693">
    <p class='ocr_par' dir='ltr' id='par_1_48' title="bbox 562 4627 2145 4693">
     <span class='ocr_line' id='line_1_48' title="bbox 562 4627 2145 4693; baseline 0.001 -10"><span class='ocrx_word' id='word_1_410' title='bbox 562 4637 746 4683; x_wconf 80' lang='lat' dir='ltr'><strong>carunt</strong></span> <span class='ocrx_word' id='word_1_411' title='bbox 776 4636 830 4681; x_wconf 92' lang='lat' dir='ltr'><strong>et</strong></span> <span class='ocrx_word' id='word_1_412' title='bbox 857 4627 1191 4683; x_wconf 76' lang='lat' dir='ltr'><strong>ollenderuut</strong></span> <span class='ocrx_word' id='word_1_413' title='bbox 1219 4629 1582 4693; x_wconf 84' lang='lat' dir='ltr'><strong>iutereedeus,</strong></span> <span class='ocrx_word' id='word_1_414' title='bbox 1607 4645 1792 4685; x_wconf 88' lang='lat' dir='ltr'><strong>eorum</strong></span> <span class='ocrx_word' id='word_1_415' title='bbox 1821 4631 2145 4685; x_wconf 71' lang='lat' dir='ltr'><strong>menti&#39;ntem</strong></span> 
     </span>
    </p>
   </div>
   <div class='ocr_carea' id='block_1_49' title="bbox 568 4717 2145 4791">
    <p class='ocr_par' dir='ltr' id='par_1_49' title="bbox 568 4717 2145 4791">
     <span class='ocr_line' id='line_1_49' title="bbox 568 4717 2145 4791; baseline 0 -17"><span class='ocrx_word' id='word_1_416' title='bbox 568 4719 697 4774; x_wconf 75' lang='lat' dir='ltr'><strong>iacis</strong></span> <span class='ocrx_word' id='word_1_417' title='bbox 721 4719 808 4789; x_wconf 89' lang='lat' dir='ltr'><strong>qui</strong></span> <span class='ocrx_word' id='word_1_418' title='bbox 839 4719 983 4787; x_wconf 75' lang='lat' dir='ltr'><strong>leges</strong></span> <span class='ocrx_word' id='word_1_419' title='bbox 1007 4717 1146 4771; x_wconf 88' lang='lat' dir='ltr'><strong>illius</strong></span> <span class='ocrx_word' id='word_1_420' title='bbox 1173 4719 1556 4772; x_wconf 85' lang='lat' dir='ltr'><strong>servaverunt?</strong></span> <span class='ocrx_word' id='word_1_421' title='bbox 1587 4719 1795 4787; x_wconf 80' lang='lat' dir='ltr'><strong>Ergone</strong></span> <span class='ocrx_word' id='word_1_422' title='bbox 1821 4721 1963 4791; x_wconf 78' lang='lat' dir='ltr'><strong>digni</strong></span> <span class='ocrx_word' id='word_1_423' title='bbox 1996 4723 2145 4774; x_wconf 82' lang='lat' dir='ltr'><strong>venia</strong></span> 
     </span>
    </p>
   </div>
   <div class='ocr_carea' id='block_1_50' title="bbox 562 4811 2146 4880">
    <p class='ocr_par' dir='ltr' id='par_1_50' title="bbox 562 4811 2146 4880">
     <span class='ocr_line' id='line_1_50' title="bbox 562 4811 2146 4880; baseline 0.001 -13"><span class='ocrx_word' id='word_1_424' title='bbox 562 4821 688 4867; x_wconf 84' lang='lat' dir='ltr'><strong>sunt</strong></span> <span class='ocrx_word' id='word_1_425' title='bbox 713 4811 804 4879; x_wconf 91' lang='lat' dir='ltr'><strong>qui</strong></span> <span class='ocrx_word' id='word_1_426' title='bbox 835 4819 1094 4880; x_wconf 41' lang='lat' dir='ltr'><strong>praecepta</strong></span> <span class='ocrx_word' id='word_1_427' title='bbox 1121 4811 1262 4864; x_wconf 87' lang='lat' dir='ltr'><strong>illius</strong></span> <span class='ocrx_word' id='word_1_428' title='bbox 1285 4812 1517 4866; x_wconf 76' lang='lat' dir='ltr'><strong>violant?</strong></span> <span class='ocrx_word' id='word_1_429' title='bbox 1546 4812 1658 4866; x_wconf 87' lang='lat' dir='ltr'><strong>Non</strong></span> <span class='ocrx_word' id='word_1_430' title='bbox 1691 4815 1757 4868; x_wconf 89' lang='lat' dir='ltr'><strong>ob</strong></span> <span class='ocrx_word' id='word_1_431' title='bbox 1780 4815 1908 4868; x_wconf 85' lang='lat' dir='ltr'><strong>istos</strong></span> <span class='ocrx_word' id='word_1_432' title='bbox 1932 4815 2042 4869; x_wconf 63' lang='lat' dir='ltr'><strong>haec</strong></span> <span class='ocrx_word' id='word_1_433' title='bbox 2065 4816 2146 4869; x_wconf 87' lang='lat' dir='ltr'><strong>lo-</strong></span> 
     </span>
    </p>
   </div>
   <div class='ocr_carea' id='block_1_51' title="bbox 561 4902 2146 4974">
    <p class='ocr_par' dir='ltr' id='par_1_51' title="bbox 561 4902 2146 4974">
     <span class='ocr_line' id='line_1_51' title="bbox 561 4902 2146 4974; baseline 0.003 -20"><span class='ocrx_word' id='word_1_434' title='bbox 561 4919 727 4974; x_wconf 65' lang='lat' dir='ltr'><strong>quor,</strong></span> <span class='ocrx_word' id='word_1_435' title='bbox 759 4902 960 4971; x_wconf 88' lang='lat' dir='ltr'><strong>inquit,</strong></span> <span class='ocrx_word' id='word_1_436' title='bbox 989 4903 1081 4957; x_wconf 86' lang='lat' dir='ltr'><strong>sed</strong></span> <span class='ocrx_word' id='word_1_437' title='bbox 1113 4904 1181 4957; x_wconf 89' lang='lat' dir='ltr'><strong>ob</strong></span> <span class='ocrx_word' id='word_1_438' title='bbox 1212 4902 1400 4956; x_wconf 87' lang='lat' dir='ltr'><strong>horum</strong></span> <span class='ocrx_word' id='word_1_439' title='bbox 1443 4904 1839 4972; x_wconf 79' lang='lat' dir='ltr'><strong>progenitores,</strong></span> <span class='ocrx_word' id='word_1_440' title='bbox 1877 4905 1946 4960; x_wconf 91' lang='lat' dir='ltr'><strong>ob</strong></span> <span class='ocrx_word' id='word_1_441' title='bbox 1979 4905 2146 4959; x_wconf 85' lang='lat' dir='ltr'><strong>Abra-</strong></span> 
     </span>
    </p>
   </div>
   <div class='ocr_carea' id='block_1_52' title="bbox 559 4993 2148 5065">
    <p class='ocr_par' dir='ltr' id='par_1_52' title="bbox 559 4993 2148 5065">
     <span class='ocr_line' id='line_1_52' title="bbox 559 4993 2148 5065; baseline 0.003 -18"><span class='ocrx_word' id='word_1_442' title='bbox 559 4994 707 5057; x_wconf 85' lang='lat' dir='ltr'><strong>ham,</strong></span> <span class='ocrx_word' id='word_1_443' title='bbox 733 4993 802 5048; x_wconf 84' lang='lat' dir='ltr'><strong>ob</strong></span> <span class='ocrx_word' id='word_1_444' title='bbox 826 4993 988 5058; x_wconf 83' lang='lat' dir='ltr'><strong>Isaac,</strong></span> <span class='ocrx_word' id='word_1_445' title='bbox 1019 4993 1088 5047; x_wconf 88' lang='lat' dir='ltr'><strong>ob</strong></span> <span class='ocrx_word' id='word_1_446' title='bbox 1111 4993 1294 5049; x_wconf 81' lang='lat' dir='ltr'><strong>Jacob.</strong></span> <span class='ocrx_word' id='word_1_447' title='bbox 1323 4993 1434 5049; x_wconf 86' lang='lat' dir='ltr'><strong>Illis</strong></span> <span class='ocrx_word' id='word_1_448' title='bbox 1461 4994 1724 5063; x_wconf 90' lang='lat' dir='ltr'><strong>promisit,</strong></span> <span class='ocrx_word' id='word_1_449' title='bbox 1754 4995 1857 5049; x_wconf 87' lang='lat' dir='ltr'><strong>illis</strong></span> <span class='ocrx_word' id='word_1_450' title='bbox 1887 4995 2148 5065; x_wconf 88' lang='lat' dir='ltr'><strong>pollicitus</strong></span> 
     </span>
    </p>
   </div>
   <div class='ocr_carea' id='block_1_53' title="bbox 558 5084 2150 5157">
    <p class='ocr_par' dir='ltr' id='par_1_53' title="bbox 558 5084 2150 5157">
     <span class='ocr_line' id='line_1_53' title="bbox 558 5084 2150 5157; baseline 0 -17"><span class='ocrx_word' id='word_1_451' title='bbox 558 5094 638 5140; x_wconf 79' lang='lat' dir='ltr'><strong>est</strong></span> <span class='ocrx_word' id='word_1_452' title='bbox 665 5084 825 5147; x_wconf 82' lang='lat' dir='ltr'><strong>Deus,</strong></span> <span class='ocrx_word' id='word_1_453' title='bbox 846 5085 932 5152; x_wconf 85' lang='lat' dir='ltr'><strong>qui</strong></span> <span class='ocrx_word' id='word_1_454' title='bbox 955 5094 1214 5154; x_wconf 70' lang='lat' dir='ltr'><strong>praecepta</strong></span> <span class='ocrx_word' id='word_1_455' title='bbox 1238 5085 1378 5140; x_wconf 90' lang='lat' dir='ltr'><strong>illius</strong></span> <span class='ocrx_word' id='word_1_456' title='bbox 1397 5095 1760 5141; x_wconf 81' lang='lat' dir='ltr'><strong>servaverunt.</strong></span> <span class='ocrx_word' id='word_1_457' title='bbox 1777 5086 2034 5152; x_wconf 85' lang='lat' dir='ltr'><strong>Quoniam</strong></span> <span class='ocrx_word' id='word_1_458' title='bbox 2056 5087 2150 5157; x_wconf 80' lang='lat' dir='ltr'><strong>igi-</strong></span> 
     </span>
    </p>
   </div>
   <div class='ocr_carea' id='block_1_54' title="bbox 556 5173 2148 5248">
    <p class='ocr_par' dir='ltr' id='par_1_54' title="bbox 556 5173 2148 5248">
     <span class='ocr_line' id='line_1_54' title="bbox 556 5173 2148 5248; baseline 0.003 -20"><span class='ocrx_word' id='word_1_459' title='bbox 556 5186 634 5228; x_wconf 82' lang='lat' dir='ltr'><strong>tur</strong></span> <span class='ocrx_word' id='word_1_460' title='bbox 662 5173 714 5228; x_wconf 88' lang='lat' dir='ltr'><strong>hi</strong></span> <span class='ocrx_word' id='word_1_461' title='bbox 733 5174 875 5228; x_wconf 89' lang='lat' dir='ltr'><strong>nullo</strong></span> <span class='ocrx_word' id='word_1_462' title='bbox 893 5175 1015 5244; x_wconf 87' lang='lat' dir='ltr'><strong>jure</strong></span> <span class='ocrx_word' id='word_1_463' title='bbox 1038 5183 1257 5246; x_wconf 86' lang='lat' dir='ltr'><strong>possunt</strong></span> <span class='ocrx_word' id='word_1_464' title='bbox 1275 5186 1454 5245; x_wconf 88' lang='lat' dir='ltr'><strong>petere</strong></span> <span class='ocrx_word' id='word_1_465' title='bbox 1470 5177 1715 5243; x_wconf 78' lang='lat' dir='ltr'><strong>salutem,</strong></span> <span class='ocrx_word' id='word_1_466' title='bbox 1735 5177 1932 5232; x_wconf 87' lang='lat' dir='ltr'><strong>idcirco</strong></span> <span class='ocrx_word' id='word_1_467' title='bbox 1960 5195 2031 5248; x_wconf 80' lang='lat' dir='ltr'><strong>pr.</strong></span> <span class='ocrx_word' id='word_1_468' title='bbox 2054 5193 2148 5248; x_wconf 78' lang='lat' dir='ltr'><strong>ge-</strong></span> 
     </span>
    </p>
   </div>
   <div class='ocr_carea' id='block_1_55' title="bbox 558 5266 2150 5338">
    <p class='ocr_par' dir='ltr' id='par_1_55' title="bbox 558 5266 2150 5338">
     <span class='ocr_line' id='line_1_55' title="bbox 558 5266 2150 5338; baseline 0.004 -20"><span class='ocrx_word' id='word_1_469' title='bbox 558 5266 792 5320; x_wconf 91' lang='lat' dir='ltr'><strong>nitorum</strong></span> <span class='ocrx_word' id='word_1_470' title='bbox 825 5267 1148 5321; x_wconf 86' lang='lat' dir='ltr'><strong>mentionem</strong></span> <span class='ocrx_word' id='word_1_471' title='bbox 1181 5266 1350 5332; x_wconf 78' lang='lat' dir='ltr'><strong>facio;</strong></span> <span class='ocrx_word' id='word_1_472' title='bbox 1381 5281 1443 5320; x_wconf 87' lang='lat' dir='ltr'><strong>ac</strong></span> <span class='ocrx_word' id='word_1_473' title='bbox 1473 5283 1538 5322; x_wconf 93' lang='lat' dir='ltr'><strong>nc</strong></span> <span class='ocrx_word' id='word_1_474' title='bbox 1566 5276 1782 5336; x_wconf 67' lang='lat' dir='ltr'><strong>punires</strong></span> <span class='ocrx_word' id='word_1_475' title='bbox 1800 5270 1940 5338; x_wconf 88' lang='lat' dir='ltr'><strong>quod</strong></span> <span class='ocrx_word' id='word_1_476' title='bbox 1973 5269 2040 5324; x_wconf 91' lang='lat' dir='ltr'><strong>de</strong></span> <span class='ocrx_word' id='word_1_477' title='bbox 2068 5269 2150 5324; x_wconf 89' lang='lat' dir='ltr'><strong>his</strong></span> 
     </span>
    </p>
   </div>
   <div class='ocr_carea' id='block_1_56' title="bbox 557 5355 2151 5430">
    <p class='ocr_par' dir='ltr' id='par_1_56' title="bbox 557 5355 2151 5430">
     <span class='ocr_line' id='line_1_56' title="bbox 557 5355 2151 5430; baseline 0.006 -24"><span class='ocrx_word' id='word_1_478' title='bbox 557 5357 717 5410; x_wconf 85' lang='lat' dir='ltr'><strong>verba</strong></span> <span class='ocrx_word' id='word_1_479' title='bbox 738 5355 956 5424; x_wconf 57' lang='lat' dir='ltr'><strong>taceret,</strong></span> <span class='ocrx_word' id='word_1_480' title='bbox 971 5374 1088 5411; x_wconf 89' lang='lat' dir='ltr'><strong>cum</strong></span> <span class='ocrx_word' id='word_1_481' title='bbox 1108 5357 1406 5427; x_wconf 84' lang='lat' dir='ltr'><strong>adjecisset,</strong></span> <span class='ocrx_word' id='word_1_482' title='bbox 1427 5358 1525 5423; x_wconf 78' lang='lat' dir='ltr'><strong>Qui</strong></span> <span class='ocrx_word' id='word_1_483' title='bbox 1544 5376 1711 5419; x_wconf 82' lang='lat' dir='ltr'><strong>servas</strong></span> <span class='ocrx_word' id='word_1_484' title='bbox 1727 5371 1927 5430; x_wconf 82' lang='lat' dir='ltr'><strong>pactum</strong></span> <span class='ocrx_word' id='word_1_485' title='bbox 1946 5372 2084 5414; x_wconf 88' lang='lat' dir='ltr'><strong>tuum</strong></span> <span class='ocrx_word' id='word_1_486' title='bbox 2103 5373 2151 5415; x_wconf 89' lang='lat' dir='ltr'><strong>et</strong></span> 
     </span>
    </p>
   </div>
   <div class='ocr_carea' id='block_1_57' title="bbox 555 5446 2152 5522">
    <p class='ocr_par' dir='ltr' id='par_1_57' title="bbox 555 5446 2152 5522">
     <span class='ocr_line' id='line_1_57' title="bbox 555 5446 2152 5522; baseline 0.009 -29"><span class='ocrx_word' id='word_1_487' title='bbox 555 5446 952 5500; x_wconf 86' lang='lat' dir='ltr'><strong>misericordiam</strong></span> <span class='ocrx_word' id='word_1_488' title='bbox 966 5457 1103 5500; x_wconf 86' lang='lat' dir='ltr'><strong>tuam</strong></span> <span class='ocrx_word' id='word_1_489' title='bbox 1114 5448 1431 5518; x_wconf 81' lang='lat' dir='ltr'><strong>diligentibus</strong></span> <span class='ocrx_word' id='word_1_490' title='bbox 1448 5460 1514 5512; x_wconf 88' lang='lat' dir='ltr'><strong>te,</strong></span> <span class='ocrx_word' id='word_1_491' title='bbox 1529 5461 1572 5504; x_wconf 88' lang='lat' dir='ltr'><strong>et</strong></span> <span class='ocrx_word' id='word_1_492' title='bbox 1584 5453 1892 5506; x_wconf 78' lang='lat' dir='ltr'><strong>servantibus</strong></span> <span class='ocrx_word' id='word_1_493' title='bbox 1903 5461 2152 5522; x_wconf 74' lang='lat' dir='ltr'><strong>prmeepta</strong></span> 
     </span>
    </p>
   </div>
   <div class='ocr_carea' id='block_1_58' title="bbox 556 5537 2148 5614">
    <p class='ocr_par' dir='ltr' id='par_1_58' title="bbox 556 5537 2148 5614">
     <span class='ocr_line' id='line_1_58' title="bbox 556 5537 2148 5614; baseline 0.006 -28"><span class='ocrx_word' id='word_1_494' title='bbox 556 5543 643 5588; x_wconf 84' lang='lat' dir='ltr'><strong>tua</strong></span> <span class='ocrx_word' id='word_1_495' title='bbox 664 5552 683 5589; x_wconf 84' lang='lat'><strong>.°</strong></span> <span class='ocrx_word' id='word_1_496' title='bbox 705 5551 825 5592; x_wconf 70' lang='lat' dir='ltr'><strong>nios</strong></span> <span class='ocrx_word' id='word_1_497' title='bbox 857 5537 1088 5606; x_wconf 87' lang='lat' dir='ltr'><strong>sobjicit,</strong></span> <span class='ocrx_word' id='word_1_498' title='bbox 1121 5538 1447 5595; x_wconf 78' lang='lat' dir='ltr'><strong>Peccavimus</strong></span> <span class='ocrx_word' id='word_1_499' title='bbox 1465 5583 1480 5607; x_wconf 91' lang='lat'><strong>,</strong></span> <span class='ocrx_word' id='word_1_500' title='bbox 1502 5543 1670 5612; x_wconf 86' lang='lat' dir='ltr'><strong>inique</strong></span> <span class='ocrx_word' id='word_1_501' title='bbox 1693 5543 1917 5613; x_wconf 82' lang='lat' dir='ltr'><strong>egimus;</strong></span> <span class='ocrx_word' id='word_1_502' title='bbox 1941 5545 2148 5614; x_wconf 85' lang='lat' dir='ltr'><strong>injusti-</strong></span> 
     </span>
    </p>
   </div>
   <div class='ocr_carea' id='block_1_59' title="bbox 559 5625 2150 5703">
    <p class='ocr_par' dir='ltr' id='par_1_59' title="bbox 559 5625 2150 5703">
     <span class='ocr_line' id='line_1_59' title="bbox 559 5625 2150 5703; baseline 0.008 -28"><span class='ocrx_word' id='word_1_503' title='bbox 559 5625 678 5676; x_wconf 85' lang='lat' dir='ltr'><strong>.&#39;iam</strong></span> <span class='ocrx_word' id='word_1_504' title='bbox 703 5630 1111 5692; x_wconf 84' lang='lat' dir='ltr'><strong>perpetravimus,</strong></span> <span class='ocrx_word' id='word_1_505' title='bbox 1131 5630 1271 5698; x_wconf 84' lang='lat' dir='ltr'><strong>impii</strong></span> <span class='ocrx_word' id='word_1_506' title='bbox 1297 5632 1508 5700; x_wconf 81' lang='lat' dir='ltr'><strong>fuimus,</strong></span> <span class='ocrx_word' id='word_1_507' title='bbox 1527 5631 1821 5700; x_wconf 74' lang='lat' dir='ltr'><strong>deﬂeximus</strong></span> <span class='ocrx_word' id='word_1_508' title='bbox 1841 5651 1872 5685; x_wconf 77' lang='grc' dir='ltr'><strong>ιι</strong></span> <span class='ocrx_word' id='word_1_509' title='bbox 1894 5635 2150 5703; x_wconf 68' lang='grc' dir='ltr'><strong>ρνωεεριὶι</strong></span> 
     </span>
    </p>
   </div>
   <div class='ocr_carea' id='block_1_60' title="bbox 565 5714 2147 5781">
    <p class='ocr_par' dir='ltr' id='par_1_60' title="bbox 565 5714 2147 5781">
     <span class='ocr_line' id='line_1_60' title="bbox 565 5714 2147 5781; baseline 0.011 -18"><span class='ocrx_word' id='word_1_510' title='bbox 565 5714 668 5764; x_wconf 80' lang='lat' dir='ltr'><strong>tuis</strong></span> <span class='ocrx_word' id='word_1_511' title='bbox 702 5725 749 5764; x_wconf 64' lang='lat' dir='ltr'><strong>et</strong></span> <span class='ocrx_word' id='word_1_512' title='bbox 773 5730 801 5765; x_wconf 92' lang='lat' dir='ltr'><strong>a</strong></span> <span class='ocrx_word' id='word_1_513' title='bbox 813 5717 1026 5781; x_wconf 82' lang='lat' dir='ltr'><strong>judiciis</strong></span> <span class='ocrx_word' id='word_1_514' title='bbox 1050 5719 1144 5770; x_wconf 83' lang='lat' dir='ltr'><strong>tuis</strong></span> <span class='ocrx_word' id='word_1_515' title='bbox 1163 5736 1179 5769; x_wconf 93' lang='lat'><em>:</em></span> <span class='ocrx_word' id='word_1_516' title='bbox 1197 5736 1294 5771; x_wconf 87' lang='lat' dir='ltr'><strong>non</strong></span> <span class='ocrx_word' id='word_1_517' title='bbox 1325 5725 1710 5775; x_wconf 58' lang='lat' dir='ltr'><strong>auscultavimus</strong></span> <span class='ocrx_word' id='word_1_518' title='bbox 1739 5727 1890 5779; x_wconf 71' lang='lat' dir='ltr'><strong>servis</strong></span> <span class='ocrx_word' id='word_1_519' title='bbox 1909 5727 2006 5779; x_wconf 73' lang='lat' dir='ltr'><strong>tuis</strong></span> <span class='ocrx_word' id='word_1_520' title='bbox 2034 5743 2147 5780; x_wconf 78' lang='lat' dir='ltr'><strong>ure-</strong></span> 
     </span>
    </p>
   </div>
   <div class='ocr_carea' id='block_1_61' title="bbox 1305 319 3748 409">
    <p class='ocr_par' dir='ltr' id='par_1_61' title="bbox 1305 319 3748 409">
     <span class='ocr_line' id='line_1_61' title="bbox 1305 319 3748 409; baseline -0.002 -19"><span class='ocrx_word' id='word_1_521' title='bbox 1305 334 1362 390; x_wconf 85' lang='lat' dir='ltr'><strong>S.</strong></span> <span class='ocrx_word' id='word_1_522' title='bbox 1402 329 1680 390; x_wconf 69' lang='lat' dir='ltr'><strong>IOANNIS</strong></span> <span class='ocrx_word' id='word_1_523' title='bbox 1717 322 2185 383; x_wconf 74' lang='lat' dir='ltr'><strong>CllllYSOSTOMl</strong></span> <span class='ocrx_word' id='word_1_524' title='bbox 2226 319 2544 380; x_wconf 80' lang='lat' dir='ltr'><strong>AltClllEP.</strong></span> <span class='ocrx_word' id='word_1_525' title='bbox 2583 326 3122 386; x_wconf 63' lang='lat' dir='ltr'><strong>CONSTANTINOP.</strong></span> <span class='ocrx_word' id='word_1_526' title='bbox 3663 350 3748 409; x_wconf 57' lang='grc' dir='ltr'><strong>πρε</strong></span> 
     </span>
    </p>
   </div>
   <div class='ocr_carea' id='block_1_62' title="bbox 2259 437 3748 528">
    <p class='ocr_par' dir='ltr' id='par_1_62' title="bbox 2259 437 3748 528">
     <span class='ocr_line' id='line_1_62' title="bbox 2259 437 3748 528; baseline 0.016 -37"><span class='ocrx_word' id='word_1_527' title='bbox 2259 439 2420 507; x_wconf 84' lang='lat' dir='ltr'><strong>pbetis</strong></span> <span class='ocrx_word' id='word_1_528' title='bbox 2462 441 2480 512; x_wconf 95' lang='lat'><strong>(</strong></span> <span class='ocrx_word' id='word_1_529' title='bbox 2511 437 2642 494; x_wconf 87' lang='lat' dir='ltr'><strong>Dan.</strong></span> <span class='ocrx_word' id='word_1_530' title='bbox 2672 440 2724 498; x_wconf 86' lang='lat'><strong>9.</strong></span> <span class='ocrx_word' id='word_1_531' title='bbox 2753 441 2786 497; x_wconf 83' lang='lat'><strong>5</strong></span> <span class='ocrx_word' id='word_1_532' title='bbox 2809 441 2849 512; x_wconf 93' lang='lat'><strong>).</strong></span> <span class='ocrx_word' id='word_1_533' title='bbox 2886 441 3003 500; x_wconf 82' lang='lat' dir='ltr'><strong>Una</strong></span> <span class='ocrx_word' id='word_1_534' title='bbox 3039 441 3296 515; x_wconf 81' lang='lat' dir='ltr'><strong>siquidem</strong></span> <span class='ocrx_word' id='word_1_535' title='bbox 3335 447 3526 521; x_wconf 85' lang='lat' dir='ltr'><strong>solaque</strong></span> <span class='ocrx_word' id='word_1_536' title='bbox 3557 466 3748 528; x_wconf 70' lang='lat' dir='ltr'><strong>purgatio</strong></span> 
     </span>
    </p>
   </div>
   <div class='ocr_carea' id='block_1_63' title="bbox 2258 533 3746 606">
    <p class='ocr_par' dir='ltr' id='par_1_63' title="bbox 2258 533 3746 606">
     <span class='ocr_line' id='line_1_63' title="bbox 2258 533 3746 606; baseline 0.013 -21"><span class='ocrx_word' id='word_1_537' title='bbox 2258 533 2624 599; x_wconf 83' lang='lat' dir='ltr'><strong>peccatoribus</strong></span> <span class='ocrx_word' id='word_1_538' title='bbox 2653 533 2853 604; x_wconf 83' lang='lat' dir='ltr'><strong>reliqua</strong></span> <span class='ocrx_word' id='word_1_539' title='bbox 2880 545 2962 590; x_wconf 85' lang='lat' dir='ltr'><strong>est</strong></span> <span class='ocrx_word' id='word_1_540' title='bbox 2988 545 3106 605; x_wconf 86' lang='lat' dir='ltr'><strong>post</strong></span> <span class='ocrx_word' id='word_1_541' title='bbox 3137 547 3364 606; x_wconf 81' lang='lat' dir='ltr'><strong>peccata,</strong></span> <span class='ocrx_word' id='word_1_542' title='bbox 3390 541 3598 599; x_wconf 80' lang='lat' dir='ltr'><strong>videlicet</strong></span> <span class='ocrx_word' id='word_1_543' title='bbox 3617 559 3746 606; x_wconf 67' lang='lat' dir='ltr'><strong>utsin</strong></span> 
     </span>
    </p>
   </div>
   <div class='ocr_carea' id='block_1_64' title="bbox 2254 623 3761 709">
    <p class='ocr_par' dir='ltr' id='par_1_64' title="bbox 2254 623 3761 709">
     <span class='ocr_line' id='line_1_64' title="bbox 2254 623 3761 709; baseline 0.013 -32"><span class='ocrx_word' id='word_1_544' title='bbox 2254 623 2541 680; x_wconf 81' lang='lat' dir='ltr'><strong>commissa</strong></span> <span class='ocrx_word' id='word_1_545' title='bbox 2563 625 2933 681; x_wconf 80' lang='lat' dir='ltr'><strong>conﬁteantur.</strong></span> <span class='ocrx_word' id='word_1_546' title='bbox 2952 627 3030 683; x_wconf 91' lang='lat' dir='ltr'><strong>&#39;l‘u</strong></span> <span class='ocrx_word' id='word_1_547' title='bbox 3048 643 3177 683; x_wconf 91' lang='lat' dir='ltr'><strong>vero</strong></span> <span class='ocrx_word' id='word_1_548' title='bbox 3201 629 3322 683; x_wconf 89' lang='lat' dir='ltr'><strong>mihi</strong></span> <span class='ocrx_word' id='word_1_549' title='bbox 3341 635 3582 690; x_wconf 66' lang='lat' dir='ltr'><strong>considera</strong></span> <span class='ocrx_word' id='word_1_550' title='bbox 3599 641 3761 709; x_wconf 82' lang='lat' dir='ltr'><strong>etjusu&#39;</strong></span> 
     </span>
    </p>
   </div>
   <div class='ocr_carea' id='block_1_65' title="bbox 2255 711 3762 804">
    <p class='ocr_par' dir='ltr' id='par_1_65' title="bbox 2255 711 3762 804">
     <span class='ocr_line' id='line_1_65' title="bbox 2255 711 3762 804; baseline 0.013 -36"><span class='ocrx_word' id='word_1_551' title='bbox 2255 715 2502 771; x_wconf 84' lang='lat' dir='ltr'><strong>virtutem</strong></span> <span class='ocrx_word' id='word_1_552' title='bbox 2523 759 2537 781; x_wconf 93' lang='lat'><strong>,</strong></span> <span class='ocrx_word' id='word_1_553' title='bbox 2573 727 2628 772; x_wconf 92' lang='lat' dir='ltr'><strong>et</strong></span> <span class='ocrx_word' id='word_1_554' title='bbox 2661 718 2962 775; x_wconf 70' lang='lat' dir='ltr'><strong>Judmornm</strong></span> <span class='ocrx_word' id='word_1_555' title='bbox 3005 722 3406 790; x_wconf 84' lang='lat' dir='ltr'><strong>improbitatem.</strong></span> <span class='ocrx_word' id='word_1_556' title='bbox 3431 726 3544 782; x_wconf 84' lang='lat' dir='ltr'><strong>Nam</strong></span> <span class='ocrx_word' id='word_1_557' title='bbox 3571 732 3641 788; x_wconf 90' lang='lat' dir='ltr'><strong>ille</strong></span> <span class='ocrx_word' id='word_1_558' title='bbox 3661 711 3762 804; x_wconf 50' lang='lat' dir='ltr'><strong>quiJ</strong></span> 
     </span>
    </p>
   </div>
   <div class='ocr_carea' id='block_1_66' title="bbox 2254 807 3750 884">
    <p class='ocr_par' dir='ltr' id='par_1_66' title="bbox 2254 807 3750 884">
     <span class='ocr_line' id='line_1_66' title="bbox 2254 807 3750 884; baseline 0.013 -23"><span class='ocrx_word' id='word_1_559' title='bbox 2254 807 2374 862; x_wconf 88' lang='lat' dir='ltr'><strong>dem</strong></span> <span class='ocrx_word' id='word_1_560' title='bbox 2419 808 2612 863; x_wconf 89' lang='lat' dir='ltr'><strong>nullius</strong></span> <span class='ocrx_word' id='word_1_561' title='bbox 2648 811 2772 864; x_wconf 87' lang='lat' dir='ltr'><strong>mali</strong></span> <span class='ocrx_word' id='word_1_562' title='bbox 2812 812 2911 865; x_wconf 83' lang='lat' dir='ltr'><strong>sibi</strong></span> <span class='ocrx_word' id='word_1_563' title='bbox 2953 813 3235 877; x_wconf 84' lang='lat' dir='ltr'><strong>conscius,</strong></span> <span class='ocrx_word' id='word_1_564' title='bbox 3264 816 3479 884; x_wconf 88' lang='lat' dir='ltr'><strong>seipsum</strong></span> <span class='ocrx_word' id='word_1_565' title='bbox 3505 824 3643 876; x_wconf 84' lang='lat' dir='ltr'><strong>multa</strong></span> <span class='ocrx_word' id='word_1_566' title='bbox 3662 840 3750 880; x_wconf 81' lang='lat' dir='ltr'><strong>cum</strong></span> 
     </span>
    </p>
   </div>
   <div class='ocr_carea' id='block_1_67' title="bbox 2253 899 3758 984">
    <p class='ocr_par' dir='ltr' id='par_1_67' title="bbox 2253 899 3758 984">
     <span class='ocr_line' id='line_1_67' title="bbox 2253 899 3758 984; baseline 0.005 -33"><span class='ocrx_word' id='word_1_567' title='bbox 2253 899 2562 954; x_wconf 82' lang='lat' dir='ltr'><strong>austeritate</strong></span> <span class='ocrx_word' id='word_1_568' title='bbox 2593 901 2839 968; x_wconf 84' lang='lat' dir='ltr'><strong>damnat,</strong></span> <span class='ocrx_word' id='word_1_569' title='bbox 2868 901 3054 958; x_wconf 88' lang='lat' dir='ltr'><strong>dicens</strong></span> <span class='ocrx_word' id='word_1_570' title='bbox 3083 922 3097 958; x_wconf 94' lang='lat'><strong>:</strong></span> <span class='ocrx_word' id='word_1_571' title='bbox 3127 902 3472 974; x_wconf 73' lang='lat' dir='ltr'><strong>Peccavimus,</strong></span> <span class='ocrx_word' id='word_1_572' title='bbox 3499 911 3641 977; x_wconf 73' lang='lat' dir='ltr'><strong>iniquo</strong></span> <span class='ocrx_word' id='word_1_573' title='bbox 3661 917 3758 984; x_wconf 54' lang='lat' dir='ltr'><strong>(ea.</strong></span> 
     </span>
    </p>
   </div>
   <div class='ocr_carea' id='block_1_68' title="bbox 2255 992 3756 1064">
    <p class='ocr_par' dir='ltr' id='par_1_68' title="bbox 2255 992 3756 1064">
     <span class='ocr_line' id='line_1_68' title="bbox 2255 992 3756 1064; baseline 0.011 -20"><span class='ocrx_word' id='word_1_574' title='bbox 2255 1007 2401 1054; x_wconf 88' lang='lat' dir='ltr'><strong>mus,</strong></span> <span class='ocrx_word' id='word_1_575' title='bbox 2434 992 2735 1061; x_wconf 87' lang='lat' dir='ltr'><strong>injustitiam</strong></span> <span class='ocrx_word' id='word_1_576' title='bbox 2772 996 3205 1064; x_wconf 84' lang='lat' dir='ltr'><strong>perpetravimus;</strong></span> <span class='ocrx_word' id='word_1_577' title='bbox 3241 997 3293 1050; x_wconf 91' lang='lat' dir='ltr'><strong>hi</strong></span> <span class='ocrx_word' id='word_1_578' title='bbox 3321 1013 3435 1052; x_wconf 60' lang='lat' dir='ltr'><strong>tero</strong></span> <span class='ocrx_word' id='word_1_579' title='bbox 3473 1003 3604 1058; x_wconf 60' lang='lat' dir='ltr'><strong>malis</strong></span> <span class='ocrx_word' id='word_1_580' title='bbox 3638 1007 3756 1062; x_wconf 82' lang='lat' dir='ltr'><strong>inn‘t-</strong></span> 
     </span>
    </p>
   </div>
   <div class='ocr_carea' id='block_1_69' title="bbox 2255 1084 3754 1153">
    <p class='ocr_par' dir='ltr' id='par_1_69' title="bbox 2255 1084 3754 1153">
     <span class='ocr_line' id='line_1_69' title="bbox 2255 1084 3754 1153; baseline 0.011 -18"><span class='ocrx_word' id='word_1_581' title='bbox 2255 1084 2414 1136; x_wconf 90' lang='lat' dir='ltr'><strong>meris</strong></span> <span class='ocrx_word' id='word_1_582' title='bbox 2443 1084 2582 1153; x_wconf 91' lang='lat' dir='ltr'><strong>pleni</strong></span> <span class='ocrx_word' id='word_1_583' title='bbox 2611 1123 2627 1149; x_wconf 94' lang='lat'><strong>,</strong></span> <span class='ocrx_word' id='word_1_584' title='bbox 2668 1095 2854 1138; x_wconf 91' lang='lat' dir='ltr'><strong>contra</strong></span> <span class='ocrx_word' id='word_1_585' title='bbox 2895 1086 3130 1140; x_wconf 79' lang='lat' dir='ltr'><strong>iecerunt</strong></span> <span class='ocrx_word' id='word_1_586' title='bbox 3151 1127 3167 1152; x_wconf 93' lang='lat'><strong>,</strong></span> <span class='ocrx_word' id='word_1_587' title='bbox 3205 1087 3468 1144; x_wconf 86' lang='lat' dir='ltr'><strong>dicentes:</strong></span> <span class='ocrx_word' id='word_1_588' title='bbox 3498 1092 3754 1152; x_wconf 81' lang='lat' dir='ltr'><strong>Servavinm</strong></span> 
     </span>
    </p>
   </div>
   <div class='ocr_carea' id='block_1_70' title="bbox 2255 1177 3755 1243">
    <p class='ocr_par' dir='ltr' id='par_1_70' title="bbox 2255 1177 3755 1243">
     <span class='ocr_line' id='line_1_70' title="bbox 2255 1177 3755 1243; baseline 0.011 -19"><span class='ocrx_word' id='word_1_589' title='bbox 2255 1183 2504 1242; x_wconf 76' lang='lat' dir='ltr'><strong>prwcepta</strong></span> <span class='ocrx_word' id='word_1_590' title='bbox 2529 1184 2616 1227; x_wconf 92' lang='lat' dir='ltr'><strong>tua</strong></span> <span class='ocrx_word' id='word_1_591' title='bbox 2641 1190 2659 1229; x_wconf 92' lang='lat'><strong><em>:</em></strong></span> <span class='ocrx_word' id='word_1_592' title='bbox 2684 1185 2729 1228; x_wconf 92' lang='lat' dir='ltr'><strong>et</strong></span> <span class='ocrx_word' id='word_1_593' title='bbox 2757 1192 2892 1230; x_wconf 87' lang='lat' dir='ltr'><strong>nunc</strong></span> <span class='ocrx_word' id='word_1_594' title='bbox 2926 1177 3094 1232; x_wconf 88' lang='lat' dir='ltr'><strong>beatos</strong></span> <span class='ocrx_word' id='word_1_595' title='bbox 3114 1179 3324 1232; x_wconf 80' lang='lat' dir='ltr'><strong>dicimus</strong></span> <span class='ocrx_word' id='word_1_596' title='bbox 3347 1181 3537 1243; x_wconf 79' lang='lat' dir='ltr'><strong>alienos.</strong></span> <span class='ocrx_word' id='word_1_597' title='bbox 3563 1196 3601 1237; x_wconf 85' lang='lat' dir='ltr'><strong>et</strong></span> <span class='ocrx_word' id='word_1_598' title='bbox 3621 1190 3755 1241; x_wconf 75' lang='lat' dir='ltr'><strong>readi-</strong></span> 
     </span>
    </p>
   </div>
   <div class='ocr_carea' id='block_1_71' title="bbox 2254 1262 3755 1345">
    <p class='ocr_par' dir='ltr' id='par_1_71' title="bbox 2254 1262 3755 1345">
     <span class='ocr_line' id='line_1_71' title="bbox 2254 1262 3755 1345; baseline 0.014 -32"><span class='ocrx_word' id='word_1_599' title='bbox 2254 1262 2475 1330; x_wconf 81' lang='lat' dir='ltr'><strong>ﬁcantur</strong></span> <span class='ocrx_word' id='word_1_600' title='bbox 2492 1264 2579 1333; x_wconf 87' lang='lat' dir='ltr'><strong>qui</strong></span> <span class='ocrx_word' id='word_1_601' title='bbox 2600 1275 2797 1333; x_wconf 87' lang='lat' dir='ltr'><strong>patrant</strong></span> <span class='ocrx_word' id='word_1_602' title='bbox 2821 1267 3132 1337; x_wconf 83' lang='lat' dir='ltr'><strong>iniquitatem</strong></span> <span class='ocrx_word' id='word_1_603' title='bbox 3157 1269 3306 1340; x_wconf 69' lang='lat' dir='ltr'><strong>(Mal.</strong></span> <span class='ocrx_word' id='word_1_604' title='bbox 3328 1272 3378 1324; x_wconf 75' lang='grc'><strong>5.</strong></span> <span class='ocrx_word' id='word_1_605' title='bbox 3400 1273 3477 1327; x_wconf 73' lang='lat' dir='ltr'><strong>lt.</strong></span> <span class='ocrx_word' id='word_1_606' title='bbox 3498 1275 3590 1345; x_wconf 85' lang='grc'><strong>15).</strong></span> <span class='ocrx_word' id='word_1_607' title='bbox 3609 1279 3755 1343; x_wconf 53' lang='lat' dir='ltr'><strong>Quen»</strong></span> 
     </span>
    </p>
   </div>
   <div class='ocr_carea' id='block_1_72' title="bbox 2253 1352 3756 1430">
    <p class='ocr_par' dir='ltr' id='par_1_72' title="bbox 2253 1352 3756 1430">
     <span class='ocr_line' id='line_1_72' title="bbox 2253 1352 3756 1430; baseline 0.012 -24"><span class='ocrx_word' id='word_1_608' title='bbox 2253 1352 2538 1408; x_wconf 84' lang='lat' dir='ltr'><strong>admodum</strong></span> <span class='ocrx_word' id='word_1_609' title='bbox 2562 1355 2704 1409; x_wconf 90' lang='lat' dir='ltr'><strong>enim</strong></span> <span class='ocrx_word' id='word_1_610' title='bbox 2735 1356 2908 1411; x_wconf 89' lang='lat' dir='ltr'><strong>solent</strong></span> <span class='ocrx_word' id='word_1_611' title='bbox 2941 1359 3074 1428; x_wconf 88' lang='lat' dir='ltr'><strong>justi</strong></span> <span class='ocrx_word' id='word_1_612' title='bbox 3105 1368 3222 1428; x_wconf 85' lang='lat' dir='ltr'><strong>post</strong></span> <span class='ocrx_word' id='word_1_613' title='bbox 3257 1360 3390 1430; x_wconf 78' lang='lat' dir='ltr'><strong>juSIa</strong></span> <span class='ocrx_word' id='word_1_614' title='bbox 3420 1361 3541 1417; x_wconf 80' lang='lat' dir='ltr'><strong>facta</strong></span> <span class='ocrx_word' id='word_1_615' title='bbox 3572 1367 3756 1424; x_wconf 62' lang='lat' dir='ltr'><strong>tandem:</strong></span> 
     </span>
    </p>
   </div>
   <div class='ocr_carea' id='block_1_73' title="bbox 2257 1445 3756 1516">
    <p class='ocr_par' dir='ltr' id='par_1_73' title="bbox 2257 1445 3756 1516">
     <span class='ocr_line' id='line_1_73' title="bbox 2257 1445 3756 1516; baseline 0.011 -20"><span class='ocrx_word' id='word_1_616' title='bbox 2257 1457 2416 1514; x_wconf 77' lang='lat' dir='ltr'><strong>agere</strong></span> <span class='ocrx_word' id='word_1_617' title='bbox 2439 1484 2453 1506; x_wconf 87' lang='lat'><strong>,</strong></span> <span class='ocrx_word' id='word_1_618' title='bbox 2497 1445 2568 1498; x_wconf 89' lang='lat' dir='ltr'><strong>ita</strong></span> <span class='ocrx_word' id='word_1_619' title='bbox 2613 1447 2786 1501; x_wconf 87' lang='lat' dir='ltr'><strong>solent</strong></span> <span class='ocrx_word' id='word_1_620' title='bbox 2820 1449 2944 1501; x_wconf 87' lang='lat' dir='ltr'><strong>mali</strong></span> <span class='ocrx_word' id='word_1_621' title='bbox 2983 1459 3099 1516; x_wconf 88' lang='lat' dir='ltr'><strong>post</strong></span> <span class='ocrx_word' id='word_1_622' title='bbox 3132 1449 3362 1506; x_wconf 86' lang='lat' dir='ltr'><strong>admissa</strong></span> <span class='ocrx_word' id='word_1_623' title='bbox 3385 1454 3566 1508; x_wconf 85' lang='lat' dir='ltr'><strong>scelera</strong></span> <span class='ocrx_word' id='word_1_624' title='bbox 3592 1457 3756 1514; x_wconf 76' lang='lat' dir='ltr'><strong>laudare</strong></span> 
     </span>
    </p>
   </div>
   <div class='ocr_carea' id='block_1_74' title="bbox 2253 1535 3752 1606">
    <p class='ocr_par' dir='ltr' id='par_1_74' title="bbox 2253 1535 3752 1606">
     <span class='ocr_line' id='line_1_74' title="bbox 2253 1535 3752 1606; baseline 0.01 -18"><span class='ocrx_word' id='word_1_625' title='bbox 2253 1547 2395 1590; x_wconf 88' lang='lat' dir='ltr'><strong>sese.</strong></span> <span class='ocrx_word' id='word_1_626' title='bbox 2424 1535 2524 1602; x_wconf 89' lang='lat' dir='ltr'><strong>Qui</strong></span> <span class='ocrx_word' id='word_1_627' title='bbox 2556 1536 2750 1591; x_wconf 89' lang='lat' dir='ltr'><strong>nullius</strong></span> <span class='ocrx_word' id='word_1_628' title='bbox 2786 1539 2984 1606; x_wconf 77' lang='lat' dir='ltr'><strong>peccati</strong></span> <span class='ocrx_word' id='word_1_629' title='bbox 3014 1539 3113 1593; x_wconf 84' lang='lat' dir='ltr'><strong>sibi</strong></span> <span class='ocrx_word' id='word_1_630' title='bbox 3139 1545 3380 1595; x_wconf 90' lang='lat' dir='ltr'><strong>conscius</strong></span> <span class='ocrx_word' id='word_1_631' title='bbox 3409 1553 3537 1606; x_wconf 84' lang='lat' dir='ltr'><strong>erat,</strong></span> <span class='ocrx_word' id='word_1_632' title='bbox 3561 1545 3752 1603; x_wconf 77' lang='lat' dir='ltr'><strong>dicebat:</strong></span> 
     </span>
    </p>
   </div>
   <div class='ocr_carea' id='block_1_75' title="bbox 2254 1623 3756 1701">
    <p class='ocr_par' dir='ltr' id='par_1_75' title="bbox 2254 1623 3756 1701">
     <span class='ocr_line' id='line_1_75' title="bbox 2254 1623 3756 1701; baseline 0.009 -23"><span class='ocrx_word' id='word_1_633' title='bbox 2254 1623 2587 1695; x_wconf 86' lang='lat' dir='ltr'><strong>iniquitatem</strong></span> <span class='ocrx_word' id='word_1_634' title='bbox 2610 1625 2848 1692; x_wconf 76' lang='lat' dir='ltr'><strong>fecimus,</strong></span> <span class='ocrx_word' id='word_1_635' title='bbox 2867 1627 3180 1684; x_wconf 64' lang='lat' dir='ltr'><strong>dederimus</strong></span> <span class='ocrx_word' id='word_1_636' title='bbox 3196 1645 3224 1684; x_wconf 88' lang='lat' dir='ltr'><strong>a</strong></span> <span class='ocrx_word' id='word_1_637' title='bbox 3249 1634 3511 1701; x_wconf 71' lang='lat' dir='ltr'><strong>pmceptis</strong></span> <span class='ocrx_word' id='word_1_638' title='bbox 3532 1636 3646 1699; x_wconf 86' lang='lat' dir='ltr'><strong>tuis;</strong></span> <span class='ocrx_word' id='word_1_639' title='bbox 3662 1651 3756 1690; x_wconf 81' lang='lat' dir='ltr'><strong>con-</strong></span> 
     </span>
    </p>
   </div>
   <div class='ocr_carea' id='block_1_76' title="bbox 2255 1717 3755 1792">
    <p class='ocr_par' dir='ltr' id='par_1_76' title="bbox 2255 1717 3755 1792">
     <span class='ocr_line' id='line_1_76' title="bbox 2255 1717 3755 1792; baseline 0.008 -25"><span class='ocrx_word' id='word_1_640' title='bbox 2255 1723 2366 1781; x_wconf 89' lang='lat' dir='ltr'><strong>tra,</strong></span> <span class='ocrx_word' id='word_1_641' title='bbox 2397 1717 2485 1786; x_wconf 91' lang='lat' dir='ltr'><strong>qui</strong></span> <span class='ocrx_word' id='word_1_642' title='bbox 2515 1717 2980 1773; x_wconf 86' lang='lat' dir='ltr'><strong>innumerabilium</strong></span> <span class='ocrx_word' id='word_1_643' title='bbox 3015 1719 3149 1775; x_wconf 75' lang='lat' dir='ltr'><strong>lavin</strong></span> <span class='ocrx_word' id='word_1_644' title='bbox 3189 1737 3305 1774; x_wconf 92' lang='lat' dir='ltr'><strong>rum</strong></span> <span class='ocrx_word' id='word_1_645' title='bbox 3336 1723 3755 1792; x_wconf 79' lang='lat' dir='ltr'><strong>sibiconsciierant,</strong></span> 
     </span>
    </p>
   </div>
   <div class='ocr_carea' id='block_1_77' title="bbox 2252 1801 3760 1881">
    <p class='ocr_par' dir='ltr' id='par_1_77' title="bbox 2252 1801 3760 1881">
     <span class='ocr_line' id='line_1_77' title="bbox 2252 1801 3760 1881; baseline 0.008 -23"><span class='ocrx_word' id='word_1_646' title='bbox 2252 1803 2530 1861; x_wconf 80' lang='lat' dir='ltr'><strong>dicebant:</strong></span> <span class='ocrx_word' id='word_1_647' title='bbox 2561 1801 2874 1857; x_wconf 79' lang='lat' dir='ltr'><strong>servavimus</strong></span> <span class='ocrx_word' id='word_1_648' title='bbox 2905 1813 3166 1871; x_wconf 73' lang='lat' dir='ltr'><strong>prtecepta</strong></span> <span class='ocrx_word' id='word_1_649' title='bbox 3185 1816 3302 1859; x_wconf 87' lang='lat' dir='ltr'><strong>tua.</strong></span> <span class='ocrx_word' id='word_1_650' title='bbox 3337 1814 3497 1881; x_wconf 78' lang='lat' dir='ltr'><strong>Atque</strong></span> <span class='ocrx_word' id='word_1_651' title='bbox 3515 1813 3612 1870; x_wconf 77' lang='lat' dir='ltr'><strong>hzec</strong></span> <span class='ocrx_word' id='word_1_652' title='bbox 3632 1831 3683 1871; x_wconf 87' lang='lat' dir='ltr'><strong>eo</strong></span> <span class='ocrx_word' id='word_1_653' title='bbox 3703 1819 3760 1870; x_wconf 82' lang='lat' dir='ltr'><strong>lo-</strong></span> 
     </span>
    </p>
   </div>
   <div class='ocr_carea' id='block_1_78' title="bbox 2251 1898 3570 1966">
    <p class='ocr_par' dir='ltr' id='par_1_78' title="bbox 2251 1898 3570 1966">
     <span class='ocr_line' id='line_1_78' title="bbox 2251 1898 3570 1966; baseline 0.005 -17"><span class='ocrx_word' id='word_1_654' title='bbox 2251 1909 2408 1966; x_wconf 89' lang='lat' dir='ltr'><strong>quor,</strong></span> <span class='ocrx_word' id='word_1_655' title='bbox 2436 1906 2494 1951; x_wconf 92' lang='lat' dir='ltr'><strong>ut</strong></span> <span class='ocrx_word' id='word_1_656' title='bbox 2517 1898 2746 1952; x_wconf 88' lang='lat' dir='ltr'><strong>alterum</strong></span> <span class='ocrx_word' id='word_1_657' title='bbox 2776 1899 3027 1966; x_wconf 86' lang='lat' dir='ltr'><strong>vitemus,</strong></span> <span class='ocrx_word' id='word_1_658' title='bbox 3052 1901 3284 1966; x_wconf 80' lang='lat' dir='ltr'><strong>alterum</strong></span> <span class='ocrx_word' id='word_1_659' title='bbox 3309 1902 3570 1957; x_wconf 87' lang='lat' dir='ltr'><strong>imitemur.</strong></span> 
     </span>
    </p>
   </div>
   <div class='ocr_carea' id='block_1_79' title="bbox 2323 1987 3764 2064">
    <p class='ocr_par' dir='ltr' id='par_1_79' title="bbox 2323 1987 3764 2064">
     <span class='ocr_line' id='line_1_79' title="bbox 2323 1987 3764 2064; baseline 0.005 -20"><span class='ocrx_word' id='word_1_660' title='bbox 2323 1987 2374 2044; x_wconf 85' lang='lat'><strong>6.</strong></span> <span class='ocrx_word' id='word_1_661' title='bbox 2409 1987 2507 2044; x_wconf 86' lang='lat' dir='ltr'><strong>Dei</strong></span> <span class='ocrx_word' id='word_1_662' title='bbox 2549 1991 2673 2044; x_wconf 90' lang='lat' dir='ltr'><strong>ultio</strong></span> <span class='ocrx_word' id='word_1_663' title='bbox 2699 1991 2753 2045; x_wconf 89' lang='lat' dir='ltr'><strong>in</strong></span> <span class='ocrx_word' id='word_1_664' title='bbox 2789 1990 3017 2045; x_wconf 70' lang='lat' dir='ltr'><strong>Juda&#39;os.</strong></span> <span class='ocrx_word' id='word_1_665' title='bbox 3050 2022 3121 2040; x_wconf 68' lang='grc' dir='ltr'><strong>-ν</strong></span> <span class='ocrx_word' id='word_1_666' title='bbox 3145 1992 3274 2046; x_wconf 81' lang='lat' dir='ltr'><strong>Post</strong></span> <span class='ocrx_word' id='word_1_667' title='bbox 3303 1995 3413 2048; x_wconf 57' lang='lat' dir='ltr'><strong>haec</strong></span> <span class='ocrx_word' id='word_1_668' title='bbox 3433 1996 3648 2064; x_wconf 71' lang='lat' dir='ltr'><strong>«pteniam</strong></span> <span class='ocrx_word' id='word_1_669' title='bbox 3671 1997 3764 2051; x_wconf 86' lang='lat' dir='ltr'><strong>atti-</strong></span> 
     </span>
    </p>
   </div>
   <div class='ocr_carea' id='block_1_80' title="bbox 2249 2080 3762 2154">
    <p class='ocr_par' dir='ltr' id='par_1_80' title="bbox 2249 2080 3762 2154">
     <span class='ocr_line' id='line_1_80' title="bbox 2249 2080 3762 2154; baseline 0.005 -22"><span class='ocrx_word' id='word_1_670' title='bbox 2249 2088 2400 2148; x_wconf 78' lang='lat' dir='ltr'><strong>gerat</strong></span> <span class='ocrx_word' id='word_1_671' title='bbox 2426 2080 2632 2134; x_wconf 91' lang='lat' dir='ltr'><strong>illorum</strong></span> <span class='ocrx_word' id='word_1_672' title='bbox 2661 2089 2871 2150; x_wconf 85' lang='lat' dir='ltr'><strong>peccata</strong></span> <span class='ocrx_word' id='word_1_673' title='bbox 2903 2122 2916 2146; x_wconf 92' lang='lat'><strong>,</strong></span> <span class='ocrx_word' id='word_1_674' title='bbox 2960 2092 3134 2136; x_wconf 88' lang='lat' dir='ltr'><strong>narrat</strong></span> <span class='ocrx_word' id='word_1_675' title='bbox 3167 2093 3222 2138; x_wconf 90' lang='lat' dir='ltr'><strong>et</strong></span> <span class='ocrx_word' id='word_1_676' title='bbox 3255 2099 3456 2154; x_wconf 69' lang='lat' dir='ltr'><strong>pinnam</strong></span> <span class='ocrx_word' id='word_1_677' title='bbox 3481 2101 3618 2154; x_wconf 87' lang='lat' dir='ltr'><strong>quam</strong></span> <span class='ocrx_word' id='word_1_678' title='bbox 3640 2085 3762 2140; x_wconf 82' lang='lat' dir='ltr'><strong>dede-</strong></span> 
     </span>
    </p>
   </div>
   <div class='ocr_carea' id='block_1_81' title="bbox 2253 2171 3764 2236">
    <p class='ocr_par' dir='ltr' id='par_1_81' title="bbox 2253 2171 3764 2236">
     <span class='ocr_line' id='line_1_81' title="bbox 2253 2171 3764 2236; baseline 0.007 -13"><span class='ocrx_word' id='word_1_679' title='bbox 2253 2179 2396 2236; x_wconf 88' lang='lat' dir='ltr'><strong>runt,</strong></span> <span class='ocrx_word' id='word_1_680' title='bbox 2423 2181 2478 2226; x_wconf 91' lang='lat' dir='ltr'><strong>et</strong></span> <span class='ocrx_word' id='word_1_681' title='bbox 2504 2187 2569 2226; x_wconf 77' lang='lat' dir='ltr'><strong>ex</strong></span> <span class='ocrx_word' id='word_1_682' title='bbox 2600 2171 2700 2228; x_wconf 91' lang='lat' dir='ltr'><strong>hoc</strong></span> <span class='ocrx_word' id='word_1_683' title='bbox 2731 2174 2895 2228; x_wconf 89' lang='lat' dir='ltr'><strong>Deum</strong></span> <span class='ocrx_word' id='word_1_684' title='bbox 2922 2174 2988 2228; x_wconf 88' lang='lat' dir='ltr'><strong>ad</strong></span> <span class='ocrx_word' id='word_1_685' title='bbox 3020 2175 3434 2230; x_wconf 81' lang='lat' dir='ltr'><strong>misericordiam</strong></span> <span class='ocrx_word' id='word_1_686' title='bbox 3461 2193 3677 2232; x_wconf 80' lang='lat' dir='ltr'><strong>revocare</strong></span> <span class='ocrx_word' id='word_1_687' title='bbox 3695 2194 3764 2234; x_wconf 83' lang='lat' dir='ltr'><strong>cu-</strong></span> 
     </span>
    </p>
   </div>
   <div class='ocr_carea' id='block_1_82' title="bbox 2256 2261 3768 2338">
    <p class='ocr_par' dir='ltr' id='par_1_82' title="bbox 2256 2261 3768 2338">
     <span class='ocr_line' id='line_1_82' title="bbox 2256 2261 3768 2338; baseline 0.005 -27"><span class='ocrx_word' id='word_1_688' title='bbox 2256 2261 2404 2329; x_wconf 79' lang='lat' dir='ltr'><strong>piens</strong></span> <span class='ocrx_word' id='word_1_689' title='bbox 2426 2263 2503 2317; x_wconf 87' lang='lat' dir='ltr'><strong>ait</strong></span> <span class='ocrx_word' id='word_1_690' title='bbox 2527 2281 2538 2316; x_wconf 94' lang='lat'><strong>:</strong></span> <span class='ocrx_word' id='word_1_691' title='bbox 2568 2261 2631 2316; x_wconf 75' lang='lat' dir='ltr'><strong>Et</strong></span> <span class='ocrx_word' id='word_1_692' title='bbox 2653 2264 2782 2316; x_wconf 79' lang='lat' dir='ltr'><strong>venit</strong></span> <span class='ocrx_word' id='word_1_693' title='bbox 2809 2280 2961 2332; x_wconf 86' lang='lat' dir='ltr'><strong>super</strong></span> <span class='ocrx_word' id='word_1_694' title='bbox 2989 2281 3083 2318; x_wconf 90' lang='lat' dir='ltr'><strong>nos</strong></span> <span class='ocrx_word' id='word_1_695' title='bbox 3105 2267 3405 2330; x_wconf 76' lang='lat' dir='ltr'><strong>maledictio,</strong></span> <span class='ocrx_word' id='word_1_696' title='bbox 3434 2285 3536 2338; x_wconf 69' lang='lat' dir='ltr'><strong>qua:</strong></span> <span class='ocrx_word' id='word_1_697' title='bbox 3552 2269 3702 2337; x_wconf 86' lang='lat' dir='ltr'><strong>scripta</strong></span> <span class='ocrx_word' id='word_1_698' title='bbox 3715 2276 3768 2321; x_wconf 74' lang='lat' dir='ltr'><strong>ett</strong></span> 
     </span>
    </p>
   </div>
   <div class='ocr_carea' id='block_1_83' title="bbox 2251 2350 3769 2425">
    <p class='ocr_par' dir='ltr' id='par_1_83' title="bbox 2251 2350 3769 2425">
     <span class='ocr_line' id='line_1_83' title="bbox 2251 2350 3769 2425; baseline 0.005 -22"><span class='ocrx_word' id='word_1_699' title='bbox 2251 2352 2304 2404; x_wconf 84' lang='lat' dir='ltr'><strong>in</strong></span> <span class='ocrx_word' id='word_1_700' title='bbox 2332 2350 2440 2420; x_wconf 85' lang='lat' dir='ltr'><strong>lege</strong></span> <span class='ocrx_word' id='word_1_701' title='bbox 2466 2351 2626 2405; x_wconf 80' lang='lat' dir='ltr'><strong>Mosis</strong></span> <span class='ocrx_word' id='word_1_702' title='bbox 2653 2355 2781 2406; x_wconf 90' lang='lat' dir='ltr'><strong>servi</strong></span> <span class='ocrx_word' id='word_1_703' title='bbox 2810 2353 2907 2407; x_wconf 89' lang='lat' dir='ltr'><strong>Dei</strong></span> <span class='ocrx_word' id='word_1_704' title='bbox 2925 2396 2938 2418; x_wconf 93' lang='lat'><strong>,</strong></span> <span class='ocrx_word' id='word_1_705' title='bbox 2967 2356 3085 2423; x_wconf 86' lang='lat' dir='ltr'><strong>quia</strong></span> <span class='ocrx_word' id='word_1_706' title='bbox 3114 2359 3444 2424; x_wconf 82' lang='lat' dir='ltr'><strong>peccavimus.</strong></span> <span class='ocrx_word' id='word_1_707' title='bbox 3473 2359 3690 2425; x_wconf 68' lang='lat' dir='ltr'><strong>Qumnam</strong></span> <span class='ocrx_word' id='word_1_708' title='bbox 3709 2368 3769 2412; x_wconf 88' lang='lat' dir='ltr'><strong>est</strong></span> 
     </span>
    </p>
   </div>
   <div class='ocr_carea' id='block_1_84' title="bbox 2256 2443 3768 2516">
    <p class='ocr_par' dir='ltr' id='par_1_84' title="bbox 2256 2443 3768 2516">
     <span class='ocr_line' id='line_1_84' title="bbox 2256 2443 3768 2516; baseline 0.005 -22"><span class='ocrx_word' id='word_1_709' title='bbox 2256 2443 2352 2497; x_wconf 87' lang='lat' dir='ltr'><strong>ista</strong></span> <span class='ocrx_word' id='word_1_710' title='bbox 2374 2444 2710 2498; x_wconf 76' lang='lat' dir='ltr'><strong>exsecratio?</strong></span> <span class='ocrx_word' id='word_1_711' title='bbox 2741 2444 2978 2501; x_wconf 84' lang='lat' dir='ltr'><strong>Voltisne</strong></span> <span class='ocrx_word' id='word_1_712' title='bbox 3007 2445 3250 2516; x_wconf 74' lang='lat' dir='ltr'><strong>legamus</strong></span> <span class='ocrx_word' id='word_1_713' title='bbox 3278 2449 3451 2503; x_wconf 85' lang='lat' dir='ltr'><strong>illam?</strong></span> <span class='ocrx_word' id='word_1_714' title='bbox 3475 2449 3580 2503; x_wconf 82' lang='lat' dir='ltr'><strong>Nisi</strong></span> <span class='ocrx_word' id='word_1_715' title='bbox 3601 2450 3768 2504; x_wconf 76' lang='lat' dir='ltr'><strong>serrieri</strong></span> 
     </span>
    </p>
   </div>
   <div class='ocr_carea' id='block_1_85' title="bbox 2261 2533 3772 2610">
    <p class='ocr_par' dir='ltr' id='par_1_85' title="bbox 2261 2533 3772 2610">
     <span class='ocr_line' id='line_1_85' title="bbox 2261 2533 3772 2610; baseline 0.003 -23"><span class='ocrx_word' id='word_1_716' title='bbox 2261 2535 2343 2598; x_wconf 90' lang='lat' dir='ltr'><strong>tis,</strong></span> <span class='ocrx_word' id='word_1_717' title='bbox 2369 2535 2558 2604; x_wconf 89' lang='lat' dir='ltr'><strong>inquit,</strong></span> <span class='ocrx_word' id='word_1_718' title='bbox 2592 2533 2810 2589; x_wconf 87' lang='lat' dir='ltr'><strong>Domino</strong></span> <span class='ocrx_word' id='word_1_719' title='bbox 2837 2535 2942 2589; x_wconf 92' lang='lat' dir='ltr'><strong>Deo</strong></span> <span class='ocrx_word' id='word_1_720' title='bbox 2965 2548 3146 2602; x_wconf 87' lang='lat' dir='ltr'><strong>vestro,</strong></span> <span class='ocrx_word' id='word_1_721' title='bbox 3170 2539 3410 2593; x_wconf 85' lang='lat' dir='ltr'><strong>inducam</strong></span> <span class='ocrx_word' id='word_1_722' title='bbox 3435 2557 3571 2610; x_wconf 86' lang='lat' dir='ltr'><strong>super</strong></span> <span class='ocrx_word' id='word_1_723' title='bbox 3589 2556 3660 2594; x_wconf 78' lang='lat' dir='ltr'><strong>vos</strong></span> <span class='ocrx_word' id='word_1_724' title='bbox 3678 2556 3772 2610; x_wconf 81' lang='lat' dir='ltr'><strong>gen-</strong></span> 
     </span>
    </p>
   </div>
   <div class='ocr_carea' id='block_1_86' title="bbox 2253 2625 3771 2700">
    <p class='ocr_par' dir='ltr' id='par_1_86' title="bbox 2253 2625 3771 2700">
     <span class='ocr_line' id='line_1_86' title="bbox 2253 2625 3771 2700; baseline 0.003 -22"><span class='ocrx_word' id='word_1_725' title='bbox 2253 2635 2349 2679; x_wconf 91' lang='lat' dir='ltr'><strong>tem</strong></span> <span class='ocrx_word' id='word_1_726' title='bbox 2371 2625 2733 2695; x_wconf 87' lang='lat' dir='ltr'><strong>impudeutem,</strong></span> <span class='ocrx_word' id='word_1_727' title='bbox 2759 2635 2805 2680; x_wconf 90' lang='lat' dir='ltr'><strong>et</strong></span> <span class='ocrx_word' id='word_1_728' title='bbox 2830 2643 2929 2682; x_wconf 75' lang='lat' dir='ltr'><strong>non</strong></span> <span class='ocrx_word' id='word_1_729' title='bbox 2950 2627 3290 2700; x_wconf 84' lang='lat' dir='ltr'><strong>intelligentes</strong></span> <span class='ocrx_word' id='word_1_730' title='bbox 3305 2646 3465 2684; x_wconf 75' lang='lat' dir='ltr'><strong>vocem</strong></span> <span class='ocrx_word' id='word_1_731' title='bbox 3489 2632 3626 2694; x_wconf 83' lang='lat' dir='ltr'><strong>illius,</strong></span> <span class='ocrx_word' id='word_1_732' title='bbox 3645 2640 3680 2683; x_wconf 78' lang='lat' dir='ltr'><strong>et</strong></span> <span class='ocrx_word' id='word_1_733' title='bbox 3697 2631 3771 2682; x_wconf 89' lang='lat' dir='ltr'><strong>eri-</strong></span> 
     </span>
    </p>
   </div>
   <div class='ocr_carea' id='block_1_87' title="bbox 2257 2715 3773 2791">
    <p class='ocr_par' dir='ltr' id='par_1_87' title="bbox 2257 2715 3773 2791">
     <span class='ocr_line' id='line_1_87' title="bbox 2257 2715 3773 2791; baseline 0 -21"><span class='ocrx_word' id='word_1_734' title='bbox 2257 2717 2320 2771; x_wconf 89' lang='lat' dir='ltr'><strong>tis</strong></span> <span class='ocrx_word' id='word_1_735' title='bbox 2348 2733 2556 2771; x_wconf 78' lang='lat' dir='ltr'><strong>numero</strong></span> <span class='ocrx_word' id='word_1_736' title='bbox 2586 2717 2736 2786; x_wconf 88' lang='lat' dir='ltr'><strong>pauci</strong></span> <span class='ocrx_word' id='word_1_737' title='bbox 2763 2715 2952 2789; x_wconf 88' lang='lat' dir='ltr'><strong>(Deut.</strong></span> <span class='ocrx_word' id='word_1_738' title='bbox 2979 2718 3068 2774; x_wconf 74' lang='lat'><strong>28.</strong></span> <span class='ocrx_word' id='word_1_739' title='bbox 3095 2719 3183 2774; x_wconf 69' lang='lat'><strong>49.</strong></span> <span class='ocrx_word' id='word_1_740' title='bbox 3209 2720 3336 2791; x_wconf 83' lang='lat'><strong>50).</strong></span> <span class='ocrx_word' id='word_1_741' title='bbox 3368 2721 3471 2775; x_wconf 81' lang='lat' dir='ltr'><strong>Hoc</strong></span> <span class='ocrx_word' id='word_1_742' title='bbox 3495 2719 3615 2775; x_wconf 85' lang='lat' dir='ltr'><strong>idem</strong></span> <span class='ocrx_word' id='word_1_743' title='bbox 3637 2718 3773 2773; x_wconf 83' lang='lat' dir='ltr'><strong>decla-</strong></span> 
     </span>
    </p>
   </div>
   <div class='ocr_carea' id='block_1_88' title="bbox 2253 2807 3774 2880">
    <p class='ocr_par' dir='ltr' id='par_1_88' title="bbox 2253 2807 3774 2880">
     <span class='ocr_line' id='line_1_88' title="bbox 2253 2807 3774 2880; baseline 0 -19"><span class='ocrx_word' id='word_1_744' title='bbox 2253 2815 2430 2862; x_wconf 87' lang='lat' dir='ltr'><strong>rantes</strong></span> <span class='ocrx_word' id='word_1_745' title='bbox 2470 2815 2579 2862; x_wconf 88' lang='lat' dir='ltr'><strong>tres</strong></span> <span class='ocrx_word' id='word_1_746' title='bbox 2608 2807 2681 2861; x_wconf 90' lang='lat' dir='ltr'><strong>illi</strong></span> <span class='ocrx_word' id='word_1_747' title='bbox 2723 2808 2911 2877; x_wconf 90' lang='lat' dir='ltr'><strong>pueri,</strong></span> <span class='ocrx_word' id='word_1_748' title='bbox 2955 2810 3238 2880; x_wconf 86' lang='lat' dir='ltr'><strong>palamque</strong></span> <span class='ocrx_word' id='word_1_749' title='bbox 3276 2811 3518 2866; x_wconf 80' lang='lat' dir='ltr'><strong>facientes</strong></span> <span class='ocrx_word' id='word_1_750' title='bbox 3542 2853 3556 2877; x_wconf 94' lang='lat'><strong>,</strong></span> <span class='ocrx_word' id='word_1_751' title='bbox 3589 2809 3702 2879; x_wconf 88' lang='lat' dir='ltr'><strong>quod</strong></span> <span class='ocrx_word' id='word_1_752' title='bbox 3722 2809 3774 2861; x_wconf 91' lang='lat' dir='ltr'><strong>ob</strong></span> 
     </span>
    </p>
   </div>
   <div class='ocr_carea' id='block_1_89' title="bbox 2253 2897 3775 2970">
    <p class='ocr_par' dir='ltr' id='par_1_89' title="bbox 2253 2897 3775 2970">
     <span class='ocr_line' id='line_1_89' title="bbox 2253 2897 3775 2970; baseline 0.001 -21"><span class='ocrx_word' id='word_1_753' title='bbox 2253 2897 2489 2964; x_wconf 84' lang='lat' dir='ltr'><strong>ipsorqu</strong></span> <span class='ocrx_word' id='word_1_754' title='bbox 2521 2905 2734 2965; x_wconf 82' lang='lat' dir='ltr'><strong>peccata</strong></span> <span class='ocrx_word' id='word_1_755' title='bbox 2777 2898 3059 2954; x_wconf 71' lang='lat' dir='ltr'><strong>accidisset</strong></span> <span class='ocrx_word' id='word_1_756' title='bbox 3099 2900 3201 2954; x_wconf 91' lang='lat' dir='ltr'><strong>hoc</strong></span> <span class='ocrx_word' id='word_1_757' title='bbox 3248 2901 3483 2956; x_wconf 69' lang='lat' dir='ltr'><strong>vindicta</strong></span> <span class='ocrx_word' id='word_1_758' title='bbox 3519 2915 3664 2970; x_wconf 73' lang='lat' dir='ltr'><strong>genus</strong></span> <span class='ocrx_word' id='word_1_759' title='bbox 3687 2941 3700 2964; x_wconf 93' lang='lat'><strong>,</strong></span> <span class='ocrx_word' id='word_1_760' title='bbox 3733 2906 3775 2952; x_wconf 85' lang='lat' dir='ltr'><strong>et</strong></span> 
     </span>
    </p>
   </div>
   <div class='ocr_carea' id='block_1_90' title="bbox 2253 2988 3776 3061">
    <p class='ocr_par' dir='ltr' id='par_1_90' title="bbox 2253 2988 3776 3061">
     <span class='ocr_line' id='line_1_90' title="bbox 2253 2988 3776 3061; baseline 0.001 -19"><span class='ocrx_word' id='word_1_761' title='bbox 2253 2988 2352 3058; x_wconf 86' lang='lat' dir='ltr'><strong>ipsi</strong></span> <span class='ocrx_word' id='word_1_762' title='bbox 2384 3005 2480 3058; x_wconf 91' lang='lat' dir='ltr'><strong>pro</strong></span> <span class='ocrx_word' id='word_1_763' title='bbox 2505 2990 2873 3045; x_wconf 86' lang='lat' dir='ltr'><strong>communibus</strong></span> <span class='ocrx_word' id='word_1_764' title='bbox 2900 2992 3130 3060; x_wconf 84' lang='lat' dir='ltr'><strong>peccatis</strong></span> <span class='ocrx_word' id='word_1_765' title='bbox 3156 2993 3539 3049; x_wconf 78' lang='lat' dir='ltr'><strong>confessionem</strong></span> <span class='ocrx_word' id='word_1_766' title='bbox 3566 2995 3656 3047; x_wconf 88' lang='lat' dir='ltr'><strong>Deo</strong></span> <span class='ocrx_word' id='word_1_767' title='bbox 3677 3005 3776 3061; x_wconf 83' lang='lat' dir='ltr'><strong>pro-</strong></span> 
     </span>
    </p>
   </div>
   <div class='ocr_carea' id='block_1_91' title="bbox 2254 3077 3774 3139">
    <p class='ocr_par' dir='ltr' id='par_1_91' title="bbox 2254 3077 3774 3139">
     <span class='ocr_line' id='line_1_91' title="bbox 2254 3077 3774 3139; baseline 0.001 -9"><span class='ocrx_word' id='word_1_768' title='bbox 2254 3077 2483 3135; x_wconf 86' lang='lat' dir='ltr'><strong>lerentes</strong></span> <span class='ocrx_word' id='word_1_769' title='bbox 2522 3078 2770 3134; x_wconf 84' lang='lat' dir='ltr'><strong>dicebant</strong></span> <span class='ocrx_word' id='word_1_770' title='bbox 2803 3097 2816 3134; x_wconf 89' lang='lat'>:</span> <span class='ocrx_word' id='word_1_771' title='bbox 2849 3079 3124 3136; x_wconf 85' lang='lat' dir='ltr'><strong>Tradidiin</strong></span> <span class='ocrx_word' id='word_1_772' title='bbox 3167 3100 3265 3138; x_wconf 84' lang='lat' dir='ltr'><strong>nos</strong></span> <span class='ocrx_word' id='word_1_773' title='bbox 3307 3085 3360 3139; x_wconf 88' lang='lat' dir='ltr'><strong>in</strong></span> <span class='ocrx_word' id='word_1_774' title='bbox 3402 3099 3568 3136; x_wconf 78' lang='lat' dir='ltr'><strong>atauus</strong></span> <span class='ocrx_word' id='word_1_775' title='bbox 3599 3086 3774 3136; x_wconf 70' lang='lat' dir='ltr'><strong>hostium</strong></span> 
     </span>
    </p>
   </div>
   <div class='ocr_carea' id='block_1_92' title="bbox 2254 3170 3778 3244">
    <p class='ocr_par' dir='ltr' id='par_1_92' title="bbox 2254 3170 3778 3244">
     <span class='ocr_line' id='line_1_92' title="bbox 2254 3170 3778 3244; baseline -0.001 -20"><span class='ocrx_word' id='word_1_776' title='bbox 2254 3170 2545 3240; x_wconf 68' lang='lat' dir='ltr'><strong>impiorum,</strong></span> <span class='ocrx_word' id='word_1_777' title='bbox 2574 3171 3033 3226; x_wconf 81' lang='lat' dir='ltr'><strong>inimicissimorum</strong></span> <span class='ocrx_word' id='word_1_778' title='bbox 3059 3173 3371 3228; x_wconf 79' lang='lat' dir='ltr'><strong>desertorum</strong></span> <span class='ocrx_word' id='word_1_779' title='bbox 3393 3217 3410 3242; x_wconf 91' lang='lat'><strong>,</strong></span> <span class='ocrx_word' id='word_1_780' title='bbox 3436 3191 3494 3228; x_wconf 86' lang='lat' dir='ltr'><strong>ac</strong></span> <span class='ocrx_word' id='word_1_781' title='bbox 3516 3174 3608 3244; x_wconf 82' lang='lat' dir='ltr'><strong>regi</strong></span> <span class='ocrx_word' id='word_1_782' title='bbox 3629 3173 3778 3242; x_wconf 63' lang='lat' dir='ltr'><strong>injuste</strong></span> 
     </span>
    </p>
   </div>
   <div class='ocr_carea' id='block_1_93' title="bbox 2257 3261 3778 3338">
    <p class='ocr_par' dir='ltr' id='par_1_93' title="bbox 2257 3261 3778 3338">
     <span class='ocr_line' id='line_1_93' title="bbox 2257 3261 3778 3338; baseline -0.002 -22"><span class='ocrx_word' id='word_1_783' title='bbox 2257 3273 2307 3318; x_wconf 90' lang='lat' dir='ltr'><strong>et</strong></span> <span class='ocrx_word' id='word_1_784' title='bbox 2331 3262 2714 3317; x_wconf 84' lang='lat' dir='ltr'><strong>sceleratissimo</strong></span> <span class='ocrx_word' id='word_1_785' title='bbox 2760 3261 2894 3317; x_wconf 85' lang='lat' dir='ltr'><strong>ultra</strong></span> <span class='ocrx_word' id='word_1_786' title='bbox 2917 3280 3116 3318; x_wconf 87' lang='lat' dir='ltr'><strong>omnem</strong></span> <span class='ocrx_word' id='word_1_787' title='bbox 3143 3275 3331 3320; x_wconf 86' lang='lat' dir='ltr'><strong>terram</strong></span> <span class='ocrx_word' id='word_1_788' title='bbox 3362 3265 3478 3338; x_wconf 90' lang='lat' dir='ltr'><strong>(lb.</strong></span> <span class='ocrx_word' id='word_1_789' title='bbox 3521 3281 3566 3318; x_wconf 90' lang='lat' dir='ltr'><strong>v.</strong></span> <span class='ocrx_word' id='word_1_790' title='bbox 3593 3264 3688 3334; x_wconf 66' lang='grc' dir='ltr'><strong>δε).</strong></span> <span class='ocrx_word' id='word_1_791' title='bbox 3708 3261 3778 3316; x_wconf 80' lang='lat' dir='ltr'><strong>Vi-</strong></span> 
     </span>
    </p>
   </div>
   <div class='ocr_carea' id='block_1_94' title="bbox 2259 3353 3782 3428">
    <p class='ocr_par' dir='ltr' id='par_1_94' title="bbox 2259 3353 3782 3428">
     <span class='ocr_line' id='line_1_94' title="bbox 2259 3353 3782 3428; baseline -0.001 -20"><span class='ocrx_word' id='word_1_792' title='bbox 2259 3353 2376 3420; x_wconf 84' lang='lat' dir='ltr'><strong>des,</strong></span> <span class='ocrx_word' id='word_1_793' title='bbox 2405 3353 2720 3423; x_wconf 89' lang='lat' dir='ltr'><strong>completam</strong></span> <span class='ocrx_word' id='word_1_794' title='bbox 2745 3368 2866 3409; x_wconf 89' lang='lat' dir='ltr'><strong>esse</strong></span> <span class='ocrx_word' id='word_1_795' title='bbox 2895 3355 3324 3411; x_wconf 89' lang='lat' dir='ltr'><strong>maledictionem</strong></span> <span class='ocrx_word' id='word_1_796' title='bbox 3346 3374 3462 3428; x_wconf 66' lang='lat' dir='ltr'><strong>qua:</strong></span> <span class='ocrx_word' id='word_1_797' title='bbox 3484 3357 3635 3412; x_wconf 89' lang='lat' dir='ltr'><strong>dicit:</strong></span> <span class='ocrx_word' id='word_1_798' title='bbox 3662 3354 3782 3409; x_wconf 76' lang='lat' dir='ltr'><strong>Erilis</strong></span> 
     </span>
    </p>
   </div>
   <div class='ocr_carea' id='block_1_95' title="bbox 2253 3445 3780 3515">
    <p class='ocr_par' dir='ltr' id='par_1_95' title="bbox 2253 3445 3780 3515">
     <span class='ocr_line' id='line_1_95' title="bbox 2253 3445 3780 3515; baseline -0.003 -16"><span class='ocrx_word' id='word_1_799' title='bbox 2253 3459 2460 3499; x_wconf 79' lang='lat' dir='ltr'><strong>nuntero</strong></span> <span class='ocrx_word' id='word_1_800' title='bbox 2481 3445 2648 3514; x_wconf 81' lang='lat' dir='ltr'><strong>pauci.</strong></span> <span class='ocrx_word' id='word_1_801' title='bbox 2673 3445 2877 3500; x_wconf 83' lang='lat' dir='ltr'><strong>Rursus</strong></span> <span class='ocrx_word' id='word_1_802' title='bbox 2895 3446 3036 3515; x_wconf 85' lang='lat' dir='ltr'><strong>quod</strong></span> <span class='ocrx_word' id='word_1_803' title='bbox 3055 3446 3185 3502; x_wconf 85' lang='lat' dir='ltr'><strong>dicit</strong></span> <span class='ocrx_word' id='word_1_804' title='bbox 3216 3466 3230 3502; x_wconf 90' lang='lat'><strong>:</strong></span> <span class='ocrx_word' id='word_1_805' title='bbox 3254 3448 3508 3501; x_wconf 81' lang='lat' dir='ltr'><strong>Adducam</strong></span> <span class='ocrx_word' id='word_1_806' title='bbox 3527 3448 3573 3500; x_wconf 81' lang='lat' dir='ltr'><strong>in</strong></span> <span class='ocrx_word' id='word_1_807' title='bbox 3599 3463 3669 3499; x_wconf 85' lang='lat' dir='ltr'><strong>vos</strong></span> <span class='ocrx_word' id='word_1_808' title='bbox 3683 3461 3780 3514; x_wconf 82' lang='lat' dir='ltr'><strong>geu-</strong></span> 
     </span>
    </p>
   </div>
   <div class='ocr_carea' id='block_1_96' title="bbox 2253 3535 3784 3606">
    <p class='ocr_par' dir='ltr' id='par_1_96' title="bbox 2253 3535 3784 3606">
     <span class='ocr_line' id='line_1_96' title="bbox 2253 3535 3784 3606; baseline -0.001 -19"><span class='ocrx_word' id='word_1_809' title='bbox 2253 3544 2350 3589; x_wconf 88' lang='lat' dir='ltr'><strong>tem</strong></span> <span class='ocrx_word' id='word_1_810' title='bbox 2378 3535 2717 3606; x_wconf 81' lang='lat' dir='ltr'><strong>impudentem</strong></span> <span class='ocrx_word' id='word_1_811' title='bbox 2741 3576 2757 3601; x_wconf 94' lang='lat'><strong>,</strong></span> <span class='ocrx_word' id='word_1_812' title='bbox 2800 3535 3026 3605; x_wconf 89' lang='lat' dir='ltr'><strong>idipsum</strong></span> <span class='ocrx_word' id='word_1_813' title='bbox 3053 3546 3108 3592; x_wconf 86' lang='lat' dir='ltr'><strong>et</strong></span> <span class='ocrx_word' id='word_1_814' title='bbox 3138 3537 3328 3594; x_wconf 81' lang='lat' dir='ltr'><strong>Daniel</strong></span> <span class='ocrx_word' id='word_1_815' title='bbox 3356 3538 3441 3593; x_wconf 87' lang='lat' dir='ltr'><strong>hic</strong></span> <span class='ocrx_word' id='word_1_816' title='bbox 3467 3547 3599 3593; x_wconf 86' lang='lat' dir='ltr'><strong>recte</strong></span> <span class='ocrx_word' id='word_1_817' title='bbox 3623 3537 3784 3606; x_wconf 74' lang='lat' dir='ltr'><strong>signiti-</strong></span> 
     </span>
    </p>
   </div>
   <div class='ocr_carea' id='block_1_97' title="bbox 2253 3625 3780 3700">
    <p class='ocr_par' dir='ltr' id='par_1_97' title="bbox 2253 3625 3780 3700">
     <span class='ocr_line' id='line_1_97' title="bbox 2253 3625 3780 3700; baseline -0.002 -19"><span class='ocrx_word' id='word_1_818' title='bbox 2253 3641 2404 3692; x_wconf 85' lang='lat' dir='ltr'><strong>cans,</strong></span> <span class='ocrx_word' id='word_1_819' title='bbox 2436 3627 2562 3680; x_wconf 87' lang='lat' dir='ltr'><strong>dicit</strong></span> <span class='ocrx_word' id='word_1_820' title='bbox 2589 3642 2603 3678; x_wconf 88' lang='lat'><strong>:</strong></span> <span class='ocrx_word' id='word_1_821' title='bbox 2636 3625 2890 3680; x_wconf 79' lang='lat' dir='ltr'><strong>Venerunt</strong></span> <span class='ocrx_word' id='word_1_822' title='bbox 2919 3643 3071 3695; x_wconf 85' lang='lat' dir='ltr'><strong>super</strong></span> <span class='ocrx_word' id='word_1_823' title='bbox 3093 3645 3183 3682; x_wconf 85' lang='lat' dir='ltr'><strong>nos</strong></span> <span class='ocrx_word' id='word_1_824' title='bbox 3212 3629 3368 3690; x_wconf 82' lang='lat' dir='ltr'><strong>mala,</strong></span> <span class='ocrx_word' id='word_1_825' title='bbox 3398 3631 3560 3700; x_wconf 82' lang='lat' dir='ltr'><strong>qualia</strong></span> <span class='ocrx_word' id='word_1_826' title='bbox 3582 3645 3665 3680; x_wconf 84' lang='lat' dir='ltr'><strong>non</strong></span> <span class='ocrx_word' id='word_1_827' title='bbox 3686 3627 3780 3678; x_wconf 75' lang='lat' dir='ltr'><strong>arri-</strong></span> 
     </span>
    </p>
   </div>
   <div class='ocr_carea' id='block_1_98' title="bbox 2253 3716 3784 3789">
    <p class='ocr_par' dir='ltr' id='par_1_98' title="bbox 2253 3716 3784 3789">
     <span class='ocr_line' id='line_1_98' title="bbox 2253 3716 3784 3789; baseline -0.003 -20"><span class='ocrx_word' id='word_1_828' title='bbox 2253 3719 2431 3770; x_wconf 80' lang='lat' dir='ltr'><strong>derunt</strong></span> <span class='ocrx_word' id='word_1_829' title='bbox 2456 3717 2548 3770; x_wconf 90' lang='lat' dir='ltr'><strong>sub</strong></span> <span class='ocrx_word' id='word_1_830' title='bbox 2573 3716 2852 3770; x_wconf 85' lang='lat' dir='ltr'><strong>omnicon</strong></span> <span class='ocrx_word' id='word_1_831' title='bbox 2874 3758 2889 3779; x_wconf 93' lang='lat'><strong>,</strong></span> <span class='ocrx_word' id='word_1_832' title='bbox 2919 3717 3191 3771; x_wconf 89' lang='lat' dir='ltr'><strong>secundum</strong></span> <span class='ocrx_word' id='word_1_833' title='bbox 3237 3735 3297 3772; x_wconf 89' lang='lat' dir='ltr'><strong>ea</strong></span> <span class='ocrx_word' id='word_1_834' title='bbox 3325 3736 3436 3786; x_wconf 79' lang='lat' dir='ltr'><strong>qua:</strong></span> <span class='ocrx_word' id='word_1_835' title='bbox 3471 3721 3596 3789; x_wconf 76' lang='lat' dir='ltr'><strong>facta</strong></span> <span class='ocrx_word' id='word_1_836' title='bbox 3627 3727 3719 3771; x_wconf 82' lang='lat' dir='ltr'><strong>sunt</strong></span> <span class='ocrx_word' id='word_1_837' title='bbox 3745 3716 3784 3766; x_wconf 80' lang='lat' dir='ltr'><strong>iu</strong></span> 
     </span>
    </p>
   </div>
   <div class='ocr_carea' id='block_1_99' title="bbox 2253 3807 3780 3876">
    <p class='ocr_par' dir='ltr' id='par_1_99' title="bbox 2253 3807 3780 3876">
     <span class='ocr_line' id='line_1_99' title="bbox 2253 3807 3780 3876; baseline -0.003 -14"><span class='ocrx_word' id='word_1_838' title='bbox 2253 3807 2280 3861; x_wconf 87' lang='grc' dir='ltr'><em>Ι</em></span> <span class='ocrx_word' id='word_1_839' title='bbox 2287 3810 2444 3865; x_wconf 83' lang='lat' dir='ltr'><strong>sracl.</strong></span> <span class='ocrx_word' id='word_1_840' title='bbox 2453 3808 2582 3876; x_wconf 65' lang='lat' dir='ltr'><strong>Quae</strong></span> <span class='ocrx_word' id='word_1_841' title='bbox 2594 3808 2804 3863; x_wconf 90' lang='lat' dir='ltr'><strong>tandem</strong></span> <span class='ocrx_word' id='word_1_842' title='bbox 2825 3809 2919 3863; x_wconf 82' lang='lat' dir='ltr'><strong>ista</strong></span> <span class='ocrx_word' id='word_1_843' title='bbox 2932 3809 2954 3862; x_wconf 89' lang='lat'><strong>?</strong></span> <span class='ocrx_word' id='word_1_844' title='bbox 2974 3808 3023 3862; x_wconf 83' lang='grc' dir='ltr'><em>Μ</em></span> <span class='ocrx_word' id='word_1_845' title='bbox 3029 3819 3158 3864; x_wconf 73' lang='lat' dir='ltr'><strong>alt&#39;es</strong></span> <span class='ocrx_word' id='word_1_846' title='bbox 3176 3811 3361 3866; x_wconf 82' lang='lat' dir='ltr'><strong>liberos</strong></span> <span class='ocrx_word' id='word_1_847' title='bbox 3374 3828 3490 3866; x_wconf 85' lang='lat' dir='ltr'><strong>suos</strong></span> <span class='ocrx_word' id='word_1_848' title='bbox 3498 3812 3780 3871; x_wconf 76' lang='lat' dir='ltr'><strong>comederunt,</strong></span> 
     </span>
    </p>
   </div>
   <div class='ocr_carea' id='block_1_100' title="bbox 2251 3899 3786 3968">
    <p class='ocr_par' dir='ltr' id='par_1_100' title="bbox 2251 3899 3786 3968">
     <span class='ocr_line' id='line_1_100' title="bbox 2251 3899 3786 3968; baseline -0.002 -14"><span class='ocrx_word' id='word_1_849' title='bbox 2251 3909 2308 3954; x_wconf 80' lang='lat' dir='ltr'><strong>et</strong></span> <span class='ocrx_word' id='word_1_850' title='bbox 2329 3900 2428 3955; x_wconf 72' lang='lat' dir='ltr'><strong>hcc</strong></span> <span class='ocrx_word' id='word_1_851' title='bbox 2449 3915 2576 3954; x_wconf 86' lang='lat' dir='ltr'><strong>sane</strong></span> <span class='ocrx_word' id='word_1_852' title='bbox 2599 3900 2836 3968; x_wconf 65' lang='lat' dir='ltr'><strong>pratdicit</strong></span> <span class='ocrx_word' id='word_1_853' title='bbox 2854 3901 3046 3966; x_wconf 77' lang='lat' dir='ltr'><strong>Moses,</strong></span> <span class='ocrx_word' id='word_1_854' title='bbox 3068 3914 3324 3957; x_wconf 62' lang='lat' dir='ltr'><strong>ueterum</strong></span> <span class='ocrx_word' id='word_1_855' title='bbox 3341 3903 3588 3958; x_wconf 69' lang='lat' dir='ltr'><strong>Ieremias</strong></span> <span class='ocrx_word' id='word_1_856' title='bbox 3599 3899 3786 3957; x_wconf 80' lang='lat' dir='ltr'><strong>ostendit</strong></span> 
     </span>
    </p>
   </div>
   <div class='ocr_carea' id='block_1_101' title="bbox 2253 3990 3782 4060">
    <p class='ocr_par' dir='ltr' id='par_1_101' title="bbox 2253 3990 3782 4060">
     <span class='ocr_line' id='line_1_101' title="bbox 2253 3990 3782 4060; baseline -0.003 -14"><span class='ocrx_word' id='word_1_857' title='bbox 2253 3992 2516 4046; x_wconf 88' lang='lat' dir='ltr'><strong>evenisse.</strong></span> <span class='ocrx_word' id='word_1_858' title='bbox 2534 3990 2623 4046; x_wconf 92' lang='lat' dir='ltr'><strong>lllc</strong></span> <span class='ocrx_word' id='word_1_859' title='bbox 2645 3991 2856 4060; x_wconf 87' lang='lat' dir='ltr'><strong>quidem</strong></span> <span class='ocrx_word' id='word_1_860' title='bbox 2887 3991 3154 4059; x_wconf 85' lang='lat' dir='ltr'><strong>loquitur:</strong></span> <span class='ocrx_word' id='word_1_861' title='bbox 3179 3992 3376 4047; x_wconf 77' lang='lat' dir='ltr'><strong>Tenere</strong></span> <span class='ocrx_word' id='word_1_862' title='bbox 3397 4010 3455 4046; x_wconf 90' lang='lat' dir='ltr'><strong>ac</strong></span> <span class='ocrx_word' id='word_1_863' title='bbox 3472 3993 3697 4055; x_wconf 73' lang='lat' dir='ltr'><strong>deliciam,</strong></span> <span class='ocrx_word' id='word_1_864' title='bbox 3713 4005 3782 4042; x_wconf 83' lang='lat' dir='ltr'><strong>ett-</strong></span> 
     </span>
    </p>
   </div>
   <div class='ocr_carea' id='block_1_102' title="bbox 2242 4082 3783 4154">
    <p class='ocr_par' dir='ltr' id='par_1_102' title="bbox 2242 4082 3783 4154">
     <span class='ocr_line' id='line_1_102' title="bbox 2242 4082 3783 4154; baseline -0.002 -18"><span class='ocrx_word' id='word_1_865' title='bbox 2242 4085 2332 4154; x_wconf 88' lang='lat' dir='ltr'><strong>jus</strong></span> <span class='ocrx_word' id='word_1_866' title='bbox 2351 4099 2452 4137; x_wconf 86' lang='lat' dir='ltr'><strong>non</strong></span> <span class='ocrx_word' id='word_1_867' title='bbox 2478 4083 2607 4153; x_wconf 76' lang='lat' dir='ltr'><strong>cepit</strong></span> <span class='ocrx_word' id='word_1_868' title='bbox 2631 4082 2986 4151; x_wconf 73' lang='lat' dir='ltr'><strong>experientiam</strong></span> <span class='ocrx_word' id='word_1_869' title='bbox 3015 4098 3101 4150; x_wconf 84' lang='lat' dir='ltr'><strong>pes</strong></span> <span class='ocrx_word' id='word_1_870' title='bbox 3127 4085 3238 4152; x_wconf 85' lang='lat' dir='ltr'><strong>ejus</strong></span> <span class='ocrx_word' id='word_1_871' title='bbox 3261 4123 3280 4150; x_wconf 91' lang='lat'><strong>,</strong></span> <span class='ocrx_word' id='word_1_872' title='bbox 3309 4096 3364 4136; x_wconf 84' lang='lat' dir='ltr'><strong>ut</strong></span> <span class='ocrx_word' id='word_1_873' title='bbox 3388 4085 3617 4138; x_wconf 85' lang='lat' dir='ltr'><strong>insisteret</strong></span> <span class='ocrx_word' id='word_1_874' title='bbox 3647 4082 3693 4135; x_wconf 81' lang='lat' dir='ltr'><strong>in</strong></span> <span class='ocrx_word' id='word_1_875' title='bbox 3721 4096 3783 4134; x_wconf 78' lang='lat' dir='ltr'><strong>ve-</strong></span> 
     </span>
    </p>
   </div>
   <div class='ocr_carea' id='block_1_103' title="bbox 2256 4171 3780 4244">
    <p class='ocr_par' dir='ltr' id='par_1_103' title="bbox 2256 4171 3780 4244">
     <span class='ocr_line' id='line_1_103' title="bbox 2256 4171 3780 4244; baseline -0.005 -18"><span class='ocrx_word' id='word_1_876' title='bbox 2256 4174 2402 4244; x_wconf 86' lang='lat' dir='ltr'><strong>stigio</strong></span> <span class='ocrx_word' id='word_1_877' title='bbox 2425 4180 2629 4243; x_wconf 88' lang='lat' dir='ltr'><strong>propter</strong></span> <span class='ocrx_word' id='word_1_878' title='bbox 2658 4171 3038 4226; x_wconf 84' lang='lat' dir='ltr'><strong>teneritudinem</strong></span> <span class='ocrx_word' id='word_1_879' title='bbox 3063 4189 3124 4225; x_wconf 87' lang='lat' dir='ltr'><strong>ac</strong></span> <span class='ocrx_word' id='word_1_880' title='bbox 3142 4173 3377 4241; x_wconf 86' lang='lat' dir='ltr'><strong>delicias,</strong></span> <span class='ocrx_word' id='word_1_881' title='bbox 3407 4177 3603 4242; x_wconf 81' lang='lat' dir='ltr'><strong>attinget</strong></span> <span class='ocrx_word' id='word_1_882' title='bbox 3622 4172 3780 4240; x_wconf 68' lang='lat' dir='ltr'><strong>impia!</strong></span> 
     </span>
    </p>
   </div>
   <div class='ocr_carea' id='block_1_104' title="bbox 2252 4263 3780 4335">
    <p class='ocr_par' dir='ltr' id='par_1_104' title="bbox 2252 4263 3780 4335">
     <span class='ocr_line' id='line_1_104' title="bbox 2252 4263 3780 4335; baseline -0.001 -15"><span class='ocrx_word' id='word_1_883' title='bbox 2252 4283 2510 4329; x_wconf 82' lang='lat' dir='ltr'><strong>mensam,</strong></span> <span class='ocrx_word' id='word_1_884' title='bbox 2557 4274 2604 4318; x_wconf 85' lang='lat' dir='ltr'><strong>et</strong></span> <span class='ocrx_word' id='word_1_885' title='bbox 2649 4280 2766 4318; x_wconf 86' lang='lat' dir='ltr'><strong>suos</strong></span> <span class='ocrx_word' id='word_1_886' title='bbox 2811 4263 2970 4332; x_wconf 86' lang='lat' dir='ltr'><strong>ipsius</strong></span> <span class='ocrx_word' id='word_1_887' title='bbox 2999 4263 3132 4333; x_wconf 71' lang='lat' dir='ltr'><strong>ﬁlios</strong></span> <span class='ocrx_word' id='word_1_888' title='bbox 3159 4268 3384 4320; x_wconf 80' lang='lat' dir='ltr'><strong>comedet</strong></span> <span class='ocrx_word' id='word_1_889' title='bbox 3439 4265 3558 4335; x_wconf 89' lang='lat' dir='ltr'><strong>(Id.</strong></span> <span class='ocrx_word' id='word_1_890' title='bbox 3584 4264 3780 4329; x_wconf 71' lang='lat'><strong>28.56).</strong></span> 
     </span>
    </p>
   </div>
   <div class='ocr_carea' id='block_1_105' title="bbox 2251 4352 3780 4422">
    <p class='ocr_par' dir='ltr' id='par_1_105' title="bbox 2251 4352 3780 4422">
     <span class='ocr_line' id='line_1_105' title="bbox 2251 4352 3780 4422; baseline -0.006 -9"><span class='ocrx_word' id='word_1_891' title='bbox 2251 4357 2511 4413; x_wconf 64' lang='lat' dir='ltr'><strong>J-cremias</strong></span> <span class='ocrx_word' id='word_1_892' title='bbox 2530 4363 2707 4410; x_wconf 90' lang='lat' dir='ltr'><strong>autem</strong></span> <span class='ocrx_word' id='word_1_893' title='bbox 2727 4354 2962 4409; x_wconf 88' lang='lat' dir='ltr'><strong>declarat</strong></span> <span class='ocrx_word' id='word_1_894' title='bbox 2982 4352 3083 4408; x_wconf 87' lang='lat' dir='ltr'><strong>hoc</strong></span> <span class='ocrx_word' id='word_1_895' title='bbox 3108 4357 3379 4422; x_wconf 86' lang='lat' dir='ltr'><strong>evenisse,</strong></span> <span class='ocrx_word' id='word_1_896' title='bbox 3403 4359 3607 4412; x_wconf 86' lang='lat' dir='ltr'><strong>dicens:</strong></span> <span class='ocrx_word' id='word_1_897' title='bbox 3645 4355 3780 4408; x_wconf 74' lang='lat' dir='ltr'><strong>llam</strong></span> 
     </span>
    </p>
   </div>
   <div class='ocr_carea' id='block_1_106' title="bbox 2254 4444 3777 4519">
    <p class='ocr_par' dir='ltr' id='par_1_106' title="bbox 2254 4444 3777 4519">
     <span class='ocr_line' id='line_1_106' title="bbox 2254 4444 3777 4519; baseline -0.003 -16"><span class='ocrx_word' id='word_1_898' title='bbox 2254 4450 2519 4503; x_wconf 86' lang='lat' dir='ltr'><strong>mulierum</strong></span> <span class='ocrx_word' id='word_1_899' title='bbox 2537 4447 2955 4503; x_wconf 84' lang='lat' dir='ltr'><strong>misericordium</strong></span> <span class='ocrx_word' id='word_1_900' title='bbox 2965 4457 3216 4502; x_wconf 80' lang='lat' dir='ltr'><strong>coxerunt</strong></span> <span class='ocrx_word' id='word_1_901' title='bbox 3226 4449 3267 4516; x_wconf 78' lang='lat' dir='ltr'><strong><em>ﬁ</em></strong></span> <span class='ocrx_word' id='word_1_902' title='bbox 3274 4449 3291 4499; x_wconf 93' lang='lat' dir='ltr'><strong>l</strong></span> <span class='ocrx_word' id='word_1_903' title='bbox 3296 4449 3373 4502; x_wconf 90' lang='lat' dir='ltr'><strong>ios</strong></span> <span class='ocrx_word' id='word_1_904' title='bbox 3382 4444 3777 4519; x_wconf 65' lang='lat' dir='ltr'><strong>suos(Tltr.l.l0).</strong></span> 
     </span>
    </p>
   </div>
   <div class='ocr_carea' id='block_1_107' title="bbox 2252 4537 3776 4609">
    <p class='ocr_par' dir='ltr' id='par_1_107' title="bbox 2252 4537 3776 4609">
     <span class='ocr_line' id='line_1_107' title="bbox 2252 4537 3776 4609; baseline -0.004 -18"><span class='ocrx_word' id='word_1_905' title='bbox 2252 4540 2582 4608; x_wconf 85' lang='lat' dir='ltr'><strong>Quamquam</strong></span> <span class='ocrx_word' id='word_1_906' title='bbox 2611 4546 2788 4592; x_wconf 86' lang='lat' dir='ltr'><strong>autem</strong></span> <span class='ocrx_word' id='word_1_907' title='bbox 2823 4547 3037 4606; x_wconf 90' lang='lat' dir='ltr'><strong>peccata</strong></span> <span class='ocrx_word' id='word_1_908' title='bbox 3069 4537 3317 4604; x_wconf 89' lang='lat' dir='ltr'><strong>illorum,</strong></span> <span class='ocrx_word' id='word_1_909' title='bbox 3343 4541 3431 4609; x_wconf 92' lang='lat' dir='ltr'><strong>qui</strong></span> <span class='ocrx_word' id='word_1_910' title='bbox 3463 4545 3776 4609; x_wconf 82' lang='lat' dir='ltr'><strong>peccaverant,</strong></span> 
     </span>
    </p>
   </div>
   <div class='ocr_carea' id='block_1_108' title="bbox 2250 4627 3780 4699">
    <p class='ocr_par' dir='ltr' id='par_1_108' title="bbox 2250 4627 3780 4699">
     <span class='ocr_line' id='line_1_108' title="bbox 2250 4627 3780 4699; baseline -0.004 -15"><span class='ocrx_word' id='word_1_911' title='bbox 2250 4632 2532 4699; x_wconf 89' lang='lat' dir='ltr'><strong>eloquutus</strong></span> <span class='ocrx_word' id='word_1_912' title='bbox 2551 4637 2712 4693; x_wconf 89' lang='lat' dir='ltr'><strong>esset,</strong></span> <span class='ocrx_word' id='word_1_913' title='bbox 2733 4637 2783 4682; x_wconf 87' lang='lat' dir='ltr'><strong>et</strong></span> <span class='ocrx_word' id='word_1_914' title='bbox 2805 4627 3060 4681; x_wconf 87' lang='lat' dir='ltr'><strong>ultionem</strong></span> <span class='ocrx_word' id='word_1_915' title='bbox 3084 4629 3134 4682; x_wconf 92' lang='lat' dir='ltr'><strong>in</strong></span> <span class='ocrx_word' id='word_1_916' title='bbox 3158 4631 3398 4685; x_wconf 87' lang='lat' dir='ltr'><strong>medium</strong></span> <span class='ocrx_word' id='word_1_917' title='bbox 3419 4631 3698 4687; x_wconf 73' lang='lat' dir='ltr'><strong>adduxisset</strong></span> <span class='ocrx_word' id='word_1_918' title='bbox 3713 4646 3721 4678; x_wconf 92' lang='lat'><strong>:</strong></span> <span class='ocrx_word' id='word_1_919' title='bbox 3736 4639 3780 4679; x_wconf 85' lang='lat' dir='ltr'><strong>ne</strong></span> 
     </span>
    </p>
   </div>
   <div class='ocr_carea' id='block_1_109' title="bbox 2253 4719 3776 4793">
    <p class='ocr_par' dir='ltr' id='par_1_109' title="bbox 2253 4719 3776 4793">
     <span class='ocr_line' id='line_1_109' title="bbox 2253 4719 3776 4793; baseline -0.003 -20"><span class='ocrx_word' id='word_1_920' title='bbox 2253 4721 2330 4775; x_wconf 81' lang='lat' dir='ltr'><strong>sic</strong></span> <span class='ocrx_word' id='word_1_921' title='bbox 2376 4721 2589 4791; x_wconf 84' lang='lat' dir='ltr'><strong>quidem</strong></span> <span class='ocrx_word' id='word_1_922' title='bbox 2635 4721 2755 4774; x_wconf 89' lang='lat' dir='ltr'><strong>illos</strong></span> <span class='ocrx_word' id='word_1_923' title='bbox 2806 4719 2991 4773; x_wconf 90' lang='lat' dir='ltr'><strong>horum</strong></span> <span class='ocrx_word' id='word_1_924' title='bbox 3033 4736 3189 4775; x_wconf 88' lang='lat' dir='ltr'><strong>causa</strong></span> <span class='ocrx_word' id='word_1_925' title='bbox 3239 4735 3399 4793; x_wconf 84' lang='lat' dir='ltr'><strong>rogat</strong></span> <span class='ocrx_word' id='word_1_926' title='bbox 3443 4734 3497 4778; x_wconf 90' lang='lat' dir='ltr'><strong>ut</strong></span> <span class='ocrx_word' id='word_1_927' title='bbox 3541 4732 3776 4778; x_wconf 85' lang='lat' dir='ltr'><strong>serventur.</strong></span> 
     </span>
    </p>
   </div>
   <div class='ocr_carea' id='block_1_110' title="bbox 2255 4813 3771 4886">
    <p class='ocr_par' dir='ltr' id='par_1_110' title="bbox 2255 4813 3771 4886">
     <span class='ocr_line' id='line_1_110' title="bbox 2255 4813 3771 4886; baseline -0.003 -18"><span class='ocrx_word' id='word_1_928' title='bbox 2255 4815 2386 4870; x_wconf 81' lang='lat' dir='ltr'><strong>Vide</strong></span> <span class='ocrx_word' id='word_1_929' title='bbox 2424 4816 2582 4886; x_wconf 78' lang='lat' dir='ltr'><strong>igitur</strong></span> <span class='ocrx_word' id='word_1_930' title='bbox 2620 4813 2908 4868; x_wconf 88' lang='lat' dir='ltr'><strong>bonitatem</strong></span> <span class='ocrx_word' id='word_1_931' title='bbox 2955 4813 3160 4870; x_wconf 75' lang='lat' dir='ltr'><strong>lanuuii.</strong></span> <span class='ocrx_word' id='word_1_932' title='bbox 3191 4817 3470 4884; x_wconf 87' lang='lat' dir='ltr'><strong>Siquidem</strong></span> <span class='ocrx_word' id='word_1_933' title='bbox 3501 4817 3579 4870; x_wconf 85' lang='lat' dir='ltr'><strong>hie</strong></span> <span class='ocrx_word' id='word_1_934' title='bbox 3600 4829 3699 4870; x_wconf 90' lang='lat' dir='ltr'><strong>cum</strong></span> <span class='ocrx_word' id='word_1_935' title='bbox 3717 4826 3771 4866; x_wconf 73' lang='grc' dir='ltr'><strong>οςσ</strong></span> 
     </span>
    </p>
   </div>
   <div class='ocr_carea' id='block_1_111' title="bbox 2256 4902 3772 4978">
    <p class='ocr_par' dir='ltr' id='par_1_111' title="bbox 2256 4902 3772 4978">
     <span class='ocr_line' id='line_1_111' title="bbox 2256 4902 3772 4978; baseline -0.001 -17"><span class='ocrx_word' id='word_1_936' title='bbox 2256 4907 2532 4970; x_wconf 79' lang='lat' dir='ltr'><strong>tetulisset,</strong></span> <span class='ocrx_word' id='word_1_937' title='bbox 2552 4905 2691 4975; x_wconf 91' lang='lat' dir='ltr'><strong>quod</strong></span> <span class='ocrx_word' id='word_1_938' title='bbox 2719 4905 2950 4959; x_wconf 90' lang='lat' dir='ltr'><strong>nondum</strong></span> <span class='ocrx_word' id='word_1_939' title='bbox 2974 4907 3130 4976; x_wconf 79' lang='lat' dir='ltr'><strong>digna</strong></span> <span class='ocrx_word' id='word_1_940' title='bbox 3154 4911 3366 4964; x_wconf 88' lang='lat' dir='ltr'><strong>meritis</strong></span> <span class='ocrx_word' id='word_1_941' title='bbox 3387 4919 3560 4964; x_wconf 88' lang='lat' dir='ltr'><strong>essent</strong></span> <span class='ocrx_word' id='word_1_942' title='bbox 3583 4902 3772 4978; x_wconf 61' lang='lat' dir='ltr'><strong>perpessi.</strong></span> 
     </span>
    </p>
   </div>
   <div class='ocr_carea' id='block_1_112' title="bbox 2255 4997 3772 5066">
    <p class='ocr_par' dir='ltr' id='par_1_112' title="bbox 2255 4997 3772 5066">
     <span class='ocr_line' id='line_1_112' title="bbox 2255 4997 3772 5066; baseline -0.002 -14"><span class='ocrx_word' id='word_1_943' title='bbox 2255 5013 2354 5054; x_wconf 89' lang='lat' dir='ltr'><strong>nec</strong></span> <span class='ocrx_word' id='word_1_944' title='bbox 2378 4999 2441 5051; x_wconf 90' lang='lat' dir='ltr'><strong>iis</strong></span> <span class='ocrx_word' id='word_1_945' title='bbox 2465 5040 2480 5063; x_wconf 92' lang='lat'><strong>,</strong></span> <span class='ocrx_word' id='word_1_946' title='bbox 2519 5012 2640 5066; x_wconf 67' lang='lat' dir='ltr'><strong>qua:</strong></span> <span class='ocrx_word' id='word_1_947' title='bbox 2668 4997 2831 5050; x_wconf 85' lang='lat' dir='ltr'><strong>multa</strong></span> <span class='ocrx_word' id='word_1_948' title='bbox 2863 4997 2987 5051; x_wconf 82' lang='lat' dir='ltr'><strong>licet</strong></span> <span class='ocrx_word' id='word_1_949' title='bbox 3024 4999 3393 5065; x_wconf 86' lang='lat' dir='ltr'><strong>pertulerant,</strong></span> <span class='ocrx_word' id='word_1_950' title='bbox 3421 5001 3679 5055; x_wconf 83' lang='lat' dir='ltr'><strong>solvissent</strong></span> <span class='ocrx_word' id='word_1_951' title='bbox 3697 5005 3772 5062; x_wconf 64' lang='lat' dir='ltr'><strong>qut</strong></span> 
     </span>
    </p>
   </div>
   <div class='ocr_carea' id='block_1_113' title="bbox 2255 5087 3774 5162">
    <p class='ocr_par' dir='ltr' id='par_1_113' title="bbox 2255 5087 3774 5162">
     <span class='ocr_line' id='line_1_113' title="bbox 2255 5087 3774 5162; baseline -0.002 -18"><span class='ocrx_word' id='word_1_952' title='bbox 2255 5106 2352 5160; x_wconf 88' lang='lat' dir='ltr'><strong>pro</strong></span> <span class='ocrx_word' id='word_1_953' title='bbox 2377 5089 2675 5144; x_wconf 88' lang='lat' dir='ltr'><strong>commissis</strong></span> <span class='ocrx_word' id='word_1_954' title='bbox 2705 5087 3008 5154; x_wconf 84' lang='lat' dir='ltr'><strong>debebant,</strong></span> <span class='ocrx_word' id='word_1_955' title='bbox 3040 5105 3159 5144; x_wconf 79' lang='lat' dir='ltr'><strong>mox</strong></span> <span class='ocrx_word' id='word_1_956' title='bbox 3185 5093 3435 5162; x_wconf 78' lang='lat' dir='ltr'><strong>confugit</strong></span> <span class='ocrx_word' id='word_1_957' title='bbox 3469 5093 3534 5147; x_wconf 88' lang='lat' dir='ltr'><strong>ad</strong></span> <span class='ocrx_word' id='word_1_958' title='bbox 3563 5091 3642 5146; x_wconf 85' lang='lat' dir='ltr'><strong>Dei</strong></span> <span class='ocrx_word' id='word_1_959' title='bbox 3667 5087 3774 5141; x_wconf 63' lang='lat' dir='ltr'><strong>misc-</strong></span> 
     </span>
    </p>
   </div>
   <div class='ocr_carea' id='block_1_114' title="bbox 2255 5182 3776 5254">
    <p class='ocr_par' dir='ltr' id='par_1_114' title="bbox 2255 5182 3776 5254">
     <span class='ocr_line' id='line_1_114' title="bbox 2255 5182 3776 5254; baseline -0.001 -18"><span class='ocrx_word' id='word_1_960' title='bbox 2255 5182 2539 5237; x_wconf 89' lang='lat' dir='ltr'><strong>ricordiam</strong></span> <span class='ocrx_word' id='word_1_961' title='bbox 2562 5224 2577 5248; x_wconf 93' lang='lat'><strong>,</strong></span> <span class='ocrx_word' id='word_1_962' title='bbox 2604 5191 2660 5237; x_wconf 90' lang='lat' dir='ltr'><strong>et</strong></span> <span class='ocrx_word' id='word_1_963' title='bbox 2693 5183 2758 5237; x_wconf 88' lang='lat' dir='ltr'><strong>ad</strong></span> <span class='ocrx_word' id='word_1_964' title='bbox 2787 5186 2993 5238; x_wconf 88' lang='lat' dir='ltr'><strong>solitam</strong></span> <span class='ocrx_word' id='word_1_965' title='bbox 3035 5187 3173 5241; x_wconf 86' lang='lat' dir='ltr'><strong>illius</strong></span> <span class='ocrx_word' id='word_1_966' title='bbox 3200 5185 3496 5241; x_wconf 85' lang='lat' dir='ltr'><strong>bonitatem</strong></span> <span class='ocrx_word' id='word_1_967' title='bbox 3532 5197 3641 5254; x_wconf 79' lang='lat' dir='ltr'><strong>erga</strong></span> <span class='ocrx_word' id='word_1_968' title='bbox 3661 5187 3776 5250; x_wconf 67' lang='grc' dir='ltr'><strong>εωιιιε</strong></span> 
     </span>
    </p>
   </div>
   <div class='ocr_carea' id='block_1_115' title="bbox 2231 5272 3782 5336">
    <p class='ocr_par' dir='ltr' id='par_1_115' title="bbox 2231 5272 3782 5336">
     <span class='ocr_line' id='line_1_115' title="bbox 2231 5272 3782 5336; baseline 0.006 -13"><span class='ocrx_word' id='word_1_969' title='bbox 2231 5272 2544 5327; x_wconf 85' lang='lat' dir='ltr'><strong>&#39;humanum</strong></span> <span class='ocrx_word' id='word_1_970' title='bbox 2577 5315 2589 5336; x_wconf 91' lang='lat'><strong>,</strong></span> <span class='ocrx_word' id='word_1_971' title='bbox 2621 5274 2807 5328; x_wconf 88' lang='lat' dir='ltr'><strong>dicens</strong></span> <span class='ocrx_word' id='word_1_972' title='bbox 2831 5293 2843 5326; x_wconf 89' lang='lat'><strong>:</strong></span> <span class='ocrx_word' id='word_1_973' title='bbox 2877 5273 2942 5327; x_wconf 85' lang='lat' dir='ltr'><strong>Et</strong></span> <span class='ocrx_word' id='word_1_974' title='bbox 2970 5293 3102 5329; x_wconf 91' lang='lat' dir='ltr'><strong>nunc</strong></span> <span class='ocrx_word' id='word_1_975' title='bbox 3129 5275 3358 5331; x_wconf 75' lang='lat' dir='ltr'><strong>Domine</strong></span> <span class='ocrx_word' id='word_1_976' title='bbox 3398 5277 3529 5331; x_wconf 83' lang='lat' dir='ltr'><strong>Deus</strong></span> <span class='ocrx_word' id='word_1_977' title='bbox 3551 5284 3704 5332; x_wconf 66' lang='lat' dir='ltr'><strong>nostri.</strong></span> <span class='ocrx_word' id='word_1_978' title='bbox 3723 5279 3782 5333; x_wconf 67' lang='lat'><strong>4&quot;</strong></span> 
     </span>
    </p>
   </div>
   <div class='ocr_carea' id='block_1_116' title="bbox 2254 5359 3781 5440">
    <p class='ocr_par' dir='ltr' id='par_1_116' title="bbox 2254 5359 3781 5440">
     <span class='ocr_line' id='line_1_116' title="bbox 2254 5359 3781 5440; baseline -0.006 -22"><span class='ocrx_word' id='word_1_979' title='bbox 2254 5364 2472 5419; x_wconf 73' lang='lat' dir='ltr'><strong>eduxiin</strong></span> <span class='ocrx_word' id='word_1_980' title='bbox 2495 5367 2736 5435; x_wconf 84' lang='lat' dir='ltr'><strong>populum</strong></span> <span class='ocrx_word' id='word_1_981' title='bbox 2760 5376 2902 5421; x_wconf 84' lang='lat' dir='ltr'><strong>tuum</strong></span> <span class='ocrx_word' id='word_1_982' title='bbox 2926 5385 2952 5420; x_wconf 89' lang='lat' dir='ltr'><strong>e</strong></span> <span class='ocrx_word' id='word_1_983' title='bbox 2973 5378 3106 5421; x_wconf 75' lang='lat' dir='ltr'><strong>tecm</strong></span> <span class='ocrx_word' id='word_1_984' title='bbox 3132 5367 3360 5440; x_wconf 63' lang='grc' dir='ltr'><strong>Αἶρε]ρή</strong></span> <span class='ocrx_word' id='word_1_985' title='bbox 3381 5379 3426 5422; x_wconf 90' lang='lat' dir='ltr'><strong>et</strong></span> <span class='ocrx_word' id='word_1_986' title='bbox 3455 5365 3606 5439; x_wconf 77' lang='lat' dir='ltr'><strong>fecisti</strong></span> <span class='ocrx_word' id='word_1_987' title='bbox 3626 5359 3696 5414; x_wconf 80' lang='lat' dir='ltr'><strong>tibi</strong></span> <span class='ocrx_word' id='word_1_988' title='bbox 3715 5371 3781 5406; x_wconf 66' lang='grc' dir='ltr'><strong>που</strong></span> 
     </span>
    </p>
   </div>
   <div class='ocr_carea' id='block_1_117' title="bbox 2257 5450 3786 5528">
    <p class='ocr_par' dir='ltr' id='par_1_117' title="bbox 2257 5450 3786 5528">
     <span class='ocr_line' id='line_1_117' title="bbox 2257 5450 3786 5528; baseline 0.002 -21"><span class='ocrx_word' id='word_1_989' title='bbox 2257 5473 2366 5508; x_wconf 87' lang='lat' dir='ltr'><strong>men</strong></span> <span class='ocrx_word' id='word_1_990' title='bbox 2391 5496 2408 5519; x_wconf 89' lang='lat'><strong>,</strong></span> <span class='ocrx_word' id='word_1_991' title='bbox 2439 5465 2491 5508; x_wconf 91' lang='lat' dir='ltr'><strong>ut</strong></span> <span class='ocrx_word' id='word_1_992' title='bbox 2518 5457 2599 5508; x_wconf 82' lang='lat' dir='ltr'><strong>hic</strong></span> <span class='ocrx_word' id='word_1_993' title='bbox 2622 5469 2694 5510; x_wconf 90' lang='lat' dir='ltr'><strong>est</strong></span> <span class='ocrx_word' id='word_1_994' title='bbox 2723 5457 2830 5510; x_wconf 84' lang='lat' dir='ltr'><strong>dies</strong></span> <span class='ocrx_word' id='word_1_995' title='bbox 2857 5501 2872 5522; x_wconf 89' lang='lat'><strong>,</strong></span> <span class='ocrx_word' id='word_1_996' title='bbox 2905 5461 3223 5526; x_wconf 82' lang='lat' dir='ltr'><strong>peccavimus</strong></span> <span class='ocrx_word' id='word_1_997' title='bbox 3250 5502 3266 5525; x_wconf 87' lang='lat'><strong>,</strong></span> <span class='ocrx_word' id='word_1_998' title='bbox 3301 5460 3606 5528; x_wconf 76' lang='lat' dir='ltr'><strong>iniquitatem</strong></span> <span class='ocrx_word' id='word_1_999' title='bbox 3629 5450 3786 5522; x_wconf 62' lang='lat' dir='ltr'><strong>fxim“</strong></span> 
     </span>
    </p>
   </div>
   <div class='ocr_carea' id='block_1_118' title="bbox 2256 5545 3784 5617">
    <p class='ocr_par' dir='ltr' id='par_1_118' title="bbox 2256 5545 3784 5617">
     <span class='ocr_line' id='line_1_118' title="bbox 2256 5545 3784 5617; baseline -0.007 -15"><span class='ocrx_word' id='word_1_1000' title='bbox 2256 5545 2434 5615; x_wconf 85' lang='lat' dir='ltr'><strong>(Dan.</strong></span> <span class='ocrx_word' id='word_1_1001' title='bbox 2479 5547 2532 5601; x_wconf 92' lang='lat'><strong>9.</strong></span> <span class='ocrx_word' id='word_1_1002' title='bbox 2577 5549 2690 5616; x_wconf 73' lang='lat'><strong>15).</strong></span> <span class='ocrx_word' id='word_1_1003' title='bbox 2717 5547 2848 5602; x_wconf 80' lang='lat' dir='ltr'><strong>Nam</strong></span> <span class='ocrx_word' id='word_1_1004' title='bbox 2879 5549 3331 5617; x_wconf 87' lang='lat' dir='ltr'><strong>quemadmodum</strong></span> <span class='ocrx_word' id='word_1_1005' title='bbox 3366 5551 3500 5613; x_wconf 86' lang='lat' dir='ltr'><strong>illos,</strong></span> <span class='ocrx_word' id='word_1_1006' title='bbox 3525 5545 3686 5615; x_wconf 85' lang='lat' dir='ltr'><strong>inquit,</strong></span> <span class='ocrx_word' id='word_1_1007' title='bbox 3707 5549 3784 5590; x_wconf 71' lang='lat' dir='ltr'><strong>non</strong></span> 
     </span>
    </p>
   </div>
   <div class='ocr_carea' id='block_1_119' title="bbox 2257 5636 3786 5709">
    <p class='ocr_par' dir='ltr' id='par_1_119' title="bbox 2257 5636 3786 5709">
     <span class='ocr_line' id='line_1_119' title="bbox 2257 5636 3786 5709; baseline -0.007 -16"><span class='ocrx_word' id='word_1_1008' title='bbox 2257 5653 2324 5693; x_wconf 81' lang='lat' dir='ltr'><strong>ex</strong></span> <span class='ocrx_word' id='word_1_1009' title='bbox 2349 5638 2584 5708; x_wconf 81' lang='lat' dir='ltr'><strong>ipsorum</strong></span> <span class='ocrx_word' id='word_1_1010' title='bbox 2613 5638 2907 5695; x_wconf 82' lang='lat' dir='ltr'><strong>benefactis</strong></span> <span class='ocrx_word' id='word_1_1011' title='bbox 2935 5642 3111 5696; x_wconf 84' lang='lat' dir='ltr'><strong>salvos</strong></span> <span class='ocrx_word' id='word_1_1012' title='bbox 3139 5641 3314 5697; x_wconf 80' lang='lat' dir='ltr'><strong>fecisti</strong></span> <span class='ocrx_word' id='word_1_1013' title='bbox 3344 5685 3358 5709; x_wconf 91' lang='lat'><strong>,</strong></span> <span class='ocrx_word' id='word_1_1014' title='bbox 3389 5642 3480 5698; x_wconf 74' lang='lat' dir='ltr'><strong>sed</strong></span> <span class='ocrx_word' id='word_1_1015' title='bbox 3506 5636 3786 5695; x_wconf 80' lang='lat' dir='ltr'><strong>alﬂictionem</strong></span> 
     </span>
    </p>
   </div>
   <div class='ocr_carea' id='block_1_120' title="bbox 2261 5724 3783 5802">
    <p class='ocr_par' dir='ltr' id='par_1_120' title="bbox 2261 5724 3783 5802">
     <span class='ocr_line' id='line_1_120' title="bbox 2261 5724 3783 5802; baseline -0.009 -17"><span class='ocrx_word' id='word_1_1016' title='bbox 2261 5729 2474 5794; x_wconf 70' lang='lat' dir='ltr'><strong>vulnus,</strong></span> <span class='ocrx_word' id='word_1_1017' title='bbox 2501 5739 2553 5783; x_wconf 83' lang='lat' dir='ltr'><strong>ct</strong></span> <span class='ocrx_word' id='word_1_1018' title='bbox 2577 5732 2868 5802; x_wconf 72' lang='lat' dir='ltr'><strong>angustias,</strong></span> <span class='ocrx_word' id='word_1_1019' title='bbox 2891 5742 2946 5788; x_wconf 90' lang='lat' dir='ltr'><strong>ct</strong></span> <span class='ocrx_word' id='word_1_1020' title='bbox 2967 5734 3257 5790; x_wconf 75' lang='lat' dir='ltr'><strong>clamorem</strong></span> <span class='ocrx_word' id='word_1_1021' title='bbox 3291 5736 3498 5792; x_wconf 74' lang='grc' dir='ltr'><strong>ίιιυιιυιη</strong></span> <span class='ocrx_word' id='word_1_1022' title='bbox 3521 5724 3783 5788; x_wconf 63' lang='lat' dir='ltr'><strong>exaudiens:</strong></span> 
     </span>
    </p>
   </div>
  </div>
