3990 6198
241 338 345 394 893

228 464 308 504 sic
336 457 396 505 et
424 462 523 505 nos
563 447 725 504 libera
759 463 788 502 a
817 451 1167 520 praesentibus
1208 449 1362 506 malis
1396 459 1615 520 propter
1645 449 1814 504 solam

227 539 526 595 bonitatem
554 550 696 595 tuam
717 555 842 612 erga
861 556 1028 611 genus
1050 541 1344 597 hominum.
1387 540 1516 594 Nam
1541 537 1686 596 aliud
1711 539 1820 594 nul-

229 631 340 682 lum
367 630 626 686 habemus
667 631 754 701 jus
796 631 1074 701 Sperandze
1116 631 1318 687 salutis.
1362 630 1488 686 Hac
1529 631 1816 700 loquutus,

229 721 506 789 multaque
543 720 864 776 lamentatus
886 761 901 784 ,
942 736 1063 775 mox
1098 719 1301 776 inducit
1343 721 1510 791 ipsam
1549 719 1820 774 civitatem

227 827 334 867 ceu
365 812 641 867 mulierem
668 812 899 882 aliquam
924 812 1185 882 captivam
1210 853 1226 879 ,
1257 820 1312 867 et
1339 811 1414 866 ait
1443 828 1458 865 :
1494 809 1715 866 Ostende
1741 810 1824 880 fa-

225 905 360 958 ciem
380 913 520 958 tuam
538 920 689 973 super
707 904 1049 958 sanctuarium
1065 913 1226 969 tuum,
1243 903 1432 958 inclina
1454 919 1630 956 aurem
1657 910 1819 967 tuam,

232 995 376 1049 Deus
394 1011 532 1050 meus
559 1005 607 1048 et
632 994 774 1061 audi,
802 995 946 1066 aperi
970 996 1142 1050 oculos
1168 1003 1300 1060 tuos,
1335 1004 1382 1049 et
1408 995 1522 1049 vide
1565 993 1824 1048 interitum

229 1095 464 1140 nostrum
495 1085 806 1154 civitatisque
839 1094 970 1147 tute,
997 1085 1050 1138 in
1089 1101 1189 1155 qua
1226 1084 1510 1140 invocatum
1535 1093 1607 1138 est
1645 1099 1824 1138 nomen

231 1186 376 1229 tuum
406 1187 634 1230 sanctum
659 1175 679 1246 (
706 1175 840 1230 Dan.
868 1175 922 1231 9.
947 1177 1034 1230 17.
1070 1176 1134 1231 l8
1157 1176 1196 1246 ).
1222 1175 1573 1244 Posteaquam
1598 1173 1826 1228 circum-

231 1266 435 1334 spectis
469 1265 1071 1331 hominibusrneminem
1103 1265 1271 1330 vidit,
1304 1264 1392 1334 qui
1437 1272 1620 1335 posset
1659 1264 1824 1318 Deum

228 1359 465 1416 reddere
495 1358 782 1430 propitium
811 1376 826 1414 :
854 1358 920 1413 ad
948 1357 1174 1412 mdiﬁcia
1201 1356 1454 1427 confugit,
1481 1365 1536 1411 et
1557 1355 1825 1410 civitatem

231 1451 410 1517 ipsam
437 1449 617 1518 objicit
642 1490 656 1513 ,
682 1448 904 1518 ejusque
927 1447 1318 1504 desolationem
1349 1446 1496 1517 ponit
1520 1445 1590 1500 ob
1617 1445 1824 1510 oculos,

228 1550 400 1611 atque
427 1541 476 1595 in
505 1540 585 1595 his
615 1541 762 1595 linito
787 1555 1036 1596 sermone
1059 1582 1073 1607 ,
1103 1541 1267 1594 Deum
1304 1539 1587 1608 proiiitium
1629 1537 1823 1594 reddit.

235 1632 297 1686 Id
331 1631 761 1702 perSpicuumest
778 1646 845 1688 ex
870 1631 934 1688 iis
966 1646 1085 1701 qua:
1123 1639 1436 1701 sequuntur.
1461 1629 1657 1686 Verum
1685 1627 1826 1699 quod

229 1722 484 1778 dicebam
516 1741 528 1776 :
561 1732 773 1793 oportet
800 1722 940 1779 enim
979 1722 1047 1778 ad
1086 1721 1138 1777 id
1178 1721 1318 1793 quod
1349 1730 1466 1776 erat
1498 1721 1826 1791 propositum

231 1813 435 1869 reverti
454 1831 470 1880 ;
489 1813 685 1869 etenim
707 1813 823 1869 inec
846 1813 1020 1868 obiter
1045 1812 1315 1882 interiecta
1332 1821 1480 1879 sunt,
1503 1827 1606 1867 non
1629 1813 1827 1867 frustra

231 1917 416 1974 neque
452 1914 654 1959 temere
677 1945 692 1970 ,
723 1903 819 1960 sed
863 1912 920 1958 ut
959 1902 1167 1958 animos
1203 1913 1409 1958 vestros
1447 1902 1829 1972 aliquantisper

233 1992 598 2050 refocillarem
637 2009 699 2050 ex
731 1993 1002 2064 perpetuis
1031 1992 1460 2048 contentionibus
1491 1991 1827 2064 defatigatos.

232 2085 356 2154 Age
385 2083 663 2139 redeamus
692 2084 852 2155 igitur
875 2083 1016 2139 unde
1041 2083 1260 2154 digressi
1295 2083 1412 2138 hmc
1447 2083 1699 2149 diximus,
1729 2082 1828 2139 de-

232 2182 708 2242 monstremusque
735 2173 876 2244 quod
904 2188 966 2228 ea
994 2188 1112 2243 quae
1133 2171 1331 2228 ludatis
1357 2182 1510 2227 erant
1535 2182 1790 2229 eventura
1810 2213 1826 2238 ,

231 2263 496 2319 divinitus
527 2264 632 2319 illis
667 2279 788 2320 cum
831 2265 977 2320 omni
1018 2267 1356 2320 accurationc
1405 2265 1652 2336 praedicta
1699 2265 1827 2320 sint.

229 2357 360 2413 Jam
388 2357 530 2412 enim
561 2357 693 2413 duas
717 2359 1052 2428 captivitates
1078 2372 1256 2413 sermo
1280 2367 1468 2413 nOster
1493 2357 1830 2412 demonstra-

231 2451 322 2504 vit
361 2450 465 2505 illis
501 2449 800 2518 accidisse,
845 2448 1293 2521 quemadmodum
1340 2463 1369 2502 a
1413 2447 1687 2519 prophetis
1715 2456 1833 2502 erat

233 2540 556 2612 praedictum
580 2581 597 2606 ,
641 2541 800 2612 idque
830 2556 934 2596 non
969 2555 1098 2596 casu
1125 2555 1299 2611 neque
1329 2549 1522 2610 praeter
1551 2548 1831 2610 exspecta-

233 2634 469 2688 tionem.
511 2632 769 2704 Superest
797 2640 856 2687 ut
891 2631 1175 2703 deinceps,
1209 2631 1296 2688 ubi
1332 2632 1538 2687 tertiam
1569 2630 1831 2701 adjeceriv

231 2737 384 2786 mus,
399 2721 466 2778 de
486 2723 607 2788 hac,
621 2738 724 2794 qua
743 2738 885 2778 ntmc
903 2731 1151 2778 tenentur
1165 2722 1423 2789 dicamus,
1441 2721 1834 2792 doceamusque
1859 2753 1863 2758 -

229 2814 528 2884 perspicue
553 2856 570 2882 ,
609 2813 749 2885 quod
782 2814 958 2868 nullus
990 2813 1246 2884 propheta
1281 2815 1525 2884 promisit
1560 2813 1663 2868 illis
1690 2812 1834 2867 futu-

229 2920 384 2970 rum,
407 2913 464 2960 ut
481 2904 589 2960 ullo
616 2914 768 2976 pacto
792 2903 861 2959 ab
888 2903 969 2958 his
999 2903 1174 2972 malis,
1204 2904 1259 2959 in
1287 2905 1478 2975 quibus
1510 2919 1650 2959 nunc
1680 2912 1832 2974 sunt,

229 2997 537 3060 solvantur,
565 3003 658 3049 aut
682 2995 994 3050 liberentur.
1021 2995 1149 3062 Quae
1175 3005 1257 3051 est
1287 2996 1444 3066 igitur
1474 2995 1673 3050 tertia?
1706 2995 1835 3060 Quze

237 3091 392 3143 facta
433 3097 517 3143 est
556 3088 658 3144 sub
695 3089 959 3144 Antiocho
995 3098 1350 3162 cognomento
1375 3089 1671 3160 Epiphane.
1700 3089 1834 3144 Nam

231 3179 553 3235 Alexander
593 3179 939 3235 Macedonum
979 3195 1116 3246 rex,
1160 3180 1248 3236 ubi
1295 3181 1510 3235 Darium
1553 3180 1835 3235 Persarum

230 3285 428 3338 regem
465 3269 807 3336 sustulisset,
847 3270 899 3324 in
941 3285 1060 3326 sese
1086 3271 1355 3326 transtulit
1393 3269 1694 3341 imperium.
1725 3269 1839 3325 Hoc

230 3373 429 3416 autem
463 3360 728 3417 exstincto
751 3402 767 3428 ,
794 3370 1021 3432 quatuor
1049 3370 1169 3431 post
1199 3362 1347 3416 illum
1377 3376 1530 3431 reges
1559 3375 1838 3416 successe-

232 3463 374 3510 runt
396 3494 414 3519 ,
445 3468 476 3509 e
503 3469 728 3524 quorum
757 3469 864 3510 uno
893 3464 1181 3525 prognatus
1206 3454 1502 3510 Antiochus
1531 3454 1688 3524 longo
1721 3465 1840 3524 post

232 3559 490 3617 tempore
517 3554 571 3601 et
598 3547 851 3616 templum
893 3545 1166 3614 incendit,
1210 3555 1265 3602 et
1306 3555 1488 3600 sancta
1532 3553 1838 3600 sanctorum

230 3636 565 3701 devastavit,
589 3644 643 3691 et
682 3635 940 3693 sacriﬁcia
986 3636 1222 3704 sustulit,
1260 3645 1315 3692 et
1347 3635 1564 3692 Judzeos
1604 3635 1836 3706 subegit,

230 3728 479 3799 denique
504 3736 668 3782 totam
697 3729 907 3806 illorum
930 3728 1308 3798 rempublicam
1338 3729 1551 3784 evertit.

313 3817 684 3892 1.Explicatio
721 3821 1000 3891 praphetiw
1037 3819 1281 3874 Danielis.
1313 3849 1384 3861 -—
1413 3818 1484 3874 Et
1524 3819 1638 3874 htec
1662 3818 1842 3874 omnia

234 3912 311 3967 ad
335 3928 504 3967 unum
533 3927 696 3982 usque
724 3911 864 3967 diem
894 3911 1232 3966 exactissime
1261 3909 1510 3980 praedicta
1533 3919 1659 3966 sunt
1682 3925 1713 3964 a
1743 3911 1844 3965 Da-

237 4003 428 4068 niele;
457 4011 512 4058 et
541 4002 753 4073 quando
779 4002 894 4058 hmc
921 4012 1102 4058 essent
1131 4001 1303 4056 futura
1322 4042 1338 4068 ,
1365 4012 1420 4056 et
1448 4001 1715 4072 quomodo
1733 4043 1749 4068 ,
1791 4009 1846 4056 et

233 4111 270 4149 ε
302 4110 450 4166 quo,
481 4103 538 4149 et
576 4109 681 4165 qua
723 4097 929 4149 ratione
951 4137 966 4160 ,
1011 4102 1066 4148 et
1107 4093 1196 4148 ubi
1239 4092 1400 4148 ﬁnem
1443 4101 1725 4162 acceptura
1747 4132 1764 4159 ,
1792 4100 1848 4147 et

229 4202 410 4259 quam
442 4186 657 4240 tandem
687 4185 1030 4242 nnatationem
1071 4185 1346 4240 sortitura.
1387 4184 1500 4239 Hoc
1524 4193 1700 4240 autem
1728 4182 1844 4238 evi-

231 4280 464 4335 dentius
506 4279 837 4350 perspiciatis
881 4277 970 4334 ubi
1015 4279 1270 4334 visionem
1324 4278 1491 4347 ipsam
1533 4276 1843 4344 audieritis,

229 4385 410 4444 quam
441 4385 540 4440 per
569 4370 874 4440 parabolam
905 4369 1058 4426 nobis
1084 4368 1362 4440 proposuit
1385 4368 1643 4439 propheta
1666 4408 1681 4432 ,
1709 4368 1846 4422 arie-

235 4462 320 4518 tis
369 4459 634 4516 vocabulo
675 4460 962 4531 designans
1009 4460 1225 4516 Darium
1278 4475 1458 4530 regem
1507 4459 1786 4515 Persarum
1828 4474 1842 4513 :

229 4555 388 4610 hirci
424 4567 554 4608 vero
594 4551 902 4609 Graecorum
947 4567 1163 4622 regem,
1195 4550 1441 4607 videlicet
1484 4549 1845 4606 Alexandrum

231 4642 603 4700 Hacedonem
627 4659 640 4696 :
661 4653 886 4713 quatuor
906 4657 1104 4698 cornua
1124 4650 1278 4698 vocat
1304 4657 1419 4710 eos,
1447 4641 1534 4713 qui
1561 4651 1678 4712 post
1699 4641 1848 4696 illum

225 4736 622 4791 exstiterunt:
657 4743 983 4806 postremum
1029 4747 1198 4790 cornu
1240 4733 1413 4802 ipsum
1453 4732 1624 4802 signat
1662 4731 1850 4786 Antio-

226 4827 445 4882 chum.
470 4824 609 4894 Quin
632 4834 845 4895 praestat
870 4826 1038 4895 ipsam
1064 4824 1248 4880 audire
1277 4824 1556 4879 visionem.
1595 4822 1731 4888 Vidi,
1764 4824 1848 4878 in-

222 4917 392 4990 quit,
416 4916 657 4970 risionem
685 4926 730 4970 et
754 4915 986 4970 sedebam
1017 4917 1069 4970 in
1105 4915 1271 4981 Ubal;
1303 4914 1434 4971 Uhal
1467 4916 1640 4971 locum
1667 4931 1854 4984 quem-

225 5010 400 5081 piam
440 5005 606 5073 dicit,
633 5007 914 5063 Persarum
955 5008 1131 5076 lingua
1174 5006 1252 5061 sic
1287 5006 1434 5061 illum
1471 5007 1778 5076 appellans;
1806 5015 1852 5060 et

222 5098 444 5158 sustuli
463 5101 634 5153 oculos
660 5115 816 5166 meos,
845 5109 892 5153 et
921 5099 1042 5164 vidi,
1070 5110 1118 5152 et
1142 5114 1253 5152 ecce
1278 5097 1410 5151 aries
1429 5113 1558 5151 unus
1581 5108 1720 5152 stans
1739 5106 1854 5152 ante

223 5193 397 5250 σθαι
418 5233 433 5254 .
463 5200 512 5245 et
549 5202 692 5245 eram
737 5191 816 5245 illi
851 5208 1040 5246 cornua
1081 5191 1276 5246 excelsa
1295 5230 1310 5258 ,
1341 5198 1386 5244 et
1415 5205 1569 5243 unum
1609 5188 1854 5245 excelsius

218 5284 476 5349 certetis,
503 5292 550 5338 et
572 5285 820 5340 excelsum
850 5283 979 5338 illud
1007 5285 1224 5352 pervenit
1249 5299 1405 5353 usque
1432 5283 1503 5336 ad
1522 5293 1744 5338 extrema
1764 5299 1783 5338 :
1808 5293 1856 5338 et

219 5378 491 5434 videbant
506 5375 711 5430 arietem
727 5387 1001 5430 moventem
1020 5391 1177 5429 cornu
1196 5385 1370 5428 contra
1385 5390 1544 5438 mare,
1556 5385 1601 5428 et
1615 5373 1852 5441 Boream,

223 5479 290 5524 et
327 5465 568 5529 Notam,
598 5475 646 5519 et
683 5483 852 5520 omnes
895 5466 1065 5520 bestia
1107 5481 1209 5519 non
1255 5464 1455 5519 stabant
1498 5465 1549 5517 in
1586 5472 1856 5533 conspectu

225 5565 390 5630 ¢jus,
449 5576 538 5612 nec
580 5571 685 5614 erat
733 5561 816 5630 qui
867 5560 1078 5630 eriperet
1127 5557 1191 5613 de
1233 5574 1385 5612 manu
1408 5557 1543 5612 illius
1569 5565 1656 5612 :et
1698 5556 1858 5627 facie-

229 5656 348 5708 bat
397 5653 556 5726 juxta
595 5654 902 5708 voluntatem
945 5669 1089 5706 suant
1112 5694 1128 5719 ,
1183 5661 1228 5706 et
1267 5652 1620 5722 magnificatus
1654 5658 1758 5715 est,
1809 5659 1858 5705 et

224 5761 359 5821 σεο
391 5743 728 5818 intelligebatur
761 5745 921 5817 (Dan.
960 5744 1014 5802 8.
1054 5745 1108 5800 2.
1137 5755 1182 5801 et
1206 5750 1387 5818 θείη).
1419 5744 1493 5802 Dc
1518 5741 1750 5817 potcutia
1780 5742 1864 5799 lo-

1485 332 1848 392 AlWEltSUS
1885 333 2189 392 JllDEOS.
2235 337 2297 392 V.

3399 351 3505 407 89$

1926 449 2107 518 quitur
2133 448 2342 504 Persica
2361 491 2377 516 ,
2409 456 2465 504 et
2497 448 2769 505 dominatu
2792 490 2808 516 ,
2833 448 2923 520 qui
2955 429 3192 519 pctvasit
3212 459 3374 505 totam
3401 459 3512 504 ter-

1924 554 2060 594 ram.
2091 539 2290 595 Deinde
2313 540 2382 596 de
2411 541 2712 596 Alexandro
2740 539 3084 596 Macedonum
3116 556 3240 611 rege
3265 541 3512 610 loquens,

1925 629 2079 684 dicit:
2097 627 2165 683 Et
2192 646 2303 684 ecce
2328 631 2495 685 hircus
2521 648 2787 702 caprarum
2812 632 2940 686 venit
2965 630 3026 684 ab
3054 631 3235 685 Austro
3263 645 3416 700 super
3435 635 3518 702 fa-

1924 721 2050 774 ciem
2078 721 2320 776 universae
2360 731 2506 776 terrm
2528 763 2542 787 ,
2575 733 2620 776 et
2664 739 2764 775 non
2793 723 3024 793 tangebat
3053 732 3236 775 terram
3258 762 3272 784 ,
3304 731 3350 775 et
3373 722 3516 774 hirco

1926 810 2004 864 illi
2024 810 2336 880 prominebat
2360 828 2518 865 cornu
2546 812 2598 865 in
2628 811 2791 866 medio
2817 814 3076 864 oculorum
3107 811 3287 882 ipsius.
3319 811 3518 865 Deinde

1928 916 2152 956 narrans
2179 917 2521 972 congressum
2553 903 2842 958 Alexandri
2873 919 2992 957 cum
3037 904 3223 970 Dario,
3252 902 3518 972 ejusdem-

1929 1008 2032 1062 que
2062 993 2338 1070 victoriam
2369 994 2572 1049 viribus
2601 1004 2806 1064 partam
2849 1010 2862 1047 :
2909 993 3082 1058 Venit,
3111 993 3321 1063 inquit,
3348 996 3517 1048 hircus

1928 1098 2082 1152 usque
2105 1083 2174 1137 ad
2209 1085 2414 1138 arietem
2458 1085 2717 1138 habentem
2757 1101 2947 1138 cornua
2966 1127 2981 1150 ,
3014 1095 3058 1138 et
3088 1083 3324 1151 efferatus
3366 1096 3436 1138 est
3463 1088 3516 1137 in

1929 1189 2060 1240 eum,
2086 1183 2132 1229 et
2158 1177 2399 1244 percussit
2423 1177 2650 1240 arietem,
2678 1175 2962 1231 dicendum
2991 1187 3072 1232 est
3098 1177 3237 1231 enim
3265 1192 3517 1246 compen-

1930 1265 2039 1331 dio,
2058 1275 2104 1320 et
2129 1267 2359 1321 contrivit
2388 1277 2654 1338 utrumque
2673 1285 2828 1322 cornu
2851 1268 3008 1332 illius,
3032 1283 3122 1321 nec
3149 1277 3253 1322 erat
3275 1269 3358 1338 qui
3383 1269 3519 1321 arie-

1932 1364 2029 1409 tem
2055 1357 2262 1427 eriperet
2288 1357 2351 1412 de
2387 1374 2541 1411 manu
2567 1358 2728 1412 illius.
2760 1358 3002 1412 Posthmc
3038 1373 3264 1412 narrans
3293 1366 3523 1413 mortem

1930 1449 2257 1518 Alexandri,
2289 1459 2344 1506 et
2380 1460 2604 1520 quatuor
2628 1467 2810 1521 regum
2841 1451 3234 1507 successionem
3268 1467 3282 1503 :
3315 1449 3380 1503 Ει
3406 1465 3521 1502 cum

1932 1542 2013 1597 hic
2041 1543 2360 1597 invalesceret
2383 1587 2397 1608 ,
2431 1545 2635 1614 inquit,
2663 1547 2936 1599 contritum
2973 1554 3045 1598 est
3085 1561 3241 1598 cornu
3269 1544 3380 1614 ejus
3406 1559 3520 1596 ma-

1930 1651 2103 1703 gnum,
2128 1644 2173 1687 et
2195 1644 2367 1688 exorta
2389 1646 2502 1688 sum
2529 1645 2744 1704 quatuor
2763 1652 2952 1688 cornua
2972 1635 3062 1688 sub
3087 1636 3198 1697 illo,
3220 1635 3288 1688 ad
3307 1642 3521 1700 quatuor

1931 1733 2099 1777 ventos
2125 1725 2255 1778 caeli.
2285 1724 2420 1779 Hinc
2448 1726 2714 1781 transiens
2747 1725 2998 1793 deinceps
3031 1724 3099 1779 ad
3160 1723 3408 1779 Antiochi
3435 1739 3523 1779 re-

1931 1829 2090 1885 gnum
2103 1814 2267 1880 venit,
2283 1814 2627 1870 etdeclarans
2645 1814 2785 1885 quod
2803 1831 2870 1869 ex
2889 1815 3076 1869 horum
3093 1823 3317 1884 quatuor
3331 1829 3437 1869 uno
3452 1814 3525 1870 sit

1933 1914 2084 1961 ortus
2102 1947 2118 1972 ,
2147 1906 2225 1960 sic
2255 1906 2365 1962 fere
2389 1907 2466 1961 ait
2496 1923 2510 1960 ε
2540 1905 2626 1962 Ea:
2649 1923 2752 1960 uno
2791 1906 2978 1976 prodiit
3004 1922 3163 1961 cornu
3189 1905 3414 1960 validum
3433 1947 3447 1972 ,
3476 1913 3526 1960 et

1931 1997 2210 2050 exaltatum
2233 2008 2306 2052 est
2331 1998 2660 2064 vehementer,
2687 1998 2754 2051 ad
2777 1997 2970 2052 Notum
2994 2007 3041 2051 et
3066 1995 3338 2050 Orientem.
3366 1996 3519 2052 Dein-

1933 2088 2003 2142 de
2040 2088 2326 2159 designaus
2369 2088 2510 2158 quod
2549 2089 2822 2145 Iudaicam
2870 2089 3106 2159 politiam
3155 2087 3387 2142 funditus
3426 2085 3523 2140 de-

1933 2181 2128 2236 Struxit
2159 2199 2171 2234 :
2207 2179 2478 2247 Post/uec,
2508 2181 2714 2251 inquit,
2745 2181 3050 2250 sacriﬁcium
3096 2198 3185 2251 per
3211 2197 3324 2234 eum
3352 2178 3526 2232 turba-

1935 2282 2039 2325 tum
2064 2281 2138 2326 est
2161 2272 2361 2327 delicto.
2395 2273 2462 2327 Et
2491 2277 2683 2344 factum
2707 2283 2800 2339 est,
2831 2284 2877 2327 et
2903 2290 3142 2344 prospere
3168 2272 3430 2345 processit.
3456 2271 3526 2326 Et

1937 2372 2164 2416 sanctam
2208 2363 2550 2430 desolabitur,
2580 2374 2627 2418 et
2669 2364 2846 2418 datum
2887 2373 2962 2419 est
3002 2373 3178 2418 contra
3219 2363 3526 2432 sacriﬁcium

1936 2463 2228 2523 peccatum;
2255 2455 2411 2509 altari
2435 2455 2568 2509 enim
2593 2454 2814 2522 sublato,
2837 2454 3024 2509 sanctis
3052 2453 3378 2518 conculcatis,
3405 2453 3523 2507 ido-

1940 2542 2046 2598 lum
2066 2545 2242 2599 statuit
2264 2547 2420 2613 intus,
2444 2555 2490 2599 et
2508 2546 2697 2601 hostias
2721 2543 2996 2600 immolavit
3016 2545 3324 2600 damonibas
3347 2553 3528 2598 contra

1936 2633 2119 2706 legem,
2142 2645 2188 2688 et
2213 2637 2438 2707 projecta
2461 2645 2535 2690 est
2559 2636 2611 2690 in
2639 2645 2825 2690 terram
2834 2635 3058 2704 justitia.
3084 2634 3146 2689 Et
3171 2636 3308 2707 fecit,
3331 2645 3378 2689 et
3401 2651 3527 2706 pro-

1937 2744 2082 2799 spere
2131 2729 2390 2799 processit.
2435 2728 2636 2784 Deinde
2687 2743 2896 2784 rursum
2942 2727 3011 2783 de
3041 2727 3142 2783 hoc
3197 2727 3315 2797 ipso
3363 2740 3528 2796 agens

1936 2837 2102 2892 regno
2129 2821 2380 2878 Antiochi
2415 2821 2724 2892 Epiphanis,
2753 2821 2925 2892 deque
2951 2820 3257 2891 captivitate
3294 2818 3527 2874 excidio-

1938 2929 2044 2985 que
2065 2929 2130 2970 ac
2157 2915 2490 2970 desolatione
2519 2914 2724 2982 templi,
2753 2917 2910 2968 etiam
2939 2913 3110 2982 ipsum
3143 2922 3350 2981 tempus
3375 2911 3530 2966 addi-

1938 3007 2036 3061 dit.
2055 3006 2293 3061 Exorsus
2311 3005 2454 3060 enim
2475 3005 2544 3058 ab
2565 3003 2849 3058 Alexandri
2875 3018 3059 3071 regno,
3081 3001 3258 3056 denuo
3277 3001 3340 3054 ad
3366 3002 3526 3056 ﬁnem

1940 3097 2060 3154 libri
2081 3101 2240 3154 etiam
2263 3097 2572 3151 intermedia
2599 3108 3026 3150 commemorans
3049 3093 3248 3158 omnia,
3270 3108 3386 3162 qnze
3407 3093 3530 3146 Pto-

1940 3189 2115 3245 lemaei
2149 3199 2205 3244 et
2250 3187 2457 3244 Seleuci
2495 3185 2859 3242 conﬁictantes
2900 3185 3039 3238 inter
3081 3198 3199 3238 sese
3245 3181 3528 3247 fecerunt,

1939 3294 2164 3350 qumque
2206 3279 2395 3333 horum
2443 3277 2606 3332 duces
2644 3284 2960 3345 gesserunt,
3011 3273 3201 3340 dolos,
3242 3273 3528 3339 victorias,

1943 3371 2214 3427 exercitus
2237 3411 2254 3436 ,
2285 3383 2488 3440 pugnas
2512 3368 2728 3424 navales
2747 3410 2763 3433 ,
2794 3367 2972 3437 praelia
3000 3365 3260 3438 pedestria
3292 3382 3306 3418 :
3336 3363 3531 3419 deinde

1945 3477 2262 3534 progressus
2286 3462 2338 3516 in
2369 3459 2689 3516 Antiochum
2709 3458 2904 3513 desiuit
2929 3457 3118 3512 iterum
3148 3456 3332 3511 dicens
3361 3471 3374 3507 :
3402 3453 3534 3508 Bra-

1945 3555 2061 3609 cltia
2080 3570 2143 3608 ea:
2160 3554 2272 3624 ipso
2287 3553 2598 3619 exorientur,
2614 3563 2663 3604 et
2685 3549 3023 3620 profanabant
3044 3557 3272 3602 sanctunt
3292 3555 3339 3599 et
3360 3556 3532 3599 trans-

1944 3644 2108 3714 ferent
2143 3643 2616 3705 continuationem;
2665 3639 3115 3695 continuationem
3145 3638 3417 3708 appellans
3446 3651 3535 3694 80—.

1947 3735 2150 3790 lemnes
2192 3742 2246 3787 et
2284 3731 2618 3803 quotidianus
2647 3731 2918 3788 victimas:
2967 3738 3014 3783 et
3051 3729 3267 3799 inferent
3309 3729 3361 3781 in
3389 3727 3534 3781 illam

1948 3826 2389 3892 abominationem,
2411 3833 2458 3879 et
2479 3840 2562 3879 eos
2584 3822 2670 3894 qui
2694 3823 2884 3876 violant
2907 3831 3278 3884 testamentum,
3302 3819 3403 3874 hoc
3425 3827 3530 3885 est,

1951 3916 2361 3986 praevaricantes
2388 3913 2623 3981 Judteos,
2646 3913 2895 3968 adducent
2919 3913 2971 3966 in
2999 3912 3196 3978 ruinas,
3227 3925 3408 3967 secum
3440 3909 3536 3964 ha-

1950 4007 2150 4064 bebunt
2189 4021 2252 4061 ac
2280 4005 2598 4062 transferent
2618 4045 2634 4070 ,
2681 4012 2726 4058 et
2764 4002 2981 4074 papulas
3023 4017 3324 4072 cognossem
3372 3999 3534 4054 Deam

1949 4115 2098 4153 suum
2123 4097 2410 4169 praevalebit
2434 4113 2455 4151 :
2504 4091 2924 4151 Macbabacorum
2953 4107 3040 4148 res
3064 4090 3388 4160 signiﬁcans,
3415 4107 3537 4160 qnze

1951 4190 2259 4246 acciderunt
2281 4189 2381 4243 sub
2408 4188 2542 4243 Juda
2572 4195 2626 4242 et
2649 4186 2865 4241 Simone
2892 4194 2948 4239 et
2973 4183 3210 4245 Joanne;
3241 4192 3290 4236 et
3316 4182 3538 4252 pruden-

1950 4292 2022 4337 tes
2046 4282 2220 4354 pepuli
2245 4281 2521 4350 intelligent
2549 4277 2618 4331 ad
2646 4279 2824 4342 multa,
2858 4285 2903 4330 et
2924 4273 3316 4343 infirmabuntur
3341 4273 3392 4325 in
3421 4272 3535 4341 gla-

1950 4374 2036 4428 dio
2076 4382 2123 4428 et
2154 4373 2398 4443 ﬂamma;
2439 4368 2687 4424 nimirum
2735 4367 2928 4424 iterum
2975 4378 3199 4418 narrans
3237 4361 3538 4418 incendium

1953 4463 2215 4528 civitatis;
2245 4472 2293 4517 et
2323 4461 2378 4517 in
2406 4460 2727 4530 captivitate.
2757 4466 2804 4513 et
2831 4457 2886 4511 in
2914 4455 3197 4524 direptione
3233 4455 3466 4517 dierum;
3491 4462 3540 4507 et

1953 4569 2069 4607 cum
2094 4553 2337 4623 inﬁrmati
2367 4551 2594 4623 fuerint,
2632 4547 3005 4620 adjuvabuntur
3045 4546 3302 4618 παίωσι-ἕο
3346 4561 3543 4616 parvo:

1952 4645 2255 4717 signiﬁcans
2280 4642 2422 4714 quod
2463 4641 2518 4698 in
2561 4639 2754 4696 mediis
2782 4638 2888 4694 illis
2924 4638 3077 4694 malis
3104 4648 3350 4708 poterunt
3373 4637 3544 4706 respi-

1957 4753 2078 4794 rare
2099 4778 2114 4803 ,
2147 4745 2201 4793 et
2238 4749 2515 4807 emergere
2551 4749 2617 4788 ex
2645 4730 3020 4788 afﬂictionibus
3041 4771 3057 4796 ,
3085 4729 3278 4799 quibus
3319 4727 3540 4782 involuti

1955 4839 2114 4894 sunt;
2144 4838 2191 4884 et
2223 4828 2562 4899 adjangentur
2585 4825 2687 4880 illis
2725 4825 2870 4879 multi
2897 4823 2950 4876 in
2975 4822 3134 4876 ruinis
3158 4861 3175 4886 ,
3197 4819 3324 4873 etab
3353 4818 3542 4872 intelli-

1960 4921 2188 4992 gentibus
2211 4918 2602 4988 inﬁrmabuntur
2631 4915 2790 4988 (Dan.
2822 4914 2908 4969 Η.
2935 4913 3026 4968 51.
3044 4921 3090 4966 et
3119 4911 3299 4982 δίψῃ).
3333 4909 3424 4964 His
3448 4923 3544 4962 au-

1959 5022 2064 5066 tem
2091 5010 2269 5067 verbis
2298 5009 2557 5080 signiﬁcat
2584 5005 2815 5062 futurum
2840 5044 2855 5069 ,
2889 5010 2946 5058 ut
2973 5001 3122 5056 multi
3152 5001 3311 5055 etiam
3340 5007 3544 5053 stantes

1957 5103 2169 5159 cadant.
2198 5101 2400 5157 Deinde
2419 5113 2633 5154 causam
2660 5097 2819 5152 etiam
2847 5093 3040 5164 aperit,
3068 5093 3138 5147 ob
3162 5105 3319 5161 quam
3347 5089 3543 5158 permi-

1957 5196 2028 5250 sit
2051 5195 2192 5250 Deus
2220 5194 2341 5248 illos
2367 5192 2417 5246 in
2451 5189 2610 5246 tantis
2633 5187 2789 5243 malis
2814 5185 3038 5242 versari.
3063 5184 3316 5251 Qumnam
3337 5190 3418 5235 est
3437 5195 3500 5234 ea
3518 5181 3545 5234 τ

1964 5284 2030 5339 Ut
2077 5283 2192 5356 igne
2232 5281 2480 5336 examinet
2525 5279 2660 5343 illos,
2708 5276 2905 5346 inquit,
2947 5275 3130 5344 eligat,
3163 5282 3313 5341 atque
3349 5268 3545 5323 dealbet

1960 5394 2113 5448 usque
2129 5375 2198 5429 ad
2217 5375 2481 5429 terminum
2508 5372 2765 5443 temporis.
2790 5369 3013 5438 Pr0pter
3035 5367 3148 5422 hazc
3167 5366 3331 5428 enim,
3351 5364 3540 5432 inquit,

1961 5467 2075 5522 hare
2091 5465 2329 5537 permisit
2345 5464 2505 5531 Deus,
2519 5471 2682 5518 uteos
2700 5475 2921 5530 repurga
2929 5455 3439 5523 ret,ostenderetque
3451 5452 3540 5521 qui

1961 5566 2146 5615 essent
2171 5557 2309 5612 inter
2336 5555 2457 5610 illos
2486 5552 2712 5624 probati.
2732 5549 2931 5607 Deinde
2951 5558 3378 5604 commemorans
3403 5542 3544 5612 regis

1963 5649 2103 5705 illius
2129 5646 2440 5718 potentiam,
2471 5645 2581 5699 ait:
2612 5643 2676 5697 Et
2702 5643 2851 5715 faciet
2867 5645 3018 5710 juxta
3047 5638 3346 5692 voluntatem
3375 5649 3542 5696 suam,

1964 5751 2014 5800 et
2031 5739 2354 5812 excitabitur,
2370 5747 2415 5796 et
2437 5737 2855 5811 magniﬁcabitur.
2877 5733 2996 5790 Mox
3021 5728 3390 5802 blasphemunt
3405 5726 3548 5784 illius
