3990 6198
559 335 662 391 895

552 450 791 502 animum
822 444 1122 515 signiﬁcans
1141 485 1156 510 ,
1182 442 1328 497 addit
1373 459 1386 472 ο
1431 441 1676 495 Aduersus
1702 440 1865 493 Deum
1893 439 2100 492 deorum
2123 477 2140 500 ,

557 543 721 611 inquit
749 582 766 607 ,
795 539 1020 608 loquetur
1045 542 1260 606 superba
1285 574 1298 597 ,
1331 542 1375 589 et
1421 533 1796 604 prosperabitur
1817 573 1831 595 ,
1866 531 2023 583 donec
2064 529 2144 582 ira

556 630 980 686 consummabitnr
998 645 1018 683 :
1046 627 1318 681 declarans
1347 625 1486 696 quod
1527 643 1630 679 non
1675 641 1740 680 ex
1773 624 1983 694 prOprio
2008 637 2138 676 con-

557 723 709 787 silio,
737 721 831 775 sed
865 730 1080 789 propter
1109 720 1238 772 iram
1286 719 1378 772 Dei
1421 717 1676 772 adversus
1710 716 1922 771 JUd‘J‘OS
1947 714 2036 770 ille
2065 713 2143 768 sic

561 812 860 866 invaluerit.
885 810 1118 864 Tandem
1145 810 1231 864 ubi
1253 809 1487 877 pluribus
1507 809 1622 862 aliis
1643 807 1774 861 dixit
1793 815 1985 876 quanta
2004 806 2141 860 mala

557 904 790 958 facturus
820 911 1000 967 esset,
1040 912 1148 956 tum
1194 899 1425 972 Egypto
1448 942 1462 965 ,
1493 908 1607 953 tum
1637 896 1974 962 l’al.rstin:e;
2005 912 2140 965 quo-

559 997 717 1050 modo
743 995 1008 1049 rediturus
1037 995 1101 1048 sit
1127 1033 1142 1057 ,
1185 1005 1236 1048 et
1280 1008 1385 1063 quo
1412 1002 1634 1046 vocante
1657 1033 1672 1056 ,
1705 1003 1758 1046 et
1789 1005 1889 1059 qua
1921 999 2140 1058 urgente

557 1102 715 1141 causa
743 1104 754 1139 :
783 1094 961 1154 postea
987 1094 1164 1138 narrat
1187 1093 1484 1154 temporum
1506 1081 1870 1145 mutationem,
1897 1079 2141 1150 quodque

559 1176 726 1232 Judaei
759 1184 1038 1245 postquam
1073 1190 1166 1244 per
1195 1173 1310 1228 lucc
1354 1173 1530 1227 omnia
1575 1171 1920 1236 transierint,
1953 1171 2140 1224 nanci-

559 1278 776 1321 sceutur
797 1266 1007 1336 aliquod
1031 1266 1301 1327 auxilium,
1319 1266 1483 1318 misso
1508 1264 1696 1334 angelo
1713 1264 1763 1316 in
1789 1263 1999 1316 illorum
2017 1261 2142 1314 sub-

563 1361 773 1414 sidium.
801 1359 866 1412 In
896 1370 1116 1429 tempore
1141 1359 1271 1410 enim
1303 1356 1412 1422 illo,
1439 1357 1626 1426 inquit,
1655 1365 1889 1425 exsurget
1919 1353 2141 1408 Michael

561 1452 790 1522 princeps
819 1468 1030 1521 magnus
1052 1492 1066 1515 ,
1097 1451 1182 1514 qui
1209 1453 1472 1518 praefectus
1497 1459 1568 1502 est
1597 1448 1717 1516 [iliis
1756 1448 1932 1518 populi
1957 1449 2063 1513 tui,
2092 1457 2139 1500 et

559 1545 650 1595 erit
681 1554 874 1611 tempus
899 1541 1176 1612 uﬂlictiouis
1201 1582 1214 1605 ,
1243 1541 1390 1610 quale
1417 1556 1516 1593 non
1548 1539 1664 1608 fuit,
1695 1555 1758 1592 ea:
1779 1554 1876 1606 quo
1902 1554 2023 1608 gens
2053 1541 2137 1606 fa-

559 1643 638 1686 cta
659 1645 728 1686 est
750 1634 800 1685 in
827 1643 956 1686 terra
984 1648 1140 1702 usque
1167 1631 1232 1683 ad
1262 1641 1454 1699 tempus
1482 1630 1629 1693 illud,
1656 1640 1703 1684 et
1726 1631 1778 1682 in
1806 1639 2026 1698 tempore
2047 1629 2138 1682 illo

557 1725 696 1776 sulra
721 1724 804 1791 [iet
833 1725 994 1775 omnis
1023 1721 1291 1774 multitudo
1313 1763 1327 1784 ,
1360 1737 1476 1791 qua:
1506 1721 1780 1790 reperietur
1805 1721 2054 1790 descripta
2083 1721 2136 1773 in

561 1813 686 1866 libro
717 1812 890 1885 (Dan.
925 1813 1013 1866 η.
1042 1810 1126 1881 l),
1159 1812 1258 1864 hoc
1278 1820 1378 1874 est,
1408 1811 1494 1877 qui
1525 1810 1667 1880 digni
1695 1821 1817 1863 sunt
1843 1811 2036 1865 salute.

627 1906 680 1960 8.
724 1905 916 1958 Verum
958 1919 1024 1958 ne
1069 1918 1212 1957 nunc
1249 1902 1464 1973 quidem
1508 1901 1681 1956 adhuc
1717 1901 2132 1956 demonstratum

555 2005 656 2058 est,
682 1993 748 2048 de
770 2011 874 2064 quo
897 1995 990 2048 l'uit
1013 1995 1247 2047 instituta
1275 1991 1517 2062 quavstio.
1543 1993 1676 2058 Quid
1698 2003 1869 2046 autem
1895 1991 1994 2046 hoc
2015 1993 2132 2046 est‘l

556 2085 812 2139 Videlicet
856 2083 995 2152 quod
1027 2090 1184 2139 etiam
1218 2094 1453 2153 tempora
1489 2084 1794 2152 praeﬁnierit
1830 2083 1910 2137 his
1946 2084 2095 2136 malis
2117 2126 2130 2148 ,

554 2183 696 2236 velut
727 2181 830 2234 illic
869 2181 1050 2250 prima:
1091 2181 1362 2234 servitutis
1389 2193 1555 2232 annos
1583 2177 2018 2248 quadringentos,
2051 2193 2136 2232 sc-

551 2273 738 2328 cundte
777 2280 959 2342 postea
1008 2271 1358 2342 septuaginta.
1407 2270 1696 2326 Videamus
1741 2271 1901 2340 igitur
1940 2286 2005 2324 an
2050 2270 2133 2324 his

551 2377 760 2432 quoque
786 2362 1044 2432 prmﬁniat
1071 2371 1277 2430 tempus
1300 2361 1534 2431 aliquod.
1562 2361 1584 2415 ι
1607 2361 1658 2416 bi
1682 2375 1807 2415 vero
1833 2360 2010 2415 licebit
2031 2360 2132 2415 hoc

553 2455 832 2508 invenire?
866 2453 920 2507 In
981 2454 1046 2508 iis
1086 2470 1202 2523 qua:
1243 2461 1361 2521 post
1403 2452 1518 2507 hzec
1562 2451 1824 2506 dicentur.
1869 2450 2130 2519 Quoniam

551 2545 692 2597 ellilll
717 2543 957 2597 audierat
987 2545 1147 2597 multa
1177 2557 1470 2612 magnaque
1497 2543 1655 2608 mala,
1686 2542 1916 2597 civitatis
1945 2542 2129 2597 incen-

549 2633 729 2695 dium,
763 2634 956 2701 politius
998 2633 1393 2686 subversionem
1419 2674 1433 2698 ,
1475 2646 1693 2685 suorum
1735 2632 2125 2700 captivitatem,

553 2733 731 2792 postea
754 2723 1086 2777 desiderabat
1111 2723 1266 2776 ﬁnem
1297 2722 1503 2776 illorum
1529 2721 1753 2787 discere,
1784 2730 1837 2776 et
1861 2737 1986 2776 num
2012 2737 2130 2791 qua:

550 2813 721 2867 futura
747 2821 888 2867 esset
912 2827 1093 2866 earum
1121 2812 1478 2866 calamitatum
1511 2812 1873 2866 commutatio.
1900 2812 2130 2868 Percon-

551 2912 668 2955 taus
695 2911 868 2955 autem
900 2900 976 2956 sic
1015 2901 1329 2968 loquebatur
1349 2942 1365 2967 ,
1395 2899 1612 2954 Domine
1633 2941 1648 2964 ,
1678 2903 1789 2972 quis
1815 2909 1886 2955 est
1921 2901 2128 2955 istorum

549 2994 704 3062 ﬁnis?
731 2992 798 3046 Et
824 2993 972 3057 dixit,
1012 2991 1137 3046 Veni
1163 2991 1258 3044 huc
1285 2990 1501 3046 Daniel:
1523 2991 1758 3061 quoniam
1786 2991 1946 3044 clausi
1969 3000 2014 3044 et
2040 2989 2128 3045 ob-

547 3085 732 3155 signati
760 3093 874 3137 sunt
911 3100 1162 3137 sermones
1198 3099 1217 3137 :
1245 3083 1584 3138 subindicans
1625 3084 2000 3139 obscuritatem
2031 3099 2124 3139 eo-

547 3191 662 3229 rum
683 3216 698 3238 ,
729 3190 848 3244 qua:
873 3175 1210 3242 dicerentur,
1245 3172 1412 3243 Usque
1436 3173 1505 3226 ad
1541 3175 1775 3244 temporis
1801 3174 1972 3243 finem.
2007 3174 2126 3228 Mox

546 3281 756 3319 causam
783 3266 1048 3334 aperiens,
1077 3280 1240 3334 quare
1269 3265 1368 3318 ista
1399 3266 1698 3334 permiserit
1725 3265 1941 3320 evenire
1965 3265 2123 3330 mala,

547 3354 718 3410 Donec
746 3355 1017 3426 eligantur,
1060 3356 1262 3425 inquit,
1295 3365 1340 3409 et
1369 3355 1680 3422 dealbentur,
1712 3366 1762 3410 et
1795 3358 1901 3428 igni
1929 3357 2123 3412 exami-

546 3455 726 3500 nentur
744 3445 910 3509 multi,
933 3455 980 3499 et
1004 3446 1173 3514 inique
1195 3456 1348 3516 agant
1373 3447 1553 3516 iniqui,
1582 3456 1627 3500 et
1649 3447 1932 3517 intelligant
1955 3463 2126 3503 omnes

545 3535 706 3605 impii,
723 3544 767 3589 et
787 3535 980 3588 cordati
1000 3535 1279 3606 intelligant
1300 3535 1457 3604 (Dan.
1477 3537 1560 3590 η.
1581 3536 1636 3591 8.
1654 3547 1699 3590 et
1715 3540 1898 3607 seqq.).
1923 3538 2126 3593 Deinde

545 3633 739 3692 quanto
755 3632 992 3693 tempore
1012 3625 1116 3679 sint
1145 3625 1245 3679 illis
1273 3641 1517 3680 mansura
1537 3626 1650 3681 haec
1675 3627 1810 3680 mala
1833 3627 2123 3696 praedicens

545 3713 618 3766 ait
641 3714 714 3765 :A
739 3723 960 3782 tempore
988 3717 1413 3768 transmutationis
1431 3717 1800 3770 endelecltismi.
1829 3717 1918 3772 Sic
1945 3726 2122 3772 autem

546 3807 831 3859 vocabatur
849 3807 1211 3876 quotidianum
1237 3808 1572 3861 scriﬁcium.
1601 3809 1730 3862 Nam
1757 3815 1985 3879 (waslsxt;
2006 3828 2124 3880 per-

546 3905 762 3965 petuum
794 3904 908 3960 est,
937 3897 1184 3966 frequens
1204 3938 1218 3962 ,
1247 3908 1300 3952 et
1326 3901 1655 3952 continuum.
1685 3899 1812 3953 Erat
1837 3902 1977 3954 enim
2006 3916 2123 3956 mos

545 3984 742 4038 ludatis
767 3992 821 4038 et
845 3986 1051 4054 vesperi
1097 3995 1153 4039 et
1195 3986 1294 4039 sub
1319 4001 1566 4040 auroram
1597 3995 1651 4041 et
1678 3988 1885 4057 singulo
1915 4005 2124 4060 quoque

545 4075 630 4128 die
645 4075 960 4129 sacriﬁcium
981 4075 1174 4130 oﬂ'erre
1195 4075 1323 4130 Deo.
1351 4080 1521 4145 Atque
1540 4077 1606 4132 de
1627 4092 1782 4132 causa
1805 4082 2121 4136 sacriﬁcium

545 4165 670 4220 illud
714 4165 1164 4221 endelechismum
1187 4207 1200 4231 ,
1242 4165 1290 4220 id
1332 4177 1414 4221 est
1449 4167 1810 4224 assiduitatem
1833 4211 1848 4235 ,
1881 4173 2118 4227 vocabat.

547 4256 827 4326 Postquam
855 4258 1012 4327 igitur
1038 4257 1256 4312 veniens
1281 4257 1572 4314 Antiochus
1602 4259 1742 4315 hunc
1767 4276 1968 4316 morem
1999 4277 2120 4318 sus-

547 4349 664 4402 tulit
700 4358 752 4403 et
791 4350 1092 4402 immutavit
1115 4367 1128 4402 :
1153 4348 1254 4404 hoc
1277 4358 1378 4414 est,
1403 4349 1542 4421 quod
1573 4351 1648 4405 ait
1670 4353 1908 4422 angelus,
1934 4354 1978 4407 Α
2001 4363 2123 4408 tem-

551 4455 668 4507 pore
695 4443 1126 4494 transmutationis
1154 4443 1527 4508 endelecltismi,
1560 4443 1661 4499 hoc
1689 4454 1791 4511 est,
1823 4461 1853 4500 α
1885 4457 2121 4517 tempore

553 4545 652 4598 quo
673 4533 1083 4587 commutabitur
1105 4533 1208 4588 hoc
1229 4536 1569 4603 sacriﬁcium,
1597 4548 1713 4592 sunt
1737 4539 1844 4592 dies
1870 4539 2009 4593 mille
2027 4541 2124 4594 da-

543 4621 674 4675 centi
697 4630 744 4675 et
775 4623 1074 4691 nonaginta,
1101 4622 1203 4676 hoc
1227 4633 1309 4678 est
1331 4663 1345 4690 ,
1377 4633 1484 4680 tres
1508 4627 1632 4681 anni
1660 4643 1780 4682 cum
1805 4629 2080 4684 dimidiato
2100 4671 2116 4697 ,

544 4728 608 4766 ac
636 4715 790 4782 paulo
813 4713 1058 4782 amplius.
1087 4715 1288 4769 Deinde
1315 4716 1456 4785 quod
1490 4727 1600 4771 tum
1629 4730 1772 4774 esset
1793 4720 2000 4775 futurus
2024 4721 2120 4774 ho-

544 4821 660 4860 rum
691 4805 951 4860 malorum
977 4806 1098 4861 ﬁnis
1132 4820 1194 4860 ac
1223 4808 1510 4871 terminus,
1539 4810 1749 4878 subiicit
1779 4829 1792 4864 :
1824 4811 2007 4865 Beatus
2034 4814 2121 4882 qui

543 4899 831 4952 sustinuerit
857 4914 919 4952 ac
940 4899 1212 4968 pervenerit
1241 4915 1396 4969 usque
1421 4900 1488 4953 ad
1512 4900 1617 4954 dies
1642 4903 1781 4956 mille
1805 4914 2044 4958 trecentos
2072 4913 2119 4958 et

544 4990 750 5060 triginta
768 4989 982 5060 quinque
1002 5005 1022 5045 :
1039 4991 1186 5045 mille
1207 4990 1448 5046 ducentis
1467 4993 1750 5062 nonaginta
1771 4993 1970 5048 addens
1991 5011 2121 5065 qua-

544 5080 782 5150 draginta
811 5081 1061 5151 quinque.
1084 5082 1342 5150 Quoniam
1373 5088 1512 5139 enim
1541 5086 1593 5139 in
1616 5101 1798 5141 mense
1824 5096 1876 5141 et
1901 5087 2118 5144 dimidio

543 5172 740 5226 mensis
760 5172 952 5227 accidit
975 5182 1032 5228 ut
1057 5174 1211 5228 ﬁeret
1239 5174 1327 5229 ille
1356 5175 1633 5232 conﬂictus
1658 5193 1670 5229 :
1698 5178 1748 5231 in
1780 5177 1879 5232 hoc
1899 5179 2115 5233 victoria

543 5259 628 5316 illa
659 5279 788 5333 pura
820 5263 957 5321 facta
999 5275 1113 5332 est,
1141 5276 1195 5322 et
1232 5269 1468 5322 omnium
1517 5270 1773 5324 malorum
1815 5273 2114 5348 urgentium

541 5357 883 5410 commutatio
906 5372 920 5408 :
945 5371 1065 5410 cum
1091 5366 1266 5412 autem
1296 5359 1401 5412 ait:
1421 5359 1605 5414 Beatus
1627 5363 1712 5432 qui
1738 5363 2024 5416 sustinuerit
2049 5363 2118 5417 ad

542 5446 648 5501 dies
675 5449 814 5501 mille
839 5457 1082 5503 trecentos
1106 5451 1310 5519 triginta
1335 5453 1570 5521 quinque,
1598 5468 1774 5508 rerum
1797 5454 2117 5511 immutatio-

547 5551 666 5589 nem
695 5537 947 5592 declarat.
971 5539 1150 5609 Neque
1179 5541 1487 5609 simpliciter
1507 5542 1660 5608 dixit,
1682 5544 1770 5614 qui
1794 5547 2112 5614 pervenerit,

544 5639 726 5677 verum
768 5627 853 5694 qui
895 5630 1184 5681 sustinuerit
1227 5640 1273 5683 et
1313 5633 1586 5699 peruenerit
1625 5649 1643 5687 :
1685 5635 1932 5704 quoniam
1971 5635 2113 5690 enim

545 5713 694 5767 multi
725 5728 938 5779 eorum,
967 5718 1054 5785 qui
1083 5718 1413 5788 impietatem
1435 5731 1806 5791 perpetrarunt
1824 5768 1838 5796 ,
1872 5727 2114 5784 viderunt

1281 328 1337 385 S.
1377 328 1654 384 JUANNIS
1688 320 2159 383 CHRYSOSTOMI
2199 319 2333 376 ΔΒΕ
2353 321 2533 379 ΗΙΕΡ.
2573 321 3108 380 CONSTANTINOP‘.
3639 340 3720 399 396

2251 436 2741 503 commutationem,
2772 454 2876 493 non
2903 454 2998 494 eos
3018 437 3324 507 simpliciter
3343 440 3458 499 dixit
3479 447 3638 520 beatos,
3660 461 3730 516 sed

2247 541 2344 584 eos
2369 529 2458 598 qui
2499 529 2858 584 testimonium
2903 531 3239 599 praebuerant
3266 531 3315 587 in
3351 534 3512 595 diebus
3546 546 3730 603 afﬂictio.

2249 635 2398 683 num,
2443 635 2542 675 nec
2566 636 2593 673 a
2624 622 2817 690 pietate
2862 623 3233 683 desciverant:
3277 627 3451 686 deinde
3491 649 3734 708 Consoquut;

2249 719 2372 764 sunt
2400 711 2778 766 relaxationcm
2810 713 2849 765 ¹.
2879 713 3002 767 Ideo
3048 729 3150 767 non
3195 715 3481 786 simpliciter
3511 724 3646 791 dixit,
3671 735 3734 798 qui

2249 801 2550 868 pervenerit
2577 819 2589 853 :
2621 801 2712 855 sed
2739 803 2824 872 qui
2852 805 3146 858 sustinuerit
3178 819 3222 858 et
3261 814 3524 876 pervenerit.
3548 817 3654 883 Quid
3679 822 3736 877 his

2247 903 2367 944 esse
2397 899 2570 959 potest
2593 891 2909 948 dilucidius?
2937 893 3097 950 Vides
3121 935 3134 958 ,
3164 905 3219 950 ut
3243 912 3342 951 non
3368 916 3513 971 usque
3538 907 3590 959 ad
3613 925 3735 967 annos

2245 990 2333 1033 aut
2361 995 2592 1045 menses,
2617 981 2710 1035 sed
2741 981 2807 1036 ad
2834 999 2995 1037 unum
3030 1000 3195 1056 usque
3225 987 3357 1041 diem
3380 1005 3560 1047 summa
3585 1012 3680 1052 cura
3702 1011 3738 1056 et

2245 1071 2604 1140 captivitatem
2628 1084 2679 1127 et
2702 1075 3022 1143 captivitatis
3042 1078 3353 1132 solutionem
3383 1085 3635 1150 przedixerit
3651 1108 3738 1158 pro-

2246 1163 2422 1231 pheta.
2456 1163 2629 1233 Atque
2659 1173 2714 1218 ut
2737 1166 2914 1219 sciatis
2941 1182 3026 1221 me
3060 1182 3164 1221 non
3195 1183 3260 1222 ex
3289 1173 3578 1239 cenjecturis
3602 1179 3737 1246 loqui,

2243 1270 2339 1325 age
2379 1255 2710 1324 proferamus
2755 1269 2809 1312 et
2855 1257 3016 1312 alium
3074 1270 3259 1315 testem
3304 1277 3474 1316 eorum
3510 1284 3605 1335 qua:
3636 1271 3736 1324 dicta

2244 1357 2386 1412 sunt,
2419 1364 2576 1418 quem
2606 1350 2676 1404 illi
2717 1350 3088 1420 gravissimum
3129 1351 3323 1406 habent
3345 1365 3601 1419 auctorem,
3625 1358 3737 1415 lose-

2245 1440 2404 1511 phum
2435 1441 2642 1510 loquor,
2672 1444 2760 1513 qui
2788 1442 3112 1498 calamitates
3145 1444 3348 1498 illorum
3381 1448 3739 1516 tmgicasdescri-

2245 1532 2384 1600 psit,
2425 1547 2488 1587 ac
2533 1542 2685 1587 vetus
2725 1541 3096 1588 testamentum
3136 1549 3294 1588 onme
3336 1537 3464 1590 velut
3500 1540 3736 1608 paraphrasi

2241 1622 2412 1676 fusius
2439 1623 2742 1692 explicavit,
2791 1625 2879 1694 qui
2911 1623 3010 1678 fuit
3052 1633 3170 1694 post
3197 1624 3390 1679 Christi
3419 1627 3682 1695 adventum,
3703 1639 3739 1685 et

2239 1714 2595 1782 cagitivitatem
2612 1715 2678 1768 ab
2699 1715 2817 1784 ipso
2837 1715 3142 1784 prmdictam
3169 1731 3582 1783 commemorans,
3601 1720 3653 1774 de
3669 1720 3739 1775 hac

2240 1821 2451 1875 quoque
2477 1805 2749 1873 disseruit,
2779 1807 3007 1862 Danielis
3025 1808 3283 1862 visionem
3305 1823 3557 1876 enarrans,
3573 1811 3627 1866 de
3642 1813 3742 1865 arie-

2242 1907 2312 1961 te,
2343 1897 2411 1952 de
2436 1898 2605 1962 hirco,
2633 1898 2700 1954 de
2739 1908 2965 1968 quatuor
3002 1901 3254 1956 cornibus
3278 1943 3292 1967 ,
3315 1901 3377 1956 de
3408 1913 3635 1971 postremo
3658 1915 3743 1972 post

2239 1988 2330 2045 illa
2357 1997 2564 2043 exorto.
2600 1989 2669 2043 Et
2699 2005 2762 2044 ne
2789 1991 2907 2059 quis
2950 2001 3193 2061 suspecta
3239 1991 3425 2046 habeat
3461 2010 3564 2063 qua:
3587 2009 3612 2046 a
3633 1995 3747 2049 nobis

2237 2079 2378 2134 dicta
2406 2079 2620 2144 fuerint,
2644 2097 2741 2152 age
2766 2081 3056 2136 referamus
3083 2092 3136 2137 et
3159 2083 3302 2137 illius
3331 2083 3498 2138 verba.

2307 2169 2519 2242 Iosephi
2563 2171 2701 2225 locus
2737 2171 2971 2226 Iudaica:
3018 2174 3358 2242 antiquitatis,
3395 2173 3451 2227 L.
3495 2176 3566 2230 10.
3605 2191 3643 2228 ε.
3681 2175 3744 2229 ll.

2240 2264 2326 2318 12.
2356 2295 2428 2304 —
2456 2265 2585 2319 Cum
2624 2265 2766 2319 enim
2796 2265 3062 2320 laudasset
3097 2267 3384 2328 Danielem,
3413 2282 3638 2336 supraque
3661 2282 3745 2318 mo-

2236 2353 2362 2407 dum
2383 2354 2677 2418 extulisset,
2696 2354 2902 2408 cmteris
2918 2354 3162 2409 omnibus
3186 2356 3452 2426 prophetis
3468 2366 3748 2424 anteponens,

2235 2445 2303 2500 ad
2349 2446 2485 2500 hanc
2531 2445 2681 2499 venit
2733 2445 3012 2513 visionem,
3061 2455 3114 2501 et
3163 2447 3340 2500 dicit:
3371 2447 3576 2516 Reliquit
3615 2455 3746 2498 autem

2235 2534 2390 2590 nobis
2431 2550 2647 2589 suorum
2695 2537 3014 2605 scriptorum
3057 2547 3398 2619 monumenta
3423 2580 3435 2602 ,
3479 2537 3599 2592 unde
3635 2537 3752 2590 nobis

2235 2628 2392 2696 hujus
2415 2627 2708 2697 prophetia:
2733 2637 2972 2683 exactam
2994 2637 3047 2684 et
3072 2630 3427 2684 inevitabilem
3447 2628 3750 2684 certiludinem

2240 2720 2505 2790 praestitit.
2551 2720 2640 2773 Ait
2664 2720 2804 2775 enim
2837 2738 2849 2774 ε
2881 2721 3064 2786 Susis,
3091 2737 3213 2790 qua:
3245 2722 3469 2776 Persidis
3495 2730 3564 2775 est
3603 2728 3753 2774 metro-

2235 2809 2393 2879 polis.
2425 2826 2547 2866 cum
2591 2811 2808 2867 exiisset
2847 2812 2898 2866 in
2936 2828 3181 2882 campum
3213 2829 3334 2868 cum
3373 2813 3521 2868 sociis
3544 2813 3635 2866 suis
3668 2815 3756 2882 qui-

2233 2901 2476 2965 busdam,
2498 2902 2674 2956 subito
2693 2911 2845 2958 terrae
2864 2913 3010 2959 motu
3030 2906 3481 2975 concussioneqne
3497 2905 3674 2968 oborta,
3688 2919 3753 2957 rc-

2233 2994 2414 3048 lictum
2474 2993 2638 3048 fuisse
2701 2994 2870 3048 solum
2930 2993 3259 3065 fugientibus
3311 2996 3524 3050 carteris.
3574 2995 3627 3048 Et
3670 2994 3756 3061 ipse

2231 3084 2442 3155 quidem
2485 3099 2679 3154 pronus
2726 3085 2777 3139 in
2803 3083 2989 3140 faciem
3019 3087 3276 3152 concidit,
3319 3087 3519 3141 innixus
3551 3083 3757 3139 ambabus

2231 3177 2473 3232 manibus
2503 3194 2516 3230 :
2543 3177 2664 3231 dein
2691 3176 2776 3232 ubi
2798 3177 3057 3247 quiSpiam
3079 3186 3325 3249 tangeret
3351 3194 3486 3239 eum,
3511 3179 3758 3241 intereaque

2224 3269 2436 3340 iuberet
2475 3285 2690 3340 surgere
2712 3311 2729 3336 ,
2759 3285 2821 3324 ac
2862 3269 3042 3325 videre
3080 3286 3204 3341 quae
3253 3279 3372 3341 post
3409 3270 3584 3322 multas
3615 3272 3756 3317 munies

2228 3363 2430 3418 civibus
2453 3372 2632 3418 essent
2658 3372 2915 3418 eventura
2939 3381 2952 3417 :
2973 3371 3150 3418 erecto
3185 3371 3528 3418 monstratum
3554 3360 3618 3412 ait
3636 3356 3760 3410 fuisse

2227 3459 2445 3513 arietem
2477 3457 2764 3528 ingentem,
2799 3457 2883 3512 cui
2927 3456 3091 3511 multa
3121 3456 3342 3527 quidem
3389 3463 3532 3509 enata
3559 3451 3648 3506 sint
3668 3461 3761 3500 cor-

2228 3566 2352 3618 nus,
2397 3550 2489 3605 sed
2519 3549 2706 3604 horum
2737 3559 3059 3620 postremum
3085 3550 3355 3605 excelsius
3401 3547 3554 3601 fuisse
3577 3539 3759 3597 ueteris.

2227 3642 2428 3698 Deinde
2453 3641 2731 3697 sustulisse
2774 3641 2958 3697 oculos
2982 3641 3048 3696 ad
3076 3657 3352 3706 occasum,
3383 3637 3653 3704 vidisseque
3673 3630 3758 3682 hir-

2227 3749 2370 3800 cum,
2398 3733 2487 3804 qui
2516 3750 2610 3804 per
2633 3749 2810 3788 aerem
2839 3733 3036 3803 impetu
3063 3730 3361 3786 ferebatur.
3394 3729 3537 3784 llunc
3563 3735 3760 3792 congres-

2226 3841 2345 3880 sum
2396 3824 2563 3880 l'uisse
2605 3839 2724 3879 cum
2771 3825 2958 3890 ariete,
3005 3831 3059 3878 et
3089 3823 3347 3877 cornibus
3377 3823 3530 3875 ictum
3574 3817 3756 3869 hiscum

2227 3917 2278 3971 in
2309 3925 2502 3971 terram
2545 3916 2823 3984 deiecisse,
2868 3916 3344 3985 conculcasseque.
3377 3910 3565 3966 Deinde
3599 3906 3761 3960 hircum

2225 4007 2390 4062 fuisse
2415 4009 2582 4061 visum
2607 4006 2975 4068 excelsiorem,
2999 4021 3029 4060 e
3050 4005 3228 4060 fronte
3253 4004 3611 4075 producentem
3629 4008 3760 4050 eoruu

2226 4102 2552 4165 maximum;
2601 4116 2666 4155 eo
2715 4099 2900 4164 fracto,
2945 4099 3043 4152 alia
3090 4099 3396 4154 excrevisse
3441 4104 3673 4166 quatuor,
3713 4085 3759 4137 ad

2225 4189 2461 4260 singulos
2501 4190 2720 4244 obversa
2763 4199 2968 4243 ventos.
3018 4188 3093 4242 Ex
3123 4189 3210 4242 his
3253 4197 3430 4241 autem
3459 4182 3588 4238 aliud
3625 4179 3758 4232 minus

2225 4290 2465 4337 exortum
2494 4281 2655 4336 fuisse
2679 4282 2910 4352 scripsit,
2950 4281 3090 4349 quod
3119 4279 3368 4334 increvit.
3403 4275 3603 4332 Dicebat
3624 4277 3756 4324 utilem

2224 4372 2314 4442 qui
2361 4372 2474 4426 huic
2521 4371 2592 4425 illi
2637 4371 2950 4426 ostendebat
2991 4371 3162 4435 Deus,
3218 4369 3455 4424 futurum
3503 4376 3552 4418 ut
3590 4370 3754 4430 gentem

2228 4463 2391 4531 ipsius
2415 4462 2721 4522 debellaret,
2753 4462 2937 4516 urbem
2968 4462 3020 4515 vi
3063 4470 3309 4530 caperet,
3344 4457 3584 4527 templum
3605 4448 3756 4518 expilr

2224 4563 2326 4620 ret,
2373 4568 2522 4607 sacra
2559 4552 2905 4623 prohiberet:
2934 4551 3168 4606 futurum
3212 4562 3395 4606 autem
3426 4549 3487 4603 ad
3528 4547 3628 4601 dies
3649 4539 3756 4594 mille

2223 4644 2480 4700 ducentos
2512 4645 2814 4714 nonaginta.

2295 4735 2582 4805 Explicatio
2612 4735 2816 4788 uisionis
2847 4734 3091 4788 Danielis.
3121 4764 3198 4774 —
3227 4734 3357 4790 εἶωο
3404 4730 3602 4802 quidem
3624 4740 3672 4777 se
3703 4719 3753 4769 \‘i-

2224 4826 2366 4881 disse
2413 4825 2464 4880 in
2493 4841 2679 4895 campo
2712 4825 2859 4894 juxta
2905 4825 3068 4879 Susas
3116 4824 3312 4879 Daniel
3343 4820 3551 4892 scripsit
3579 4834 3591 4871 :
3615 4822 3750 4870 eorum

2222 4925 2398 4971 autem
2426 4931 2542 4984 qua:
2576 4929 2668 4983 per
2692 4915 2862 4969 visum
2901 4923 3282 4984 apparuerant,
3316 4929 3345 4966 a
3378 4913 3483 4966 Deo
3511 4902 3750 4975 explicatiu-

2223 5022 2344 5060 nem
2373 5006 2591 5074 supplex
2638 5005 2804 5073 petiit,
2837 5005 3143 5074 didicitque,
3194 5003 3343 5074 quod
3380 5003 3517 5056 aries
3556 4994 3748 5050 indicaret

2221 5113 2380 5168 regna
2413 5098 2691 5152 Persarum
2716 5113 2778 5152 ac
2806 5097 3100 5160 Medorum,
3131 5112 3342 5152 cornua
3371 5109 3497 5150 vero
3535 5102 3663 5158 rcges
3693 5081 3746 5130 ίυ·

2223 5197 2387 5254 turos,
2414 5199 2708 5244 extremum
2729 5198 2904 5242 autem
2928 5203 3109 5252 cornu,
3136 5197 3472 5256 postremum
3500 5172 3745 5250 regulum

2283 5365 2300 5426 ξ
2336 5371 2445 5426 Post
2464 5364 2570 5414 haec
2603 5364 2750 5426 verba
2782 5363 2985 5412 inferius
3018 5362 3191 5426 posita,
3235 5362 3425 5426 deinde
3437 5351 3653 5426 consecuti

2217 5411 2586 5486 runcationem",
2614 5411 2677 5473 in
2703 5411 2870 5488 latina
2892 5411 3066 5488 mstiti
3110 5411 3522 5488 interpretatione
3669 5411 3759 5488 qlij'

2217 5490 2408 5558 ciuntur
2431 5501 2442 5535 :
2469 5477 2785 5560 Nec-amplius
2809 5486 3125 5560 patiebantur,
3153 5477 3271 5560 qua}
3307 5477 3756 5560 ttt'erilAO-pl‘ll‘lffgi’g:

2290 5549 2310 5598 i
2333 5562 2423 5598 non
2448 5537 2770 5611 perdurarent
2805 5537 2855 5598 in
2875 5556 3088 5611 tempore
3103 5537 3392 5611 certaminis
3432 5537 3499 5592 αι’
3520 5537 3756 5611 ρνοὸαιξρξξ

2290 5563 2308 5598 ι
2333 5563 2423 5598 non
2448 5563 2770 5608 perdurarent
2805 5563 2855 5598 ut
2875 5563 3083 5611 tempore
3103 5563 3392 5596 certantum
3432 5563 3487 5592 ac
3520 5563 3756 5604 P'W"‘ff""

2226 5563 2452 5661 ignorant
2475 5623 2533 5659 ac
2555 5608 2808 5668 malorum,
2831 5617 2882 5658 ut
2903 5608 3144 5659 instabiles
3188 5608 3242 5658 in
3282 5609 3417 5668 bona,
3443 5601 3758 5668 wntquFW’f

2214 5660 2360 5723 amici
2377 5671 2717 5734 reperirentur.
2730 5660 2840 5728 Quae
2853 5684 2961 5720 cum
2984 5672 3031 5719 in
3045 5670 3180 5719 nullo
3198 5673 3334 5720 edito
3519 5660 3755 5717 ἱὶιιιαίιαιηε

2218 5742 2323 5786 uss.
2350 5733 2684 5796 reperiantur,
2695 5733 2808 5795 jure
2832 5739 3070 5796 expuncto
3091 5740 3234 5782 sunt.

2637 5863 2665 5892 Ι
