3990 6198
282 248 385 307 8θῖ

277 384 393 429 νου,
430 364 600 436 φησί’
624 365 733 420 Kal
786 362 1029 432 ποιήσει
1074 362 1224 418 κατὰ
1260 360 1347 416 τὸν
1384 360 1613 430 θέλημα
1640 360 1848 427 αὐτοῦ,

277 450 379 503 καί
425 447 814 518 ὑψωθήσεται
865 448 967 501 καί
1010 443 1566 517 μεγαλυνθήσεταιο
1602 445 1697 498 καὶ
1754 443 1853 515 τὴν

276 531 602 601 βλάσφημον
646 529 810 583 αὐτοῦ
868 528 1094 601 γνώμην
1139 527 1334 596 λέγων,
1380 527 1741 599 προσέθηκεν,
1770 528 1853 580 ὅτι

290 612 419 665 Ἐπὶ
448 612 558 665 τὸν
590 612 740 667 Θεὸν
774 611 895 665 τῶν
927 610 1081 666 θεῶν
1109 610 1368 676 λαλήσει
1399 609 1723 678 ὑπέρογκα,
1754 610 1855 662 καί

274 694 638 751 κατευθυνεῖ
651 693 828 763 μέχρι
854 695 961 748 τοῦ
989 691 1470 759 συντελεσθῆναι
1492 690 1607 759 τὴν
1634 688 1849 759 ὀργήν·

271 778 495 840 δεικνὺς
529 777 611 830 ότι
642 778 744 831 οὐκ
777 776 885 830 ἀπὸ
925 776 1026 845 τῆς
1071 776 1280 838 οἰκείας
1321 772 1566 843 γνώμης,
1593 772 1729 827 am
1765 772 1855 827 διά

278 860 379 931 τὴν
404 860 572 932 ὀργὴν
616 858 711 912 τοῦ
753 858 886 911 Θεοῦ
918 857 1015 929 τὴν
1055 856 1198 911 κατὰ
1233 855 1343 909 τῶν
1376 855 1644 909 Ἰουδαίων
1677 854 1855 932 οὑτως

273 926 491 1005 ἐκεῖνος
523 926 769 1012 ἐκράτει.
799 926 983 993 Εἰπὼν
1009 940 1066 994 δὲ
1090 940 1159 994 δι’
1180 938 1382 1009 ἐτέρων
1400 936 1661 991 πλειόνων
1688 938 1716 990 ὁ
1733 926 1854 990 Ἄα-

270 1024 424 1096 νιὴλ,
450 1025 553 1078 ὅσα
590 1024 737 1078 κακά
776 1023 1068 1094 ἐργάσεται
1099 1023 1197 1094 τὴν
1221 1022 1492 1089 Αἴγυπτον
1514 1020 1608 1073 zeal
1624 1019 1721 1091 τὴν
1750 1020 1854 1073 Ila.

271 1105 578 1177 λαιστίνην,
607 1106 725 1169 πῶς
767 1105 1046 1175 ἐπανήξει,
1086 1110 1180 1160 καὶ
1220 1106 1366 1171 τίνος
1404 1102 1715 1167 καλοῦντος,
1757 1102 1854 1157 καὶ

274 1190 441 1255 ποίας
481 1191 663 1253 αἰτίας
714 1189 1256 1262 καταναγκαζούσης,
1306 1191 1455 1260 λέγει
1512 1189 1719 1254 λοιπὸν,
1757 1186 1853 1240 καὶ

272 1273 376 1345 τὴν
407 1272 516 1328 τῶν
568 1271 776 1344 καιρῶν
825 1271 1150 1343 μεταϐολὴν,
1179 1275 1275 1328 zeal
1323 1275 1407 1328 ὃτι
1457 1272 1751 1333 διελθόντες
1800 1268 1851 1323 οἰ

290 1355 537 1409 Ἰουδαῖοι
566 1355 656 1409 διά
680 1353 886 1407 τούτων
923 1354 1200 1421 ἀπάντων,
1220 1353 1504 1421 τεύξονταί
1534 1370 1681 1417 τινος
1710 1353 1854 1405 άντι-

269 1437 517 1509 λήψεως,
570 1437 805 1505 ἀγγέλου
863 1436 1206 1509 πεμφθέντος
1252 1440 1333 1502 εἰς
1366 1438 1466 1509 τὴν
1515 1436 1693 1491 αὐτῶν
1724 1436 1853 1507 βοή·

274 1522 338 1575 θε
347 1538 452 1575 ιαν.
470 1521 565 1574 Ἐν
575 1519 656 1584 τῷ
674 1518 856 1589 καιρῷ
868 1521 978 1589 γὰρ
992 1521 1222 1584 ἐκείνῳ,
1239 1522 1424 1591 φησὶν,
1442 1521 1853 1589 ἀναστήσεται

272 1603 545 1673 Μιχαὴλ,
577 1605 611 1657 ό
639 1602 837 1672 ἄρχων
860 1606 894 1657 ό
910 1602 1120 1673 μέγας,
1153 1608 1187 1659 ὁ
1209 1604 1551 1673 ἐφεστηκὼς
1576 1605 1676 1659 ἐπὶ
1707 1604 1852 1672 τοὺς

269 1686 452 1752 υἱοὺς
480 1684 587 1739 τοῦ
622 1684 775 1739 λαοῦ
798 1693 967 1748 σου·,
1002 1686 1100 1740 καὶ
1124 1686 1295 1741 ἔσται
1345 1686 1550 1756 καιρός
1569 1689 1849 1756 θλίψεως,

272 1767 410 1836 οἷος
422 1771 494 1823 οὐ
509 1766 754 1837 γέγονεν
772 1764 955 1836 ἀφόὗ
970 1769 1274 1838 γεγένηται
1294 1771 1468 1837 ἔθνος
1481 1769 1579 1824 ἐπὶ
1595 1768 1705 1838 τῆς
1713 1770 1851 1838 τῆς,

274 1852 379 1906 καὶ
404 1851 515 1916 ἕως
533 1849 639 1904 τοῦ
667 1850 877 1917 καιροῦ
903 1851 1159 1917 ἐκείνου,
1193 1853 1290 1906 καί
1316 1853 1386 1907 ἐν
1408 1853 1490 1919 τῷ
1510 1851 1692 1922 καιρῷ
1709 1853 1855 1907 ἐκεί·

274 1952 367 2002 νφ
413 1933 751 1999 σωθήσεται
784 1936 817 1987 ὀ
839 1934 991 1999 λαὸς
1015 1932 1136 2000 πᾶς
1164 1937 1197 1989 ό
1227 1936 1494 2003 εὑρεθεὶς
1529 1934 1854 2006 γεγραμμέ-

271 2014 804 2083 ηςέντῷβιϐλίφ.
819 2016 1120 2083 τουτέστιν,
1150 2019 1200 2071 οἰ
1221 2019 1493 2089 σωτηρίας
1520 2019 1671 2083 ὄντες
1685 2020 1846 2083 άξιοι.

345 2106 422 2167 η’.
436 2098 598 2152 Ἀλλά
620 2099 680 2152 τὸ
711 2098 1042 2170 ζητούμενον
1061 2098 1214 2153 οῦπω
1247 2101 1343 2155 καὶ
1366 2101 1460 2153 νῦν
1476 2100 1852 2155 ἀποδέδεικται

272 2183 434 2254 ἡμῖν.
485 2181 551 2234 Τί
587 2181 643 2234 δὲ
676 2180 832 2234 τοῦτό
878 2182 1057 2247 ἐστινς
1093 2182 1216 2236 Ὀτι
1264 2184 1356 2238 zeal
1388 2183 1611 2253 χρόνους
1655 2182 1854 2256 ὥρισεν

271 2265 462 2328 αὐτοῖς
515 2266 572 2317 ἐν
624 2265 740 2328 τοῖς
792 2267 982 2328 κακοῖς
1013 2264 1244 2328 τούτοις,
1278 2265 1469 2336 ὥσπερ
1503 2266 1621 2318 ἐκεῖ
1656 2281 1852 2337 τετρα-

270 2347 436 2401 κόσια
471 2346 587 2417 ἐτη,
619 2347 714 2399 zeal
748 2346 887 2417 μετά
937 2346 1110 2401 ταῦτα
1155 2347 1524 2420 ἐϐδομήκοντα
1544 2347 1592 2402 b.
1627 2347 1853 2418 Ἴδωμεν

265 2432 457 2485 τοίνυν
500 2432 593 2484 zeal
640 2431 892 2492 ἐνταῦθα,
928 2430 981 2484 εί
1006 2448 1127 2484 τινα
1169 2432 1356 2503 χρόνον
1399 2432 1589 2503 ὁρίζει.
1632 2431 1743 2485 Ποῦ
1788 2431 1852 2502 δὴ

267 2515 435 2569 τοῦτο
462 2515 607 2568 ἔστιν
634 2515 847 2583 εύρεῖν;
885 2515 973 2567 Ἐν
997 2515 1107 2579 τοῖς
1133 2514 1274 2585 μετὰ
1300 2514 1472 2569 ταῦτα
1498 2515 1853 2586 λεχθὴσεσθαι

273 2600 580 2669 μέλλουσιν.
626 2598 842 2669 Ἐπειδὴ
872 2598 979 2670 γάρ
1004 2598 1072 2652 τά
1100 2597 1272 2652 πολλά
1294 2598 1382 2651 καὶ
1413 2599 1623 2669 μεγάλα
1653 2599 1853 2667 ὴκουσε

270 2683 445 2745 κακὰ,
471 2683 560 2736 τὸν
594 2681 942 2753 ἐμπρησμὸν,
969 2681 1067 2750 τῆς
1097 2681 1370 2745 πολιτείας
1394 2682 1494 2753 τὴν
1521 2684 1850 2754 ἀνατροπὴν,

272 2767 376 2827 τὴν
431 2766 537 2820 τῶν
584 2766 798 2818 οἰκείων
835 2764 1232 2835 αἰχμαλωσίαν,
1266 2764 1530 2836 ἐπεθύμει
1580 2766 1765 2821 λοιπὸν
1793 2766 1868 2822 ἰδ’

268 2848 426 2912 τέλος
447 2848 623 2902 αὐτῶν
658 2848 865 2917 μαθεῖν.
899 2848 992 2900 καὶ
1018 2847 1168 2909 εἴτις
1197 2848 1350 2900 ἔσται
1406 2848 1513 2903 τῶν
1558 2850 1852 2921 συμφορῶν

270 2930 481 2984 τούτων
514 2929 803 3000 μεταϐολή.
836 2930 944 2982 Kal
967 2929 1183 3001 ἐρωτῶν
1210 2930 1394 2998 ἔλεγεν
1419 2929 1589 2995 οὕτως
1607 2946 1621 2959 ⁸
1653 2934 1848 2999 Κύριε,

271 3016 334 3069 τί
362 3013 436 3068 τὰ
464 3014 696 3083 ἔσχατα
736 3014 1001 3077 τούτων;
1040 3014 1149 3067 Καὶ
1179 3014 1309 3067 εἷπε
1329 3030 1343 3044 ·
1383 3014 1567 3082 Δεῦρο
1597 3015 1848 3083 Δανιὴλ,

270 3096 363 3150 ὅτι
398 3093 867 3165 ἑμτεφραγμένοι
932 3095 1030 3148 καί
1082 3096 1552 3165 ἐσφραγισμένοι
1584 3099 1638 3151 οί
1681 3100 1851 3168 λόγοι

271 3180 357 3250 (τὸ
389 3180 597 3246 ἀσαφὲς
641 3178 748 3230 τῶν
775 3178 1078 3249 εἰρημένων
1109 3180 1497 3252 αἰνιττόμενος)
1514 3179 1625 3246 ἕως
1640 3182 1850 3250 καιροῦ

268 3261 551 3327 πέρατος.
576 3256 709 3327 Εἶτα
729 3261 819 3314 καὶ
839 3260 934 3331 τὴν
951 3261 1130 3314 αἰτίαν
1156 3263 1289 3334 φησί
1319 3262 1418 3331 τῆς
1454 3264 1851 3334 συγχωρήσεως

267 3344 387 3395 τῶν
416 3343 622 3407 κακῶν,
644 3344 790 3408 Ἕως
803 3342 879 3395 ἂν
893 3343 1182 3414 ἐκλεγπῶσι
1223 3345 1321 3399 καὶ
1344 3345 1723 3401 λευκανθῶσι
1748 3348 1848 3401 καί

266 3425 632 3494 πυρωθῶσιν
666 3428 720 3479 οἰ
765 3427 1005 3492 πολλοὶ,
1054 3428 1151 3484 καί
1186 3428 1580 3498 άνομήσωσιν
1617 3428 1847 3499 ἄνομοι,

269 3510 373 3564 καὶ
404 3509 722 3578 συνήσωσι
750 3510 974 3574 πάντες
992 3514 1045 3565 οι
1067 3512 1322 3578 ἀσεϐεῖς,
1357 3515 1452 3568 καὶ
1478 3518 1533 3570 οί
1558 3512 1852 3582 νοήμονες

266 3593 657 3661 συνήσωσιν.
688 3588 819 3645 Εἶτα
849 3592 938 3645 τὸν
969 3594 1159 3666 καιρὸν
1188 3595 1489 3666 προλέγων,
1518 3596 1643 3651 ὅσον
1668 3596 1850 3667 μέλλει

268 3677 527 3746 κατέχειν
557 3674 729 3728 ταῦτα
758 3675 825 3727 τά
853 3674 1024 3743 δεινὰ,
1055 3678 1218 3747 φησίν
1237 3695 1250 3709 ·
1290 3678 1423 3732 Ἀπὸ
1457 3678 1668 3748 καιροῦ
1699 3696 1849 3747 παρ-

269 3758 587 3823 αλιὰξεως
645 3758 1097 3827 ἐν’δελεχισμοῦ.
1149 3760 1551 3832 Ἐνδελεχισμὺς
1606 3762 1852 3817 ἐκαλεῖτο

272 3843 307 3911 ὴ
329 3840 679 3910 καθημερινὴ
710 3840 869 3893 θυσία
893 3857 906 3870 ⁸
942 3842 1002 3893 τὸ
1024 3841 1131 3913 γάρ
1157 3843 1429 3914 ἐνδελεχὲς
1444 3845 1505 3898 τὸ
1519 3846 1717 3900 πυκνόν
1733 3846 1850 3902 ἐστι

273 3922 442 3976 καὶτὸ
466 3923 705 3991 συνεχές.
725 3923 849 3986 Τοῖς
879 3923 988 3995 γὰρ
1028 3925 1301 3991 Ἰουδαίοις
1348 3925 1469 3991 ἔθος
1518 3922 1585 3999 ἦν
1643 3930 1737 3982 zeal
1792 3931 1851 3983 ἐν

272 4005 487 4076 ἑσπέρα
510 4007 604 4057 καὶ
629 4005 735 4059 ὑπὸ
758 4006 856 4077 τὴν
888 4006 961 4059 ἕω
984 4006 1105 4060 καθ’
1134 4009 1369 4079 ἑκάστην
1397 4010 1612 4082 ἡμέραν
1639 4010 1716 4082 τῷ
1731 4011 1850 4081 θεῷ

270 4090 441 4142 θύεινο
497 4086 648 4160 [lin]
689 4089 768 4141 διὸ
800 4088 897 4158 τὴν
948 4089 1138 4144 θυσίαν
1194 4092 1409 4164 ἐκείνην
1472 4094 1849 4165 ἐνδελεχισμὸν

267 4172 477 4225 ἐκάλει.
529 4172 680 4224 Ἐπεὶ
720 4168 813 4225 οὖν
856 4171 1025 4226 ἐλθὼν
1073 4177 1102 4227 ὁ
1140 4175 1407 4245 Ἀντίοχος
1443 4177 1601 4231 τοῦτο
1640 4177 1701 4232 τὸ
1731 4178 1853 4243 ἔθος

269 4255 559 4320 κατέλυσε,
608 4254 703 4307 καὶ
752 4255 1107 4327 περιήλλαξεν
1141 4257 1292 4319 αὐτὸ,
1328 4260 1490 4329 φησὶν
1529 4262 1559 4314 ό
1596 4261 1847 4328 ἄγγελος,

264 4340 353 4394 ὅτι
390 4337 531 4392 Ἀπὸ
576 4337 680 4391 τοῦ
723 4340 931 4406 καιροῦ
974 4339 1085 4407 τῆς
1108 4340 1421 4405 ἀλλάξεως
1465 4342 1571 4396 τοῦ
1609 4342 1847 4397 ἐνδελεο

270 4421 519 4490 χισμοῦ,
554 4420 852 4483 τουτέστιν,
890 4422 998 4475 ἀπὸ
1024 4423 1124 4492 τῆς
1153 4424 1498 4489 καταλύσεως
1531 4426 1631 4497 τῆς
1659 4424 1849 4491 θυσίας

274 4504 499 4574 ταύτης,
526 4503 736 4573 ἡμέραι
766 4504 950 4572 χίλιαι
972 4504 1269 4560 διακόσιαι
1297 4507 1684 4576 ἐνενήκοντα,
1712 4510 1849 4580 ὅπερ

274 4588 421 4639 ἐστὶν
463 4587 556 4658 ἐτη
588 4588 715 4659 τρία
751 4588 845 4641 zeal
882 4588 1053 4659 ἥμισυ
1099 4592 1193 4644 καὶ
1221 4591 1418 4662 μικρόν
1447 4609 1501 4646 τι
1528 4592 1684 4665 πρός.
1714 4589 1850 4649 Εἶτα

268 4667 449 4739 δηλῶν
498 4669 579 4721 ὅτι
624 4670 919 4735 κατάλυσις
951 4673 1103 4725 ἔσται
1135 4672 1244 4727 τῶν
1282 4674 1469 4728 κακῶν
1507 4676 1709 4731 τούτων
1755 4676 1849 4730 καὶ

269 4752 584 4823 ἀπαλλαγὴ,
636 4755 904 4825 ἐπήγαγε’
960 4755 1260 4824 Μακάριος
1304 4760 1339 4812 ό
1383 4759 1705 4829 ὑπομένων
1745 4761 1846 4815 καί

267 4834 508 4906 φθάσας
544 4838 633 4902 εις
669 4837 893 4906 ἡμέρας
924 4839 1123 4908 χιλίας
1154 4841 1502 4908 τριακοσίας
1533 4842 1849 4912 τριάκοντα

265 4916 472 4970 πέντε·
510 4921 631 4981 ταῖς
660 4920 859 4989 χιλίαις
887 4919 1187 4986 διακοσίαις
1215 4924 1843 4999 ἐνενὴκοντα,τεσσαρα-

266 4999 600 5053 κονταπέντε
631 5002 911 5074 προσθείς.
959 5004 1173 5075 Ἐπειδὴ
1200 5004 1309 5078 γὰρ
1343 5009 1402 5059 ὲν
1436 5009 1565 5080 μηνὶ
1598 5008 1693 5064 zeal
1719 5011 1848 5082 ὴμί-

266 5098 354 5134 σει
398 5083 569 5151 μηνὸς
606 5084 805 5154 συνέϐη
838 5084 1093 5153 γενέσθαι
1120 5087 1221 5158 τὴν
1252 5088 1544 5159 συμϐολὴν,
1580 5092 1641 5144 ἐν
1673 5092 1843 5164 ταύτῃ

262 5165 299 5238 ἠ
344 5166 476 5236 νίκη
521 5167 552 5238 ὴ
581 5166 799 5239 καθαρά
835 5170 1045 5238 γέγονε,
1082 5173 1178 5224 zeal
1218 5172 1252 5242 ὴ
1284 5174 1551 5246 παντελὴς
1580 5175 1690 5230 τῶν
1723 5178 1849 5232 ἐπι-

262 5248 539 5319 κειμένων
582 5252 767 5305 κακῶν
795 5251 1101 5325 ἀπαλλαγή³
1130 5252 1300 5309 εἰπὼν
1331 5256 1411 5323 δὲ,
1442 5258 1525 5311 ὅτι
1546 5258 1847 5328 Μακάριος

262 5334 298 5387 ὀ
332 5333 663 5402 ὑπομείνας
689 5338 777 5401 εἰς
804 5335 1027 5407 ἡμέρας
1060 5339 1261 5407 χιλίας
1299 5343 1646 5409 τριακοσίας
1689 5360 1845 5410 τρια⁸

318 5498 355 5569 ξ
372 5497 571 5570 ‘Ompes
592 5500 695 5570 fere
721 5515 835 5553 mss.
862 5501 947 5551 τοῦ
968 5501 1086 5552 λαοῦ
1128 5520 1235 5566 σου,
1259 5505 1432 5556 Morel.
1470 5518 1588 5556 vero
1620 5513 1673 5558 εἰ
1693 5508 1841 5562 Βαγίι.

256 5560 347 5618 τοῦ
372 5560 495 5609 λαοῦ
518 5560 683 5611 αὐτοῦ.

327 5619 355 5692 If
376 5622 462 5669 Sic
479 5621 640 5692 _Sayil,
665 5628 717 5673 et
736 5629 931 5692 seplgm
954 5638 1068 5692 mss.
1101 5624 1283 5692 _M0_lllf:
1309 5629 1470 5692 ὥσπερ
1512 5629 1609 5680 in?
1653 5633 1717 5690 εἰς
1758 5634 1845 5692 τὴν

260 5683 956 5761 ἓ-ῶγτῃνιξοξλεὲαντητρβτῃ,
972 5688 1053 5761 καί
1076 5688 1140 5744 είς
1155 5690 1241 5746 τήν
1264 5683 1482 5753 δευτέραν
1502 5693 1599 5741 εδδ.
1626 5683 1745 5752 Quae
1766 5683 1841 5745 ui-

661 5744 1036 5838 mm:

374 5805 464 5850 ﬂia
488 5804 639 5857 Sam.
668 5804 932 5870 cl'septem
954 5821 1070 5860 mss.
1094 5808 1374 5872 Legebalur
1394 5812 1745 5865 ἀσεϐησάντων.

1550 240 1918 301 ADVERSUS
1952 239 2266 303 ιυυαοσ.
2294 240 2362 298 ν.

3425 241 3529 297 896

1959 357 2343 423 κονταπέντε,
2405 356 2508 428 τὴν
2561 356 2882 428 ἀπαλλαγὴν
2944 352 3199 428 ἐδήλωσε.
3263 355 3374 409 Kal
3430 358 3529 428 οὐχ

1956 440 2143 503 ἁπλῶς
2168 436 2340 505 εἶπεν,
2367 442 2395 495 ό
2425 439 2659 509 φθάσας,
2689 439 2804 493 ἀλλ’
2837 441 2901 493 ὐ
2932 437 3246 507 ὑπομένων
3264 435 3364 491 καί
3390 440 3531 506 ςτθά-

1956 536 2093 591 σας.
2134 523 2348 592 Ἐπειδὴ
2381 523 2488 593 γὰρ
2522 521 2703 575 πολλοὶ
2725 521 2836 576 τῶν
2854 520 3191 575 ἀσεϐούντων
3208 530 3232 560 α
3265 514 3405 574 είδον
3431 520 3532 589 τὴν

1958 606 2281 678 μεταϐολὴν,
2329 607 2431 660 οὐκ
2481 605 2722 669 ἐκείνους
2773 603 3067 676 μακαρίζει
3123 603 3331 670 ἁπλῶς,
3392 602 3533 657 ἀλλὰ

1953 689 2084 754 τοὺς
2110 691 2171 743 ἐν
2196 692 2310 753 τοῖς
2341 690 2555 760 καιροῖς
2577 687 2685 741 τῶν
2710 687 2895 741 κακῶν
2925 687 3400 758 μαρτυρήσαντας,
3433 685 3531 739 zeal

1958 771 2034 841 μὴ
2089 772 2383 843 προδόντας
2436 770 2535 841 τὴν
2592 770 2894 834 εὐσέϐειαν,
2954 766 3073 823 εἶτα
3113 769 3375 839 τυχόντας
3426 768 3528 836 τῆς

1955 854 2208 918 ἀνέσεως.
2237 854 2335 908 Διά
2351 852 2511 908 τοῦτο
2523 854 2623 924 οὐχ
2646 853 2833 917 ἁπλῶς
2850 848 3025 917 εἶπεν,
3066 850 3129 907 '0
3157 851 3390 923 φθάσας,
3413 850 3526 903 ἀλλ’

1967 936 2030 989 '0
2080 937 2410 1006 ὑπομείνας
2462 936 2562 991 καὶ
2608 936 2864 1006 φθάσας.
2893 932 3038 1007 ’Δρα
3084 934 3138 989 τί
3200 935 3384 990 τούτου
3441 953 3528 990 σα-

1955 1018 2214 1090 φὲστερον
2259 1020 2455 1089 γένοιτ’
2499 1018 2596 1086 άν;
2639 1018 2802 1091 Ὁρᾷς
2851 1019 2968 1083 πῶς
3016 1020 3077 1073 ού
3126 1019 3284 1089 μόνον
3337 1018 3529 1091 μέχρις

1954 1103 2215 1156 ἐνιαυτῶν
2260 1103 2355 1157 zeal
2395 1102 2602 1174 μηνῶν,
2650 1102 2784 1157 ἀλλά
2823 1102 2920 1157 καὶ
2966 1103 3071 1166 ἕως
3107 1102 3323 1173 ὴμέρας
3373 1103 3525 1172 μιᾶς,

1957 1183 2080 1255 μετ’
2112 1183 2398 1254 ἀκριϐείας
2423 1185 2641 1255 ἁπάσης
2662 1184 2758 1238 zeal
2783 1176 2882 1256 τὴν
2907 1185 3283 1255 αἰχμαλωσίαν
3306 1185 3399 1237 zeal
3426 1182 3527 1254 τὴν

1954 1267 2273 1339 ἀπαλλαγὴν
2304 1269 2405 1338 τῆς
2425 1267 2802 1339 αἰχμαλωσίας
2838 1265 3294 1339 προανεφώνησεν
3329 1268 3359 1321 ό
3389 1283 3525 1337 προ-

1955 1351 2167 1420 φήτηςς
2203 1350 2312 1404 Kal
2349 1350 2432 1404 ὅτι
2460 1351 2635 1405 ταῦτα
2671 1350 2732 1402 οὐ
2770 1349 3161 1420 στοχαζόμενος
3200 1350 3363 1417 λέγω,
3393 1348 3526 1420 φέρε

1953 1433 2049 1486 zeal
2088 1434 2272 1505 ἕτερον
2304 1435 2415 1486 τῶν
2446 1433 2753 1505 εἰρημένων
2791 1434 3203 1504 παραγάγωμεν
3249 1434 3524 1505 μάρτυρα,

1952 1515 2012 1570 ὃν
2041 1516 2275 1586 μάλιστα
2315 1516 2625 1581 ἀξιόπιστον
2661 1512 2798 1570 εῖναι
2844 1516 3178 1587 νομίζουσιν,
3221 1514 3525 1587 ἰώσηππον

1952 1597 2116 1667 λέγω,
2150 1598 2245 1653 τὸν
2276 1600 2370 1653 zeal
2408 1599 2508 1663 τάς
2541 1600 2827 1671 συμφορὰς
2862 1600 3042 1654 αὐτῶν
3074 1601 3525 1671 τραγῳδήσαντα,

1954 1682 2048 1736 καὶ
2068 1682 2165 1753 τὴν
2193 1682 2437 1738 Παλαιὰν
2468 1682 2739 1753 Διαθήκην
2771 1684 3209 1755 παραφράσαντα
3242 1685 3441 1738 πᾶσαν·
3463 1682 3524 1748 δς

1956 1769 2097 1839 μετὰ
2138 1769 2237 1841 τὴν
2283 1770 2378 1824 τοῦ
2426 1768 2664 1840 Χριστοῦ
2714 1771 3012 1841 παρουσίαν
3060 1771 3369 1842 γενόμενος,
3431 1776 3527 1829 καὶ

1952 1851 2051 1923 τὴν
2092 1852 2468 1922 αἰχμαλωσίαν
2507 1852 2605 1923 τὴν
2655 1853 2748 1905 ὑπ’
2779 1851 2945 1906 αὑτοῦ
2996 1852 3401 1925 προρρηθεῖσαν
3444 1856 3527 1906 εἰ·

1954 1932 2093 1997 πὼν,
2144 1935 2238 1987 zeal
2289 1934 2416 2005 περί
2463 1934 2668 2005 ταύτης
2719 1934 2966 2007 διελέχθη
3013 1936 3110 2006 τῆς
3148 1934 3527 2005 αἰχμαλωσίας

1953 2015 2054 2085 τῆς
2081 2016 2398 2087 γενομένης,
2417 2017 2516 2089 τὴν
2551 2016 2644 2070 τοῦ
2670 2018 2949 2088 προφήτου
2966 2017 3286 2089 ἑρμηνεύων
3310 2018 3522 2088 ὅρασιν,

1952 2097 2053 2169 τὴν
2077 2098 2169 2152 ἐπὶ
2191 2098 2288 2152 τοῦ
2316 2100 2471 2171 κριοῦ
2501 2101 2597 2153 zeal
2640 2098 2735 2153 τοῦ
2757 2102 2961 2170 τράγου
2992 2099 3213 2154 καὶτῶν
3245 2099 3526 2170 τεσσάρων

1954 2182 2221 2252 κεράτων,
2248 2183 2342 2237 zeal
2365 2182 2459 2235 τοῦ
2481 2182 2710 2253 ὑστέρου
2736 2181 2830 2236 τοῦ
2855 2179 2971 2253 μετ’
2989 2185 3172 2237 ἐκεῖνα
3187 2182 3523 2247 ἀνελθόντος.

1954 2263 2064 2317 Kal
2108 2264 2197 2318 ἵνα
2225 2265 2298 2335 μή
2332 2281 2416 2328 τις
2440 2263 2721 2338 ὑποπτεύῃ
2758 2265 2825 2317 τά
2876 2264 3005 2336 παρ’
3036 2264 3194 2337 ὴμῶν
3236 2264 3523 2337 εἰρημένα,

1954 2347 2086 2416 φέρε
2120 2347 2214 2399 καί
2247 2345 2415 2409 αὐτάς
2458 2346 2832 2420 παραθῶμεθα
2870 2347 2970 2411 τάς
3003 2348 3189 2419 ῥήσεις
3219 2347 3449 2402 ἐκείνω.

2036 2428 2358 2494 Ἐπαινέσας
2415 2428 2524 2502 γὰρ
2564 2431 2659 2485 zeal
2706 2431 2992 2501 θαυμάσας
3028 2432 3120 2485 τὸν
3157 2430 3354 2502 Δανιὴλ
3402 2430 3523 2502 μεθ’

1954 2512 2255 2584 ὑπερϐολῆς
2304 2515 2543 2585 ἁπάσης,
2590 2516 2683 2569 zeal
2721 2515 2832 2568 τῶν
2867 2514 3044 2570 ἄλλων
3089 2515 3253 2571 αὑτὸν
3301 2514 3525 2587 προθεὶς

1955 2596 2247 2666 προφητῶν
2283 2597 2559 2661 ἁπάντων,
2590 2593 2720 2668 ἦλθε
2766 2598 2860 2652 zeal
2897 2598 2990 2653 ἐπὶ
3029 2597 3234 2668 ταύτην
3270 2597 3369 2669 τὴν
3396 2598 3525 2669 δραι-

1955 2692 2062 2741 σιν,
2092 2678 2187 2731 καί
2227 2695 2390 2749 φησιν
2431 2677 2595 2733 οῦτωο
2645 2679 2920 2734 Κατέλιπε
2956 2679 2983 2720 ἀ
3015 2680 3073 2733 δέ
3104 2682 3343 2750 γραφάς,
3399 2679 3524 2733 ὅθεν

1954 2762 2086 2831 ἡμῖν
2114 2761 2175 2815 τδ
2210 2762 2309 2832 τῆς
2335 2761 2671 2833 προφητείας
2695 2763 2922 2835 ἀκριϐὲς
2948 2762 3116 2819 αὐτοῦ
3155 2763 3250 2817 zeal
3276 2763 3525 2835 ἀπαράλ-

1952 2842 2148 2898 λακτον
2177 2844 2400 2915 ἐποίησε
2427 2845 2603 2917 δῆλον.
2637 2849 2775 2918 Φησί
2803 2847 2934 2919 γάρ,
2969 2850 3028 2902 ὲν
3053 2848 3273 2912 Σούσοις
3304 2851 3370 2920 τῇ
3414 2866 3523 2920 μη-

1951 2927 2203 2999 τροπόλει
2238 2928 2335 2998 τῆς
2369 2928 2628 2999 Περσίδος
2668 2929 2901 2994 ἐξελθεῖν
2959 2930 3059 3000 μιν
3105 2933 3185 2995 εἰς
3234 2931 3295 2984 τὸ
3341 2931 3523 2986 πεδίον

1955 3009 2093 3079 μετὰ
2142 3010 2374 3080 ἑταίρων
2408 3010 2572 3064 αὐτοῦ
2608 3011 2790 3065 τινῶν·
2838 3011 3061 3081 σεισμοῦ
3099 3012 3156 3066 δέ
3198 3013 3292 3067 καὶ
3332 3013 3522 3068 κλόνου

1951 3093 2049 3163 τῆς
2081 3092 2183 3162 γῆς
2218 3092 2475 3161 ἐξαίφνης
2514 3093 2830 3163 γενομένου,
2863 3095 3287 3167 καταλειφθῆναι
3338 3096 3520 3167 μόνον,

1951 3176 2229 3244 φυγόντων
2258 3174 2365 3228 τῶν
2390 3175 2579 3244 φίλων.
2604 3177 2711 3229 Kal
2740 3180 2923 3230 πεσεῖν
2956 3178 3054 3249 μὲν
3086 3179 3177 3232 ἐπὶ
3208 3179 3400 3249 στόμα,
3425 3180 3521 3233 καὶ

1952 3256 2309 3328 στηριχθῆναι
2337 3259 2430 3311 ἐπὶ
2462 3258 2560 3321 τὰς
2591 3258 2684 3311 δύο
2719 3262 2922 3332 χεῖρας
2956 3260 3096 3323 τινὸς
3125 3260 3182 3314 δὲ
3213 3262 3520 3331 ἁπτομένου

1950 3339 2114 3393 αὑτοῦ
2154 3352 2177 3379 ο
2209 3340 2303 3392 zeal
2344 3339 2546 3409 μεταξὺ
2583 3341 2893 3404 κελεύοντος
2942 3342 3259 3413 ἀναστῆναι,
3312 3345 3405 3397 καὶ
3450 3344 3520 3398 τά

1954 3423 2216 3493 μέλλοντα
2247 3423 2617 3496 συμϐήσεσθαι
2648 3430 2759 3489 τοῖς
2789 3426 3026 3489 πολίταις
3062 3427 3188 3480 ἰδεῖν
3220 3428 3356 3497 μετά
3386 3429 3519 3482 πολ-

1950 3504 2048 3569 λὰς
2081 3505 2292 3575 γενεὰς,
2315 3506 2607 3561 ἀναστάντι
2636 3507 2786 3578 αὐτῷ
2817 3508 3090 3579 δειχθῆναι
3127 3510 3280 3581 κριὸν
3323 3510 3520 3581 μέγαν,

1951 3586 2120 3641 πολλὰ
2151 3588 2250 3659 μὲν
2279 3590 2627 3658 ἐκπεφυκότα
2652 3591 2875 3661 κέρατα,
2911 3593 2972 3645 τὸ
3002 3592 3058 3645 δὲ
3086 3593 3394 3647 τελευταῖον
3419 3594 3520 3648 αύ-

1949 3669 2058 3723 τῶν
2078 3670 2404 3742 ύψηλότερον
2427 3673 2636 3743 ἔχοντα.
2664 3674 2893 3726 Ἔπειτα
2920 3675 3213 3744 ἀναϐλέψαι
3238 3675 3388 3749 [642]
3421 3678 3522 3748 μὲν

1952 3752 2089 3823 πρὸς
2120 3753 2218 3824 τὴν
2257 3754 2428 3816 δύσιν,
2460 3755 2753 3809 θεάσασθαι
2783 3755 2839 3809 δὲ
2891 3757 3087 3827 τράγον
3125 3758 3192 3810 δι’
3222 3759 3383 3829 ἀέρος
3422 3776 3521 3829 φε-

1956 3834 2198 3906 ρόμενον·
2237 3836 2578 3909 συρῤήξαντα
2626 3837 2683 3892 δὲ
2733 3837 2810 3909 τῷ
2848 3838 3006 3910 κριῷ,
3037 3840 3131 3894 zeal
3173 3843 3285 3904 τοῖς
3324 3842 3522 3912 κέρασι

1954 3919 2229 3991 πλήξαντα
2255 3921 2336 3986 δίς
2363 3921 2687 3974 καταϐαλεῖν
2721 3922 2882 3976 αὑτὸν
2914 3924 3007 3976 ἐπὶ
3038 3924 3135 3995 τῆς
3164 3924 3266 3995 γῆς
3294 3925 3387 3978 zeal
3416 3942 3519 3979 πα-

1951 4004 2133 4074 τῆσαι.
2183 4000 2317 4058 Εῐτα
2358 4005 2448 4059 τὸν
2490 4006 2690 4076 τράγον
2730 4006 2856 4060 ἰδεῖν
2905 4007 3254 4079 ὑψηλότερον,
3308 4009 3374 4062 ἐκ
3424 4008 3520 4063 τοῦ

1955 4085 2206 4155 μετώπου
2231 4088 2483 4158 μέγιστον
2506 4088 2857 4157 ἀναφύσαντα
2878 4090 3064 4161 κέρας·
3092 4085 3153 4144 οῦ
3176 4090 3517 4158 κλασθέντος,

1950 4169 2086 4223 ἄλλα
2122 4171 2528 4241 ἀναϐλαστῆσαι
2568 4175 2810 4245 τέσσαρα
2845 4174 2969 4227 καθ’
2992 4174 3221 4229 ἕκαστον
3261 4175 3368 4230 τῶν
3402 4178 3518 4231 ἀνέ-

1953 4270 2070 4322 μων
2094 4254 2464 4325 τετραμμένα·
2502 4255 2563 4319 ἐξ
2583 4256 2761 4309 αὐτῶν
2791 4256 2848 4308 δὲ
2879 4258 3133 4327 ἀνασχεῖν
3165 4258 3257 4312 zeal
3285 4258 3412 4313 ἄλλο
3436 4278 3519 4331 μι-

1950 4336 2208 4407 κρότερον
2233 4337 2530 4408 ἐνέγραψεν
2553 4338 2816 4408 αὐξῆσαν.
2849 4339 3040 4407 Ἔλεγε
3076 4340 3133 4394 δὲ
3159 4341 3307 4412 αὑτῷ
3333 4343 3363 4395 ό
3389 4341 3519 4396 ταῦ·

1947 4433 2017 4471 τα
2043 4417 2350 4482 ἐπιδεικνὺς
2376 4420 2528 4485 Θεὸς,
2559 4420 2887 4492 πολεμήσειν
2917 4420 3081 4476 αὐτοῦ
3113 4423 3175 4476 τὸ
3207 4424 3377 4490 ἔθνος,
3422 4427 3519 4484 καὶ

1948 4502 2047 4573 τὴν
2072 4502 2226 4556 πόλιν
2253 4503 2568 4575 ἀναιρήσειν
2592 4505 2731 4559 κατά
2769 4504 2989 4576 κράτος,
3024 4507 3117 4559 καὶ
3143 4507 3393 4578 συλήσειν
3424 4509 3520 4565 τὸν

1947 4586 2073 4639 ναὸν
2103 4585 2147 4652 ί,
2195 4588 2289 4641 zeal
2332 4588 2430 4652 τὰς
2476 4588 2661 4651 θυσίας
2703 4588 2986 4644 κωλύσειν*
3026 4590 3277 4658 γενέσθαι
3320 4590 3379 4647 δέ
3429 4593 3520 4669 ἐφ’

1948 4669 2160 4741 ὴμέρας
2184 4670 2361 4742 χιλίας
2378 4672 2655 4736 διακοσίας
2680 4674 3026 4743 ἐνενήκοντα.

2019 4751 2205 4806 Ταῦτα
2240 4754 2338 4824 μὲν
2367 4753 2494 4807 ἰδεῖν
2521 4754 2579 4808 ἐν
2605 4755 2683 4825 τῷ
2710 4756 2876 4827 πεδίῳ
2909 4755 2987 4827 τῷ
3017 4757 3075 4810 ἐν
3103 4757 3321 4823 Σούσοις
3354 4760 3384 4812 ό
3406 4760 3517 4814 Δα-

1946 4834 2067 4907 νιὴλ
2091 4836 2391 4911 ἀνέγραψεο
2420 4840 2602 4910 κρῖναι
2632 4839 2688 4893 δὲ
2719 4840 2868 4911 αύτῷ
2901 4842 3001 4912 τὴν
3030 4840 3151 4911 ὄψιν
3181 4841 3275 4896 τοῦ
3309 4845 3516 4912 φαντάο

1949 4934 2153 4988 σματος
2184 4919 2375 4989 ἐδήλου
2401 4921 2493 4975 τὸν
2517 4920 2671 4975 Θεόν’
2695 4922 2755 4987 ὃς
2777 4922 2868 4976 τὸν
2898 4925 2923 4962 ⁸
2949 4924 3048 4994 μὲν
3073 4925 3225 4995 κριὸν
3242 4925 3513 4995 βασιλείας

1945 5008 2046 5073 τάς
2099 5010 2329 5081 Περσῶν
2379 5012 2474 5065 zeal
2520 5012 2720 5083 Μήδων
2765 5012 3044 5084 σημαίνειν
3080 5013 3306 5083 ἔφασκε,
3352 5016 3423 5070 τὰ
3452 5017 3512 5071 δὲ

1946 5094 2154 5166 κέρατα
2180 5097 2306 5159 τοὺς
2333 5094 2637 5165 βασιλεύειν
2670 5096 2979 5168 μέλλοντας
3012 5098 3073 5152 τὸ
3096 5099 3151 5152 δὲ
3176 5099 3403 5169 ἔσχατον
3430 5101 3516 5155 κέ-

1947 5193 2048 5247 ρας
2106 5179 2391 5250 σημαίνειν
2430 5181 2520 5234 τὸν
2568 5180 2794 5251 ἔσχατον
2841 5179 3065 5251 βασιλέα
3110 5180 3201 5236 τὸν
3254 5182 3514 5255 μέλλοντα

2006 5320 2037 5393 ᾇ
2052 5322 2192 5393 flare,
2215 5325 2535 5393 mallisviuis
2560 5340 2590 5377 ε
2612 5327 2793 5378 Savilio
2810 5332 3062 5388 correctis,
3090 5329 3170 5379 vix
3197 5330 3433 5384 (ἥσει-ωλι
3450 5334 3515 5385 ab

1945 5385 2093 5434 editis
2114 5386 2330 5448 Josophi.
2360 5389 2493 5437 Εοιτ.

2010 5448 2213 5560 ῖὲἒέἐὲζ
2229 5450 2761 5560 ἒῖῗῒιῖἶῖθιῒέἒέἳοξῖῗ
2770 5449 3141 5560 fama???
3158 5456 3515 5560 Emfm‘

1942 5525 2032 5572 νου
2048 5508 2213 5572 αὑτοῦ,
2234 5514 2287 5556 el
2306 5508 2783 5572 συρηῶξέεέλθοι...
2806 5508 3139 5570 κατελείὸθὴ..ζ
3158 5508 3323 5564 πέσον.

2015 5569 2033 5642 ξ
2060 5570 2210 5642 Savil;
2233 5569 2556 5642 etpcio‘mss.
2592 5573 2672 5642 κᾳί
2691 5573 2777 5642 τῂν
2797 5574 2932 5642 πόλιν
2954 5569 3166 5642 αἰρῄσειν
3196 5579 3514 5642 κατακράτος,

1946 5633 2026 5681 καὶ
2047 5631 2235 5693 συγχεῖν
2258 5632 2318 5679 τὰ
2334 5633 2440 5739 πεεί
2462 5633 2543 5680 τὸν
2561 5634 2688 5705 ναόν.
2713 5631 2817 5682 Mor
2961 5631 3199 5685 πολιτείαν
3221 5631 3513 5717 ἆναιρῆσειῦί

2012 5696 2037 5733 ε
2065 5696 2163 5742 Sex
2190 5705 2304 5742 mss.
2325 5700 2404 5742 el.
2424 5704 2498 5742 av.
2523 5710 2852 5753 φαντασματος
2872 5697 3038 5753 εδήλου
3057 5697 3139 5745 τὸν
3162 5699 3303 5753 Θεὸν,
3324 5716 3389 5753 ως
3410 5701 3513 5753 τόν,

2012 5710 2036 5733 δ
2065 5710 2163 5742 DCI
2190 5710 2304 5742 mss.
2325 5710 2376 5742 ει
2388 5710 2498 5742 aav.
2523 5710 2852 5757 φαντασματος
2872 5710 3038 5753 εοηλου
3057 5710 3139 5745 τον
3162 5710 3303 5759 υεον,
3410 5710 3519 5754 τόν.

1944 5757 2053 5822 siqe
2070 5755 2351 5822 W._—_—-
2379 5769 2399 5801 ι
2428 5756 2520 5806 Pro
2555 5756 2722 5814 ίδήλον
2761 5757 2842 5806 τὸν
2881 5755 3017 5821 θεὸν,
3058 5758 3318 5822 legebatur
3362 5760 3514 5810 ἐδεῖτο

1947 5814 2032 5865 τοῦ
2061 5810 2204 5867 Θὶοῦ.
2253 5810 2413 5866 ιΕωτ.
