3990 6198
257 198 355 252 897

255 330 342 402 qui
368 330 469 385 hos
519 340 706 380 omnes
749 337 1106 395 prmcessurus
1149 332 1290 379 esset
1336 331 1445 377 tum
1488 322 1678 392 opibus
1724 332 1833 374 tum

248 419 435 487 gloria.
463 416 724 471 Czeterum
753 413 931 470 hircus
948 413 1343 484 siguilicabatct
1359 429 1423 467 ex
1445 411 1643 467 Graecis
1672 411 1835 464 oritu—

247 523 367 561 rum
399 520 596 576 regem,
630 505 716 574 qui
745 505 828 559 his
856 518 1173 574 congressus
1199 518 1318 557 eum
1350 503 1507 556 Persa
1540 500 1720 570 praelio
1747 515 1836 554 su-

251 611 481 670 peraret,
513 599 785 652 ablaturus
814 599 1120 652 universum
1153 597 1292 651 illius
1341 596 1713 666 principatum.
1746 595 1834 648 Si-

249 692 555 762 gnificatum
587 700 762 744 autem
795 688 957 743 fuisse
987 705 1079 758 per
1105 690 1330 758 primum
1370 703 1618 756 magnum
1645 702 1832 750 cornu,

252 781 394 851 quod
423 789 538 834 erat
567 779 621 833 in
655 779 825 833 fronte
869 779 1022 844 hirci,
1053 780 1277 848 primum
1307 793 1504 847 regem,
1533 787 1586 830 et
1612 787 1838 846 quatuor

251 873 464 926 illorum
503 879 767 924 exortum.
819 870 913 922 Illo
941 878 1115 923 autem
1161 868 1339 923 exciso
1384 867 1663 937 significari
1689 866 1835 936 juxta

250 973 478 1032 quatuor
499 976 694 1015 cornua
723 960 1048 1029 singulorum
1069 974 1432 1014 successorum
1455 966 1695 1010 exortum
1721 965 1838 1024 post

250 1061 479 1106 mortem
515 1051 670 1121 primi
712 1051 871 1120 regis,
906 1049 1125 1120 forcque
1173 1059 1229 1102 ut
1267 1064 1489 1118 regnum
1522 1047 1662 1101 illius
1700 1047 1838 1100 inter

252 1142 452 1195 multos
495 1140 836 1204 divideretur,
887 1139 1315 1210 quandoquidem
1362 1139 1559 1208 primus
1607 1137 1694 1190 ille
1743 1151 1839 1190 nec

249 1233 394 1287 ﬁlios
437 1248 534 1286 nec
581 1233 770 1286 fratres
824 1241 967 1286 esset
1014 1232 1308 1295 habiturus,
1355 1245 1550 1300 eosque
1599 1229 1838 1299 pluribus

251 1324 409 1377 anuis
457 1332 767 1392 regnaturus
812 1323 863 1376 in
909 1322 1038 1376 orbe
1085 1325 1359 1376 terrarum.
1408 1320 1483 1374 Ex
1530 1319 1612 1373 his
1658 1335 1839 1372 rursus

250 1421 562 1466 exorturum
604 1427 782 1482 regem
829 1411 1132 1481 quemdam,
1162 1412 1248 1480 qui
1280 1420 1671 1480 expugnaturus
1699 1417 1841 1463 esset

251 1511 312 1556 et
332 1502 473 1571 leges
500 1501 638 1555 illius
663 1501 854 1570 gentis,
879 1510 931 1556 ct
956 1501 1264 1569 religionem
1283 1516 1345 1554 ac
1370 1501 1500 1554 ritus
1515 1500 1836 1564 sublaturus,

255 1601 369 1644 tum
421 1592 696 1661 sacrilegio
743 1594 1062 1660 Spoliaturus
1107 1593 1390 1660 templum,
1443 1607 1505 1644 ac
1553 1591 1838 1645 triennium

253 1683 513 1736 vetiturus
539 1682 652 1737 ﬁeri
679 1698 849 1737 sacra.
884 1682 1008 1736 Haec
1036 1697 1164 1737 sane
1189 1692 1380 1736 vestra:
1404 1682 1543 1751 geuti
1583 1681 1691 1750 jam
1737 1680 1841 1748 pati

251 1771 478 1840 contigit
515 1771 584 1826 ab
623 1772 884 1826 Antiocho
926 1771 1219 1840 Epiphane,
1261 1771 1398 1826 sicut
1435 1770 1620 1825 Daniel
1665 1771 1842 1824 multis

254 1871 388 1916 ante
410 1863 562 1915 anuis
605 1861 880 1932 praedixit,
908 1862 1223 1932 scripsitque
1251 1871 1525 1916 eventura.

337 1953 391 2007 9.
421 1953 533 2022 Age
573 1953 696 2022 quid
727 1953 808 2008 his
836 1954 999 2022 possit
1025 1967 1143 2008 esse
1169 1953 1506 2008 evidentius?
1535 1952 1680 2006 Nunc
1707 1960 1843 2005 tem-

251 2060 359 2114 pus
385 2055 483 2108 est,
509 2045 606 2099 nisi
632 2045 874 2099 videmur
897 2060 1014 2099 esse
1043 2045 1274 2110 molesti,
1300 2054 1350 2099 ttt
1375 2044 1439 2099 ad
1464 2045 1512 2097 id
1535 2045 1673 2115 qttod
1701 2060 1847 2113 quac-

255 2137 478 2192 rebatur
524 2147 870 2201 revertamur,
930 2139 1065 2192 hanc
1118 2147 1432 2206 praesentem
1481 2136 1842 2206 captivitatem

255 2241 326 2281 ac
371 2228 674 2282 servitutem
723 2228 1058 2290 hodiernam,
1100 2228 1252 2296 cujus
1296 2227 1462 2297 gratia
1506 2225 1619 2280 haec
1668 2225 1843 2280 omnia

255 2321 549 2374 movimus.
597 2321 836 2391 Agedum
901 2322 1059 2390 igitur
1101 2335 1239 2373 nunc
1281 2319 1610 2388 vigilantibus
1658 2317 1848 2371 animis

255 2412 602 2468 auscultate:
638 2429 740 2466 non
787 2413 928 2466 enim
983 2411 1135 2464 uobis
1189 2426 1283 2479 pro
1331 2413 1489 2464 rebus
1548 2409 1847 2478 vulgaribus

257 2515 538 2560 certamen
566 2513 670 2557 est.
699 2503 998 2556 Absurdmu
1027 2502 1167 2556 enim
1211 2502 1367 2555 fuerit
1396 2501 1528 2554 alios
1553 2500 1604 2554 in
1630 2499 1848 2553 theatris

256 2593 513 2647 sedentes
552 2591 872 2660 Olympiacis
896 2605 925 2644 a
955 2591 1125 2644 media
1177 2599 1328 2643 nocte
1374 2603 1540 2658 usque
1567 2588 1634 2642 ad
1682 2588 1841 2642 uteri-

257 2683 408 2736 diem
438 2682 744 2750 perdurare,
774 2688 1142 2748 exspectantes
1168 2688 1223 2733 ut
1264 2679 1496 2744 videant,
1526 2679 1610 2732 cui
1636 2692 1850 2732 cos-ma

258 2774 337 2827 sit
389 2787 603 2837 corona,
658 2772 902 2841 nudoque
948 2772 1122 2838 capite
1187 2772 1439 2840 excipere
1484 2771 1681 2824 calidus
1726 2757 1852 2824 solis

258 2865 465 2925 radios,
498 2877 596 2917 nec
626 2864 769 2931 prius
807 2862 1116 2926 abscedere,
1147 2877 1303 2931 quam
1333 2860 1400 2914 de
1428 2861 1716 2915 certamine
1745 2858 1854 2914 fue-

260 2956 337 3008 rit
367 2954 770 3024 pronuuciatum
801 2971 814 3006 :
845 2968 942 3006 nos
971 2967 1098 3006 vero
1129 2966 1287 3018 nunc,
1331 2967 1450 3005 cum
1488 2961 1754 3004 certamen
1785 2951 1854 3004 sit

262 3061 373 3100 non
405 3061 498 3115 pro
521 3045 610 3099 tali
635 3059 852 3110 corona,
887 3044 981 3098 sed
1025 3060 1120 3112 pro
1145 3057 1340 3097 corona
1371 3043 1676 3106 immortali,
1709 3041 1853 3095 defa-

263 3137 426 3206 tigari
456 3151 519 3190 ac
558 3136 717 3189 ta-dio
763 3134 921 3189 affici.
973 3133 1150 3203 Itaque
1189 3132 1330 3203 quod
1377 3141 1483 3186 tres
1523 3131 1855 3200 captivitates

263 3227 542 3298 prmdietae
590 3225 786 3281 fuerint
821 3233 1102 3295 antequam
1133 3223 1450 3288 acciderent,
1478 3237 1580 3276 una
1611 3238 1727 3293 qu:e
1756 3237 1854 3276 an-

263 3335 372 3373 nos
402 3319 628 3373 habebat
647 3318 1085 3389 quadringentos,
1110 3317 1274 3372 altera
1299 3316 1648 3385 septuaginta,
1680 3315 1854 3381 tertia,

263 3421 388 3465 tres
419 3425 482 3464 ac
510 3409 862 3475 dimidiatum,
912 3409 1167 3463 hactenus
1196 3408 1324 3462 satis
1350 3417 1431 3462 est
1461 3407 1610 3462 uobis
1635 3407 1857 3460 demon-

262 3510 522 3554 stratum.
568 3501 678 3569 Age
714 3508 958 3568 superest
983 3507 1040 3552 ttt
1068 3507 1122 3554 et
1146 3499 1214 3553 de
1259 3499 1358 3553 hac
1383 3499 1679 3567 loquamur.
1708 3497 1857 3565 Quod

263 3593 420 3646 cnim
447 3601 502 3646 et
541 3591 608 3646 de
634 3591 734 3646 hac
760 3591 1072 3646 vaticinatus
1109 3590 1176 3645 sit
1200 3589 1475 3660 propheta,
1507 3603 1688 3644 rursus
1713 3604 1861 3643 eum-

263 3684 396 3738 dem
425 3681 714 3752 Josephum
741 3682 1064 3737 adducamus
1095 3691 1303 3747 testem,
1333 3681 1420 3749 qui
1448 3696 1568 3736 cum
1608 3681 1710 3734 illis
1743 3680 1858 3750 (Ju-

269 3771 436 3841 daris)
479 3773 659 3828 sentit.
692 3773 974 3842 Postquam
1019 3773 1162 3829 enim
1208 3772 1294 3826 illa
1323 3771 1546 3835 dixerat,
1577 3771 1696 3825 audi
1735 3770 1860 3839 quid

269 3874 398 3934 post
439 3864 725 3932 subjiciat:
757 3863 959 3918 Eodem
1006 3872 1204 3928 autem,
1251 3863 1438 3932 inquit,
1470 3863 1630 3917 modo
1681 3861 1861 3915 Daniel

269 3968 333 4014 et
375 3959 445 4012 de
490 3958 849 4012 Romanorum
894 3957 1186 4028 principatu
1231 3957 1462 4027 scripsit,
1509 3954 1752 4026 quodque
1796 3954 1865 4008 ab

272 4051 387 4105 illis
430 4049 664 4104 tollenda
693 4057 836 4104 esset
872 4048 1224 4119 Jerosolyma,
1256 4063 1317 4102 ac
1341 4047 1686 4102 desolandum
1732 4056 1865 4100 tem-

275 4145 450 4213 plum.
500 4141 578 4196 Tu
611 4155 737 4196 vero
787 4139 914 4194 illud
955 4139 1082 4194 mihi
1129 4138 1426 4204 considera,
1473 4139 1611 4206 quod
1657 4137 1862 4191 tametsi

270 4235 499 4291 Iudaeus
543 4244 685 4290 esset
729 4235 773 4289 is
815 4235 907 4304 qui
937 4233 1052 4288 hmc
1094 4233 1321 4302 scripsit,
1355 4241 1530 4285 tamen
1559 4231 1758 4285 veritus
1784 4239 1866 4284 est

279 4339 526 4382 vestram
569 4326 760 4381 imitari
809 4325 1178 4395 pervicaciam.
1223 4323 1432 4377 Etenim
1460 4336 1579 4376 cum
1611 4320 1863 4385 dixisset,

271 4417 695 4474 subvertendam
751 4433 870 4473 esse
925 4416 1311 4488 Jerosolymam
1336 4455 1350 4478 ,
1403 4428 1510 4468 non
1573 4428 1736 4467 ausus
1785 4423 1867 4468 est

271 4512 504 4575 addere,
531 4510 670 4581 quod
697 4520 839 4566 esset
861 4509 1206 4574 restituenda,
1232 4522 1403 4578 neque
1427 4515 1632 4576 tempus
1653 4506 1864 4575 aliquod

269 4612 492 4657 certum
541 4601 922 4670 praescribere;
954 4600 1046 4654 sed
1091 4598 1340 4668 quoniam
1369 4597 1588 4663 sciebat,
1633 4596 1868 4666 prephe-

274 4705 390 4747 tam
457 4705 566 4746 non
619 4691 909 4761 praebuisse
965 4701 1209 4758 tempus,
1260 4702 1578 4758 quamquam
1623 4687 1867 4756 superius

271 4801 545 4841 enarrans
576 4785 820 4840 Antiochi
849 4785 1120 4840 victoriam
1145 4798 1209 4837 ac
1242 4782 1643 4842 desolationem,
1674 4792 1728 4834 et
1755 4780 1867 4834 dies

265 4890 329 4934 et
358 4892 542 4932 annos
569 4886 926 4948 expresserat,
958 4886 1088 4947 quot
1115 4875 1391 4944 captivitas
1416 4881 1557 4928 esset
1581 4873 1864 4927 duratura:

263 4969 346 5023 de
400 4967 626 5022 victoria
692 4968 1048 5023 Romanorum
1114 4966 1243 5020 nihil
1283 4963 1577 5021 istiusmodi
1619 4963 1868 5035 loquutus

263 5069 363 5112 est
402 5076 416 5111 :
446 5057 540 5112 sed
566 5059 704 5128 quod
733 5069 874 5114 esset
900 5060 952 5113 in
977 5057 1316 5114 solitudinem
1345 5054 1629 5124 redigenda
1657 5053 1871 5108 Jeroso-

263 5151 450 5220 lyma,
485 5149 842 5219 templumque
885 5148 1220 5203 diruendum.
1259 5146 1519 5205 Cancrum
1544 5143 1683 5215 quod
1726 5151 1867 5198 esset

257 5237 575 5308 aliquando
603 5248 857 5294 venturus
881 5239 1000 5295 linis
1028 5236 1370 5294 desolationis
1407 5251 1511 5290 non
1539 5233 1759 5298 addidit,
1803 5248 1869 5288 eo

256 5328 430 5400 quod
463 5328 686 5394 videret,
733 5345 800 5384 ne
848 5329 1158 5401 prophetam
1188 5327 1398 5398 quidem
1441 5325 1542 5381 hoc
1579 5324 1865 5379 addidisse.

261 5420 420 5476 llaec
465 5427 640 5473 autem
688 5421 889 5486 omnia,
919 5421 1015 5486 ait,
1067 5421 1174 5474 Deo
1218 5418 1317 5488 ipsi
1358 5423 1705 5480 monstrante,
1742 5429 1869 5468 con~

259 5511 488 5579 scripta
519 5510 748 5580 reliquit,
777 5523 835 5566 ut
859 5513 946 5582 qui
976 5513 1200 5582 legerint
1223 5519 1276 5566 et
1301 5509 1554 5565 evenisse
1573 5519 1859 5577 conspexe-

263 5603 418 5662 tint,
473 5599 744 5657 Danielem
788 5602 1114 5659 admirentur
1137 5601 1208 5658 ob
1257 5600 1511 5656 honor-cm
1557 5598 1628 5654 illi
1679 5612 1707 5650 a
1761 5597 1868 5652 Deo

1485 204 1845 261 ADVERSUS
1904 205 1976 262 JL‘
1989 206 2180 264 DrEUS
2220 207 2280 263 ν.

3409 215 3512 272 898

1945 320 2198 373 habitum.
2223 319 2319 375 Ubi
2349 320 2507 390 igitur
2529 320 2722 378 dixerit
2769 321 2970 390 Daniel,
3013 322 3125 380 fore
3161 333 3216 378 ut
3265 329 3516 393 templum
3554 357 3558 361 -

1942 410 2270 480 redigeretur
2300 412 2349 464 iu
2394 413 2751 478 solitudinem,
2803 431 2900 471 nos
2929 415 3180 484 deinceps
3210 417 3519 474 considere-

1942 513 2080 552 mus.
2116 498 2242 554 Nam
2274 500 2359 554 ubi
2392 503 2744 570 precationem
2785 504 2922 557 illam
2969 505 3019 558 itt
3067 519 3222 559 sacco
3253 515 3305 559 et
3340 508 3523 563 cinere

1945 588 2256 656 perfecerat,
2306 591 2449 645 venit
2491 591 2558 644 ad
2607 607 2726 646 eum
2776 592 3006 659 Gabriel,
3053 603 3107 648 et
3146 595 3218 649 ait
3252 613 3265 651 :
3297 595 3518 667 Septua-

1941 679 2078 748 ginta
2100 679 2430 733 hebdomade:
2454 682 2898 737 abbreviata'sunt
2913 696 3068 747 super
3085 686 3327 754 populum
3355 695 3518 752 tuum,

1943 779 1990 822 et
2033 787 2186 839 super
2213 771 2458 823 civitatem
2491 783 2718 824 sanctam
2764 771 2922 842 (Dan.
2955 773 3008 828 9.
3054 774 3168 842 24).
3211 776 3366 838 Ecce,
3395 777 3478 831 hic
3503 819 3520 843 ,

1943 861 2111 931 inquit
2153 863 2376 932 aliquis,
2411 873 2462 916 et
2497 875 2704 933 tempus
2748 880 3056 935 expressum
3107 875 3209 922 es;
3255 867 3518 936 Tempus,

1942 969 2047 1008 non
2077 955 2414 1025 captivitatis,
2447 956 2538 1010 sed
2586 965 2703 1026 post
2731 966 2980 1027 quantum
3013 959 3266 1028 temporis
3291 960 3523 1014 reditura

1943 1052 2085 1098 esset
2127 1045 2422 1114 captivitas.
2469 1045 2625 1100 Aliud
2667 1063 2792 1101 vero
2837 1055 3043 1118 tempus
3071 1048 3354 1103 dicendum
3397 1058 3522 1115 est,

1944 1135 2194 1203 quamdiu
2243 1146 2383 1191 chet
2422 1136 2671 1192 duratura
2716 1139 3012 1208 captivitas,
3061 1156 3270 1195 rursum
3317 1150 3524 1210 tempus

1947 1232 2068 1292 post
2105 1225 2245 1294 qttod
2291 1237 2433 1281 cssrt
2461 1236 2700 1282 ventura.
2733 1230 3085 1299 Septuaginta,
3115 1229 3302 1300 inqttit,
3334 1231 3522 1284 hebdo-

1946 1317 2117 1368 mades
2146 1318 2444 1370 abbreviata:
2463 1329 2578 1372 sunt
2605 1337 2756 1389 super
2801 1321 3042 1390 populum
3069 1333 3206 1374 tuum
3237 1340 3256 1375 :
3287 1337 3389 1375 uon
3413 1321 3523 1396 jam

1945 1419 2104 1472 super
2127 1407 2377 1476 populum
2397 1424 2592 1463 meum.
2617 1410 2771 1478 Atqui
2793 1411 3046 1480 propheta
3064 1411 3286 1474 dixerat,
3311 1411 3526 1465 Ostende

1945 1495 2123 1564 faciem
2145 1509 2279 1549 tuam
2298 1515 2451 1568 super
2474 1502 2712 1569 populum
2739 1511 2898 1566 tuum,
2927 1502 3016 1555 sed
3044 1503 3182 1555 Deus
3211 1503 3354 1556 illum
3383 1515 3525 1571 post-

1946 1586 2045 1640 hac
2074 1603 2166 1656 pro
2185 1587 2357 1642 alieno
2383 1589 2528 1643 ducit
2560 1601 2776 1659 propter
2811 1591 3036 1644 futuram
3067 1592 3360 1645 audaciam.
3401 1592 3522 1646 Mox

1944 1687 2001 1732 et
2043 1695 2254 1733 causam
2296 1683 2544 1750 eXprimit
2573 1697 2584 1732 :
2615 1681 2786 1735 Donec
2843 1684 3126 1750 antiquetur
3169 1684 3437 1749 delictum,
3482 1695 3528 1736 et

1947 1782 2318 1826 consummetur
2340 1783 2615 1842 peccatum.
2642 1773 2774 1841 Quid
2802 1783 2883 1828 est
2910 1774 3028 1838 hoc,
3047 1773 3203 1828 donec
3221 1791 3532 1829 consumme-

1949 1870 2029 1915 tur
2072 1864 2367 1932 peccatum?
2407 1863 2585 1928 Multa,
2631 1864 2819 1933 ittquit,
2867 1873 3105 1933 peccant,
3149 1864 3242 1919 sed
3271 1863 3530 1918 malorum

1947 1953 2210 2024 fastigium
2244 1965 2366 2010 tunc
2411 1957 2543 2022 erit,
2570 1971 2689 2010 cum
2724 1957 2998 2012 Dominum
3028 1973 3178 2012 suum
3222 1958 3530 2013 occiderint.

1950 2047 2014 2100 Et
2045 2047 2142 2100 hoc
2172 2047 2302 2101 dixit
2343 2047 2583 2102 Christus
2613 2067 2626 2102 :
2654 2047 2873 2116 lmplele
2911 2067 3190 2103 mensuram
3218 2060 3418 2120 patrum
3448 2067 3532 2102 vc-

1952 2148 2170 2190 strorum
2205 2137 2413 2209 (Matth.
2459 2140 2549 2193 ‘23.
2583 2138 2697 2206 52).
2729 2139 2922 2194 Servos
2949 2139 3237 2206 occidistis,
3279 2139 3454 2194 addite
3479 2150 3533 2194 et

1954 2229 2162 2283 Domini
2210 2231 2541 2298 sanguinem.
2590 2229 2720 2284 Vide
2762 2231 3027 2299 quomodo
3055 2231 3378 2285 concordant
3404 2246 3532 2286 sett-

1951 2320 2150 2373 tentiaa.
2193 2319 2436 2374 Christus
2481 2319 2645 2385 dixit,
2691 2319 2891 2389 implete
2919 2336 2936 2374 :
2962 2321 3216 2391 propheta
3256 2322 3364 2385 ait,
3411 2338 3533 2375 con-

1949 2421 2228 2463 summatur
2266 2425 2522 2480 peceatum
2553 2421 2605 2466 ct
2647 2413 2907 2481 signentur
2949 2422 3168 2482 peccata.
3216 2412 3352 2478 Quid
3392 2414 3532 2467 enim

1950 2509 2051 2564 est,
2081 2503 2339 2570 signentur
2358 2503 2384 2556 Γ
2407 2502 2483 2557 Ne
2509 2503 2632 2572 quid
2665 2513 2916 2572 prmterea
2942 2503 3196 2573 reliquum
3221 2505 3327 2556 liat.
3357 2502 3423 2555 Et
3444 2504 3536 2556 ad-

1953 2592 2104 2645 ducat
2127 2593 2381 2663 justitiam
2426 2594 2796 2662 sempiternam.
2829 2593 2962 2660 Quid
3005 2605 3182 2647 autetn
3215 2602 3297 2647 est
3324 2602 3521 2647 (eterna

1949 2684 2173 2754 justitia,
2217 2685 2318 2739 nisi
2361 2701 2480 2755 qua:
2509 2701 2540 2739 a
2569 2685 2783 2740 Christo
2813 2686 2930 2739 data
2975 2687 3092 2740 est?
3122 2685 3184 2739 Et
3218 2685 3373 2738 donec
3402 2686 3537 2737 obsi-

1957 2786 2135 2848 gnetur
2159 2777 2281 2831 visio
2305 2788 2350 2832 et
2371 2778 2612 2848 propheta
2635 2788 2678 2832 et
2700 2779 2970 2849 inungatur
2992 2788 3192 2832 sanctus
3211 2788 3495 2832 sanctorum
3521 2791 3537 2830 :

1958 2866 2060 2921 hoc
2085 2875 2186 2932 est,
2209 2869 2395 2921 sistere
2416 2876 2627 2936 oportet
2653 2869 2872 2936 posthac
2901 2867 3202 2937 prophetias
3232 2907 3244 2919 .
3278 2867 3377 2921 hoc
3398 2869 3537 2921 enim

1957 2968 2040 3012 est
2067 2957 2366 3025 obsignare.
2405 2953 2594 3011 sistere
2647 2959 2972 3022 unctionem,
3023 2957 3211 3010 sistere
3256 2958 3536 3011 visionem.

1958 3047 2080 3102 ideo
2124 3047 2364 3102 Christus
2390 3047 2520 3100 dixit
2551 3065 2564 3100 :
2598 3046 2705 3100 Lea:
2728 3057 2773 3099 et
2798 3048 3054 3117 propheta:
3080 3063 3232 3116 usque
3271 3047 3339 3100 ad
3373 3045 3537 3100 Joan-

1957 3153 2070 3190 nem
2119 3135 2229 3204 (Id.
2283 3138 2367 3192 11.
2402 3137 2510 3206 15).
2559 3136 2720 3191 Vides
2760 3145 2818 3190 ut
2869 3136 2985 3191 haec
3031 3136 3390 3190 omnimodam
3437 3137 3540 3190 nti-

1959 3237 2153 3283 nentur
2194 3227 2598 3291 desolationem,
2623 3242 2686 3282 ac
2729 3228 2992 3282 scelerum
3035 3226 3541 3293 malefactorumque

1959 3320 2264 3375 vindictam.
2311 3319 2425 3374 Non
2466 3320 2606 3374 enim
2653 3319 2977 3374 indulturum
3024 3333 3116 3384 se,
3165 3316 3260 3372 sed
3310 3318 3540 3370 ulturutu

1961 3422 2175 3480 pecca'a
2205 3411 2436 3476 illorum,
2465 3411 2696 3465 minatur
2728 3411 2887 3464 Deus.

2035 3502 2122 3556 l0.
2157 3501 2380 3568 Quando
2410 3501 2620 3554 tandem
2666 3499 2767 3554 hoc
2797 3500 2987 3554 factum
3015 3498 3139 3553 est?
3168 3497 3390 3566 Quando
3418 3513 3543 3568 pro-

1963 3592 2154 3662 phetia:
2181 3607 2397 3661 prorsus
2425 3592 2685 3647 sublatae?
2724 3591 2946 3657 Quando
2979 3592 3159 3644 unctio
3199 3593 3277 3645 sic
3303 3599 3387 3646 est
3415 3593 3544 3646 sub-

1965 3685 2091 3752 lata,
2121 3694 2177 3739 ut
2203 3700 2485 3754 numquam
2521 3674 2590 3738 Sit
2619 3683 2894 3738 reditura?
2937 3684 3002 3737 Et
3029 3682 3075 3737 si
3116 3697 3213 3737 nos
3256 3683 3506 3737 sileamus
3528 3723 3544 3745 .

1965 3775 2064 3847 ipsi
2119 3775 2318 3846 lapides
2381 3775 2683 3829 clamabunt
2725 3792 2738 3828 :
2782 3773 2916 3828 adeo
2968 3771 3242 3827 manifesta
3302 3780 3384 3826 est
3434 3772 3544 3841 ipsa

1965 3884 2143 3924 rerum
2169 3884 2270 3921 vox
2295 3885 2308 3930 ;
2342 3881 2439 3920 nec
2469 3866 2609 3922 enim
2641 3874 2855 3934 possunt
2882 3863 3020 3916 aliud
3049 3871 3255 3932 tempus
3284 3861 3544 3932 proferre,

1966 3973 2072 4028 quo
2093 3958 2207 4014 hmo
2235 3967 2380 4028 gesta
2411 3963 2553 4020 sunt,
2600 3970 2755 4025 quam
2796 3954 2898 4009 hoc
2927 3954 3137 4022 longum
3166 3968 3229 4008 ac
3259 3967 3502 4021 maguum
3528 3992 3545 4018 ,

1968 4049 2062 4105 sed
2109 4049 2280 4118 majus
2322 4049 2480 4103 etiam
2531 4047 2784 4101 futurum.
2832 4043 3075 4099 Postha‘c
3115 4044 3350 4096 exactius
3388 4043 3547 4096 etiam

1968 4140 2035 4196 dc
2062 4140 2143 4194 his
2173 4140 2413 4210 loquens,
2445 4139 2518 4192 ait
2549 4155 2564 4191 :
2594 4137 2660 4191 Et
2688 4153 2951 4207 cognosces
2981 4145 3025 4189 et
3054 4135 3298 4204 intelliges
3323 4133 3384 4186 ab
3413 4135 3547 4188 exitu

1967 4232 2229 4294 sermonis,
2271 4240 2324 4282 ut
2347 4227 2721 4298 respondeatur,
2751 4237 2898 4294 utque
2924 4225 3198 4293 wdiﬁcetur
3221 4222 3501 4276 Jerusalem
3531 4264 3545 4288 ,

1971 4338 2128 4391 usque
2146 4320 2214 4373 ad
2259 4319 2514 4374 Christum
2536 4318 2734 4383 ducem»,
2756 4315 3086 4370 hebdomades
3114 4323 3322 4383 septem,
3347 4321 3394 4365 et
3433 4311 3548 4365 heb-

1971 4413 2209 4469 domades
2235 4414 2495 4482 sexaginta
2523 4410 2639 4464 duae
2661 4409 2820 4478 (Dan.
2857 4409 2912 4463 9.
2934 4408 3050 4477 25).

2042 4503 2329 4576 Explicatio
2357 4501 2722 4557 hebdomadam
2750 4498 2994 4553 Danielis.
3023 4527 3094 4537 —
3131 4496 3226 4551 llic
3251 4495 3378 4550 milti
3425 4494 3549 4549 dili-

1970 4579 2159 4668 genter
2199 4595 2510 4658 auscultate,
2543 4607 2664 4646 nam
2692 4599 2776 4646 est
2804 4591 2963 4645 totius
2991 4588 3302 4660 qumstiouis
3345 4585 3507 4641 cardo
3537 4603 3550 4639 :

1972 4688 2346 4744 hebdomades.
2374 4697 2576 4756 septem
2625 4693 2679 4740 et
2720 4681 3078 4738 hebdomades
3119 4681 3386 4750 sexaginta
3433 4677 3552 4731 dua:

1972 4777 2260 4834 coniiciunt
2306 4789 2475 4830 annos
2522 4774 2936 4844 quadringentos
2969 4771 3233 4838 octoginta
3276 4777 3402 4820 tres.
3445 4765 3552 4819 Nec

1973 4871 2114 4927 enim
2144 4869 2230 4924 hic
2255 4868 2382 4924 dicit
2412 4867 2770 4922 hebdomadas
2793 4865 2997 4920 dierum
3028 4871 3119 4917 aut
3149 4860 3428 4919 mensium,
3457 4857 3551 4912 sed

1973 4964 2279 5020 annorum‘.
2333 4961 2463 5016 Nam
2493 4960 2686 5032 aCyro
2731 4973 2900 5028 usque
2944 4955 3011 5009 ad
3063 4951 3377 5008 Antiochum
3422 4949 3540 5018 Epi-

1973 5054 2200 5125 pbanem
2231 5062 2286 5108 et
2312 5052 2666 5123 captivitatem
2707 5049 2848 5102 illam
2877 5055 2998 5101 sunt
3041 5043 3164 5098 anni
3210 5040 3428 5096 trecenti
3457 5053 3550 5093 no-

1973 5143 2186 5215 nagiuta
2238 5152 2484 5213 quatuor.
2536 5140 2714 5210 Itaque
2757 5137 3033 5192 declarans
3084 5148 3144 5188 se
3191 5147 3296 5186 non
3345 5129 3412 5184 de
3464 5129 3552 5184 illa

1974 5239 2156 5308 templi
2200 5237 2525 5293 desolatione
2551 5231 2718 5303 loqui,
2746 5231 2840 5286 sed
2869 5245 2954 5292 ea,
2984 5243 3102 5298 quae
3141 5226 3233 5280 fttit
3261 5233 3381 5294 post
3408 5223 3550 5278 illam

1975 5331 2074 5386 sub
2100 5328 2373 5398 Pompeio,
2422 5323 2747 5394 Vespasiano
2796 5330 2848 5375 et
2891 5319 3033 5382 Tito,
3083 5315 3304 5370 ulterius
3353 5311 3551 5383 profert

2038 5481 2056 5514 ⁸
2090 5485 2199 5529 Isaac
2226 5490 2459 5527 annorum
2479 5477 2751 5539 supputatio
2771 5486 2799 5524 ι
2819 5483 2934 5538 cyro
2956 5471 3014 5520 ad
3039 5470 3314 5539 Antiochum
3351 5469 3444 5530 Epig
3463 5467 3551 5539 ba:

1977 5555 2092 5595 nem
2131 5539 2316 5602 magnis
2346 5547 2421 5589 est
2454 5529 2808 5602 difficultatibus
2842 5529 3048 5583 obnoxia
3068 5566 3083 5590 ,
3129 5539 3182 5602 ut
3223 5529 3393 5602 videas
3425 5545 3466 5601 a|
3486 5529 3550 5578 ud

1982 5594 2305 5664 Chronolo'gos
2326 5605 2644 5661 recentiores,
2667 5599 2977 5660 Scaligeruw,
3000 5594 3259 5656 Petavium,
3288 5594 3544 5642 L'SSL‘I‘ittm.
