3990 6198
499 224 602 278 899

502 354 734 413 tempus,
767 352 998 410 moxque
1042 336 1241 393 docens
1286 348 1404 402 nos,
1435 333 1576 388 unde
1621 343 1863 403 Oporteat
1895 349 2092 402 suppu-

502 445 638 502 tare,
669 435 995 489 demonstrat
1013 446 1116 484 non
1144 443 1261 484 esse
1285 427 1671 482 numerandum
1697 443 1728 480 a
1751 425 1838 480 die
1867 425 2090 491 reditus,

500 525 604 582 Sed
635 523 773 579 unde
823 521 1081 576 tandem?
1111 520 1184 574 Ab
1215 519 1350 574 exitu
1380 517 1650 584 sermonis,
1683 526 1738 571 ut
1785 517 2093 587 respondea-

500 627 598 677 tur,
629 627 673 669 et
692 615 972 682 aediﬁcetur
1002 612 1308 666 Jerusalem.
1344 613 1411 667 At
1441 627 1544 665 non
1573 609 1671 664 fuit
1697 619 1970 665 exstructa
1997 608 2096 664 sub

499 707 660 777 Cyro,
709 703 802 758 sed
846 703 946 758 sub
993 704 1290 758 Artaxerxe
1337 709 1690 770 cognomento
1746 699 2092 769 Longimano.

506 800 632 852 Post
662 798 976 852 descensum
1000 795 1140 850 enim
1171 795 1316 850 venit
1338 793 1646 864 Cambyses,
1695 791 1886 846 deinde
1913 790 2047 860 Magi
2077 829 2094 856 ,

504 898 625 959 post
643 887 740 941 hos
772 887 957 940 Darius
979 883 1254 956 llystaspa-
1276 884 1694 951 lilius,deiuceps
1711 880 1934 935 Xerxes.
1958 878 2098 933 Darii

505 983 784 1050 lilius,posl
807 978 946 1032 hunc
969 977 1416 1044 Artabanus,post
1437 973 1761 1028 Artabanum
1779 975 1816 1026 A
1829 979 2099 1026 rtaxcrxes

505 1073 868 1141 Longimanus
909 1069 1188 1138 imperavit
1226 1067 1453 1122 Persidi.
1488 1065 1556 1120 Et
1595 1064 1720 1118 dum
1765 1064 1849 1117 hic
1876 1077 2098 1132 regnum

502 1163 782 1226 obtineret,
804 1176 942 1215 anno
969 1160 1226 1230 vigesimo
1255 1159 1402 1227 regni
1428 1155 1567 1210 illius
1589 1155 1832 1210 Neemias
1854 1167 2101 1208 reversus

509 1256 779 1310 civitatem
811 1253 1142 1308 instauravit.
1178 1253 1241 1305 Et
1275 1251 1388 1305 hsce
1433 1249 1628 1303 Esdras
1654 1247 1808 1302 nobis
1855 1255 2102 1299 accurate

507 1347 809 1416 descripsit.
856 1346 965 1400 Nos
1009 1345 1168 1415 igitur
1209 1343 1330 1397 hinc
1369 1341 1785 1412 quadringentos
1831 1337 2099 1406 octoginta

513 1451 622 1494 tres
651 1455 819 1494 annos
862 1439 905 1492 si
954 1437 1438 1498 numeraverimus,
1472 1431 1609 1487 haud
1643 1430 1800 1486 dubie
1829 1430 2104 1484 veniemus

507 1532 572 1585 ad
605 1533 738 1585 hanc
765 1529 1193 1584 subversionem.
1227 1526 1349 1579 ideo
1374 1525 1502 1579 dicit
1531 1541 1545 1578 :
1579 1521 1946 1589 /Ediﬁcabitar
1987 1519 2102 1588 pla-

509 1631 586 1673 tea
630 1629 673 1674 et
706 1636 964 1673 murorum
1003 1618 1220 1670 ambitus
1248 1617 1320 1681 (ἢ.
1359 1615 1506 1668 Esdr.
1529 1613 1562 1666 5
1589 1614 1632 1680 ).
1663 1612 1793 1667 Cum
1839 1611 2018 1680 igitur,
2048 1619 2105 1662 ut

508 1713 600 1778 ait,
650 1713 888 1766 restituta
935 1710 1128 1773 fuerit,
1179 1724 1437 1776 suumque
1479 1717 1677 1760 statim]
1725 1706 2006 1773 receperit,
2039 1717 2104 1756 cx

515 1806 617 1858 hoc
667 1812 892 1873 supputa
956 1801 1319 1856 hebdomades
1377 1798 1743 1868 septuaginta,
1798 1795 2110 1864 vide-bisque

512 1896 648 1949 hanc
678 1894 1036 1964 captivitatem
1070 1891 1302 1945 nondum
1350 1889 1592 1944 sortitam
1641 1887 1797 1940 linem
1829 1902 1968 1939 esse.
2009 1885 2107 1938 At-

511 2003 618 2056 que
650 1988 748 2040 hoe
779 1987 950 2056 ipsum
980 1984 1278 2038 evidentius
1320 1983 1480 2037 etiam
1509 1981 1777 2050 aperiens,
1806 1977 1945 2048 quod
1972 1976 2107 2031 mala

511 2078 707 2148 quibus
739 2091 878 2130 nunc
929 2084 1210 2140 tenentur,
1245 2089 1348 2127 non
1387 2077 1493 2126 sint
1537 2069 1779 2124 habitura
1830 2068 2011 2131 linem,
2041 2065 2106 2119 ad

515 2169 659 2223 hunc
708 2167 923 2221 modum
969 2165 1246 2236 loquitur:
1280 2161 1406 2216 Post
1451 2160 1783 2214 hebdomade:
1827 2168 1993 2211 autem
2031 2174 2110 2211 se-

516 2259 780 2329 ptuaginta
801 2255 1081 2310 abolebitur
1116 2255 1304 2319 unctio,
1350 2263 1396 2306 et
1418 2252 1665 2324 judicium
1707 2267 1806 2303 non
1834 2249 1925 2302 crit
1950 2247 2002 2301 in
2029 2264 2107 2312 ea,

514 2361 562 2404 et
588 2350 835 2404 civitatem
884 2357 929 2402 et
955 2356 1184 2401 sanctum
1226 2344 1433 2418 perdet,
1463 2359 1577 2396 cum
1621 2339 1762 2396 Duce
1806 2349 2031 2402 venturo,
2063 2347 2109 2390 et

530 2444 875 2498 concidattur
911 2452 1161 2510 tanquam
1208 2441 1258 2490 in
1296 2438 1516 2502 diluvio,
1550 2454 1725 2505 neque
1774 2443 2105 2504 snpererunl

529 2536 793 2603 reliquim,
832 2548 1010 2600 neque
1046 2531 1222 2589 radis,
1258 2545 1378 2598 quae
1410 2529 1717 2598 repullulet,
1755 2537 1805 2581 et
1839 2543 2001 2596 usque
2035 2527 2104 2579 ad

530 2629 686 2696 linem
703 2624 824 2676 belli
848 2621 1140 2688 abbreviati
1161 2620 1624 2674 internecionibus.
1648 2621 1853 2674 llursus
1876 2620 2106 2687 loquens

527 2719 594 2770 de
615 2717 714 2769 hac
733 2712 1237 2783 captivitate,dieit:
1258 2711 1493 2764 Tolletur
1509 2711 1773 2762 incensum
1787 2719 1835 2762 et
1853 2708 2102 2771 libamen,

527 2824 591 2860 ac
606 2813 862 2873 praeterea
881 2819 1035 2871 super
1061 2800 1304 2867 templum
1329 2798 1650 2852 abominatio
1667 2797 2034 2861 desolationis,
2055 2807 2103 2849 et

528 2913 693 2967 usque
712 2894 782 2948 ad
805 2893 1310 2947 consummationem
1335 2891 1582 2958 temporis
1605 2889 1988 2942 consummatio
2009 2889 2106 2940 da-

529 2988 670 3040 bitur
689 2987 757 3040 ad
773 2985 1171 3039 desolationem.
1190 2984 1322 3036 Cum
1345 2984 1534 3036 audias
1548 2981 2102 3048 consummationem,

543 3078 674 3149 quid
701 3077 877 3131 adhuc
912 3084 1184 3145 superest,
1210 3074 1351 3143 quod
1387 3074 1708 3143 exspectes?
1734 3075 1808 3126 Ac
1829 3083 2103 3136 prarterea.

531 3168 670 3234 Quid
689 3174 984 3229 autemest,
1003 3165 1076 3216 dc
1096 3164 1381 3232 pra'terea?
1399 3160 1506 3213 lloc
1522 3171 1625 3224 est,
1648 3170 1841 3230 prmter
1863 3161 2109 3230 hac-cquae

530 3258 676 3313 dicta
706 3265 856 3319 sunt,
885 3264 1009 3325 post
1039 3255 1439 3308 Sacriliciorum
1467 3261 1515 3304 et
1549 3251 1823 3304 iibaminis
1851 3249 2110 3305 sublatio-

541 3365 688 3409 nem.
714 3347 859 3400 aliud
899 3345 1075 3413 majus
1102 3343 1325 3397 accedet
1351 3344 1573 3395 malum.
1595 3343 1878 3406 Quodnam
1900 3343 2000 3397 hoc
2023 3342 2108 3396 di-

533 3440 654 3494 cis?
675 3437 843 3505 Super
865 3435 1110 3502 templum
1143 3432 1467 3486 abominatio
1483 3433 1844 3486 desolationis.
1903 3431 2100 3484 Hieron

533 3533 679 3585 enim
699 3526 1613 3594 vocattemplum,ahontinationctn
1631 3534 1808 3578 autem
1823 3523 2110 3580 desolatio-

531 3620 615 3673 nis
641 3627 793 3672 vocat
830 3628 1080 3684 statuam,
1128 3634 1286 3688 quam
1317 3618 1595 3674 collocavit
1624 3619 1676 3674 in
1723 3619 1918 3690 templo
1957 3620 2002 3674 is
2029 3620 2119 3692 qui

531 3711 804 3766 exciderat
821 3722 873 3765 ct
891 3721 1156 3766 everterat
1173 3712 1459 3766 civitatem.
1477 3709 1544 3764 Et
1561 3729 1716 3784 usque
1732 3713 1799 3764 ad
1815 3728 2122 3768 consumma-

531 3805 737 3866 tionem,
771 3803 960 3871 inquit,
993 3802 1253 3857 dcsolalio.
1287 3802 1640 3869 Quamobrem
1686 3803 1812 3856 dit-it
1841 3802 2117 3869 Christus,

530 3893 621 3961 qui
665 3897 956 3947 secundum
996 3908 1208 3946 carnem
1263 3894 1356 3947 l'uit
1406 3894 1666 3963 posterior
1710 3895 1972 3949 Antiocho
2002 3895 2120 3964 Epi-

535 3984 729 4052 phane,
760 3984 1058 4038 vaticinans
1087 3983 1450 4038 imminentem
1478 3985 1624 4038 urbis
1652 3985 2030 4054 captivitatem,
2059 4001 2123 4040 ac

533 4077 812 4131 declarans
849 4076 990 4146 quod
1019 4075 1089 4130 de
1132 4077 1232 4131 hac
1272 4077 1577 4146 prardixerit
1608 4078 1787 4132 Daniel
1819 4097 1832 4134 :
1863 4077 2009 4144 Cum,
2040 4079 2122 4134 in-

535 4170 671 4240 quit,
721 4170 941 4223 videritis
985 4169 1406 4222 abominationem
1450 4169 1793 4238 desolationis,
1823 4170 1886 4223 de
1921 4186 2019 4239 qua
2049 4171 2126 4224 lo-

535 4271 720 4330 qautus
745 4271 815 4315 est
843 4261 1030 4315 Daniel
1055 4263 1322 4331 propheta,
1348 4270 1559 4315 stantem
1585 4262 1635 4314 in
1662 4262 1772 4315 loco
1799 4272 1973 4318 sancto
1995 4278 2014 4316 :
2038 4263 2126 4332 qui

533 4352 652 4422 legit
680 4353 922 4422 intelligat
963 4352 1173 4425 (.llattlt.
1220 4353 1309 4408 25.
1346 4351 1453 4425 lli).
1486 4354 1747 4420 Quoniam
1794 4353 1935 4408 enim
1964 4369 2124 4406 omne

533 4443 872 4497 simulacrum
905 4453 959 4496 et
980 4443 1208 4497 hominis
1236 4443 1439 4512 efﬁgies
1465 4444 1600 4512 apud
1629 4443 1846 4498 .ludzcus
1886 4444 2124 4514 appella-

537 4531 694 4586 batur
735 4533 1095 4596 abominatio,
1137 4535 1468 4605 :enigmatice
1527 4537 1835 4604 signiﬁcans
1883 4546 2114 4592 statuam

539 4622 708 4687 illam,
751 4622 907 4676 simul
949 4625 1159 4692 aperuit
1200 4635 1255 4678 et
1299 4640 1405 4693 quo
1435 4635 1692 4696 tempore,
1735 4637 1841 4681 eta
1868 4643 1974 4697 quo
2001 4643 2126 4697 rege

537 4715 817 4784 captivitas
841 4725 983 4769 esset
1007 4723 1247 4767 ventura.
1270 4715 1420 4782 Quod
1447 4727 1624 4770 autem
1652 4718 1716 4772 de
1740 4718 1992 4774 Romanis
2014 4719 2128 4774 hatc

538 4807 679 4860 dicta
731 4807 858 4874 sint,
902 4815 958 4860 et
1007 4807 1118 4876 ipse
1165 4805 1464 4873 Josophus,
1512 4810 1960 4877 quemadmodum
2002 4820 2126 4866 ante

539 4898 838 4964 docuimus,
871 4898 1216 4953 asseveravit.
1245 4897 1380 4966 Quid
1406 4900 1562 4969 igitur
1588 4901 1738 4956 vobis
1763 4903 2020 4973 reliquum
2047 4915 2130 4959 est

542 4992 681 5062 quod
715 4992 1024 5062 loquamini,
1056 5007 1177 5046 cum
1209 4991 1443 5061 reliquas
1472 4993 1805 5062 captivitates
1831 4994 2127 5063 prtediceu-

543 5093 622 5136 tes
650 5082 942 5153 prophetzc,
984 5098 1063 5137 cei
1081 5092 1188 5136 tum
1237 5093 1291 5138 et
1333 5082 1652 5154 praslinitum
1702 5095 1910 5153 tempus
1953 5087 2131 5156 expri-

545 5185 694 5228 mant
723 5191 737 5228 :
769 5174 890 5228 huic
935 5175 1140 5228 nullum
1189 5186 1398 5246 tempus
1446 5177 1760 5245 praeliniant,
1787 5179 1912 5249 quin
1955 5180 2129 5250 potius

545 5267 872 5320 contrarium
915 5266 1133 5334 addant,
1177 5269 1426 5326 videlicet
1461 5269 1820 5338 captivitatem
1867 5285 2034 5341 usque
2060 5271 2128 5328 ad

545 5360 1058 5415 consummationem
1104 5359 1645 5414 duraturamil’orro
1688 5361 1829 5431 quod
1875 5361 2131 5419 hactenus

545 5449 684 5504 dicta
715 5464 849 5504 Vana
879 5466 984 5504 non
1023 5451 1152 5518 sint,
1181 5465 1281 5521 ego
1303 5468 1332 5505 a
1356 5452 1514 5506 rebus
1535 5453 1694 5507 etiam
1722 5453 1850 5522 ipsis
1875 5455 2131 5509 exhibea-

546 5557 664 5596 mus
687 5543 1071 5598 testimonium.
1101 5542 1234 5598 Nam
1265 5546 1308 5598 si
1335 5543 1503 5599 Judzei
1527 5561 1810 5617 numquam
1840 5557 2132 5604 tentasse-ut

550 5633 818 5688 adiacere
845 5634 1123 5704 templum,
1161 5634 1341 5690 dicere
1385 5644 1631 5707 poterant
1704 5640 1747 5692 si
1778 5639 2128 5696 voluissemus

1223 219 1282 276 8.
1322 215 1599 274 JO.\NNIS
1637 211 2112 272 CllRYSOSTO)“
2153 211 2468 271 ARClllEP.
2509 209 3050 268 CONSTANTINOP.
3593 225 3678 280 θος)

2197 333 2415 404 aggredi
2459 333 2642 405 templi
2675 333 3134 399 instaurationem,
3161 333 3359 388 omnino
3379 339 3679 411 potuissemus,

2199 434 2252 478 et
2282 424 2716 494 perfecissemus.
2746 423 2902 480 Nunc
2945 434 3120 480 autem
3156 438 3239 479 re:
3267 428 3365 496 ipsa
3390 427 3686 497 demonstrat,

2200 529 2294 569 eos
2324 530 2430 569 non
2463 515 2626 569 somel
2667 525 2759 570 aut
2785 516 2885 578 bis,
2913 514 3006 570 sed
3040 523 3123 570 ter
3163 531 3414 586 aggressos
3436 526 3483 572 et
3503 522 3690 588 repulsos

2200 623 2340 672 esse,
2372 623 2477 662 non
2502 609 2658 662 aliter
2685 625 2842 678 quam
2872 610 2932 662 lit
2964 609 3014 661 in
3040 607 3398 663 certaminibus
3417 609 3678 682 Olympiacis

2202 710 2256 752 ut
2284 699 2412 753 nulli
2441 698 2660 754 dubium
2701 713 2824 754 esse
2852 698 3042 768 possit,
3070 698 3192 768 quin
3220 699 3444 754 Ecclesia:
3465 702 3523 755 sit
3545 717 3691 757 corona

2211 785 2476 845 victoriae.

2284 879 2370 934 il.
2401 878 2702 932 Judazorum
2725 875 2934 930 rebellio
2960 875 3053 928 sub
3075 874 3474 932 Adriano.—Ubi
3492 876 3621 948 igitur
3632 893 3699 950 ag-

2208 968 2380 1040 gressi
2409 980 2530 1021 sunt
2563 967 2658 1030 illi,
2681 967 2773 1036 qui
2804 982 3020 1037 semper
3039 967 3293 1020 resistunt
3315 965 3516 1037 Spiritui
3539 979 3700 1032 sancto,

2209 1061 2299 1131 qui
2317 1075 2402 1114 res
2415 1060 2914 1124 novasmoliuntur,
2928 1060 3018 1130 qui
3039 1060 3700 1116 seditioncsconcitant?Post

2209 1150 2638 1206 devastationem
2660 1168 2778 1222 quae
2805 1151 2943 1205 facta
2974 1152 3074 1206 fuit
3093 1151 3193 1206 sub
3210 1151 3510 1220 Vespasiano
3531 1151 3702 1218 acTito,

2210 1243 2311 1298 sub
2325 1243 2560 1298 Adriano
2572 1254 2715 1299 mota
2729 1245 2841 1300 sedi
2851 1244 3201 1309 tione,conati
3215 1254 3337 1298 sunt
3348 1245 3590 1314 pristinam
3603 1260 3704 1298 rem

2207 1338 2472 1407 publicam
2523 1338 2820 1392 instaurare
2852 1355 2864 1391 :
2897 1336 3034 1391 haud
3065 1351 3323 1407 quaquam
3353 1336 3708 1406 iutelligeutesse

2205 1439 2390 1484 contra
2421 1429 2512 1484 Dei
2543 1429 2807 1484 calculum
2835 1429 3034 1484 bellum
3061 1443 3294 1492 movere,
3318 1427 3530 1498 iubentis
3551 1428 3592 1481 in
3615 1444 3706 1498 per-

2207 1529 2425 1590 petuum
2452 1535 2569 1574 eam
2597 1519 2871 1574 civitatem
2893 1518 3181 1573 devastari.
3210 1519 3367 1572 Porro
3395 1519 3490 1572 Deo
3512 1517 3705 1582 bellante,

2207 1626 2462 1680 superare
2505 1611 2834 1681 impossibile
2883 1619 2984 1665 est.
3018 1610 3218 1681 lmpetu
3249 1610 3396 1680 igitur
3423 1610 3540 1663 facto
3564 1609 3710 1662 iuCa-

2208 1716 2405 1764 sarem,
2452 1718 2636 1756 rursus
2684 1714 2804 1756 eum
2850 1701 3178 1772 adegerunt,
3223 1709 3277 1754 ut
3315 1698 3526 1754 {liuidinis
3562 1699 3712 1754 deleret

2207 1795 2502 1849 civitatem.
2554 1793 2689 1848 Nam
2737 1793 2962 1849 devictis
3007 1808 3070 1847 ac
3115 1792 3345 1847 subactis
3385 1791 3498 1855 illis,
3526 1790 3714 1843 omnibus

2211 1884 2451 1955 reliquiis
2479 1883 2713 1949 abolitis,
2742 1899 2810 1939 ne
2839 1885 2890 1938 in
2925 1894 3195 1954 posterum
3229 1890 3434 1952 possent
3452 1882 3716 1950 impudenter

2211 1991 2390 2047 agere,
2419 1986 2648 2031 statuam
2671 1992 2821 2032 suam
2845 1976 2896 2030 in
2927 1977 3044 2031 loco
3063 1976 3362 2032 collocavit.
3393 1973 3567 2028 Deinde
3590 1974 3719 2027 scient

2212 2068 2468 2135 futurum,
2498 2080 2556 2124 ut
2601 2069 2686 2123 illa
2719 2078 2958 2139 tempore
2987 2068 3359 2131 collabert-tur,
3400 2081 3495 2135 quo
3519 2067 3632 2119 illius
3663 2065 3719 2116 vi.

2211 2161 2393 2214 ctoriae
2420 2169 2598 2214 notam
2647 2159 3090 2216 immedicabilem
3134 2159 3393 2219 inureret,
3440 2165 3489 2210 et
3510 2155 3626 2208 illius
3647 2154 3722 2206 itu-

2214 2251 2483 2322 pudentizn
2513 2261 2942 2317 monumentum,
2967 2266 3160 2305 nomen
3192 2265 3342 2304 suum
3371 2246 3578 2302 civitatis
3601 2244 3726 2298 ruinis

2215 2344 2485 2415 imposuit.
2526 2345 2786 2410 Quoniam
2810 2346 2952 2400 enim
2983 2345 3097 2414 ipse
3120 2344 3396 2399 dicebatur
3414 2341 3568 2397 ﬁlius
3588 2338 3728 2394 Adria-

2214 2453 2336 2504 nus,
2361 2435 2482 2492 ideo
2506 2445 2561 2492 et
2587 2437 2784 2492 civitati
2809 2452 3004 2491 nomen
3031 2435 3194 2490 Elia:
3212 2435 3368 2505 jussit
3391 2431 3566 2502 imponi
3589 2447 3602 2495 ;
3628 2427 3730 2482 unde

2215 2539 2272 2587 et
2297 2530 2438 2588 tElia
2489 2529 2685 2584 dicitur
2729 2529 2781 2584 in
2811 2528 3125 2583 hodiernum
3181 2542 3348 2597 usque
3393 2525 3540 2586 diem,
3580 2535 3731 2590 cogito.

2217 2623 2363 2677 mine
2391 2621 2609 2676 victoris
2639 2630 2692 2676 et
2722 2621 3010 2675 evetsoris.
3041 2619 3209 2674 Vides
3236 2619 3453 2688 primum
3490 2613 3734 2669 JUdlEOI‘llltl

2216 2712 2502 2768 conatum?
2528 2712 2820 2768 Considera
2850 2722 2904 2765 et
2935 2713 3156 2765 alterum
3213 2710 3279 2764 ab
3303 2710 3417 2762 hoc.

2288 2804 2510 2859 Conatus
2535 2821 2708 2857 eorum
2731 2804 2824 2858 sub
2849 2803 3203 2858 Constantina.
3232 2831 3304 2843 σ-
3325 2799 3430 2856 Sub
3449 2793 3736 2852 Constantino

2215 2894 2404 2950 eadem
2447 2895 2681 2964 aggressi
2725 2903 2870 2948 sunt.
2924 2895 2995 2947 At
3042 2894 3131 2948 ille
3161 2895 3281 2947 viso
3319 2892 3535 2961 ipsorum
3570 2893 3737 2942 eiulatu.

2216 2986 2503 3053 amputatis
2538 2985 2747 3039 illorum
2786 2985 3035 3039 auriculis
3055 3025 3068 3048 ,
3111 2999 3180 3039 ac
3208 2982 3498 3038 rebellionis
3520 2979 3646 3046 signo
3670 2975 3733 3026 im

2218 3093 2404 3148 presso
2431 3079 2641 3148 corpori
2674 3079 2906 3144 illorum,
2941 3094 3034 3148 per
3053 3079 3238 3134 omnia
3266 3079 3378 3132 loca
3401 3067 3745 3130 circumferth

2221 3171 2372 3236 illos,
2413 3185 2510 3226 ceu
2541 3169 2755 3241 fugitiva
2789 3171 3055 3240 mancipia
3083 3185 3145 3224 ac
3178 3169 3524 3229 verberones',
3552 3159 3744 3230 corpori-

2221 3259 2321 3314 bus
2368 3261 2622 3316 mutilatis
2663 3261 2982 3330 conspieuos
3023 3261 3142 3314 illos
3195 3259 3390 3315 faciens
3413 3255 3662 3313 omnibus.
3699 3261 3747 3301 κ

2219 3365 2314 3407 eos
2339 3351 2426 3422 qui
2453 3367 2546 3420 per
2569 3365 2757 3406 onmes
2779 3352 3022 3422 regiones
3047 3359 3207 3406 erant
3232 3349 3402 3418 sparsi
3426 3344 3668 3403 erudiens.
3693 3351 3746 3391 ne

2222 3441 2274 3495 in
2313 3448 2581 3510 posterum
2615 3440 2803 3496 eadem
2837 3450 3182 3495 conarentur.
3233 3438 3338 3494 Sed
3370 3438 3506 3498 lia-c,
3536 3430 3746 3500 inquieat.

2223 3533 2396 3602 prisca
2427 3540 2479 3587 et
2509 3531 2769 3586 obsoleta.
2795 3530 2905 3585 lmo
2937 3532 3037 3587 hoc
3056 3533 3237 3601 potius
3257 3539 3438 3586 notum
3459 3535 3534 3583 est
3551 3523 3684 3581 etiam
3702 3521 3749 3574 iis

2223 3623 2312 3694 qui
2344 3625 2482 3678 inter
2508 3637 2603 3677 vos
2632 3631 2754 3677 sunt
2780 3623 3043 3678 seniores.

2293 3712 2462 3766 Juda'i
2503 3716 2697 3784 favente
2727 3712 2940 3767 Juliano
2965 3711 3216 3783 Aposlata
3254 3709 3490 3782 templum
3523 3714 3755 3762 restem"

2226 3806 2416 3875 frustra
2458 3814 2729 3858 tentarunt.
2774 3834 2845 3845 —
2891 3805 3042 3872 Quod
3091 3820 3221 3860 vero
3260 3805 3369 3874 jam
3398 3803 3612 3855 dicturus
3643 3809 3751 3857 sum.

2225 3895 2384 3950 etiam
2411 3895 2695 3948 admodum
2713 3895 2992 3966 juvenibus
3019 3905 3103 3951 est
3130 3896 3339 3951 clarum
3366 3909 3428 3949 ac
3455 3889 3753 3960 perspicuum-

2227 3986 2340 4040 Non
2388 3987 2528 4042 enim
2566 3996 2774 4056 gestum
2815 3997 2897 4042 est
2936 3988 3039 4041 sub
3064 3987 3305 4042 Adriano
3329 3992 3421 4040 aut
3445 3978 3756 4038 Constantini.

2227 4078 2322 4134 sed
2351 4078 2450 4132 sub
2483 4079 2804 4149 lmperatore
2829 4078 2918 4146 qui
2957 4078 3052 4132 fuit
3077 4088 3237 4133 astate
3278 4085 3458 4131 nostra
3489 4079 3601 4127 ante
3631 4075 3761 4120 annos

2227 4173 2430 4240 viginti.
2459 4172 2666 4226 Etenim
2694 4186 2814 4226 cum
2845 4170 3107 4236 Julianus,
3139 4171 3230 4238 qui
3258 4169 3597 4238 imperatores
3613 4167 3758 4214 omnes

2228 4264 2504 4332 superavit
2543 4264 2812 4332 impietate
2834 4303 2850 4330 ,
2893 4272 3111 4319 voearet
3150 4263 3278 4318 illos
3315 4261 3381 4316 ad
3414 4249 3759 4315 sacriﬁcandum

2229 4353 2405 4422 idolis,
2434 4363 2489 4410 et
2515 4355 2581 4410 ad
2608 4371 2757 4412 suam
2791 4356 3118 4424 impietatem
3155 4353 3472 4424 pertrahere
3507 4352 3756 4404 conaretur.

2211 4459 2291 4503 .ac
2307 4460 2433 4500 mox
2454 4445 2746 4514 objicerent
2775 4446 2871 4516 ipsi
2903 4445 3130 4516 priscum
3147 4446 3332 4506 cultus
3352 4444 3526 4500 ritum.
3543 4438 3759 4493 dicentes:

2229 4551 2261 4591 ο
2291 4539 2486 4592 noSlris
2517 4538 2806 4607 majoribus
2837 4539 2974 4593 Deus
3004 4538 3107 4594 hoc
3134 4537 3298 4592 modo
3319 4537 3490 4592 cultus
3507 4540 3613 4593 est;
3640 4526 3759 4580 θιίδω

2233 4629 2474 4683 nolentes
2500 4637 2607 4685 tum
2636 4627 2934 4684 fatebantur
2963 4629 3110 4695 haec,
3139 4643 3264 4698 qum
3297 4642 3396 4682 nos
3423 4638 3556 4680 nunc
3585 4619 3761 4676 demoti.

2231 4720 2535 4783 stravimus,
2568 4720 2706 4790 quod
2737 4719 2814 4776 las
2843 4735 2947 4774 non
2979 4729 3123 4776 esset
3144 4729 3300 4774 extra
3327 4719 3584 4772 civitatem
3621 4710 3762 4762 immo-

2233 4810 2344 4867 lare
2372 4813 2611 4867 victimas
2641 4830 2654 4866 :
2686 4811 2777 4866 sed
2803 4854 2818 4876 ,
2863 4812 3171 4880 inquiebant
3191 4852 3208 4873 ,
3251 4810 3560 4880 religionem
3593 4797 3759 4854 violant.

2234 4909 2555 4976 quicumque
2584 4908 2886 4961 sacrilicant
2913 4906 2964 4960 in
2997 4915 3137 4964 terra
3167 4905 3371 4958 aliena.
3419 4895 3632 4954 Proinde
3653 4889 3686 4944 si
3711 4885 3761 4935 τίε

2235 5015 2332 5053 nos
2363 5000 2540 5053 videre
2565 4999 2928 5056 sacrillcantes
2951 5039 2966 5062 ,
2996 4997 3158 5052 redde
3201 4994 3362 5049 nobis
3404 4991 3680 5047 civitatem.
3702 4991 3761 5031 η’

2236 5092 2396 5148 stitue
2432 5090 2722 5158 templum,
2752 5089 2944 5145 exhibe
2969 5089 3120 5142 nobis
3140 5095 3332 5141 saneta
3361 5091 3664 5138 sanctorum,
3683 5066 3758 5122 ανε-

2235 5182 2347 5236 loca
2388 5197 2570 5246 aram,
2619 5189 2675 5236 et
2713 5181 3130 5237 sacrilicabimus
3181 5192 3330 5232 nunc
3381 5160 3758 5244 quemadmodl"II

2237 5273 2386 5327 olim.
2429 5271 2537 5326 Nec
2579 5272 2757 5342 puduit
2787 5274 3078 5328 sceleratos
3105 5278 3159 5325 et
3187 5269 3450 5324 etlrontes
3471 5264 3580 5320 lucc
3596 5263 3786 5333 90503“,

2236 5379 2266 5417 a
2289 5362 2400 5418 viro
2427 5365 2586 5434 impio
2615 5380 2924 5434 paganoque
2943 5403 2959 5429 ,
2990 5372 3044 5417 et
3077 5361 3321 5428 impuras
3348 5357 3484 5412 illius
3512 5351 3767 5434 Iustius“).

2237 5470 2363 5510 care
2397 5455 2464 5510 ad
2489 5432 2902 5510 exstructionem
2930 5463 3237 5512 sanctorum
3260 5491 3279 5516 ,
3322 5463 3423 5503 nec
3463 5432 3771 5522 intelligebllnl

2235 5559 2296 5602 se
2324 5545 2506 5600 conari
2533 5545 2908 5616 impossibilia,
2951 5559 3121 5614 neque
3147 5537 3575 5610 perpendeb'""
3600 5518 3768 5620 92!?de

2242 5641 2400 5696 homo
2447 5638 2533 5694 illa
2563 5606 2846 5694 demolitus
2890 5606 3060 5702 esset,
3115 5606 3382 5704 potuisset
3424 5629 3574 5682 homo
3615 5606 3703 5664 illis
3722 5608 3771 5648 ea
