3990 6198
293 294 388 349 θαι
1537 297 1573 348 Α
1584 294 1866 353 DVERSU!

1974 296 2235 354 UDIEOS.
2283 296 2342 349 γ.

289 408 609 469 restituere;
660 419 843 461 verum
890 418 1009 459 cum
1058 405 1421 471 Denso-set,
1471 407 1561 475 qui
1608 409 1871 462 civitatem

288 499 502 553 illorum
545 497 912 566 subverterat,
950 498 1063 553 ﬁeri
1103 514 1436 569 nequaquam
1477 514 1651 569 posse.
1684 510 1880 571 utqua:

291 592 433 646 Deus
453 590 789 653 decreverat,
810 604 1060 660 umquam
1083 600 1346 645 everteret
1368 589 1598 645 humana
1623 594 1875 661 potentia.

288 680 430 734 Nam
455 696 569 749 qua:
596 679 736 733 Deus
757 690 982 746 sanctus,
1005 680 1194 751 inquit,
1224 681 1417 744 statuit,
1444 681 1555 750 quis
1576 681 1882 751 dissipabit?

186 766 203 795 ³
289 775 363 828 Ac
388 790 594 826 manum
614 773 755 827 illius
775 771 1024 827 excelsam
1052 774 1162 842 quis
1182 781 1364 826 avertet
1388 771 1407 842 (
1428 772 1556 826 lsai.
1597 772 1684 827 M.
1723 772 1790 827 27
1818 772 1880 842 )?

285 866 436 922 Sient
483 867 627 920 enim
678 881 1034 935 qurecumque
1084 865 1173 920 ille
1214 865 1517 930 stabilierit,
1550 865 1880 934 \olueritque

289 976 528 1022 manere,
564 960 743 1015 nullus
778 958 938 1013 homo
984 969 1156 1028 potest
1185 958 1427 1013 demoliri
1465 976 1478 1013 :
1511 959 1581 1010 ita
1606 973 1880 1026 quaecum-

283 1070 391 1124 que
436 1054 783 1115 destruxerit,
833 1051 1167 1121 volueritque
1208 1066 1425 1107 manere
1475 1051 1670 1113 diruta,
1722 1064 1881 1104 nemo

288 1146 482 1214 poterit
532 1146 850 1199 instaurare.
914 1143 1109 1197 Verum
1157 1151 1275 1196 esto
1322 1155 1484 1204 sane,
1536 1140 1736 1203 Judaei,
1784 1155 1879 1194 rex

287 1238 551 1307 templum
584 1237 894 1303 reddiderit,
918 1252 1064 1291 arani
1092 1251 1310 1305 prorsus
1335 1236 1589 1297 erexerit,
1617 1232 1877 1304 quemad-

283 1329 503 1384 modum
548 1345 642 1382 ms
675 1329 867 1383 frustra
912 1329 1152 1398 potuisse
1180 1326 1291 1382 ﬁeri
1335 1326 1675 1392 susiiieamini
1707 1344 1719 1379 :
1750 1340 1875 1379 num

279 1430 337 1474 et
364 1420 540 1489 ignem
561 1420 833 1474 caelestem
861 1433 891 1473 e
920 1418 1134 1473 sublimi
1164 1427 1368 1486 poterat
1389 1416 1539 1470 vobis
1557 1413 1877 1470 demittere?

281 1512 385 1579 Qui
412 1512 454 1566 si
486 1511 766 1574 defuisset,
799 1510 1020 1578 impium
1049 1518 1105 1563 ct
1131 1509 1392 1578 impurum
1443 1506 1630 1562 fuisset
1670 1496 1875 1560 sacriﬁ-

282 1605 451 1658 cium.
482 1602 565 1658 Ob
586 1602 688 1657 hoc
709 1602 850 1657 enim
884 1602 1161 1671 perierunt
1186 1599 1274 1653 ﬁlii
1303 1600 1502 1663 Aaron,
1525 1597 1668 1668 quod
1699 1598 1875 1667 ignem

281 1696 523 1750 alienum
552 1694 882 1749 induxerint.
913 1692 1264 1748 Nihilominus
1293 1692 1358 1745 ad
1386 1692 1566 1746 omnia
1596 1691 1871 1756 obcmcati,

282 1790 639 1844 obsecrabant
664 1804 728 1843 ac
754 1788 1141 1858 supplicabant,
1171 1797 1225 1840 ιιι
1268 1801 1388 1840 cum
1427 1786 1556 1853 ipsis
1580 1785 1877 1853 susciperet

281 1891 338 1936 et
393 1881 773 1952 aggrederetur
830 1880 1272 1933 instaurationem
1325 1877 1526 1946 templi.
1578 1878 1646 1931 At
1692 1876 1781 1930 ille
1822 1885 1873 1931 et

285 1975 542 2042 pecunias
568 1972 850 2043 impendit.
874 1980 926 2026 et
953 1970 1233 2041 prrrl‘ectos
1262 1969 1407 2023 misit
1427 1970 1568 2023 viros
1591 1968 1871 2039 primates,

282 2076 337 2119 et
367 2064 602 2119 artiﬁces
625 2063 965 2132 undiquaque
990 2061 1193 2115 accersi
1220 2060 1396 2129 jussit,
1428 2058 1557 2113 nihil
1589 2074 1693 2113 non
1727 2058 1867 2122 fecit,

284 2155 415 2209 nihil
451 2173 556 2209 non
590 2154 834 2220 tentavit,
883 2152 1136 2223 paulatim
1177 2166 1242 2206 ac
1279 2151 1478 2206 sensim
1533 2151 1634 2205 hoc
1684 2163 1867 2219 agens,

281 2261 617 2316 speransque
644 2245 900 2309 futurum,
931 2255 987 2297 ut
1032 2245 1077 2298 si
1124 2251 1303 2312 posset
1330 2242 1448 2295 illos
1473 2241 1540 2296 ad
1568 2241 1873 2295 sacriﬁcan-

281 2339 412 2393 dum
439 2339 711 2404 inducere,
743 2337 894 2392 facile
924 2338 1041 2391 illos
1063 2345 1340 2392 revocaret
1363 2334 1429 2389 ad
1454 2334 1628 2388 cultus
1654 2333 1871 2387 simula-

283 2448 521 2485 crorum.
554 2431 724 2486 Simul
752 2440 805 2485 et
831 2429 957 2484 illud
1002 2430 1116 2484 fore
1157 2426 1405 2498 sperabat
1433 2427 1651 2481 insanus
1680 2425 1767 2479 ille
1809 2438 1873 2478 ac

286 2538 499 2589 vecors,
529 2533 585 2577 ut
623 2521 1161 2577 Christisententiam
1212 2518 1575 2583 frustraretur,
1603 2532 1722 2586 quae
1764 2531 1868 2567 non

285 2614 483 2683 patitur
505 2613 761 2683 ternplnm
790 2611 917 2665 illud
949 2610 1250 2666 instaurari.
1283 2610 1477 2665 Verum
1510 2610 1574 2671 is,
1604 2606 1696 2678 qui
1723 2621 1870 2661 corn-

286 2702 571 2773 prelrendit
590 2704 857 2772 sapientes
884 2702 936 2755 in
964 2702 1198 2771 ipsorum
1220 2699 1409 2755 astutia
1433 2697 1520 2771 (l.
1545 2696 1663 2754 Cor.
1686 2699 1740 2753 ὅ.
1769 2696 1867 2768 l9;

282 2793 386 2847 Job
412 2793 468 2847 5.
504 2791 631 2863 13),
683 2794 922 2862 protinus
953 2793 1079 2861 ipsis
1118 2790 1271 2845 factis
1313 2790 1604 2846 declaravit
1643 2789 1741 2855 illi,
1775 2787 1867 2844 Dei

276 2885 558 2939 decretum
602 2885 854 2939 omnibus
896 2897 1019 2939 esse
1068 2883 1379 2953 potentius,
1422 2881 1699 2951 validaque
1749 2895 1868 2936 esse

274 2991 442 3044 opera
472 2991 780 3031 sermonum
833 2974 943 3028 Dei.
993 2973 1122 3028 Nam
1167 2974 1325 3028 simul
1371 2982 1530 3042 atque
1575 2979 1869 3027 tentasseut

274 3068 421 3122 hunc
444 3069 664 3137 impium
682 3077 947 3130 conatum,
973 3067 1260 3135 cmpissent
1282 3064 1482 3119 nudare
1504 3064 1863 3128 fundamenta,

273 3160 499 3213 multam
526 3170 721 3213 terram
742 3158 1134 3218 exhausissent,
1158 3166 1492 3223 restaretque
1517 3164 1573 3209 ut
1589 3155 1699 3224 jam
1720 3163 1865 3209 stru-

271 3264 302 3303 c
326 3263 483 3305 uram
515 3249 930 3319 aggrederentur
954 3268 966 3303 :
993 3247 1234 3317 protinus
1260 3247 1396 3315 ignis
1420 3246 1672 3301 cxsiliens
1692 3261 1723 3301 e
1747 3244 1866 3300 fun-

271 3342 546 3397 damentis
570 3342 773 3396 exussit
818 3340 1030 3400 mullos,
1067 3340 1299 3410 itemque
1327 3337 1528 3407 lapides
1558 3352 1623 3391 eo
1665 3337 1714 3389 in
1748 3337 1866 3390 loco

270 3435 481 3501 positos
504 3474 517 3497 ,
551 3442 606 3487 et
637 3433 1066 3501 intempestivam
1115 3428 1462 3500 pertinaciam
1514 3428 1795 3497 interrupit
1826 3427 1862 3479 '.

265 3526 382 3580 Nec
422 3525 594 3579 solum
621 3524 715 3594 qui
742 3524 891 3592 operi
921 3523 1221 3587 instabant,
1248 3521 1341 3575 sed
1369 3522 1529 3575 etiam
1557 3519 1863 3575 Judu‘orum

274 3616 432 3670 multi
463 3624 685 3684 stupore
712 3629 776 3667 ac
806 3614 999 3667 rubore
1040 3612 1230 3681 repleti
1272 3621 1415 3666 sunt.
1448 3612 1648 3679 Quibus
1671 3610 1865 3664 auditis

265 3708 515 3762 Julianus
547 3708 862 3775 Imperator,
886 3720 1205 3774 quamquam
1243 3711 1387 3756 tanta
1413 3704 1625 3757 vesania
1653 3702 1864 3757 deditus

266 3809 388 3854 erat
430 3798 505 3851 illi
547 3798 780 3868 negotio,
814 3797 1016 3850 veritus
1063 3805 1238 3849 tamen
1286 3809 1352 3848 ne
1387 3794 1519 3847 ultra
1551 3808 1862 3863 progressus

268 3892 321 3943 in
342 3904 500 3942 suum
531 3889 694 3957 ipsius
718 3896 881 3952 caput
907 3887 1081 3955 ignem
1122 3893 1440 3950 accerseret,
1471 3885 1864 3939 destititvictus

267 3995 391 4033 cum
424 3987 532 4032 tota
562 3989 737 4048 gente.
766 3973 830 4032 Et
859 3993 997 4031 nunc
1018 3976 1062 4030 si
1088 3977 1269 4031 venias
1294 3976 1704 4046 Jerusolymam,
1735 3990 1861 4031 con-

265 4070 467 4140 spicies
499 4070 637 4123 nuda
690 4067 1033 4122 fundamenta
1071 4085 1084 4122 :
1112 4068 1251 4136 quod
1281 4067 1327 4122 si
1364 4083 1577 4122 causam
1612 4080 1857 4138 qmeras,

262 4178 374 4216 non
405 4163 562 4216 aliam
606 4177 764 4231 quam
812 4163 949 4214 hanc
992 4161 1198 4215 audies.
1234 4159 1398 4227 llujus
1438 4160 1515 4213 rei
1546 4175 1643 4213 nos
1670 4174 1860 4214 omnes

265 4262 436 4306 testes
461 4266 647 4306 sumus
679 4269 692 4304 :
728 4262 907 4305 nostra
930 4250 1072 4304 enim
1105 4260 1260 4303 artata
1281 4249 1397 4304 hanc
1423 4265 1527 4305 non
1559 4250 1630 4304 ita
1654 4251 1858 4320 pridem

263 4344 597 4398 acciderunt.
629 4343 748 4398 Jam
786 4343 1065 4399 considera
1112 4342 1389 4397 victoriam
1428 4344 1709 4413 insignem.
1741 4343 1856 4398 Non

263 4435 417 4488 enim
449 4434 553 4489 hoc
590 4434 781 4489 accidit
808 4434 908 4487 sub
937 4433 1038 4503 piis
1066 4433 1499 4503 lmpcratorilms,
1528 4448 1627 4488 nec
1660 4435 1748 4505 qui
1770 4434 1858 4489 di-

262 4538 390 4579 cere
435 4525 661 4594 possiut.
699 4524 1031 4579 Christianos
1070 4538 1205 4593 opus
1246 4524 1426 4590 perlici
1465 4526 1731 4590 vetuisse;
1761 4526 1856 4581 sed

264 4627 378 4669 tum
404 4629 528 4669 cum
559 4629 645 4669 res
673 4624 868 4669 nostra:
910 4624 1093 4669 essent
1137 4614 1368 4681 afﬂicta),
1410 4630 1530 4670 cum
1561 4631 1750 4671 omnes
1790 4620 1858 4674 de

260 4710 369 4759 vita
394 4705 840 4773 periclitarermrr,
862 4720 983 4759 cum
1003 4706 1178 4761 omnis
1200 4707 1419 4761 libertas
1446 4718 1589 4763 esset
1610 4709 1820 4763 srrblata
1838 4750 1854 4775 ,

262 4813 386 4850 cum
415 4796 638 4852 ﬂoreret
666 4797 1004 4867 paganismus
1023 4838 1038 4864 ,
1069 4811 1190 4851 cum
1221 4797 1406 4853 ﬁdeles
1430 4799 1519 4854 alii
1556 4800 1770 4870 quidem
1803 4802 1855 4856 in

261 4891 471 4946 aedibus
509 4889 620 4945 suis
659 4891 949 4955 latitarent,
994 4890 1082 4945 alii
1113 4906 1242 4946 vero
1262 4891 1313 4945 in
1344 4892 1655 4949 solitudines
1680 4893 1854 4949 derui-

258 4993 503 5054 grarent,
552 4982 772 5053 foroque
802 4985 1064 5054 iungerent,
1112 4995 1220 5037 tum
1261 4984 1475 5039 dernum
1504 4987 1616 5041 haec
1643 4988 1855 5044 accide-

258 5088 412 5140 runt,
461 5092 529 5131 ne
557 5092 660 5147 qua
686 5086 910 5133 restaret
936 5077 1040 5131 illis
1070 5077 1412 5147 impudentia:
1452 5082 1683 5135 occasio.

339 5170 427 5224 12.
460 5166 704 5223 Etiamne
728 5168 905 5223 adhuc
928 5166 1161 5231 dubitas,
1193 5166 1395 5233 Judaae,
1417 5184 1537 5224 cum
1567 5173 1855 5244 perspicias

258 5272 317 5319 et
349 5278 417 5318 cx
447 5261 645 5317 Christi
677 5260 1042 5331 praedictione,
1071 5270 1127 5315 et
1161 5274 1233 5315 ex
1266 5259 1645 5332 prophetarum
1672 5266 1857 5321 vatici-

264 5358 393 5423 niis,
425 5365 482 5413 et
520 5370 585 5411 ex
626 5356 860 5426 ipsarum
899 5369 1077 5409 rerum
1123 5354 1580 5411 demonstratione
1619 5359 1857 5413 testimo-

262 5454 412 5507 nium
439 5459 627 5507 contra
657 5459 707 5505 te
735 5448 903 5506 ferri?
929 5448 1125 5503 Verum
1155 5447 1285 5503 nihil
1312 5449 1502 5503 mirum
1537 5457 1639 5505 est.
1670 5450 1854 5507 Istius-

266 5544 412 5599 modi
474 5544 672 5613 quippe
727 5541 826 5595 fuit
873 5549 961 5594 tua
1012 5540 1193 5605 natio,
1234 5540 1303 5594 ab
1355 5540 1506 5595 initio
1554 5540 1756 5597 eﬂ‘rons
1802 5553 1854 5599 et

331 5642 348 5671 ι
374 5640 459 5690 ηδε
501 5636 926 5700 quedamdesunt
968 5637 1017 5684 in
1052 5642 1155 5700 Mss.
1181 5634 1392 5700 aliquot,
1418 5649 1529 5700 qua?
1551 5635 1783 5700 ιθιςιιιιιιιτ
1806 5638 1854 5688 δι’

272 5701 453 5758 uore|.,
474 5696 614 5750 savii.
633 5706 685 5748 et
702 5696 825 5748 aliis.
849 5705 1066 5761 Itemque
1082 5697 1175 5754 alia
1192 5696 1318 5749 male
1341 5696 1537 5752 inserta.
1559 5696 1855 5752 reclamante

270 5762 426 5811 Savili'r
452 5762 669 5811 editione
698 5760 1019 5823 omnibusque
1052 5766 1179 5820 ttss.,
1203 5767 1445 5822 expuncta
1466 5768 1595 5811 sunt.

3470 300 3576 355 9oz

1992 411 2276 477 pervicax,
2320 423 2637 477 semperque
2688 408 2844 462 rebus
2900 410 3240 467 evidentibus
3274 428 3574 483 repugnare

1986 501 2161 555 solita.
2193 502 2286 554 \‘is
2308 510 2438 555 utet
2463 501 2598 554 alios
2628 499 2916 570 prephetas
2943 503 2994 555 in
3024 511 3075 557 te
3102 517 3329 569 armem,
3357 506 3446 575 qui
3473 506 3575 562 huc

1987 591 2157 659 ipsum
2185 600 2368 660 aperte
2391 590 2593 653 dicunt,
2618 592 2850 645 futui-uin
2871 601 2930 647 ut
2953 603 3126 648 vestra
3157 594 3315 649 ﬁnem
3341 598 3575 652 sortian-

1988 691 2093 749 tur,
2127 691 2308 737 nostra
2330 692 2515 737 contra
2528 682 2871 741 elﬁorescant
2889 702 2904 751 ;
2921 692 3137 755 totoque
3159 695 3419 741 terrarum
3444 690 3577 744 orbe

1988 785 2304 845 propagetur
2319 773 2513 830 Christi
2548 776 2890 844 pra-comunt,
2911 776 3161 844 aliudque
3189 779 3576 835 sacriﬁciorum

1985 882 2153 935 genus
2182 865 2480 929 inducatur,
2511 868 2575 921 iis
2598 882 2716 937 qua:
2746 868 2884 938 apud
2916 885 3008 922 vos
3032 869 3242 925 fuerunt
3266 872 3578 944 abrogatis?

1986 960 2119 1012 Audi
2152 960 2308 1029 igitur
2333 958 2668 1024 Malachiam,
2699 960 2785 1029 qui
2818 961 3027 1014 caneris
3059 962 3329 1032 prOphetis
3352 962 3452 1019 fuit
3485 980 3579 1035 po-

1984 1050 2219 1105 sterior:
2251 1050 2484 1103 nondum
2525 1050 2667 1103 enim
2717 1049 2864 1104 Isaia:
2909 1062 3000 1105 aut
3038 1051 3287 1108 Jeremire
3338 1055 3576 1123 produco

1987 1143 2349 1197 testimonium
2376 1185 2389 1206 ,
2425 1158 2599 1213 neque
2626 1143 2935 1214 cujusquam
2977 1144 3199 1200 aliorum
3229 1146 3317 1215 qui
3348 1162 3574 1215 praees-

1982 1241 2171 1287 serunt
2224 1234 2545 1302 captivitatis
2595 1242 2837 1304 tempus,
2876 1243 2960 1290 ‘ne
3003 1234 3182 1290 dicere
3232 1238 3404 1306 possis
3457 1240 3574 1292 lucc

1986 1316 2144 1385 ruala',
2176 1338 2296 1391 qua:
2325 1323 2709 1392 prazdixerunt,
2733 1324 2991 1380 accidisse
3022 1326 3072 1379 in
3101 1327 3403 1396 captivitate
3432 1345 3445 1381 :
3476 1328 3571 1382 sed

1981 1414 2188 1468 adduco
2219 1414 2555 1484 prophetam,
2583 1417 2670 1485 qui
2690 1416 2786 1470 fuit
2806 1427 2926 1486 post
2946 1419 3173 1473 reditum
3193 1436 3257 1473 ex
3277 1419 3567 1491 Babylone,

1980 1518 2043 1556 ac
2072 1513 2189 1571 post
2215 1505 2445 1559 civitatis
2476 1507 2935 1573 instaurationem,
2979 1510 3150 1578 deque
3178 1512 3337 1564 rebus
3379 1510 3569 1565 vestris

1979 1604 2161 1662 aperte
2202 1596 2519 1649 vaticinatus
2541 1607 2643 1651 est.

2053 1685 2179 1740 Post
2219 1688 2560 1756 captivitatem
2580 1687 2943 1758 Babylonicum
2995 1690 3278 1746 Malaclrias
3316 1691 3567 1747 Christia-

1980 1794 2100 1830 num
2129 1778 2320 1831 cultum
2362 1780 2706 1848 pradixit.—
2729 1781 2934 1834 Etenim
2972 1792 3248 1853 postquam
3287 1785 3569 1840 rediissem

1978 1883 2044 1923 ac
2075 1872 2316 1924 restituta
2346 1871 2561 1926 civitate
2610 1872 2865 1941 templum
2910 1876 3327 1940 exstruxisseut,
3358 1877 3565 1931 sacriﬁ-

1979 1961 2167 2029 ciaque
2218 1962 2551 2031 peregissent
2592 1981 2606 2017 :
2650 1965 2785 2017 hanc
2823 1977 3144 2034 praesentem
3178 1967 3565 2024 desolationem

1976 2052 2310 2119 prindicens,
2346 2053 2682 2124 futuramque
2737 2056 3117 2111 sacriﬁciorum
3174 2059 3560 2124 sublationem,

1979 2140 2082 2197 hoc
2107 2152 2261 2211 pacto
2281 2160 2347 2198 ex
2371 2159 2594 2213 persona
2625 2145 2719 2201 Dei
2754 2146 2986 2216 loquitur
3015 2147 3302 2204 Malachias
3327 2170 3342 2206 :
3371 2150 3433 2207 Si
3475 2170 3563 2206 ac-

1976 2233 2162 2302 cipiunt
2184 2234 2341 2303 [acies
2366 2246 2553 2288 vestras
2571 2277 2587 2302 ,
2618 2235 2741 2289 dicit
2786 2235 3033 2292 Dominus
3072 2240 3421 2310 omnipotens,
3441 2259 3565 2312 quo—

1920 2339 1938 2347 ·
1976 2324 2113 2376 niam
2156 2324 2219 2376 ab
2257 2337 2373 2378 ortu
2419 2326 2541 2379 solis
2590 2342 2744 2393 usque
2790 2327 2858 2379 ad
2896 2344 3129 2383 occasum
3173 2347 3356 2386 nomen
3397 2350 3563 2388 meum

1974 2416 2313 2484 glori/iculum
2335 2427 2409 2472 est
2433 2418 2563 2471 inter
2583 2429 2755 2489 gentes
2775 2459 2791 2485 ,
2820 2430 2867 2473 et
2907 2421 2962 2474 in
2985 2424 3123 2476 omni
3165 2424 3276 2478 loco
3305 2426 3561 2481 incensum

1974 2505 2185 2573 o/Iertur
2213 2510 2405 2562 nomini
2434 2525 2542 2563 meo
2561 2550 2575 2574 ,
2603 2520 2649 2565 et
2690 2512 2999 2578 sacriﬁcium
3026 2531 3228 2583 purum.
3275 2515 3373 2571 Vos
3396 2531 3562 2573 autem

1975 2597 2284 2668 profanatis
2312 2599 2443 2655 illud
2463 2600 2542 2669 (Μ
2549 2602 2619 2656 αι.
2646 2604 2696 2656 l.
2720 2602 2830 2674 ll).
2850 2604 3074 2670 Quando
3100 2605 3215 2661 haec
3243 2621 3558 2676 evenerunt,

1973 2686 2193 2743 Judme?
2222 2689 2446 2757 Quando
2493 2692 2546 2745 in
2581 2694 2727 2746 omni
2760 2693 2881 2747 loco
2910 2695 3186 2752 incensmu
3215 2698 3455 2755 oblatum
3481 2713 3565 2758 est

1974 2778 2124 2833 Deo?
2171 2780 2396 2846 Quando
2435 2781 2759 2838 sacriﬁcium
2805 2787 3036 2854 purum?
3080 2787 3197 2842 Non
3222 2792 3393 2858 possis
3419 2792 3561 2847 aliud

1975 2870 2214 2939 proferre
2253 2881 2491 2943 tempus,
2541 2891 2699 2944 quam
2739 2876 2842 2933 hoc
2866 2917 2881 2942 ,
2926 2888 3274 2950 posteaquam
3316 2882 3561 2941 Christus

1971 2965 2207 3019 advenit.
2243 2966 2395 3032 Quod
2422 2969 2523 3022 nisi
2549 2971 2614 3023 de
2644 2968 2748 3024 hoc
2784 2979 3024 3041 tempore
3049 2976 3313 3043 praedixit,
3364 2981 3465 3036 nisi
3490 2981 3561 3039 dc

1973 3064 2158 3110 nostro
2173 3057 2434 3112 sacriﬁcio
2456 3058 2777 3116 vaticinatus
2797 3071 2902 3130 est,
2930 3064 3025 3119 sed
3045 3066 3113 3120 de
3130 3066 3373 3135 Judaico,
3396 3074 3555 3128 etiam

1981 3144 2083 3214 legi
2119 3155 2390 3216 repugnat
2421 3149 2726 3218 prophetia.
2752 3151 2888 3206 Nam
2922 3169 3048 3208 cum
3081 3154 3257 3210 Moses
3280 3163 3425 3209 vetet
3447 3155 3558 3211 ullo

1978 3235 2087 3289 alio
2106 3235 2157 3289 in
2179 3236 2300 3291 loro
2314 3239 2645 3295 sacriﬁcium
2667 3242 2805 3307 ﬁeri,
2822 3255 3181 3315 praeterquam
3203 3246 3256 3300 in
3277 3261 3364 3313 eo,
3392 3262 3554 3317 quem

1977 3327 2143 3397 elegit
2166 3326 2433 3387 Dominus
2464 3331 2609 3390 Deus
2635 3334 3345 3409 (Deut.16.5.6),cumque
3380 3340 3472 3396 ille
3498 3342 3554 3397 in

1970 3436 2132 3474 unum
2165 3422 2342 3477 locum
2371 3423 2632 3479 sacriﬁcia
2663 3426 2749 3481 illa
2777 3428 3120 3497 concluserit,
3144 3446 3273 3489 sane
3299 3436 3555 3507 prepbcta

1969 3514 2175 3579 dicens,
2216 3514 2357 3583 quod
2396 3515 2447 3569 in
2475 3517 2622 3571 omni
2651 3517 2771 3573 loco
2800 3519 3075 3576 incensum
3107 3523 3428 3581 adolendum
3455 3530 3551 3594 sit,

1969 3621 2033 3658 ac
2058 3607 2376 3661 sacriliciurn
2416 3624 2643 3680 purum,
2676 3613 2992 3670 adversatur
3013 3633 3075 3671 ac
3116 3631 3376 3691 repugnat
3403 3623 3555 3678 Mosi.

1974 3696 2170 3751 Verum
2214 3699 2358 3753 nulla
2399 3711 2483 3755 est
2524 3702 2664 3757 inter
2688 3703 2809 3759 illos
2834 3722 3006 3776 pugna
3029 3747 3045 3774 ,
3075 3725 3247 3779 neque
3270 3713 3554 3771 dissensio.

1970 3791 2063 3845 llle
2082 3792 2149 3847 de
2174 3792 2282 3847 alio
2310 3794 2561 3863 loquutus
2585 3803 2668 3849 est
2693 3797 2956 3853 sacriﬁcio
2982 3841 2996 3866 ,
3031 3811 3085 3855 et
3110 3803 3195 3856 hic
3220 3804 3288 3857 de
3306 3805 3413 3858 alio
3434 3819 3560 3877 post

1968 3884 2283 3939 vaticinatus
2299 3898 2401 3939 est.
2436 3884 2588 3941 Unde
2613 3886 2715 3942 huc
2742 3888 3073 3945 declaratur?
3102 3892 3233 3948 Tum
3263 3912 3327 3949 ex
3352 3897 3415 3952 iis
3437 3914 3556 3968 qua:

1968 3973 2109 4029 dicta
2148 3987 2293 4042 sunt,
2330 3985 2439 4031 tum
2468 3993 2537 4033 ex
2561 3979 2681 4033 aliis
2707 3982 2950 4050 plurimis
2989 3987 3181 4054 signis.
3223 3990 3300 4042 Ac
3326 3992 3554 4058 primrrm

1966 4084 2031 4124 ex
2063 4070 2180 4140 ipso
2204 4073 2322 4126 loco
2352 4088 2366 4126 :
2398 4088 2504 4127 non
2529 4077 2673 4128 enim
2718 4076 2770 4129 in
2799 4091 2901 4129 una
2944 4081 3178 4145 civitate,
3207 4089 3555 4150 quemadmo-

1966 4164 2092 4217 dum
2117 4165 2218 4219 sub
2244 4164 2464 4232 Judasis,
2518 4167 2614 4222 sed
2662 4168 2726 4220 ab
2751 4180 2870 4223 ortu
2902 4156 3023 4223 solis
3050 4187 3207 4241 usque
3232 4173 3303 4226 ad
3320 4192 3552 4232 occasum

1968 4257 2211 4325 praedixit
2239 4259 2376 4313 hanc
2401 4261 2661 4314 culturam
2702 4277 2824 4315 csse
2862 4262 3254 4318 celebrandartt.
3289 4266 3553 4326 Praeterea

1966 4362 2028 4401 ex
2060 4349 2309 4403 sacriﬁcii
2335 4350 2529 4417 modo,
2574 4352 2834 4422 siquidem
2874 4369 3058 4423 purum
3090 4356 3217 4411 illud
3246 4360 3552 4429 appellans,

1964 4437 2263 4494 declaravit
2306 4439 2374 4496 de
2422 4456 2529 4511 quo
2566 4443 2895 4513 loqueretur.
2936 4445 3173 4517 Denique
3228 4466 3256 4503 a
3310 4456 3556 4521 personis

1965 4534 2322 4589 otierentium.
2354 4534 2467 4589 Non
2483 4537 2625 4591 enim
2646 4537 2797 4603 dixit,
2826 4537 2877 4592 in
2900 4538 3081 4607 lsrael,
3110 4542 3203 4596 sed
3226 4544 3277 4596 in
3302 4548 3552 4615 gentibus.

1964 4630 2043 4683 Ac
2073 4644 2139 4684 ne
2169 4639 2382 4699 putares
2407 4630 2547 4700 quod
2577 4630 2629 4684 in
2659 4646 2761 4685 una
2805 4630 3078 4689 duabusve
3107 4645 3201 4691 ant
3227 4639 3395 4694 tribus
3419 4643 3555 4697 civi~

1967 4722 2162 4776 tatibus
2189 4721 2290 4776 hoc
2314 4722 2538 4777 cultura:
2575 4738 2743 4793 genus
2788 4724 3193 4783 irrstaurandnrn
3235 4742 3414 4799 esset,
3448 4749 3555 4790 non

1964 4814 2281 4884 simpliciter
2297 4814 2455 4878 dixit,
2481 4817 2533 4869 in
2552 4816 2699 4870 oumi
2729 4817 2867 4884 loco,
2892 4818 3008 4885 sed,
3028 4820 3103 4872 Ab
3129 4831 3241 4875 ortu
3260 4824 3383 4877 solis
3401 4840 3557 4896 usque

1962 4910 2031 4961 ad
2055 4923 2291 4961 occasum
2332 4923 2351 4960 :
2379 4908 2754 4964 demonstrans
2786 4910 2926 4981 quod
2957 4925 3211 4981 quantum
3259 4924 3417 4969 terra:
3472 4920 3553 4972 sol

1963 5000 2173 5069 aspicit,
2216 4998 2545 5054 tantumdem
2582 5000 2930 5071 Evangelium
2977 5013 3120 5057 esset
3146 5016 3548 5073 occupaturum.

1969 5090 2163 5145 Puram
2191 5100 2368 5146 autem
2390 5090 2520 5147 dicit
2546 5092 2864 5147 sacrificium
2892 5132 2905 5155 ,
2934 5093 3082 5162 quasi
3112 5095 3258 5163 prius
3276 5098 3403 5153 illud
3425 5099 3551 5156 fuis-

1963 5194 2048 5239 set
2073 5184 2361 5254 impururn,
2396 5199 2501 5238 non
2521 5184 2735 5254 quidem
2762 5195 2945 5254 suapte
2968 5196 3175 5253 natura,
3216 5188 3309 5243 sed
3360 5192 3549 5248 volun-

1965 5289 2075 5334 tate
2101 5279 2438 5333 oﬂ‘erentiunr
2470 5295 2483 5331 :
2513 5288 2567 5331 et
2592 5278 2711 5332 ideo
2733 5279 2867 5333 dixit
2899 5299 2910 5334 :
2942 5280 3215 5335 luci-usum
3243 5286 3552 5342 aborrtiuatio

1963 5383 2036 5427 est
2061 5371 2185 5425 mihi
2214 5373 2233 5441 (
2260 5370 2386 5425 lsui.
2417 5372 2466 5425 1.
2504 5371 2631 5441 15).
2669 5372 2997 5446 Quamquam
3027 5384 3081 5427 et
3118 5375 3314 5447 alioqui
3355 5381 3400 5435 si
3431 5382 3551 5451 quis

1964 5468 2135 5536 ipsum
2180 5464 2281 5519 hoc
2311 5462 2630 5519 sacriﬁcium
2656 5462 2896 5518 conferat
2919 5478 3040 5518 cum
3072 5465 3164 5520 illo
3190 5506 3205 5533 ,
3237 5467 3422 5539 ingens
3448 5473 3549 5527 im-

1964 5573 2313 5628 mensumque
2354 5555 2639 5612 discrimen
2687 5556 2944 5622 inveniet,
2994 5565 3051 5611 ut
3095 5557 3243 5628 juxta
3270 5576 3549 5634 compara-

1965 5650 2125 5705 tinnis
2177 5649 2437 5704 rationem
2491 5649 2665 5703 solum
2717 5647 2817 5701 hoc
2866 5664 3055 5719 purum
3104 5649 3209 5706 dici
3258 5665 3548 5711 mercatur.

1970 5744 2223 5819 Quodque
2255 5745 2320 5801 de
2342 5745 2454 5816 lege
2480 5755 2526 5801 et
2546 5743 2711 5812 gratia
2734 5743 2862 5798 dixit
2881 5744 3094 5811 Paulus,
3118 5761 3182 5800 ne
3197 5747 3301 5819 glor
3318 5748 3549 5805 meatum
