3990 6198
487 295 590 352 003

489 409 702 479 quidem
731 405 847 466 fuit,
876 401 1016 472 quod
1043 409 1158 456 erat
1184 397 1560 468 gloriﬁcatum,
1589 400 1806 464 propter
1831 390 2072 445 eminen-

477 509 596 555 tem
641 497 860 569 gloriam
910 493 994 563 (2.
1022 490 1139 546 Cor.
1169 491 1222 544 '5.
1255 486 1358 559 10)
1388 505 1401 543 :
1433 486 1572 540 idem
1617 493 1672 539 et
1719 483 1803 536 hic
1851 480 2076 534 ﬁdenter

487 591 802 653 dixerimus,
827 585 1072 640 videlicet
1096 582 1196 637 hoc
1217 579 1534 637 sacriﬁcium
1555 592 1675 632 cum
1705 576 1796 630 illo
1820 573 2072 630 collatum

486 686 658 740 solum
691 679 793 736 diei
839 678 1035 734 debere
1082 691 1292 748 purum.
1342 673 1457 729 Non
1486 671 1626 726 enim
1656 685 1751 740 per
1779 667 1982 722 fumum
2012 679 2074 720 ac

487 774 728 830 nidorem
749 814 764 838 ,
793 787 897 827 non
925 785 1019 840 per
1047 768 1358 838 sanguinem
1383 779 1445 819 ac
1471 759 1852 832 redemptionis
1877 756 2071 829 pretia,

487 866 580 922 sed
609 881 703 936 per
728 863 955 933 Spiritus
981 860 1200 932 gratiam
1229 857 1464 912 offertur.
1491 853 1624 909 Audi
1647 853 1805 922 igitur
1824 859 1879 904 et
1908 849 2070 902 alium

490 955 801 1026 prophetam
845 953 948 1007 hoc
986 951 1126 1006 idem
1156 949 1568 1019 praedicentem,
1601 941 1740 1013 quod
1771 939 1865 994 Dei
1902 938 2074 992 cultus

490 1063 594 1104 non
623 1044 1140 1104 circumscribendus
1169 1051 1312 1096 esset
1357 1040 1474 1093 loco
1499 1079 1513 1100 ,
1558 1035 1650 1091 sed
1689 1035 1859 1104 ipsum
1887 1043 2076 1086 omnes

487 1141 740 1210 deinceps
769 1139 1010 1194 homines
1035 1145 1216 1192 essent
1243 1132 1525 1204 cognituri.
1574 1127 1871 1198 Sephonias
1895 1135 2072 1192 autem

489 1233 555 1287 ad
585 1235 723 1287 hunc
751 1231 966 1286 modum
1008 1229 1240 1297 loquitur
1271 1244 1284 1280 :
1317 1224 1590 1295 Apparebit
1632 1231 1799 1274 autem
1828 1218 2076 1293 Dominus

489 1342 641 1394 super
669 1340 841 1377 omnes
888 1333 1057 1394 gentes
1077 1362 1090 1386 ,
1134 1329 1182 1374 et
1229 1316 1441 1372 abolebit
1468 1329 1639 1369 omnes
1679 1312 1798 1365 deos
1826 1310 2068 1382 gentium,

491 1426 536 1468 et
575 1416 860 1468 adorabunt
900 1413 1044 1466 illum
1069 1428 1097 1465 e
1123 1427 1213 1464 suo
1252 1409 1462 1479 quisque
1497 1406 1607 1460 loco
1650 1401 1840 1476 (Soph.
1869 1400 1924 1454 2.
1959 1399 2073 1467 Μ).

491 1507 648 1575 Atqui
676 1521 778 1560 nou
808 1504 1122 1574 permissum
1155 1502 1254 1555 hoc
1281 1500 1397 1563 fuit,
1428 1497 1521 1551 sed
1547 1485 1718 1549 Moses
1741 1507 1847 1546 uno
1869 1491 1920 1545 in
1952 1491 2072 1544 loco

491 1596 779 1650 sacriﬁcari
824 1595 1002 1664 jussit.
1062 1592 1194 1646 Cum
1247 1590 1405 1660 igitur
1439 1587 1620 1640 audias
1649 1583 1938 1654 prophetas
1974 1581 2075 1634 hoc

493 1686 842 1755 przedicentes
869 1700 931 1739 ac
958 1682 1307 1736 vaticinantes
1327 1721 1341 1743 ,
1371 1677 1510 1748 quod
1538 1691 1642 1730 non
1681 1675 1732 1729 in
1759 1688 1916 1727 unam
1947 1672 2076 1725 civi-

491 1787 685 1844 tatem,
717 1792 891 1846 neque
915 1776 967 1830 in
995 1790 1156 1828 unum
1188 1773 1364 1828 locum
1392 1766 1742 1839 compellendi
1768 1767 1875 1820 sint
1907 1764 2076 1818 homi-

483 1883 606 1933 nes,
635 1868 728 1924 sed
751 1883 860 1922 sua:
880 1867 1103 1938 quisque
1128 1864 1272 1919 domi
1300 1862 1493 1918 sedens
1510 1860 1578 1915 sit
1597 1859 1835 1914 culturus
1864 1857 2034 1912 Deum
2059 1865 2072 1900 ε

485 1958 627 2026 quod
651 1957 791 2012 aliud
819 1957 991 2028 possis
1017 1955 1206 2010 afferre
1230 1963 1438 2022 tempus
1466 1966 1622 2021 quam
1664 1950 1766 2004 hoc
1799 1945 2074 2019 praesens?

492 2048 627 2103 Audi
669 2063 798 2104 sane
840 2065 946 2118 quo
992 2057 1148 2117 pacto
1189 2055 1241 2101 et
1288 2043 1573 2114 Evangelia
1603 2050 1658 2097 et
1700 2040 2074 2112 apostolicum

490 2139 768 2209 pmphetia
785 2138 1127 2194 concordent.
1159 2137 1256 2191 Hic
1275 2135 1407 2189 dixit
1440 2152 1453 2188 :
1481 2132 1755 2204 Apparebit
1783 2131 2032 2184 Dominus
2054 2143 2075 2190 ,'

489 2233 775 2301 Apostolus
802 2231 874 2285 ait
903 2248 918 2284 :
949 2229 1202 2300 Apparuit
1237 2228 1402 2299 gratia
1440 2225 1536 2279 Dei
1574 2223 1813 2278 salutaris
1848 2220 2076 2275 omnibus

489 2323 772 2378 hominibus
796 2366 811 2390 ,
853 2323 1083 2378 erudiens
1111 2338 1234 2386 nos;
1280 2320 1366 2374 hic
1401 2317 1608 2388 inquit,
1652 2315 1821 2385 Super
1858 2321 2030 2383 gentes
2055 2326 2074 2364 :

491 2415 608 2478 ille,
651 2414 823 2483 Super
855 2428 1028 2466 omnes
1057 2411 1325 2475 homines;
1365 2407 1452 2462 hic
1483 2406 1618 2461 dixit
1651 2422 1666 2460 :
1694 2403 1918 2458 Abolebit
1957 2401 2076 2454 deos

489 2521 677 2568 eorum,
708 2503 817 2568 ille,
849 2501 1100 2556 Erudiens
1127 2517 1239 2568 nos,
1268 2508 1322 2552 ut
1350 2500 1651 2569 abnegantes
1679 2494 1984 2565 impietatem
2013 2507 2074 2543 ac

488 2597 756 2650 saecularia
780 2595 1056 2659 desideria,
1099 2593 1262 2648 sobrie
1283 2601 1328 2646 et
1356 2593 1498 2662 juste
1522 2599 1568 2644 et
1589 2591 1670 2660 pie
1693 2588 1916 2642 vivamus
1943 2583 2072 2655 (Tit.

490 2689 542 2742 2.
594 2689 714 2758 Η).
769 2688 969 2743 Rursus
1017 2686 1262 2741 Christus
1307 2683 1654 2739 Samaritanus
1700 2681 1876 2735 dixit:
1917 2677 2077 2733 Crede

489 2781 648 2844 mihi,
693 2779 905 2844 mulier,
949 2779 1069 2848 quia
1107 2777 1238 2832 venit
1282 2777 1442 2842 hora,
1483 2773 1688 2843 quando
1713 2788 1802 2826 nec
1828 2772 1882 2826 in
1910 2781 2076 2824 monte

491 2871 620 2936 hoc,
660 2886 749 2924 nec
784 2868 1116 2940 Jerosolymis
1159 2865 1434 2921 adorabttis
1471 2865 1698 2920 Patrem.
1749 2861 1974 2933 Spiritus
1999 2870 2070 2914 est

490 2960 664 3027 Deus;
703 2969 750 3016 et
777 2961 864 3032 qui
883 2976 998 3015 eum
1025 2958 1262 3022 adorant,
1290 2957 1345 3010 in
1374 2955 1554 3026 spiritu
1582 2964 1627 3007 et
1655 2953 1857 3007 veritate
1879 2959 2075 3021 oportet

489 3052 702 3106 adorare
727 3051 908 3122 (Joan.
936 3051 988 3105 4.
1017 3047 1132 3121 2t).
1187 3048 1310 3103 llaec
1334 3056 1512 3101 autem
1557 3044 1798 3109 diccbat,
1831 3041 1983 3097 simul
2015 3048 2069 3094 et

1236 283 1292 338 s.
1333 278 1610 337 JOANNIS
1648 270 2126 332 CIIltYSOSTOMl
2169 243 2487 328 saeuitia.
2529 264 3051 325 CONSTANTINOP.
3585 278 3663 335 εισι

2181 386 2550 441 necessitatem
2579 384 2771 438 tollens
2795 381 3110 436 observandi
3139 381 3237 435 loci
3257 423 3270 445 ,
3306 392 3354 437 et
3371 386 3519 441 cultus
3539 396 3670 446 subti-

2181 478 2318 532 mius
2347 479 2619 546 magisque
2643 474 2917 543 spirituale
2941 487 3110 543 genus
3137 471 3393 529 inducens.
3425 477 3490 531 Ex
3515 480 3582 534 his
3601 485 3676 551 igi.

2181 579 2268 624 tur
2310 584 2522 624 rursum
2567 578 2775 638 poterat
2814 565 3209 630 demonstrari,
3261 576 3366 634 post
3405 568 3504 624 hrec
3543 588 3681 643 neque

2180 660 2471 725 sacriﬁcia,
2522 673 2696 728 neque
2732 657 3122 717 sacerdotium,
3175 670 3337 726 neque
3378 673 3533 728 regem
3569 665 3678 731 apud

2179 753 2392 808 Judmos
2423 751 2650 804 futurum
2678 764 2818 804 esse.
2847 747 2978 802 Nam
3000 763 3092 816 per
3120 745 3260 800 urbis
3286 751 3574 806 eversionem
3595 755 3682 808 haec

2179 844 2356 899 omnia
2386 842 2717 912 potissimum
2743 839 2901 894 simul
2929 839 3146 908 probata
3173 847 3310 893 sunt.
3337 843 3548 897 Attamen
3572 854 3688 913 pote-

2181 950 2359 991 ramus
2383 944 2436 989 et
2477 932 2763 1004 prophetas
2805 932 3073 1001 allegare,
3116 931 3205 1001 qui
3245 930 3340 987 hoc
3377 947 3597 1002 expresse
3629 938 3686 991 lo-

2179 1040 2413 1102 quuntur
2445 1048 2459 1083 :
2487 1029 2581 1084 sed
2621 1029 2777 1084 video
2813 1044 2911 1083 vos
2940 1026 3195 1082 orationis
3223 1025 3520 1097 longitudine
3544 1027 3690 1098 fatiga.

2183 1134 2298 1189 tos,
2351 1137 2649 1192 vereorque
2697 1138 2764 1178 ne
2816 1123 3007 1175 frustra
3056 1130 3354 1188 temereque
3399 1119 3558 1173 videar
3597 1136 3689 1175 esse

2181 1215 2456 1270 molestus.
2489 1215 2820 1285 Quapropter
2845 1212 3110 1283 pollicitus
3133 1225 3222 1265 me
3247 1210 3357 1264 haec
3382 1209 3477 1263 alio
3499 1219 3691 1278 tempore

2179 1309 2543 1363 absoluturum
2571 1349 2586 1372 ,
2638 1307 2766 1361 illud
2803 1306 3012 1360 interim
3058 1304 3257 1374 rogabo
3283 1319 3407 1369 vos,
3453 1314 3503 1357 ut
3541 1306 3687 1358 fratres

2179 1409 2386 1457 vestros
2428 1401 2652 1455 servetis
2675 1443 2688 1464 ,
2727 1404 2796 1456 ab
2831 1415 3013 1454 errore
3055 1399 3349 1462 revocetis,
3389 1397 3448 1449 ad
3471 1397 3691 1450 veritates.

2182 1492 2466 1549 reducatis.
2518 1491 2654 1546 Nihil
2682 1493 2823 1545 enim
2872 1491 3128 1560 profuerit
3173 1489 3417 1554 audisse,
3463 1488 3548 1541 nisi
3589 1489 3689 1541 facta

2181 1584 2614 1638 demonstrentur
2641 1623 2656 1646 ,
2684 1598 2802 1652 qua:
2831 1597 2950 1635 cum
2981 1581 3137 1636 dictis
3166 1580 3504 1634 consentiant.
3531 1579 3692 1632 Etenim

2181 1691 2300 1746 quae
2325 1675 2462 1730 dicta
2490 1683 2610 1728 sunt
2637 1716 2650 1738 ,
2681 1689 2784 1728 non
2813 1683 3029 1744 promer
3049 1689 3143 1726 vos
3172 1672 3310 1726 dicta
3339 1680 3472 1734 sunt,
3497 1671 3575 1723 sed
3599 1685 3693 1739 pro-

2183 1780 2298 1838 pter
2319 1769 2438 1822 illos
2463 1768 2747 1822 inﬁrmos:
2779 1776 2835 1821 ut
2883 1767 2954 1821 illi
3002 1775 3280 1835 postquam
3318 1765 3425 1819 haec
3447 1763 3698 1817 avohistli-

2181 1860 2441 1924 dicerint,
2486 1867 2541 1914 et
2584 1873 2614 1912 a
2660 1873 2819 1926 prava
2865 1856 3252 1912 consuetudine
3296 1856 3482 1910 fuerint
3510 1853 3696 1913 liberati,

2181 1955 2446 2008 sineermn
2499 1961 2554 2008 et
2601 1965 2913 2022 germanum
2965 1958 3224 2020 prmstent
3276 1946 3698 2008 Christianismum,

2181 2043 2486 2116 fugiantque
2509 2058 2696 2114 pravos
2714 2042 3016 2098 .ludaaerum
3037 2054 3357 2110 congressus
3371 2048 3418 2092 et
3441 2044 3699 2099 conventus,

2180 2140 2291 2192 sive
2314 2138 2401 2208 qui
2432 2137 2564 2190 flunt
2591 2137 2641 2190 in
2662 2134 2876 2191 civitate
2897 2173 2913 2199 ,
2951 2135 3062 2188 sive
3090 2132 3184 2202 qui
3227 2133 3278 2185 in
3313 2129 3586 2191 subat-hiis,
3609 2141 3704 2196 spe-

2182 2229 2361 2284 luncas
2386 2228 2650 2282 latronum
2672 2268 2685 2291 ,
2719 2224 3018 2280 daemonum
3049 2223 3372 2277 habitacula.
3421 2217 3619 2274 Proinde
3650 2231 3700 2270 ne

2180 2319 2438 2374 deseratis
2481 2319 2694 2373 illorum
2739 2317 2963 2372 salutem
2985 2356 3002 2381 ,
3033 2313 3124 2370 sed
3155 2313 3434 2383 diligenter
3460 2310 3612 2364 omnia
3646 2306 3706 2360 fa-

2174 2411 2412 2476 cientes,
2463 2409 2594 2464 nihil
2639 2425 2744 2464 non
2793 2415 3096 2472 tentantes,
3147 2414 3383 2474 mgrotos
3420 2401 3626 2456 redueite
3656 2396 3706 2450 ad

2179 2502 2470 2569 Christum,
2503 2510 2560 2555 ut
2578 2508 2632 2555 et
2657 2500 2712 2554 in
2739 2498 2842 2553 hoc
2865 2497 3064 2553 sarculo
3087 2536 3101 2560 ,
3127 2503 3181 2548 et
3212 2495 3266 2549 in
3296 2493 3462 2548 futura
3485 2491 3576 2544 vita
3597 2490 3708 2542 reci-

2181 2595 2388 2665 piamus
2437 2591 2717 2664 praemium
2770 2587 3062 2645 benefactis
3111 2585 3315 2640 nostris
3364 2584 3509 2652 longe
3553 2579 3709 2647 majus,

2176 2688 2346 2759 gratia
2371 2696 2425 2742 et
2469 2686 2709 2741 bonitate
2743 2681 2953 2738 Domini
3000 2680 3169 2736 nostri
3203 2679 3330 2734 Jesu
3373 2674 3584 2739 Christi,
3620 2670 3714 2741 qui.

2178 2793 2297 2833 cum
2327 2786 2382 2832 et
2413 2793 2506 2848 per
2548 2791 2706 2847 quem
2743 2773 2884 2829 Patri
2915 2773 3082 2843 gloria
3111 2785 3219 2826 una
3249 2783 3371 2826 cum
3405 2773 3575 2822 sancto
3595 2770 3640 2817 et
3658 2759 3718 2813 rio

2180 2868 2334 2923 viﬁco
2358 2867 2556 2938 Spiritu
2577 2909 2592 2933 ,
2629 2880 2768 2921 nunc
2789 2873 2844 2920 et
2869 2877 3112 2933 semper,
3136 2871 3192 2916 et
3219 2861 3274 2914 in
3310 2857 3496 2915 saecula
3523 2851 3712 2909 steculo-

2180 2973 2297 3014 rum
2319 3001 2334 3025 ,
2363 2958 2552 3013 Amen.

2097 3151 3718 3183 _______________________________———

496 3278 619 3321 CUM
664 3276 994 3320 SUPEBIORI
1042 3277 1148 3318 DIE
1193 3272 1529 3316 PROLIXIUS
1573 3268 2012 3314 DISSERUISSET
2044 3261 2363 3310 ADVERSUS
2386 3259 2662 3315 JUDEOS,
2692 3258 2899 3312 ATQUE
2929 3255 3080 3300 HINC
3126 3251 3532 3297 RAUCEDINEM
3577 3244 3721 3291 VOCIS

1413 3368 1904 3422 CONTRAXISSET,
1951 3365 2116 3408 ΗΔ.Νο
2160 3361 2528 3406 ORATIONEM
2571 3359 2835 3404 HABUIT.

1953 3500 2058 3508 ..-

1048 3600 1250 3640 ORATIO
1287 3600 1483 3640 SEXTA.

573 3681 624 3734 l.
666 3677 852 3733 Bestia:
879 3677 1050 3732 donec
1084 3677 1134 3732 in
1171 3677 1336 3748 sylvis
1360 3684 1601 3747 pascunt,
1634 3675 1856 3730 necdum
1886 3689 2073 3744 pugna:

495 3770 748 3824 adversus
777 3768 1018 3824 homines
1059 3767 1400 3831 adhibentur,
1440 3767 1678 3822 mitiores
1717 3775 1842 3820 sunt
1879 3766 2082 3819 minus-

497 3877 598 3930 que
621 3877 814 3925 smvm;
843 3875 1027 3915 verum
1058 3861 1144 3914 ubi
1171 3869 1456 3914 venatores
1500 3874 1594 3914 cas
1621 3867 1803 3928 captas
1832 3858 1884 3911 in
1913 3856 2078 3911 urbes

499 3950 832 4016 adduxerim,
855 3959 1013 4020 atque
1041 3950 1270 4005 inclusas
1307 3949 1720 4007 exstimularint.
1757 3956 1812 4001 ut
1844 3955 2080 4017 pugnent

499 4057 619 4095 cum
649 4040 712 4095 iis
749 4039 838 4110 qui
869 4039 1054 4098 bestiis
1099 4039 1440 4110 objiciuntur,
1473 4047 1656 4108 postea
1699 4038 1961 4092 irruentes
1991 4036 2079 4090 ubi

493 4145 713 4186 carnem
741 4130 1173 4201 degustaverunt,
1202 4139 1256 4184 et
1283 4129 1592 4199 sanguinem
1625 4127 1913 4182 humanum
1935 4127 2084 4182 bibe-

501 4231 642 4288 runt,
673 4239 777 4278 non
806 4223 960 4278 facile
985 4223 1253 4277 abstinent
1293 4237 1321 4274 a
1355 4221 1547 4276 talibus
1575 4219 1768 4289 epulis,
1799 4217 1892 4274 sed
1919 4217 2081 4273 multa

498 4329 620 4370 cum
651 4315 902 4372 aviditate
939 4315 1006 4370 ad
1047 4315 1291 4371 eamdem
1336 4314 1626 4370 decurrunt
1667 4326 1927 4368 mensam.
1975 4312 2083 4366 lloc

501 4419 630 4458 sane
663 4414 718 4460 et
753 4405 905 4460 nobis
936 4419 1034 4460 usu
1060 4406 1225 4461 venit.
1258 4405 1542 4475 Postquam
1572 4405 1713 4459 enim
1741 4417 1863 4458 cum
1887 4401 2084 4458 Iudaeis

505 4511 739 4565 pugnam
765 4497 1119 4566 suscepimus,
1142 4507 1198 4554 et
1223 4496 1423 4566 impetu
1449 4497 1706 4551 adversus
1737 4495 1948 4550 illorum
1980 4495 2080 4548 im-

507 4587 765 4656 pudentes
801 4589 1249 4646 contradictiones
1274 4589 1434 4656 facto,
1464 4589 1697 4644 rationes
1722 4588 1932 4643 illorum
1959 4587 2085 4642 sub-

505 4679 780 4744 vertimus,
799 4694 1118 4750 omnemque
1141 4679 1508 4735 celsitudinem
1537 4680 1824 4750 erigentem
1849 4693 1967 4734 sese
1992 4677 2090 4731 ad-

507 4785 692 4826 versus
739 4773 1096 4842 cognitionem
1154 4772 1284 4834 Dei,
1338 4781 1392 4826 et
1445 4771 1796 4840 cogitationes
1852 4769 2086 4838 captivas

507 4865 754 4920 duximus
782 4864 847 4919 ad
878 4864 1166 4934 parendum
1194 4863 1408 4919 Christo
1441 4862 1514 4933 (2.
1548 4861 1663 4916 Cor.
1696 4861 1781 4916 10.
1807 4861 1886 4928 5),
1920 4860 2088 4930 major

506 4957 668 5011 etiam
696 4969 794 5010 nos
815 4955 958 5026 cepit
985 4955 1242 5010 adversus
1268 4954 1388 5009 illos
1414 4951 1641 5008 bellandi
1670 4950 1952 5020 cupiditas.
1981 4949 2086 5006 Sed

505 5047 630 5117 quid
661 5047 889 5103 faciam?
917 5046 1116 5103 Videtis
1160 5045 1288 5101 mihi
1323 5060 1508 5104 vocem
1540 5044 1730 5102 factam
1775 5041 2086 5097 imbecillio-

509 5153 644 5205 rem,
665 5153 782 5208 quae
809 5146 969 5192 tanta:
1005 5139 1269 5193 sermonis
1296 5151 1504 5191 rursum
1533 5133 1818 5204 prolixitati
1850 5147 1944 5202 par
1968 5145 2088 5187 esse

509 5247 613 5286 non
643 5231 829 5302 possit,
856 5232 1100 5301 idemque
1129 5229 1258 5284 mihi
1282 5245 1422 5287 nunc
1446 5227 1708 5294 accidere,
1733 5226 1882 5298 quasi
1903 5225 1945 5280 si
1969 5225 2088 5295 quis

510 5323 665 5378 miles
694 5323 923 5378 concisis
948 5322 1147 5393 aliquot
1186 5336 1251 5376 ex
1294 5321 1556 5388 hostibus,
1588 5333 1886 5391 magnoque
1909 5317 2087 5372 animo

511 5411 861 5482 impressione
907 5414 1043 5468 facta
1095 5414 1146 5468 in
1190 5411 1420 5468 hostium
1465 5411 1843 5467 condensatam
1895 5409 2084 5473 aciem,

512 5507 748 5576 pluribus
788 5509 1086 5578 prostratis,
1135 5523 1255 5564 mox
1297 5507 1466 5564 fracto
1497 5506 1672 5576 gladio
1717 5513 2089 5560 consternatus

511 5598 580 5652 ad
602 5614 728 5653 suos
755 5614 874 5656 sese
903 5600 1122 5655 referat.
1145 5599 1282 5666 Quin
1312 5600 1504 5668 potius,
1533 5597 1673 5668 quod
1698 5596 1852 5652 nobis
1873 5593 2085 5657 accidit,

511 5686 730 5757 gravius
772 5697 872 5741 est.
913 5688 1044 5743 Nam
1081 5689 1232 5743 militi
1259 5689 1347 5758 qui
1391 5688 1547 5758 fregit
1581 5685 1832 5756 gladium,
1864 5686 1984 5740 licet
2024 5683 2089 5736 ab

2061 3501 2298 3510 ...ια-..-

2183 3583 2286 3636 alio
2335 3580 2582 3652 quopiam
2623 3576 2943 3633 adstantium
2987 3590 3176 3630 ensem
3228 3574 3459 3642 eripere,
3503 3577 3728 3633 suumque

2183 3673 2416 3728 animum
2437 3685 2678 3735 exerere,
2703 3669 3027 3737 multamque
3047 3664 3424 3722 strenuitatem
3449 3655 3726 3716 ostendere:

2183 3773 2239 3818 at
2269 3763 2319 3820 si
2345 3777 2448 3818 vox
2475 3763 2697 3824 laboret,
2729 3775 2835 3813 non
2867 3759 2991 3814 licet
3017 3757 3084 3811 ab
3108 3755 3218 3811 alio
3245 3769 3435 3812 vocem
3462 3758 3630 3806 mutuo
3655 3760 3730 3800 su-

2185 3870 2353 3914 mere.
2377 3853 2515 3921 Quid
2545 3851 2741 3922 igitur?
2769 3850 3052 3920 Fugiemus
3077 3857 3130 3903 et
3155 3847 3294 3901 nos?
3321 3847 3391 3901 At
3417 3858 3518 3898 non
3539 3835 3728 3911 permil-

2187 3947 2250 4000 tit
2279 3946 2383 4000 hoc
2401 3955 2592 4000 vestra:
2619 3943 2856 3998 caritatis
2896 3940 3135 4012 tyrannis
3175 3954 3241 3994 ac
3273 3937 3542 3993 violentia.
3565 3931 3733 3985 Vereor

2187 4048 2240 4092 et
2273 4035 2438 4108 patris
2469 4035 2808 4108 prmsentiam
2853 4035 2892 4100 ‘,
2942 4043 2998 4088 et
3023 4040 3260 4088 vestram
3309 4043 3501 4084 vereor
3520 4022 3732 4079 alacrita-

2188 4129 2580 4200 temzproinde
2619 4145 2683 4183 ea
2729 4143 2849 4198 quae
2899 4141 3057 4197 supra
3105 4126 3252 4181 vires
3299 4131 3427 4179 sunt
3472 4116 3734 4190 aggrediar.

2185 4222 2363 4276 omnia
2401 4221 2757 4286 committens,
2789 4226 2846 4274 et
2874 4217 3119 4288 precibus
3155 4215 3322 4286 hujus
3348 4225 3404 4269 et
3443 4207 3637 4267 caritati
3660 4218 3735 4257 ve-

2186 4320 2330 4366 strze.

2258 4393 2333 4448 Ne
2359 4408 2486 4448 vero
2522 4402 2754 4448 vestrum
2788 4389 3052 4464 quispiam
3089 4385 3456 4457 reprehendat
3479 4378 3735 4437 oratioem

2186 4485 2331 4541 velut
2358 4485 2810 4554 intempestivam,
2855 4483 2900 4538 si
2925 4496 3047 4538 cum
3075 4487 3346 4549 martyres
3377 4489 3476 4529 nos
3500 4469 3648 4525 hodie
3668 4477 3741 4517 vo-

2185 4586 2310 4634 cent
2334 4579 2378 4643 ¹¹,
2406 4591 2504 4631 nos
2557 4571 2978 4644 supersedentes
3034 4570 3251 4625 illorum
3288 4576 3561 4636 exponere
3594 4562 3738 4612 certa-

2189 4667 2352 4729 mina,
2399 4666 2656 4720 advcrsus
2698 4661 2913 4718 Judaaos
2963 4660 3016 4715 in
3058 4669 3339 4715 certamen
3385 4647 3740 4710 descendimus.

2188 4758 2319 4813 Nam
2345 4767 2400 4813 et
2423 4757 2552 4826 ipsis
2583 4754 2902 4824 martyribus
2928 4750 3015 4806 hic
3033 4764 3214 4804 sermo
3241 4758 3332 4802 est
3356 4741 3663 4813 exoptatior.
3683 4734 3740 4788 Ex

2193 4851 2390 4906 nostris
2409 4850 2551 4906 enim
2583 4846 2830 4902 laudibus
2855 4843 2984 4901 nihil
3010 4843 3112 4898 illis
3147 4839 3461 4911 splendoris
3487 4835 3740 4890 accrescet.

2189 4942 2326 5010 Quid
2359 4942 2501 4996 enim
2530 4947 2722 5010 egeant
2757 4937 2947 5009 linguis
2977 4936 3192 5000 nostris,
3223 4946 3462 5004 quorum
3493 4919 3740 4990 certamina

2191 5043 2447 5104 superant
2494 5041 2738 5088 naturam
2785 5030 3090 5092 humanam,
3131 5040 3368 5097 quorum
3412 5017 3625 5093 prmmia
3665 5011 3739 5064 vim

2193 5127 2388 5197 ingenii
2419 5125 2586 5181 nostri
2610 5123 2869 5180 vincunt?
2913 5121 3222 5176 Deriserunt
3264 5117 3408 5171 hanc
3436 5115 3614 5175 vitam,
3641 5119 3741 5159 cor-

2192 5218 2468 5274 culcarunt
2493 5215 2828 5272 carniﬁcinas
2849 5228 2912 5269 ac
2937 5221 3219 5275 tormenta,
3239 5208 3605 5277 despexerunt
3627 5205 3740 5252 mot-

2195 5320 2323 5375 tem,
2361 5311 2425 5362 ad
2454 5308 2642 5364 cmlum
2680 5307 2977 5371 evolarunt,
3001 5303 3168 5375 erepti
3204 5309 3342 5356 sunt
3367 5315 3400 5356 e
3426 5294 3657 5352 fluctibus
3679 5300 3742 5339 rc-

2195 5417 2310 5455 rttm
2341 5400 2712 5465 humanarum,
2738 5400 2788 5452 in
2811 5395 3154 5467 tranquillum
3169 5386 3746 5467 euavigaruntportnm,

2197 5509 2301 5548 non
2347 5508 2533 5547 aurum
2582 5500 2952 5562 argentumve,
3011 5498 3102 5543 aut
3137 5494 3321 5544 vestes
3361 5481 3632 5552 pretiosas.
3671 5466 3747 5521 βοά

2260 5629 2276 5658 ί
2313 5625 2557 5675 Flavianus
2575 5636 2791 5688 praesens
2814 5630 2938 5672 erat.

2258 5691 2277 5720 ³
2311 5695 2498 5738 Festum
2523 5694 2628 5737 erat
2652 5693 2916 5749 martyrum.
