3990 6198
237 268 327 325 905

233 395 493 448 thesauros
512 401 648 459 quos
677 402 836 443 nemo
869 395 1043 456 potest
1068 386 1276 455 eripere
1303 385 1672 455 importantes,
1707 398 1791 437 to-

236 479 515 544 lerantiam,
560 478 927 533 fortitudinem
968 485 1023 532 et
1047 479 1344 532 caritatem.
1377 477 1533 532 Nunc
1566 477 1618 530 in
1646 475 1794 530 Pauli

231 573 432 629 chorum
461 579 838 641 pervenerunt,
860 578 984 625 ante
1001 583 1228 623 coronas
1248 583 1373 622 suas
1393 567 1796 637 exspectatione

230 678 529 720 coronarum
576 661 801 726 alacres,
852 675 918 714 eo
956 659 1098 731 quod
1135 662 1243 727 jam
1274 658 1344 714 de
1385 660 1561 712 futuro
1608 658 1795 710 incerti

232 771 341 812 esse
374 754 667 811 desierunt.
718 752 855 823 Quid
894 753 1054 822 igitur
1097 751 1212 807 istis
1257 766 1392 823 opus
1443 752 1515 806 sit
1557 751 1798 804 oratione

232 849 430 903 nostra?
459 847 572 902 lloc
596 847 755 916 igitur
776 856 1148 917 argumentum
1195 846 1301 901 illis
1325 845 1546 916 gratius.
1592 843 1672 897 Ex
1702 858 1798 896 no-

232 939 348 995 stris
376 939 516 993 enim
558 937 826 1003 laudibus,
853 936 1304 1006 quemadmodum
1346 945 1501 990 antea
1529 933 1795 995 dicebam,

236 1031 351 1084 nihil
379 1030 591 1084 illorum
617 1029 800 1100 gloria:
839 1030 1148 1086 accesserit.
1187 1028 1457 1084 Caeterum
1493 1042 1561 1082 ex
1604 1025 1800 1080 nostris

233 1124 472 1178 adversus
513 1120 727 1177 Judzeos
764 1120 1248 1178 conﬂictationibus
1295 1120 1521 1175 multum
1565 1118 1670 1173 illis
1705 1117 1803 1172 ad-

231 1212 465 1281 iungetur
482 1212 681 1282 gaudii,
710 1222 765 1268 et
794 1212 1024 1268 libenter
1044 1212 1391 1269 auscultaturi
1418 1219 1544 1265 sunt
1571 1209 1802 1263 maxime

235 1315 497 1357 sermones
534 1318 650 1371 eos,
696 1305 785 1375 qui
816 1320 912 1375 pro
945 1304 1112 1375 gloria
1157 1304 1250 1360 Dei
1293 1304 1561 1359 dicuntur.
1589 1300 1802 1356 Iudaeos

235 1393 367 1446 enim
399 1394 665 1462 imprimis
703 1394 932 1451 oderunt
958 1403 1240 1467 martyres,
1279 1392 1705 1466 quandoquidem
1736 1393 1803 1448 ab

236 1485 337 1539 illis
352 1486 659 1542 cruciﬁxum
695 1489 926 1544 maxime
953 1488 1204 1559 diligunt.
1236 1487 1367 1543 Nam
1400 1489 1486 1543 isti
1516 1486 1801 1542 dicebant:

237 1577 449 1648 Sanguis
467 1579 514 1649 ej
518 1595 578 1633 us
587 1595 742 1649 super
754 1597 864 1647 nos,
879 1590 925 1635 et
944 1597 1096 1650 super
1108 1581 1243 1651 ﬁlios
1260 1590 1461 1635 nostros
1484 1578 1694 1651 (Matth.
1710 1578 1779 1632 27
1788 1617 1803 1632 .

234 1668 359 1739 25):
387 1670 460 1725 illi
506 1686 636 1726 vero
670 1673 980 1743 sanguinem
1024 1673 1297 1743 proprium
1349 1672 1650 1727 ell'uderunt
1691 1669 1808 1740 ejus

236 1775 433 1828 amore,
456 1778 615 1833 quem
647 1763 723 1817 illi
744 1763 1069 1820 occiderant.
1114 1764 1221 1820 Hos
1247 1765 1407 1835 igitur
1432 1778 1710 1819 sermones
1740 1762 1806 1816 li-

239 1853 417 1909 benter
444 1855 685 1909 audient.

303 1944 358 1998 2.
394 1946 545 2013 Quod
587 1946 765 2017 igitur,
797 1947 842 2003 si
886 1947 1004 2003 lucc
1030 1947 1337 2003 Jndrcorum
1381 1949 1616 2005 servitus
1650 1946 1808 2002 ﬁnem

238 2050 375 2094 esset
418 2039 683 2108 habitura,
731 2042 835 2097 hoc
861 2057 1077 2113 quoque
1116 2043 1415 2111 praedictnri
1456 2042 1652 2098 fuerint
1693 2056 1811 2110 pro-

240 2133 426 2202 phetae,
471 2142 526 2187 et
566 2148 900 2204 nequaquam
940 2135 1154 2190 silentio
1183 2136 1522 2205 prmterituri,
1562 2135 1693 2189 satis
1714 2133 1811 2189 de-

238 2223 547 2279 elaravimus
571 2241 586 2278 :
614 2239 736 2280 eum
763 2240 952 2280 omnes
972 2227 1306 2295 captivitates
1330 2241 1359 2281 a
1386 2225 1658 2297 prophetis
1689 2241 1815 2295 pra:-

239 2314 404 2369 dictas
433 2313 592 2369 fuisse
616 2316 987 2382 ostendimus;
1021 2318 1247 2387 primum
1278 2316 1422 2372 illam
1464 2316 1518 2371 in
1557 2315 1810 2386 Egypto,

241 2407 432 2463 deinde
454 2408 506 2462 in
537 2407 829 2480 Babylone,
854 2410 1062 2465 tertiam
1093 2412 1193 2465 sub
1221 2408 1486 2464 Antiocho
1515 2407 1812 2478 Epipltaue.

243 2498 728 2555 Demonstravimus
755 2501 897 2556 enim
926 2500 1111 2555 hartun
1143 2500 1426 2570 unicuique
1466 2512 1519 2555 et
1546 2500 1720 2554 locum
1764 2507 1820 2554 et

240 2599 448 2658 tempus
475 2588 639 2646 fuisse
667 2592 977 2661 prtedictum
1020 2592 1071 2647 in
1111 2592 1277 2647 sacris
1319 2590 1506 2646 literis.
1538 2590 1671 2645 Huic
1693 2605 1819 2644 vero

240 2682 490 2750 praesenti
539 2682 716 2736 nullus
757 2683 1014 2753 propheta
1058 2683 1335 2753 pncﬁnivit
1364 2693 1591 2754 tempus.
1624 2681 1820 2737 Verum

234 2771 384 2840 quod
418 2782 563 2828 esset
596 2783 839 2839 ventura,
883 2775 1167 2845 omniaque
1194 2774 1518 2838 desolatura,
1564 2758 1847 2829 ditionem.

238 2867 460 2935 insuper
481 2874 536 2921 et
558 2867 866 2938 religionem
897 2867 1233 2934 translatum,
1257 2876 1561 2937 quantoque
1583 2874 1823 2935 tempore

240 2966 367 3027 post
392 2956 620 3012 reditum
647 2973 679 3013 e
706 2958 977 3031 Babylone
997 2967 1240 3026 ventura,
1270 2959 1517 3028 praedixit
1546 2959 1749 3014 Daniel.

320 3046 583 3103 Postrema
614 3048 913 3104 Judtzorum
952 3052 1214 3122 captivitas
1240 3067 1516 3121 numquam
1544 3052 1697 3120 ﬁnem
1726 3051 1824 3104 Ita-

240 3143 414 3195 bitura
432 3152 525 3196 est.
546 3172 617 3185 —-
634 3142 900 3198 Caeterum
925 3144 1065 3215 quod
1085 3143 1155 3199 sit
1186 3143 1425 3198 habitura
1449 3142 1629 3206 ﬁnem,
1652 3143 1825 3213 quod-

241 3250 352 3304 que
365 3234 653 3304 aliquando
677 3235 912 3290 sistcttda
933 3237 1041 3290 sint
1066 3236 1166 3291 ista
1189 3236 1345 3299 mala,
1379 3250 1477 3290 nec
1509 3235 1597 3289 ille
1626 3232 1827 3304 patefe-

240 3327 344 3391 cit,
369 3341 467 3380 nec
484 3327 762 3397 quisquam
792 3326 1016 3381 aliorum
1045 3327 1443 3397 prophetarum.
1480 3325 1616 3394 Quitt
1644 3338 1829 3379 contra

241 3416 516 3485 prmdixit,
547 3416 689 3487 quod
729 3417 794 3472 ad
838 3418 997 3472 linem
1035 3432 1201 3488 usque
1244 3417 1495 3472 duratura
1536 3429 1677 3472 esset
1719 3418 1832 3472 lta‘c

239 3507 502 3562 servitus.
534 3508 831 3563 Attestatur
860 3509 943 3562 his
970 3524 1088 3579 qum
1119 3509 1369 3574 diximus,
1401 3518 1453 3564 et
1495 3510 1668 3579 ipsum
1700 3519 1834 3564 tctn-

241 3612 371 3669 pus,
396 3598 539 3668 quod
563 3599 672 3669 jam
713 3608 918 3654 tantum
944 3610 1219 3670 peractum
1252 3610 1352 3667 est,
1402 3617 1499 3656 nec
1547 3601 1710 3655 ullum
1744 3616 1833 3655 ve-

239 3690 489 3759 stigium,
519 3706 618 3745 nec
647 3692 857 3746 initium
883 3694 949 3748 ad
981 3694 1122 3750 hunc
1141 3710 1309 3765 usque
1334 3694 1474 3750 diem
1505 3695 1658 3750 home
1680 3712 1832 3750 cont-

243 3783 566 3836 mutationis
610 3785 864 3852 ostendit,
907 3786 1065 3856 idque
1112 3802 1233 3842 cum
1270 3788 1461 3844 crebro
1500 3788 1610 3858 jam
1658 3790 1833 3843 conati

242 3875 358 3929 sint
404 3874 705 3931 instaurare
747 3878 1023 3947 templum.
1059 3878 1189 3933 Nam
1233 3881 1397 3935 semel
1440 3888 1495 3933 et
1540 3880 1729 3934 iterum
1774 3894 1838 3935 ac

247 3968 436 4031 tertio,
486 3967 588 4022 sub
616 3967 902 4037 lladriano,
933 3970 1033 4026 sub
1065 3969 1433 4038 Constantino,
1478 3972 1578 4027 sub
1604 3971 1835 4037 Juliano,

245 4067 477 4112 conatus
505 4058 715 4114 illorum
740 4060 1004 4116 cohibitus
1025 4071 1107 4118 est
1136 4080 1150 4117 :
1181 4064 1408 4134 primum
1436 4064 1648 4135 quidem
1671 4078 1701 4118 a
1733 4066 1836 4119 mi-

249 4149 461 4216 litibus,
495 4166 679 4206 rursus
722 4152 791 4208 ab
825 4152 946 4223 igne
983 4169 1014 4209 e
1045 4154 1398 4211 lundamentis
1423 4166 1755 4226 erumpente,
1785 4167 1841 4211 ct

246 4244 467 4298 illorum
496 4244 849 4315 importunam
871 4246 1216 4315 pervicaciam
1243 4258 1543 4303 coercente.
1568 4248 1684 4303 Jant
1712 4263 1840 4303 vero

245 4337 447 4391 lubens
467 4336 584 4392 illos
608 4339 900 4409 rogaverim
929 4354 1064 4405 :cur
1090 4349 1288 4396 tantum
1321 4342 1574 4411 temporis
1603 4343 1654 4397 in
1675 4342 1842 4414 Egy-

243 4440 346 4498 pto
371 4436 568 4485 versati
610 4432 886 4502 recepistis
920 4434 1164 4503 patriam,
1206 4450 1268 4489 ac
1312 4451 1497 4491 rursus
1533 4436 1744 4491 abducti
1787 4438 1839 4492 in

244 4521 588 4593 Babylonem
617 4522 851 4579 rediistis
875 4524 1262 4597 Jerosolymatn
1295 4544 1308 4580 :
1340 4526 1498 4581 tertio
1524 4527 1623 4582 sub
1652 4528 1837 4582 Antio-

240 4611 359 4667 cho
384 4622 494 4667 tam
524 4614 687 4668 multa
717 4616 859 4684 passi
886 4617 1044 4682 mala,
1072 4616 1136 4669 ad
1168 4618 1446 4686 pristinum
1474 4619 1675 4673 reversi
1714 4621 1843 4675 estis

244 4712 484 4770 statum,
506 4705 783 4770 sacriﬁcia,
816 4706 1000 4767 altare,
1029 4717 1208 4763 saneta
1250 4717 1551 4762 sanctorum
1588 4718 1641 4763 et
1667 4710 1844 4764 omnia

243 4810 384 4848 rum
413 4795 637 4864 pristina
679 4797 952 4867 recepistis
985 4798 1240 4867 dignitate
1268 4818 1281 4854 :
1314 4816 1454 4855 nunc
1490 4810 1668 4856 autem
1715 4802 1846 4857 nihil

243 4887 444 4940 simile
470 4886 664 4942 factum
693 4889 809 4943 est?
836 4888 1029 4944 Verum
1056 4905 1175 4945 cum
1212 4901 1424 4948 centum
1449 4893 1596 4960 anni,
1630 4893 1736 4948 imo
1764 4894 1848 4951 bis

243 4985 504 5044 centum,
543 4978 650 5033 imo
689 4988 793 5045 ter,
836 4980 944 5034 itno
970 4989 1160 5051 quater
1189 4989 1391 5037 tantum
1437 4985 1707 5060 multoque
1734 5001 1848 5039 ant-

243 5070 404 5138 plius
444 5083 705 5124 annorum
735 5072 1088 5141 praeterierit:
1113 5086 1233 5125 nam
1268 5072 1352 5128 hic
1390 5076 1847 5146 quingentesimus

238 5179 320 5217 cx
365 5178 440 5217 eo
495 5172 732 5234 tempore
770 5164 944 5233 agitur
983 5179 1151 5218 annus
1205 5165 1259 5229 ίς
1308 5180 1374 5219 ne
1412 5167 1845 5233 signiﬁcationem

236 5255 481 5325 quidem
502 5254 665 5309 ullam
684 5255 798 5325 ejus
819 5254 1125 5309 mutationis
1155 5254 1393 5308 ridemus
1413 5255 1655 5311 alicunde
1683 5274 1847 5327 appa-

234 5363 414 5411 rere;
474 5346 569 5401 sed
612 5362 699 5403 res
749 5346 854 5401 illis
896 5348 1130 5403 funditus
1180 5348 1461 5417 collapsas,
1507 5365 1568 5403 ac
1620 5366 1717 5405 nec
1757 5368 1850 5419 ιινι·

233 5439 534 5493 somnium
555 5439 767 5508 quidem
790 5440 951 5494 ullam
972 5455 1120 5512 spem
1144 5442 1222 5496 eis
1249 5443 1476 5504 ostendi,
1505 5444 1851 5512 quemadmo-

233 5530 385 5585 dum
424 5532 592 5600 prius.
627 5532 836 5587 Etenim
878 5533 924 5587 si
964 5545 1179 5603 peccata
1222 5547 1319 5588 sua
1349 5534 1660 5604 oltjicerent,
1702 5535 1848 5592 dice-

316 5711 332 5741 ³
362 5712 545 5774 Longe
573 5710 653 5762 hic
670 5710 862 5762 aberrat
886 5722 999 5761 vera
1017 5709 1322 5773 cltrenologia
1344 5709 1717 5777 Chrysostonms.

1450 271 1813 329 ADVERSUS
1849 269 2151 329 JUDA'ZOS.
2200 270 2281 327 Vl.

3389 279 3490 333 906

1907 396 2168 455 rcutque:
2201 386 2449 456 quoniam
2499 388 2831 456 peccavimus
2874 387 3016 452 Deo,
3065 389 3490 460 oﬁendimusque

1902 477 2070 545 illum,
2096 478 2214 535 ideo
2236 494 2340 533 non
2364 479 2651 548 recipimus
2683 492 2919 535 nostram
2945 481 3232 556 regionem,
3256 493 3310 537 et
3336 484 3378 537 si
3402 486 3489 551 qui

1904 570 2069 638 prius,
2093 585 2213 625 cum
2237 586 2267 624 a
2289 571 2562 640 prophetis
2582 581 2977 638 accusarentur,
3009 568 3344 642 impudenter
3364 591 3489 646 age-

1901 658 2048 723 bant,
2083 668 2243 730 atque
2282 661 2385 716 illis
2426 662 2679 717 atrociter
2705 663 3149 732 exprobrantibus
3177 664 3484 734 homicidia,

1904 752 2201 821 negabant,
2250 752 2409 808 iidem
2464 769 2604 809 nunc
2638 742 3020 811 conﬁterentur
3073 757 3493 828 datnnarentque

1906 845 2121 915 propria
2147 855 2360 915 peccata
2391 864 2405 900 :
2433 846 2621 903 lubens
2646 848 2935 918 deintegro
2969 865 3398 920 unumquemque
3430 851 3491 904 il-

1904 934 2074 989 lorum
2120 935 2585 1008 interrogaverim,
2633 954 2774 994 nunc
2813 950 3030 1009 propter
3055 952 3267 1010 peccata
3308 951 3416 1007 tua,
3461 961 3493 994 υ

1904 1026 2109 1095 Judtee,
2152 1039 2301 1085 extra
2343 1030 2731 1103 Jerosolymam
2765 1033 2878 1103 agis
2922 1042 3067 1088 tanto
3106 1042 3345 1103 tempore
3361 1034 3394 1085 τ·
3430 1035 3495 1089 Et

1905 1119 2033 1188 quid
2069 1121 2204 1175 istuc
2245 1137 2442 1176 novum
2478 1132 2561 1177 est
2600 1133 2691 1178 aut
2725 1123 2955 1179 mirum?
2994 1123 3131 1179 Num
3175 1126 3315 1180 enim
3356 1140 3497 1180 nunc

1907 1218 2109 1265 tantum
2151 1212 2202 1267 in
2229 1214 2458 1282 peccatis
2484 1214 2681 1281 vivitis,
2733 1216 2876 1285 prius
2912 1216 2964 1270 in
2990 1216 3193 1286 justitia
3243 1225 3494 1287 recteque

1907 1301 2063 1360 factis
2108 1306 2253 1361 soliti
2301 1307 2518 1363 vivere?
2563 1308 2751 1365 Nonne
2790 1309 2901 1379 jam
2948 1310 3074 1364 olim
3131 1311 3199 1364 ab
3242 1312 3393 1365 initio
3441 1313 3493 1364 in

1908 1395 2386 1456 innumerabilibus
2413 1403 2645 1470 peccatis
2691 1403 3091 1457 versabamini?
3120 1404 3308 1458 Annon
3339 1404 3498 1457 innu~

1908 1502 2053 1543 mera
2091 1489 2430 1559 reprehendit
2478 1492 2529 1546 in
2575 1492 2726 1547 vobis
2772 1492 3019 1548 Ezechiel
3053 1495 3327 1564 propheta,
3372 1508 3492 1548 cum

1911 1580 2139 1636 inductis
2163 1582 2370 1637 duabus
2402 1582 2767 1640 meretricibus
2793 1586 2887 1641 Ola
2923 1596 2977 1642 et
3013 1586 3186 1653 Oliba,
3215 1587 3293 1643 sic
3321 1587 3498 1657 loqui-

1913 1681 1999 1726 tur
2028 1690 2041 1726 :
2077 1672 2321 1743 Lupanar
2358 1675 2650 1742 mdi/icastis
2679 1677 2729 1729 in
2756 1676 3006 1747 Aigypto,
3052 1688 3100 1732 et
3144 1678 3400 1732 insanistis
3443 1679 3495 1729 in

1911 1763 2171 1831 barbaros,
2219 1776 2266 1820 et
2310 1768 2501 1822 alienos
2541 1768 2659 1823 deos
2698 1768 2922 1824 coluisti;
2949 1769 3162 1838 (Ezeclt.
3190 1770 3284 1839 25)
3307 1769 3331 1823 ?
3358 1770 3494 1836 Quid

1914 1860 2106 1929 porro?
2135 1858 2267 1915 Cum
2310 1876 2457 1916 mare
2482 1860 2787 1930 ﬁntlcretur,
2828 1878 2949 1917 cum
2976 1873 3140 1933 petra:
3183 1877 3496 1932 rumperen-

1914 1958 2023 2016 tur,
2049 1965 2171 2005 cum
2200 1959 2277 2006 tot
2317 1943 2571 2007 mit‘acula
2598 1952 2787 2008 ﬁerent
2813 1952 2864 2007 itt
2894 1952 3129 2019 deserto,
3160 1968 3337 2008 nonne
3364 1952 3501 2006 vitu-

1917 2042 2026 2096 lum
2070 2042 2375 2099 adorastis?
2399 2043 2588 2100 Nonne
2618 2044 2817 2099 Mosem
2853 2061 2994 2099 nunc
3024 2045 3288 2114 lapidibus
3326 2045 3496 2114 impe-

1920 2144 2112 2201 tentes,
2165 2149 2307 2190 nunc
2356 2136 2709 2206 expellentes;
2755 2151 2896 2192 nunc
2949 2136 3128 2190 multis
3174 2135 3348 2190 modis
3392 2134 3499 2189 l‘re-

1917 2234 2144 2296 quenter
2179 2227 2354 2281 conati
2393 2227 2522 2283 esﬁs
2550 2227 2830 2283 occidere?
2860 2226 3049 2282 Nonne
3078 2227 3501 2297 perseverabalis

1917 2317 2275 2389 blasphemias
2305 2318 2563 2388 iacientes
2610 2319 2660 2372 in
2698 2319 2908 2373 Deum?
2942 2317 3127 2374 Nonne
3170 2318 3505 2390 Beelpltcgor

1922 2408 2111 2463 initiati
2151 2409 2316 2465 estis?
2344 2409 2530 2464 Nonne
2560 2409 2695 2465 ﬁlios
2723 2418 2932 2464 vestros
2956 2425 3020 2465 ac
3064 2411 3198 2465 tilias
3233 2411 3503 2466 sacriﬁca-

1921 2498 2020 2553 stis
2052 2498 2352 2566 dmmoniis,
2396 2509 2452 2556 et
2478 2514 2638 2556 omne
2680 2500 2968 2571 impietatis
2998 2501 3306 2572 peccatique
3333 2516 3502 2572 genus

1921 2588 2237 2646 exhibuistis
2259 2591 2284 2644 ?
2306 2590 2494 2647 Nonne
2527 2589 2781 2661 propheta
2822 2590 2974 2646 vobis
3013 2590 3112 2646 sub
3137 2606 3366 2660 persona
3411 2591 3503 2645 Dei

1927 2682 2163 2753 loquitur
2190 2701 2203 2737 :
2233 2683 2586 2757 Quadraginta
2624 2700 2784 2738 annos
2827 2684 3053 2753 infensus
3082 2684 3159 2754 fui
3202 2683 3509 2754 generutioni

1927 2774 2066 2840 huic,
2093 2784 2139 2827 et
2163 2773 2291 2842 dixi,
2331 2791 2527 2844 semper
2560 2785 2730 2830 errant
2755 2775 2907 2829 corde
2936 2773 3109 2845 (Psal.
3138 2775 3226 2830 94.
3260 2773 3385 2843 10)?
3407 2773 3505 2842 Qui

1930 2864 2043 2921 ﬁeri
2076 2866 2265 2936 potuit,
2307 2875 2365 2921 ut
2408 2875 2516 2921 tum
2540 2882 2637 2922 vos
2680 2882 2784 2922 non
2828 2875 3166 2922 aversarctur
3208 2866 3368 2931 Deus,
3415 2866 3510 2921 sed

1932 2967 2049 3026 post
2090 2959 2462 3012 mactationem
2519 2958 2768 3024 ﬁliorum,
2818 2968 2941 3028 post
2985 2957 3245 3012 idolorum
3287 2958 3508 3019 cultum,

1932 3056 2050 3116 post
2093 3056 2290 3102 tantam
2337 3048 2749 3118 improbitatem,
2780 3058 2901 3118 post
2930 3047 3248 3102 ineffabilem
3290 3048 3510 3118 ingrati-

1933 3138 2190 3204 tudinem,
2212 3139 2372 3193 etiam
2404 3139 2712 3208 prophetam
2740 3138 2878 3209 apud
2905 3154 3000 3194 vos
3024 3154 3147 3194 esse
3183 3154 3371 3212 passus
3407 3149 3510 3201 est,

1933 3245 2180 3301 magnum
2229 3230 2374 3283 illttttt
2422 3230 2641 3290 Μυεμηι,
2685 3230 2941 3301 signaque
2981 3229 3147 3284 edidit
3182 3229 3418 3283 miranda
3461 3240 3517 3283 et

1936 3321 2233 3392 prodigiosa
2260 3339 2273 3375 :
2304 3336 2526 3392 qumque
2560 3321 2659 3376 sub
2679 3321 2783 3377 alio
2818 3321 3117 3376 mortalium
3144 3322 3354 3378 nemine
3378 3320 3514 3376 facta

1935 3422 2080 3480 sunt,
2129 3412 2241 3468 lucc
2284 3414 2423 3468 inter
2464 3429 2559 3468 vos
2598 3415 2957 3483 contigerunt,
2991 3414 3180 3469 nebula
3221 3428 3383 3483 su,cr
3424 3428 3518 3467 vos

1936 3506 2060 3561 tecti
2082 3508 2196 3562 vice
2223 3519 2486 3576 porrecta,
2511 3507 2756 3561 columna
2782 3506 3012 3561 lucerna:
3044 3505 3163 3561 loco
3190 3521 3281 3560 vos
3313 3519 3514 3574 praece-

1937 3597 2112 3661 dente,
2146 3597 2384 3652 hostibus
2412 3597 2551 3651 ultro
2572 3597 2903 3661 cedentibus,
2930 3595 3231 3651 civitatibus
3254 3595 3366 3650 sola
3394 3610 3517 3665 pro-

1940 3689 2222 3758 pemodum
2262 3703 2396 3743 voce
2432 3687 2642 3757 captis?
2676 3687 2792 3741 Non
2837 3686 3001 3741 armis
3026 3686 3176 3740 vobis
3210 3702 3347 3755 opus
3384 3694 3519 3751 erat,

1941 3797 2045 3836 non
2071 3782 2206 3847 acie,
2235 3796 2340 3837 non
2374 3796 2581 3851 pugna;
2611 3782 2735 3850 quia
2767 3780 2936 3834 solum
2960 3777 3268 3833 insonuistis
3296 3779 3439 3837 tuba,
3467 3788 3523 3831 ct

1941 3875 2080 3929 ultro
2119 3874 2313 3927 mtrnia
2339 3880 2675 3927 corruerunt.
2709 3869 3089 3940 Suppeditatus
3121 3879 3205 3924 est
3233 3869 3384 3923 vobis
3427 3884 3522 3921 no-

1943 3979 2039 4019 vus
2076 3964 2292 4033 quidam
2332 3972 2388 4018 et
2414 3961 2679 4016 inauditus
2719 3969 3068 4025 commeatus,
3107 3959 3173 4014 de
3200 3975 3306 4030 quo
3331 3958 3526 4013 clamat

1944 4045 2198 4126 propheta
2223 4053 2443 4107 dicens:
2469 4050 2666 4106 Panem
2691 4051 2801 4105 εωΙὶ
2830 4050 2967 4104 dedit
2994 4051 3084 4115 eis,
3114 4065 3293 4117 panem
3319 4048 3523 4118 angelo-

1942 4162 2054 4200 rum
2102 4144 2315 4198 comedit
2359 4143 2507 4197 homo
2529 4159 2549 4198 :
2572 4141 2763 4197 cibaria
2813 4142 2946 4194 misit
2999 4140 3069 4193 eis
3114 4139 3168 4192 in
3214 4137 3524 4191 abundantia

1945 4235 2115 4309 (Psat.
2150 4236 2237 4290 77.
2275 4235 2392 4304 25).
2422 4234 2625 4302 Quibus
2661 4233 2821 4304 igitur
2844 4233 2911 4287 dc
2950 4232 3145 4295 causis,
3184 4230 3344 4284 dicite
3370 4229 3521 4291 mihi,

1946 4339 2072 4384 tunc
2098 4334 2445 4397 aspernantes
2483 4325 2669 4388 Deum,
2710 4324 2990 4379 simulacra
3031 4322 3291 4388 colentes,
3328 4320 3526 4375 liberos

1947 4427 2259 4484 mactantes,
2290 4416 2576 4488 prophetas
2598 4415 2857 4487 lapidibus
2892 4414 3202 4479 ohruentes,
3248 4413 3525 4466 innumera

1947 4513 2149 4569 scelera
2167 4518 2555 4583 perpetrantes,
2578 4516 2776 4564 tantam
2804 4504 3223 4563 benevolentiam
3245 4502 3375 4559 estis
3395 4517 3526 4557 con-

1948 4604 2181 4676 sequuti,
2237 4609 2438 4657 tantam
2484 4615 2516 4655 a
2566 4600 2677 4655 Deo
2719 4598 3104 4670 providentiam
3142 4614 3159 4652 :
3192 4609 3333 4651 nunc
3379 4609 3528 4655 vero,

1947 4713 2071 4753 cum
2098 4711 2197 4752 nec
2222 4696 2359 4751 idola
2387 4694 2597 4760 colatis,
2627 4708 2727 4748 nec
2750 4692 2947 4748 liberos
2971 4689 3243 4755 occidatis,
3276 4703 3376 4745 nec
3405 4704 3530 4758 pru-

1949 4788 2425 4861 phetaslapidetis,
2458 4787 2511 4842 in
2533 4795 2791 4859 perpetua
2817 4785 3007 4856 degitis
3032 4782 3373 4854 captivitate?
3397 4781 3529 4835 Nutu

1950 4884 2092 4940 enim
2135 4892 2244 4938 tum
2285 4882 2418 4937 alius
2460 4893 2573 4937 erat
2621 4882 2777 4946 Deus,
2817 4894 2977 4949 quam
3029 4891 3171 4932 nunc
3189 4876 3308 4930 est?
3338 4875 3531 4928 Annon

1952 4974 2091 5030 idem
2119 4985 2220 5039 est,
2250 4975 2339 5044 qui
2370 4980 2479 5028 tum
2524 4973 2609 5027 illa
2651 4970 2998 5043 gubernabat,
3041 4976 3097 5024 et
3127 4968 3217 5038 qui
3247 4979 3389 5019 nunc
3413 4978 3531 5034 quae

1954 5067 2084 5120 ﬁunt
2133 5065 2419 5135 operatur?
2468 5063 2603 5132 Quid
2654 5061 2812 5132 igitur
2859 5061 2913 5115 in
2950 5073 3109 5115 causa
3152 5057 3267 5122 fuit,
3316 5064 3372 5110 ut
3409 5069 3531 5111 cum

1952 5155 2284 5225 gravioribus
2314 5154 2544 5224 peccatis
2583 5152 2944 5215 abundaretis,
2985 5149 3200 5205 uberior
3226 5148 3383 5203 fuerit
3408 5162 3532 5215 erga

1956 5264 2050 5304 vos
2076 5249 2168 5303 Dei
2196 5246 2547 5304 beneﬁcentia
2575 5262 2591 5308 ;
2622 5259 2762 5299 nunc
2802 5258 2950 5309 vero,
2977 5257 3097 5296 cum
3126 5242 3321 5296 leviora
3349 5253 3533 5308 pecca-

1957 5342 2041 5403 tis,
2092 5351 2308 5406 prorsus
2356 5351 2454 5391 vos
2497 5342 2790 5401 aversetur,
2838 5342 3213 5402 perpetuaque
3258 5327 3533 5383 tradiderit

1958 5428 2256 5500 ignominia:
2276 5426 2300 5481 ?
2321 5426 2532 5481 Etenim
2563 5425 2606 5479 si
2632 5439 2728 5480 vos
2753 5438 2890 5478 nunc
2913 5422 2983 5477 ob
3006 5424 3208 5477 scelera
3235 5430 3528 5483 avet-satur,

1957 5522 2125 5578 multo
2164 5520 2331 5591 magis
2375 5527 2500 5574 tunc
2536 5516 2789 5588 oportuit.
2816 5515 2968 5585 Quod
3012 5515 3056 5568 si
3097 5523 3221 5569 tuttc
3248 5528 3341 5566 vos
3371 5512 3531 5566 susti-

1958 5618 2070 5672 tutit
2099 5614 2261 5686 impie
2287 5614 2549 5677 viventes,
2580 5626 2721 5665 nunc
2742 5610 2907 5664 multo
2932 5608 3098 5677 magis
3130 5604 3408 5675 oportebat
3444 5617 3532 5657 su-

1959 5709 2178 5775 stinere,
2211 5722 2329 5761 cum
2365 5703 2494 5760 nihil
2543 5702 2712 5758 simile
2738 5700 3098 5757 contmittatis.
3129 5699 3294 5766 Quam
3321 5693 3389 5751 ob
3414 5707 3526 5747 rem
