3990 6198
574 216 671 271 907

571 327 731 398 igitur
780 345 884 385 non
928 332 1220 386 sustinuit?
1264 333 1321 388 Si
1350 349 1442 388 vos
1487 336 1649 401 pudet
1679 354 1894 396 causam
1936 342 2137 419 dicere,

576 437 671 490 ego
699 421 924 476 dilucide
949 423 1270 491 profitebor;
1304 424 1410 479 imo
1438 429 1612 496 potius
1629 445 1735 485 non
1760 447 1882 503 ego,
1912 433 2007 489 sed
2034 435 2144 503 ipsa

577 527 748 567 rerum
782 513 992 569 veritas.

646 622 757 676 Nar
770 623 954 680 Christi
970 626 1006 680 .1
1010 628 1167 683 aduris
1178 645 1331 684 causa
1349 633 1977 710 malorum—Postquam
1993 641 2146 699 Citri-

570 727 709 769 stum
739 717 1030 784 occidistis,
1054 733 1332 792 postquam
1361 725 1413 778 in
1443 725 1721 782 Dominum
1745 730 1998 800 injecistis
2027 750 2142 788 ma-

571 820 689 871 nus,
719 815 995 878 postquam
1020 812 1332 881 sanguinem
1353 814 1499 869 illum
1533 820 1819 885 pretiosum
1850 821 2139 891 effudistis;

573 909 855 967 prapterea
877 914 983 952 non
1001 909 1081 953 est
1103 901 1251 955 vobis
1276 903 1477 973 reliqua
1501 908 1797 977 corrigendi
1832 926 1952 980 spes
1974 929 2146 984 neque

571 988 742 1055 venia,
774 1004 944 1060 neque
971 993 1232 1062 purgatio.
1256 994 1389 1049 Tum
1420 997 1561 1051 enim
1587 1016 1712 1069 quae
1754 1017 1846 1070 per
1871 1005 2143 1061 audaciam

569 1083 934 1151 perpetrastis,
980 1084 1033 1138 in
1077 1099 1260 1142 servos
1309 1092 1673 1158 perpetrastis,
1726 1094 1777 1146 in
1825 1096 2044 1166 lllosem,
2094 1100 2144 1152 in

575 1172 783 1237 Isaiam,
818 1175 868 1229 in
896 1175 1219 1243 Jeremiam;
1263 1187 1374 1236 tum
1428 1184 1636 1237 tametsi
1694 1185 1937 1254 impietas
1971 1192 2144 1260 aliqua

568 1265 1019 1334 committebatur,
1077 1278 1131 1322 at
1158 1268 1377 1325 audacia
1415 1272 1647 1327 nondum
1688 1288 2020 1344 processerat
2058 1296 2147 1333 us-

569 1369 672 1420 que
706 1354 771 1408 ad
800 1356 1057 1411 malorum
1085 1370 1263 1429 caput.
1303 1360 1452 1416 Nunc
1493 1373 1670 1420 autem
1703 1371 1878 1423 onmia
1902 1380 2141 1426 veterum

572 1444 802 1500 facinora
829 1448 1141 1516 superastis,
1172 1465 1271 1504 nec
1296 1452 1457 1506 ullum
1483 1466 1629 1509 retro
1652 1457 1935 1527 reliquistis
1954 1463 2141 1532 nequi-

572 1532 655 1587 tia:
694 1536 928 1602 culmen,
966 1539 1036 1593 ob
1079 1539 1370 1608 insaniam,
1417 1560 1517 1613 qua
1565 1546 1870 1603 debacchati
1921 1553 2051 1607 estis
2091 1553 2140 1607 in

568 1621 858 1692 Christum,
886 1642 1055 1696 eoque
1081 1644 1218 1684 nunc
1237 1634 1508 1700 graviores
1533 1636 1677 1689 luitis
1706 1652 1909 1707 pinnas.
1931 1640 2141 1698 Etenim

568 1714 613 1768 si
637 1713 753 1769 inec
791 1727 1001 1772 nonest
1027 1734 1185 1774 causa
1217 1722 1517 1790 ignominia:
1557 1735 1768 1795 vestrm,
1803 1744 1969 1799 quare
2003 1733 2143 1790 Deus

571 1816 665 1857 vos
687 1812 799 1856 tum
821 1803 1134 1862 occidentes
1157 1807 1360 1865 liberos
1382 1820 1594 1867 vestros
1610 1814 2035 1881 toleravit,nunc
2052 1837 2145 1877 au-

571 1902 677 1947 tem
693 1907 723 1946 a
739 1894 939 1950 talibus
960 1896 1305 1956 abstinentes
1323 1906 1635 1960 aversatur?
1653 1906 1932 1977 Siquidem
1952 1913 2140 1970 occiso

568 1981 785 2045 Christo
806 1986 984 2052 majus
1012 1990 1342 2063 graviusque
1372 1996 1553 2052 scelus
1585 2001 2143 2074 commisistis,quam

571 2071 616 2128 si
658 2079 1004 2133 titactassctis
1039 2080 1261 2144 liberos,
1300 2097 1350 2137 ct
1373 2100 1589 2140 onmem
1622 2089 1788 2154 legem
1811 2092 2128 2151 violassetis.

640 2166 692 2220 '5.
735 2166 978 2223 Etiamne
1030 2173 1251 2240 posthac
1292 2176 1557 2233 audebitis
1582 2181 1725 2235 illum
1751 2199 1941 2241 vocare
1972 2187 2140 2258 impo—

564 2268 763 2311 storem
792 2272 855 2312 ac
884 2259 1015 2331 legis
1041 2271 1493 2334 transgressorem
1550 2286 1613 2325 ac
1639 2288 1741 2327 non
1771 2276 1944 2344 potius
1961 2278 2140 2349 aliquo

564 2346 895 2416 secedentes,
941 2367 1035 2407 vos
1078 2354 1222 2422 ipsos
1260 2359 1627 2428 occultabitis,
1678 2365 1767 2434 qui
1803 2366 1933 2436 ipsis
1972 2346 2142 2426 omnis

565 2436 869 2495 intueamini
910 2451 1013 2495 tam
1044 2446 1343 2503 evidentem
1374 2452 1690 2508 veritatem?
1719 2456 1928 2513 Etenim
1962 2457 2010 2513 si
2036 2459 2135 2514 im-

567 2535 747 2594 postor
763 2540 878 2585 erat
898 2531 1073 2600 Jesus,
1103 2545 1158 2589 ut
1181 2536 1375 2603 dicitis,
1396 2541 1627 2613 legisque
1649 2554 2024 2617 transgressor,
2047 2566 2142 2619 par

562 2629 697 2682 erat;
726 2631 782 2674 ut
803 2622 927 2679 hinc
954 2627 1110 2682 etiam
1136 2629 1345 2686 laudem
1371 2633 1597 2701 ferretis,
1626 2639 1716 2704 qui
1748 2642 1903 2696 talem
1925 2642 2137 2698 occide-

566 2713 711 2766 retis.
740 2713 869 2772 Nam
894 2717 938 2771 si
967 2718 1191 2776 Phinees
1222 2729 1375 2779 unico
1402 2736 1602 2783 tantum
1625 2743 1899 2802 perempto
1926 2734 2140 2790 homine

564 2810 724 2856 totam
747 2807 977 2863 numinis
998 2810 1129 2865 iram
1151 2811 1404 2870 adversus
1426 2820 1673 2887 populum
1699 2824 2137 2884 exardescentem

561 2890 761 2947 sedavit
794 2912 807 2948 :
861 2896 1017 2954 Stetit
1072 2902 1226 2969 enim,
1265 2904 1449 2975 inquit,
1497 2908 1732 2976 P/tinees,
1771 2924 1818 2968 et
1853 2915 2068 2985 placavit
2092 2928 2139 2973 et

560 2984 766 3036 Cessavit
814 2989 1065 3049 quassatio
1118 2990 1288 3061 (Psal.
1336 2996 1457 3053 105.
1498 3000 1627 3071 50);
1683 2984 1863 3075 totque
1898 3006 2139 3065 homines

559 3075 751 3143 eripuit
774 3077 842 3132 ab
867 3079 940 3133 ira
967 3080 1139 3137 divina
1169 3087 1323 3143 mnus
1350 3088 1577 3146 hominis
1602 3094 1750 3151 caede
1783 3112 1797 3151 :
1828 3099 1995 3153 multo
2020 3116 2138 3155 ma-

557 3166 637 3235 gis
664 3166 776 3222 lucc
810 3169 961 3225 vobis
987 3178 1221 3243 oportuit
1243 3178 1505 3248 accidere,
1546 3183 1591 3236 si
1619 3183 1748 3253 legis
1782 3197 2139 3259 transgressor

560 3266 692 3321 erat,
725 3276 881 3329 quem
919 3279 1011 3318 vos
1038 3267 1393 3325 cruciﬁsistis.
1430 3271 1537 3327 Cur
1562 3274 1736 3343 igitur,
1764 3294 1965 3347 quasso,
2008 3281 2136 3335 Phi-

561 3364 708 3413 necs,
730 3351 843 3405 viro
862 3352 990 3422 legis
1009 3363 1398 3426 transgressore
1418 3376 1711 3434 perempto,
1734 3367 1903 3436 justus
1930 3372 2136 3429 habitus

555 3446 658 3505 est,
693 3448 747 3492 et
781 3443 1080 3498 sacerdotio
1115 3445 1405 3505 honoratus
1434 3451 1624 3522 (Nam.
1653 3456 1741 3511 25.
1773 3456 1868 3530 7)?
1907 3460 2013 3516 Vos
2034 3477 2134 3517 au-

561 3538 664 3581 tem
695 3544 815 3584 cum
843 3532 894 3585 in
924 3548 1135 3589 crucem
1155 3538 1372 3607 egeritis
1396 3542 1564 3596 virum
1594 3544 1952 3615 impostorem,
1978 3561 2032 3606 ut
2051 3553 2136 3609 di-

556 3616 699 3683 citis,
749 3619 961 3691 Deoque
1002 3622 1370 3684 adversantem
1411 3646 1426 3682 :
1477 3632 1568 3701 qui
1598 3634 1675 3699 tit,
1722 3646 1779 3691 ut
1815 3653 1921 3694 non
1953 3639 2136 3701 feratis

558 3709 763 3769 laudem
786 3723 840 3769 et
857 3713 1133 3784 honorem,
1158 3735 1339 3775 verum
1361 3724 1520 3778 etiam
1548 3727 1820 3784 acerbiora
1845 3734 2133 3805 passisitis,

554 3820 710 3874 quam
740 3822 857 3862 cum
887 3808 1023 3864 ﬁlios
1041 3820 1246 3866 vestros
1266 3819 1606 3876 mactaretis?
1635 3821 1825 3876 Annon
1850 3824 1988 3881 istud
2018 3842 2139 3896 per-

553 3897 793 3965 spicuum
821 3908 902 3954 est
933 3901 1012 3955 vel
1049 3901 1344 3971 hebetibus,
1370 3922 1467 3961 vos
1500 3911 1618 3978 quia
1657 3912 1913 3987 adversus
1942 3915 2135 3973 Serva-

500 4023 507 4029 -
555 4000 725 4045 torem
760 4006 822 4047 ac
852 3992 1144 4064 principem
1172 3997 1314 4052 orbis
1341 4000 1499 4069 impie
1523 4004 1724 4072 egistis,
1767 4007 1857 4063 tali
1892 4009 2135 4067 vindicta:

553 4082 774 4150 subjici?
818 4087 881 4140 lit
925 4104 1062 4141 mute
1098 4104 1227 4145 sane
1264 4091 1540 4148 abstinetis
1575 4112 1604 4148 a
1631 4098 1831 4155 nefario
1856 4105 2130 4172 sanguine,

553 4179 769 4233 sabbata
808 4182 1052 4248 servatis,
1089 4192 1195 4237 tum
1225 4198 1355 4240 vero
1382 4186 1550 4255 ipsum
1585 4190 1744 4244 etiam
1770 4192 1974 4249 sabbati
1993 4193 2134 4250 diem

554 4269 851 4325 violahatis.
890 4273 957 4327 At
982 4287 1106 4328 ecce
1138 4274 1277 4330 Deus
1305 4291 1400 4346 per
1420 4277 1705 4334 Jeremiam
1733 4282 1974 4351 promisit
1995 4283 2129 4351 fore,

553 4370 609 4414 ut
652 4372 890 4431 parceret
943 4365 1138 4419 civitati
1185 4376 1398 4434 vestra},
1456 4371 1499 4425 si
1557 4370 1881 4429 desisteretis
1925 4386 2134 4445 gestare

553 4466 713 4505 onera
743 4452 963 4508 sabbato
979 4453 1109 4519 (Jer.
1134 4457 1220 4511 17.
1247 4456 1361 4528 21).
1388 4459 1490 4514 Sed
1521 4460 1622 4516 hoc
1646 4478 1788 4519 nunc
1815 4464 2005 4528 facitis,
2035 4482 2131 4522 ne-

552 4557 653 4610 que
680 4543 897 4612 gestatis
931 4560 1091 4599 onera
1126 4547 1381 4614 sabbato;
1424 4558 1655 4607 attamen
1696 4569 1762 4608 ne
1803 4554 1879 4609 sic
1918 4555 2129 4625 quidem

554 4634 700 4690 vobis
729 4637 1098 4692 reconciliatur
1131 4639 1241 4700 ille.
1281 4640 1413 4698 Nam
1444 4654 1713 4712 peccatum
1742 4646 1870 4701 illud
1893 4657 2127 4704 vestrum

549 4737 662 4782 erat
708 4729 943 4783 onmium
992 4731 1299 4793 maximum,
1350 4742 1406 4787 ut
1447 4734 1544 4789 ista
1584 4737 1735 4793 vobis
1772 4741 2041 4796 excusatio
2063 4739 2131 4796 de

552 4820 780 4887 peccatis
823 4835 1212 4890 supervacanea
1240 4822 1328 4877 sit.
1357 4823 1469 4878 Non
1496 4828 1636 4880 enim
1681 4828 1751 4881 ob
1787 4839 1978 4886 caetera
2006 4832 2127 4887 vita:

548 4913 851 4976 commissa.
878 4912 973 4968 sed
1007 4923 1222 4983 proliter
1246 4915 1373 4971 illud
1398 4915 1598 4973 facinus
1622 4920 1673 4973 in
1710 4920 1792 4975 his
1828 4925 1954 4977 estis
1981 4924 2128 4979 cala-

550 5008 841 5065 mitatibus.
869 5008 1022 5078 Quod
1049 5010 1100 5065 ni
1127 5011 1204 5066 sic
1232 5010 1472 5079 haberet,
1502 5013 1641 5069 Deus
1662 5013 1800 5070 haud
1826 5032 1919 5071 vos
1944 5017 2128 5072 fuisset

549 5102 746 5157 tamdiu
766 5113 1060 5167 aversatus,
1088 5104 1295 5159 etiamsi
1325 5107 1597 5163 innumera
1618 5107 1720 5161 alia
1748 5120 1959 5176 peccata
1981 5125 2126 5164 com-

548 5193 843 5248 misissetis.
887 5193 943 5247 id
985 5211 1103 5248 cum
1150 5197 1484 5266 perspicuum
1522 5199 1591 5252 sit
1627 5215 1691 5253 ex
1731 5201 1974 5257 oumibus
2006 5217 2123 5271 qum

545 5286 684 5341 dicta
712 5296 857 5352 sunt,
882 5302 944 5340 ex
964 5285 1084 5353 hoc,
1116 5288 1255 5357 quod
1281 5287 1517 5345 dicturus
1536 5306 1674 5355 sum,
1698 5291 1798 5345 erit
1819 5291 2117 5348 dilucidius.

545 5376 679 5444 Quid
709 5386 791 5430 est
822 5377 962 5431 hoc?
987 5377 1296 5433 Audivimus
1323 5380 1483 5435 Deum
1508 5382 1695 5437 crebro
1721 5398 1813 5449 per
1842 5382 2122 5450 prOphetas

546 5467 808 5522 dicentem
844 5469 1130 5537 majoribus
1156 5470 1387 5530 vestris:
1427 5468 1529 5525 Vos
1568 5472 1770 5541 quidem
1806 5475 1957 5528 eratis
1983 5474 2122 5544 digni

548 5553 705 5609 malis
726 5554 1038 5622 innumeris,
1054 5568 1212 5628 atego
1231 5561 1374 5629 [acia
1397 5571 1611 5632 propter
1632 5577 1816 5615 nomen
1846 5576 2037 5623 meum,
2056 5574 2116 5614 ne

547 5644 860 5715 profanetur
886 5650 1019 5703 inter
1050 5650 1233 5707 Gentes
1256 5653 1473 5722 (Exerit.
1499 5655 1587 5711 '56.
1611 5654 1725 5714 21).
1749 5654 1815 5708 Et
1842 5670 2059 5711 rursum
2099 5671 2112 5709 :

1306 222 1361 277 S.
1403 222 1679 281 JOANNIS
1716 226 2181 287 CHRYSOSTOE-l!
2216 235 2526 296 ARCHIEP.
2564 242 3095 305 CONSTANTINOP.

3608 272 3632 328 9

2245 276 2484 296 ...υιιιυι
2512 279 2526 293 .
2566 276 2733 298 υυα.)
2747 276 2765 299 ι
2782 276 2867 301 .1“
2887 276 2902 302 ι
2922 276 3095 305 suur.
3608 276 3692 334 903

2245 344 2372 402 Non
2393 358 2607 417 propter
2628 365 2716 403 eos
2736 367 2827 421 ego
2855 351 3019 419 facio,
3044 352 3226 410 dornus
3255 357 3427 428 Israel,
3453 374 3523 424 sed
3538 392 3701 450 propter

2239 454 2427 493 nomen
2457 455 2625 493 meum
2648 439 2751 511 (Ib.
2785 458 2832 496 υ.
2853 442 2966 502 52).
2993 442 3202 502 Sensus
3224 459 3388 507 autem
3405 456 3478 515 hic
3500 439 3705 529 esten.

2238 530 2310 582 tis
2336 531 2554 599 quidem
2585 533 2933 600 gravioribus
2964 535 3114 606 digni
3160 544 3418 611 suppliciis
3443 566 3497 606 ac
3527 563 3705 624 pinnis:

2237 636 2426 676 verum
2450 625 2661 694 nequis
2688 625 2916 690 diceret,
2947 630 3095 698 quod
3119 631 3276 698 Deus,
3305 652 3418 693 cum
3446 643 3507 698 ob
3524 646 3706 720 inapism

2237 713 2435 770 virium
2465 731 2573 769 non
2602 728 2787 786 posset
2805 733 3047 785 servare,
3064 723 3278 793 reliquit
3299 726 3491 790 Iudaeos
3514 736 3559 791 in
3574 713 3708 798 niani-

2235 805 2337 859 bus
2370 807 2634 872 hostium,
2661 809 2902 866 auxilior
2932 820 2988 867 et
3017 817 3290 886 prospicio
3318 823 3475 880 vobis.
3501 828 3652 901 Itaque
3675 840 3708 893 si

2234 897 2368 967 legis
2405 905 2781 971 transgressor
2813 912 2931 958 erat
2961 906 3233 969 Christus,
3262 927 3411 981 quem
3436 932 3521 974 vos
3545 897 3710 980 cruciﬁ-

2233 993 2411 1052 sistis.
2448 993 2666 1048 etiamsi
2698 995 2884 1051 decies
2926 998 3075 1054 mille
3107 1011 3321 1069 peccata
3346 1010 3709 1084 commisissetis,

2228 1083 2401 1138 multo
2422 1085 2586 1139 etiam
2620 1088 2897 1155 prioribus
2936 1087 3047 1145 illis
3071 1092 3317 1161 graviora
3341 1114 3355 1150 :
3385 1098 3596 1166 profecto
3619 1083 3711 1173 pro;

2228 1182 2350 1241 pter
2406 1175 2509 1229 hoc
2564 1175 2769 1232 factum
2820 1191 3096 1237 servasset
3142 1199 3238 1239 vos
3275 1184 3427 1253 Deus,
3468 1206 3527 1245 ne
3563 1209 3711 1251 nomen

2227 1264 2400 1332 ipsius
2435 1267 2789 1336 pollueretur,
2827 1286 2895 1326 ne
2933 1272 3025 1328 ille
3069 1289 3168 1345 pro
3207 1290 3396 1347 magno
3418 1281 3614 1349 quodam
3638 1285 3711 1340 lia-

2227 1356 2467 1418 beretur.
2507 1375 2645 1417 neve
2680 1363 2806 1430 quis
2851 1364 3085 1429 diceret,
3119 1381 3219 1422 vos
3266 1368 3431 1438 ipsius
3471 1388 3609 1430 causa
3629 1377 3713 1433 haec

2225 1443 2349 1511 pati.
2377 1444 2526 1511 Quod
2556 1446 2599 1499 si
2633 1446 2837 1502 videtur
2859 1450 2927 1502 ob
2942 1465 3090 1504 suam
3119 1451 3283 1521 ipsius
3306 1455 3509 1525 gloriam
3531 1460 3712 1517 relaxare

2224 1541 2459 1599 peccata,
2490 1534 2656 1588 multo
2679 1537 2844 1606 magis
2872 1536 2973 1593 hoc
2998 1555 3136 1595 nunc
3166 1551 3281 1601 erat
3304 1542 3545 1611 facturus;
3571 1557 3615 1602 et
3641 1565 3716 1603 ca-

2221 1620 2340 1675 dem
2364 1620 2497 1677 hanc
2518 1633 2790 1694 acceptam
2825 1629 3112 1696 habuisset,
3153 1646 3218 1685 ac
3243 1633 3593 1691 multitudinem
3625 1653 3715 1707 pee-

2178 1758 2191 1765 -
2221 1721 2459 1768 calorum
2488 1724 2783 1771 vestrorum
2810 1718 3115 1777 delevisset.
3139 1721 3397 1779 Caeterum
3419 1729 3658 1796 quoniam,
3677 1742 3719 1785 ut

2222 1814 2459 1871 apparet,
2490 1821 2584 1861 vos
2604 1818 2860 1877 perpetuo
2883 1822 3180 1880 aversatur,
3226 1815 3390 1884 palam
3416 1829 3490 1872 est
3529 1834 3627 1873 enim
3654 1837 3721 1888 per

2225 1891 2358 1950 lianc
2385 1895 2515 1952 iram
2558 1908 2613 1954 et
2651 1910 2959 1969 perpetuam
3004 1903 3398 1962 derelictionem
3428 1909 3724 1968 demonstrare

2221 1987 2380 2036 etiam
2421 1986 2895 2055 impudentioribus
2919 2007 3063 2057 eum,
3101 1995 3195 2065 qui
3226 2011 3258 2051 a
3282 1998 3426 2053 vobis
3454 2001 3630 2054 occisus
3646 2011 3722 2067 est,

2223 2088 2326 2127 non
2353 2074 2513 2131 fuisse
2535 2086 2980 2150 transgressorem
3011 2083 3163 2154 legis,
3204 2086 3298 2142 sed
3319 2087 3478 2157 ipsum
3499 2091 3608 2159 legis
3625 2106 3723 2145 con.

2221 2166 2469 2235 ditorem,
2493 2179 2548 2224 et
2568 2170 3029 2230 innumerabilium
3056 2176 3323 2233 bonorum
3354 2192 3598 2236 auctorem
3618 2184 3727 2237 vobis

2218 2258 2517 2316 advenisse.
2548 2261 2674 2317 Ideo
2699 2279 2795 2320 vos
2811 2266 2900 2335 qui
2932 2267 3094 2337 impie
3123 2268 3326 2326 fecistis
3345 2271 3574 2327 adversus
3598 2272 3727 2335 illum,

2221 2350 2272 2404 in
2289 2353 2605 2409 contumelia
2631 2362 2688 2410 et
2707 2355 2990 2427 ignominia
3015 2358 3244 2430 degitis:
3276 2376 3371 2416 nos
3394 2377 3515 2417 vero
3526 2362 3601 2432 qui
3621 2362 3731 2416 illum

2217 2443 2521 2513 adoramus,
2547 2457 2701 2502 antea
2732 2449 2881 2505 vobis
2906 2452 3153 2507 omnibus
3180 2453 3539 2523 ignobiliores,
3575 2454 3732 2507 honore

2220 2550 2313 2588 vos
2337 2552 2522 2592 omnes
2549 2540 2915 2608 praecedimus,
2962 2557 3164 2612 perque
3196 2543 3293 2598 Dei
3318 2544 3527 2614 gratiam
3557 2557 3735 2599 venen~

2220 2623 2432 2681 biliores
2468 2627 2617 2683 vobis
2645 2630 2890 2687 omnibus
2913 2646 3099 2688 sumus
3130 2644 3193 2688 et
3225 2633 3279 2688 in
3317 2632 3507 2703 majore
3534 2633 3736 2701 dignitate

2217 2716 2507 2771 constituti.
2539 2719 2603 2774 Et
2623 2718 2764 2777 unde
2789 2720 2972 2791 liquet,
3013 2723 3284 2792 inquiunt,
3326 2724 3461 2795 quod
3488 2738 3576 2779 nos
3592 2723 3741 2792 repulit

2222 2808 2396 2863 Dens?
2420 2809 2613 2876 Quaeso
2638 2822 2711 2878 te,
2730 2814 2964 2870 etiamne
2988 2830 3124 2885 opus
3146 2825 3237 2871 est
3267 2815 3367 2871 hoc
3382 2815 3545 2870 verbis
3565 2814 3738 2868 demon-

2217 2908 2408 2965 strare,
2436 2916 2557 2956 cum
2580 2902 2692 2972 ipsa
2707 2918 2795 2959 res
2813 2905 3067 2971 clamitet,
3088 2920 3154 2961 ac
3175 2921 3362 2962 vocem
3384 2905 3500 2961 tuba
3513 2905 3740 2960 clariorem

2216 2990 2441 3058 emittat,
2493 3000 2601 3048 tum
2644 3009 2743 3064 per
2770 2995 2916 3051 urbis
2950 2996 3312 3063 eversionem,
3343 3006 3448 3052 tum
3481 3012 3568 3066 per
3597 2992 3741 3062 temp“

2215 3081 2626 3139 destructionem
2668 3094 2776 3140 tum
2808 3101 2904 3155 per
2929 3096 3122 3143 cmtera
3151 3088 3359 3153 omnia,
3400 3087 3563 3141 adhuc
3590 3083 3742 3138 verbo-

2217 3189 2332 3228 rum
2357 3173 2859 3232 demonstrationem
2897 3176 3253 3234 desideratis?
3294 3178 3485 3234 Verum
3527 3176 3743 3237 homines.

2216 3264 2476 3335 inquiunt,
2508 3266 2662 3323 nobis
2704 3268 2818 3323 haec
2837 3268 3146 3335 intulerunt,
3182 3283 3292 3325 non
3321 3270 3475 3325 Deus.
3516 3265 3616 3322 lmo
3639 3265 3747 3319 Deus

2216 3355 2312 3411 ista
2336 3356 2666 3426 potissimum
2692 3358 2886 3415 effecit.
2912 3360 3065 3428 Quod
3089 3362 3135 3415 si
3157 3360 3280 3417 hare
3304 3360 3589 3416 hominibus
3608 3359 3748 3425 impu-

2217 3461 2315 3513 tas,
2343 3449 2473 3505 iilud
2511 3465 2723 3507 rursum
2764 3454 3061 3517 considera,
3089 3453 3259 3523 quod,
3300 3452 3403 3509 etsi
3427 3451 3646 3506 homines
3671 3447 3748 3501 ista

2214 3540 2406 3596 fuerint
2441 3543 2578 3608 ausi,
2621 3542 2721 3597 nisi
2761 3543 2871 3600 Deo
2918 3543 3227 3613 placuisset,
3275 3560 3384 3599 non
3414 3542 3681 3613 potuissent
3697 3536 3749 3591 ad

2213 3631 2460 3687 effectum
2486 3632 2795 3703 perducere.
2818 3634 2947 3689 Cum
2966 3635 3123 3705 igitur
3144 3635 3392 3691 irruisset
3411 3636 3496 3689 ille
3520 3632 3747 3692 barbam.

2217 3733 2376 3778 totam
2407 3723 2676 3778 Persidem
2705 3738 2886 3779 secum
2911 3724 3131 3792 ducens,
3179 3740 3410 3796 sperans
3438 3725 3563 3784 fore.
3589 3728 3639 3775 ut
3658 3734 3751 3773 uin-

2216 3829 2398 3871 versos
2417 3814 2633 3870 adortus
2656 3824 2891 3885 caperet,
2936 3815 3207 3871 civitatem
3240 3825 3409 3871 totam
3438 3815 3571 3870 velut
3594 3822 3750 3880 segem

2212 3908 2438 3978 quadam
2460 3925 2522 3964 ac
2543 3909 2643 3964 reti
2667 3909 2969 3964 conclusam
3000 3910 3233 3966 habebat
3265 3927 3281 3967 :
3309 3925 3487 3965 nonne
3506 3919 3633 3966 tunc.
3657 3912 3754 3957 tunc

2215 4000 2448 4069 inquam,
2487 3998 2734 4069 quoniam
2762 3999 2899 4055 Deus
2928 4010 3046 4055 erat
3076 4001 3232 4056 vobis
3267 4000 3556 4071 propitius,
3593 3994 3754 4062 absque

2216 4088 2375 4154 bello,
2413 4089 2529 4144 sine
2559 4088 2839 4157 conﬂictu,
2894 4090 3010 4145 sine
3049 4090 3239 4159 prmlio
3281 4099 3499 4145 centum
3534 4084 3756 4153 octoginta

2213 4181 2446 4253 quinque
2481 4181 2713 4237 millibus
2752 4181 2977 4236 militum
3014 4181 3424 4237 interfectorum
3462 4176 3752 4272 Assyriorum

2214 4273 2351 4343 apud
2404 4288 2499 4327 vos
2553 4274 2790 4343 relictis,
2839 4275 2910 4331 ita
2936 4274 3101 4344 fugit,
3154 4284 3216 4329 ut
3271 4273 3408 4329 satis
3458 4270 3689 4330 haberet,
3723 4270 3755 4316 si

2215 4364 2360 4418 solus
2384 4364 2629 4420 evaderet
2654 4365 2976 4423 incolumis?
3004 4364 3200 4421 Verum
3229 4377 3287 4421 et
3321 4364 3426 4419 alia
3464 4361 3594 4417 bella
3630 4360 3753 4410 innu-

2217 4453 2484 4508 merabilia
2532 4454 2836 4526 frequenter
2870 4455 2937 4511 ad
2984 4456 3144 4511 istum
3186 4454 3416 4510 modqu
3459 4447 3755 4545 Solvit

2216 4544 2389 4612 Quare
2402 4556 2455 4602 et
2478 4564 2635 4613 nunc,
2665 4547 2765 4603 nisi
2783 4550 2896 4619 ipse
2916 4557 3058 4603 esset
3081 4546 3170 4617 qui
3196 4548 3418 4617 penitus
3438 4559 3528 4599 vos
3545 4542 3751 4595 deseruit.

2220 4653 2324 4693 non
2345 4640 2640 4709 potuissent
2661 4641 2932 4696 civitatein
2949 4649 3180 4696 vestram
3204 4639 3452 4703 diruere,
3476 4649 3537 4692 ac
3550 4628 3754 4727 tentpltltll

2218 4739 2450 4796 vastare;
2482 4746 2586 4786 non
2610 4732 2881 4802 hucusque
2907 4741 3053 4786 tanto
3086 4740 3340 4800 tempore
3370 4727 3641 4783 mansisset
3661 4718 3752 4775 soli-

2217 4821 2413 4877 tudinis
2439 4822 2729 4888 calamitas,
2771 4837 2874 4876 non
2896 4821 3048 4877 vobis
3074 4838 3220 4891 scepe
3245 4820 3571 4877 conantibus
3599 4817 3751 4871 instau-

2216 4913 2472 4969 rationem
2499 4923 2718 4969 conatus
2740 4914 2791 4970 in
2821 4929 3042 4969 vacuum
3071 4915 3354 4970 cessisset.

2284 5006 2335 5060 4.
2360 5006 2475 5060 Jam
2506 5021 2612 5060 non
2632 5021 2702 5060 ex
2730 5005 2813 5061 his
2837 5006 3028 5072 solum,
3056 5020 3245 5060 verum
3273 5005 3443 5059 etiam
3476 5015 3545 5057 ex

2217 5098 2384 5152 nahor
2407 5098 2555 5153 vobis
2579 5098 2755 5167 palam
2793 5097 2992 5162 facere,
3027 5113 3132 5152 non
3157 5110 3262 5150 sua
3298 5097 3500 5152 virtute
3532 5088 3749 5176 vobis“?

2216 5189 2403 5244 fecisse
2428 5188 2692 5243 Romanos
2728 5188 3096 5258 Imperatores,
3134 5185 3235 5242 sed
3263 5186 3394 5257 quia
3421 5184 3583 5239 Deum
3616 5173 3751 5232 lubui-

2212 5282 2308 5336 stis
2338 5281 2548 5345 iratum,
2583 5282 2668 5351 qui
2705 5296 2802 5336 vos
2825 5281 3146 5337 deseruerat.
3190 5278 3414 5333 Etenim
3455 5275 3501 5329 si
3539 5268 3663 5342 quod
3689 5278 3756 5333 ﬁ“

2212 5384 2349 5429 stum
2378 5383 2481 5443 est,
2520 5374 2804 5430 lmmanum
2831 5383 2944 5429 erat
2971 5387 3145 5443 opus:
3193 5370 3445 5441 Oportuit
3486 5374 3672 5420 vestras
3694 5367 3762 5409 α’

2213 5468 2474 5522 lamitates
2502 5466 2707 5522 excidio
2743 5465 2900 5529 liniri,
2937 5481 3034 5520 nec
3075 5463 3292 5532 longius
3326 5457 3553 5531 proferri
3573 5458 3763 5543 vestrattl

2212 5559 2573 5629 ignominiam.
2598 5559 2861 5614 Ponamus
2881 5559 3044 5623 enim,
3069 5555 3212 5628 quod
3249 5568 3355 5609 vos
3381 5549 3573 5607 dicitis,
3602 5549 3760 5629 minus

2215 5626 2280 5707 ab
2304 5650 2609 5708 hominibus
2638 5650 2796 5707 fuisse
2824 5626 3103 5709 subversa.
3130 5648 3413 5703 civitatem
3440 5643 3672 5698 dirutam,
3699 5626 3756 5681 ιι·
