3990 6198
200 343 302 403 9οἲ⁹

191 477 284 526 νος
311 461 407 517 οὖι
432 462 619 519 ῑνεκεν
650 465 753 521 οὐκ
779 468 1073 542 ήνέσχετο;
1116 472 1237 529 Κάν
1271 474 1428 544 ὑμεῖς
1455 473 1782 545 αίηύνησθε

189 547 372 601 εἰπεῖν
399 545 500 618 τὴν
531 547 732 613 αίτίαν,
768 550 880 620 ἐγὼ
908 554 1157 626 φανερῶς
1180 552 1322 628 ἐρῶ·
1353 554 1553 627 μᾶλλον
1590 555 1649 609 δὲ
1682 555 1784 609 οὑκ

192 629 328 699 ἐγὼ,
351 628 468 683 ἀλλ’
497 630 635 703 αὐτή
658 634 767 689 τῶν
797 637 1141 709 πραγμάτων
1165 639 1200 709 ὴ
1229 635 1479 710 ἀλήθεια.

279 791 497 863 Ἐπειδὴ
523 794 614 847 τὸν
645 796 877 867 Χριστὸν
906 798 1283 864 ἀπεκτείνατε,
1309 799 1497 871 ἐπειδὴ
1524 799 1667 854 κατά
1687 800 1782 855 τοῦ

192 876 469 929 Δεσπότου
506 877 605 941 τάς
646 881 836 950 χεῖρας
882 881 1206 948 ἐξετείνατε,
1239 884 1428 954 ἐπειδὴ
1456 884 1518 936 τὸ
1550 878 1689 954 αἷμα
1721 885 1784 938 τὸ

190 959 378 1031 τίμιον
409 959 681 1030 ἐξεχέατε,
714 962 803 1016 διὰ
830 963 989 1017 τοῦτο
1012 966 1115 1019 οὑκ
1145 965 1292 1020 ἐστιν
1319 967 1450 1038 ὑμῖν
1473 965 1780 1038 διόρθωσις,

191 1042 317 1097 οὐδὲ
350 1041 648 1116 συγγνώμη
678 1044 881 1111 λοιπὸν,
907 1048 1028 1101 οὑδὲ
1068 1049 1355 1118 ἀπολογία.
1383 1049 1516 1103 Τότε
1548 1050 1645 1120 μὲν
1672 1049 1784 1121 γάρ

191 1129 275 1191 είς
302 1126 524 1191 δούλους
544 1123 614 1199 ἦν
632 1128 701 1181 τά
725 1128 1071 1201 τολμώμενα,
1092 1135 1172 1196 είς
1190 1133 1427 1187 Μωῦσέα
1447 1133 1541 1187 καὶ
1554 1133 1783 1186 Ἡσαΐαν

193 1212 289 1264 καὶ
323 1211 595 1282 Ἰερεμίαν
615 1228 629 1242 ·
662 1213 785 1266 τότε
818 1215 866 1266 εί
898 1215 993 1267 καὶ
1031 1215 1261 1272 ἀσέϐειά
1286 1233 1372 1281 τις
1404 1217 1638 1286 ἐγένετο,
1667 1216 1782 1271 ἀλλ’

190 1292 351 1347 οὔπω
382 1294 445 1348 τὸ
467 1294 762 1364 κεφάλαιον
790 1297 901 1351 τῶν
928 1299 1116 1353 κακῶν
1144 1296 1212 1373 ἦν
1239 1300 1530 1373 τολμηθὲν.
1567 1301 1703 1354 Νυνὶ
1726 1300 1785 1354 δὲ

190 1378 377 1432 πάντα
404 1378 758 1449 ἀπεκρύψατε
791 1380 860 1435 τά
887 1382 1117 1448 παλαιά,
1148 1385 1325 1439 οὐδενὶ
1369 1384 1424 1437 δέ
1457 1386 1644 1457 τρόπῳ
1681 1402 1786 1438 πα-

195 1462 464 1532 ρανομίας
494 1462 796 1535 ὑπερϐολὴν
826 1465 1146 1521 κατελίπετε
1177 1468 1265 1521 διά
1294 1469 1395 1537 τῆς
1432 1472 1512 1533 είς
1550 1467 1784 1539 Χριστὸν

194 1544 429 1615 μανίας
458 1545 537 1598 διὸ
557 1546 652 1599 καὶ
681 1547 944 1618 μειζόνως
976 1549 1269 1615 κολάζεσθε
1297 1550 1411 1605 νῦν.
1432 1551 1606 1615 Ἐπεὶ,
1627 1552 1677 1604 εί
1706 1550 1781 1623 μὴ

187 1626 356 1680 τοῦτό
384 1629 501 1681 ἐστι
525 1627 587 1681 τὸ
615 1630 785 1683 αίτιον
817 1631 919 1702 τῆς
949 1631 1229 1704 παρούσης
1254 1630 1407 1705 ὑμῶν
1443 1633 1687 1705 ἀτιμίας,
1709 1633 1786 1687 τί-

188 1726 284 1774 νος
305 1710 493 1764 ἕνεκεν
516 1713 1010 1768 παιδοκτονούντων
1036 1716 1136 1787 μὲν
1158 1714 1313 1787 ὑμῶν
1335 1718 1363 1770 ό
1382 1716 1515 1781 Θεὸς
1526 1718 1784 1788 ἠνέσχετο

188 1793 341 1857 τότε,
367 1793 534 1866 μηδὲν
551 1795 609 1848 δέ
629 1796 872 1850 τοιοῦτον
893 1797 1208 1869 τολμῶντας
1228 1799 1634 1872 ἀποστρέφεται
1655 1799 1780 1864 νῦν;

189 1872 272 1930 Ἦ
302 1876 465 1948 δῆλον
489 1878 572 1932 ὅτι
600 1879 695 1933 καὶ
716 1880 1094 1944 παιδοκτονίας
1114 1883 1209 1936 καὶ
1229 1882 1413 1949 πάσης
1435 1883 1784 1953 παρανομίας
1808 1884 1817 1891 “

409 1964 593 2033 χεῖρον
635 1963 973 2036 ἐτολμήσατε
1022 1966 1119 2019 καὶ
1166 1964 1373 2039 μεῖξον,
1403 1966 1497 2021 τὸν
1548 1966 1785 2039 Χριστὸν

230 2062 289 2099 νε
358 2062 500 2099 ντες.

230 2062 500 2110 νεΑοντες.

263 2216 318 2286 γ’
330 2259 347 2273 .
378 2219 500 2273 Ἔτι
520 2215 614 2274 οὖν
637 2219 895 2288 ἀνέξεσθε
917 2220 1119 2277 πλάνον
1157 2221 1320 2277 αὐτὸν
1349 2223 1444 2277 καὶ
1466 2221 1785 2294 παράνομον

188 2302 406 2367 καλεῖν,
436 2303 627 2358 εἴπατέ
658 2321 750 2375 μοι
770 2320 785 2333 ·
821 2305 916 2358 καὶ
936 2305 1036 2360 οὑκ
1065 2305 1396 2369 ἀπελθόντες
1426 2304 1652 2369 ἐαυτούς
1679 2320 1780 2357 που

188 2384 525 2457 κατορύξετε
544 2398 572 2426 ι
603 2386 742 2459 πρὸς
790 2386 934 2441 οὕτω
983 2388 1223 2459 φανεράν
1273 2386 1619 2459 πραγμάτων
1651 2385 1784 2457 ἀλή-

188 2468 350 2522 θειαν
379 2467 827 2535 ἀντιϐλέποντεςς
872 2471 937 2525 Et
980 2470 1090 2542 γάρ
1137 2471 1337 2536 πλάνος
1378 2466 1447 2543 ἦν
1492 2474 1521 2525 6
1554 2470 1781 2542 Ἰησοῦς,

189 2551 453 2623 καθάπερ
481 2550 636 2624 [655]
666 2552 825 2623 φατὲ,
852 2554 946 2607 καὶ
985 2554 1325 2625 παράνομος,
1361 2554 1456 2609 καὶ
1495 2554 1786 2625 εὐδοκιμῆ-

190 2651 288 2689 σαι
316 2635 464 2705 ὑμᾶς
493 2636 681 2707 ἐχρῆν,
717 2636 799 2690 ὅτι
825 2636 987 2691 αὑτὸν
1012 2637 1391 2692 ἀπεκτείνατε.
1419 2638 1482 2690 Εἰ
1506 2636 1616 2710 γάρ
1648 2637 1676 2689 6
1697 2639 1788 2691 Φι-

184 2718 317 2782 νεές
343 2718 441 2773 Eva
470 2718 594 2773 τινὰ
617 2719 843 2784 ἀνελὼν,
869 2720 1160 2794 ὁλόκληρον
1183 2722 1284 2792 τὴν
1306 2720 1449 2776 κατά
1474 2720 1572 2775 τοῦ
1602 2721 1788 2786 ἔθνους

184 2803 369 2875 ὀργῆν
406 2803 673 2857 ἔπαυσεν·
714 2807 901 2875 Ἔστη
948 2806 1061 2877 γὰρ
1101 2807 1330 2874 Φινέες,
1371 2809 1526 2878 φησὶ,
1562 2807 1661 2861 καί
1691 2807 1790 2872 ἐξ·

185 2886 474 2951 ιλάσατο,
503 2887 603 2941 καί
648 2888 952 2943 ἐκόπασεν
977 2890 1017 2958 ἡ
1050 2890 1333 2957 θραῦσις’
1359 2891 1456 2945 καὶ
1499 2889 1787 2955 τοσούτους

183 2970 576 3042 ἀσεϐήσαντας
622 2969 942 3043 ἀνθρώπους
992 2972 1272 3045 ἐξήρπασε
1321 2973 1422 3043 τῆς
1470 2973 1641 3046 ὀργῆς
1691 2972 1786 3026 τοῦ

182 3052 337 3107 Θεοῦ
384 3055 485 3125 μιᾷ
534 3056 717 3127 σφαγῇ
767 3055 1088 3127 παρανόμου
1140 3055 1285 3119 τινὸς
1333 3055 1528 3127 ἀνδρός
1546 3067 1560 3083 ⁸
1608 3055 1789 3127 πολλῷ

184 3136 403 3209 μᾶλλον
428 3137 516 3206 ἐφ’
538 3136 694 3207 ὑμῶν
734 3136 895 3191 τοῦτο
918 3136 1174 3207 γενέσθαι
1220 3137 1411 3209 ἐχρῆν,
1439 3139 1493 3192 εῖ
1517 3154 1582 3206 γε
1615 3140 1792 3211 παρά-

180 3236 364 3291 νομος
410 3214 481 3291 ἦν
528 3222 557 3274 6
604 3220 694 3289 ὑφ’
724 3220 879 3291 ὑμῶν
924 3220 1277 3292 σταυρωθείς.
1308 3222 1374 3275 Τί
1406 3222 1608 3293 δήποτε
1639 3219 1733 3277 οὖν
1760 3225 1790 3278 6

183 3304 300 3374 μὲν
330 3303 520 3367 Φινεὲς
544 3302 716 3375 ἀνδρα
746 3303 1062 3375 παράνομον
1089 3303 1295 3358 ἀνελὼν
1329 3303 1654 3370 ἐδικαιοῦτο,
1694 3306 1791 3360 καὶ

180 3385 473 3459 ἱερωσύνῃ
518 3388 777 3459 ἐτιμᾶτο·
826 3387 988 3458 ὑμεῖς
1032 3388 1111 3453 δὲ,
1137 3388 1215 3451 ώς
1265 3389 1421 3459 φατὲ,
1448 3388 1649 3443 πλάνον
1695 3389 1791 3443 καὶ

176 3469 448 3524 ἀντίθεόν
469 3486 591 3525 τινα
616 3469 1047 3543 σταυρώσαντες,
1066 3472 1125 3525 οὐ
1150 3471 1312 3542 μόνον
1336 3472 1438 3526 οὐκ
1453 3473 1790 3543 εὐδοκιμεῖτε

178 3555 317 3610 ούδὶ
351 3554 611 3625 τιμᾶσθε,
637 3553 775 3610 ἀλλὰ
825 3555 920 3608 καὶ
965 3554 1325 3628 χαλεπώτερα
1353 3556 1608 3621 ἐπάθετε,
1635 3557 1668 3627 ἢ
1700 3558 1788 3611 ὅτε

178 3639 325 3703 τοὺς
361 3638 515 3702 υίοὺς
548 3638 704 3709 ὑμῶν
749 3638 1079 3707 ἐσφάττετε;
1126 3639 1229 3694 οὐκ
1271 3639 1495 3711 εὑδηλον
1540 3642 1634 3695 καὶ
1677 3641 1792 3703 τοῖς

184 3721 412 3793 σφόδρα
460 3723 729 3789 ἀνοήτοις,
770 3721 872 3785 ὅτι,
909 3721 1098 3794 ἐπειδὴ
1142 3724 1223 3787 είς
1271 3722 1365 3777 τὸν
1412 3723 1643 3795 Σωτῆρα
1697 3723 1792 3776 καὶ

180 3804 518 3877 προστάτην
555 3803 658 3876 τῆς
685 3803 1013 3876 οίκουμένης
1055 3807 1508 3877 παρηνομήσατε,
1535 3806 1792 3877 τοιαύτην

183 3889 510 3959 ὑπομένετε
559 3886 749 3959 δίκην;
802 3888 998 3942 Καίτοι
1044 3904 1109 3958 γε
1150 3888 1249 3943 νῦν
1283 3890 1380 3943 καὶ
1411 3890 1659 3962 αἱμάτων
1688 3891 1794 3943 άπ-

182 3971 391 4042 έχεσθε
425 3970 659 4041 μιαρῶν,
683 3972 778 4026 καὶ
801 3971 1048 4026 σάϐϐατα
1078 3976 1297 4045 τηρεῖτε
1315 3988 1330 4005 ο
1355 3972 1477 4027 τότε
1505 3974 1562 4027 δέ
1590 3974 1683 4028 καὶ
1712 3975 1793 4037 είς

179 4054 373 4126 αὐτὴν
400 4052 714 4125 ἐνυϐρίζετε
742 4054 843 4126 τὴν
874 4056 1108 4128 ἡμέραν.
1138 4058 1250 4110 Kal
1292 4058 1322 4110 6
1358 4057 1491 4121 Θεὸς
1521 4057 1794 4129 ἐπηγγέλ-

174 4139 322 4190 λετο
347 4134 444 4190 διά
471 4136 567 4189 τοῦ
608 4136 893 4209 Ἱερεμίου,
925 4137 1204 4208 φείδεσθαι
1236 4140 1339 4211 τῆς
1376 4141 1586 4204 πόλεως
1615 4140 1790 4211 ὑμῶν,

170 4224 243 4276 εί
270 4219 579 4275 παύσοισὼ
612 4220 858 4294 αἴροντες
882 4221 1245 4294 βαστάγματα
1269 4225 1327 4276 ἐν
1356 4224 1612 4295 σαϐϐάτῳ
1632 4240 1645 4254 ·
1676 4223 1793 4277 ἀλλ’

176 4306 313 4361 ἰδοὺ
360 4303 459 4358 νῦν
486 4303 646 4359 τοῦτο
671 4309 898 4370 ποιεῖτε,
932 4306 1027 4360 καὶ
1064 4307 1165 4360 οὐκ
1207 4308 1391 4378 αίρετε
1434 4306 1795 4379 βαστάγματα

166 4393 256 4445 ὲν
306 4390 587 4461 σαϐϐάτῳ,
637 4392 734 4444 καὶ
777 4390 897 4443 ούδέ
943 4389 1118 4454 οὕτως
1162 4389 1592 4445 καταλλάττεται
1640 4392 1791 4463 ὑμῖν.

166 4474 274 4529 Τδ
316 4474 431 4544 γὰρ
470 4474 779 4545 ἁμάρτημα
807 4474 962 4546 ὑμῶν
989 4475 1168 4528 ἐκεῖνο
1197 4473 1453 4528 ἁπάντων
1483 4474 1666 4545 μεῖζον
1702 4470 1791 4547 ἦν,

158 4558 346 4613 ὥστε
387 4557 644 4628 περιττὸς
687 4557 818 4628 ὑμῖν
856 4552 1012 4622 οὗτος
1046 4560 1076 4612 6
1103 4558 1260 4627 λόγος
1291 4558 1321 4611 6
1347 4558 1457 4611 τῶν
1487 4558 1792 4630 ἁμαρτιῶν.

159 4640 274 4696 Οὐ
306 4638 421 4709 γάρ
448 4639 538 4693 διὰ
569 4640 660 4694 τὸν
704 4640 891 4694 λοιπὸν
927 4641 1081 4712 ὑμῶν
1108 4641 1243 4711 βίον,
1269 4640 1405 4695 ἀλλὰ
1433 4641 1501 4695 δι’
1527 4642 1703 4695 ἐκεῖνο
1735 4642 1797 4695 τὸ

152 4723 467 4795 τόλμημα
494 4724 553 4775 ἐν
573 4727 684 4789 τοῖς
714 4723 982 4796 παροῦσιν
1005 4725 1127 4778 ἐστὶ
1146 4725 1530 4790 δεινοῖς.”Ωστε
1556 4726 1609 4780 εί
1630 4742 1692 4794 γε
1719 4724 1797 4797 μὴ

147 4808 367 4863 τοῦτο
394 4801 486 4877 ἦν,
515 4806 617 4860 οὑκ
643 4808 709 4861 ἂν
738 4807 832 4861 ἐπὶ
854 4807 1108 4863 τοσοῦτον
1135 4811 1164 4863 6
1188 4809 1321 4874 Θεὸς
1352 4810 1498 4881 ὑμᾶς
1522 4809 1799 4881 ἀπεστρά-

149 4909 302 4964 φη,
333 4891 386 4942 εί
417 4892 515 4944 καὶ
550 4890 717 4962 μυρία
745 4886 845 4963 ἦτε
880 4892 1289 4963 ἡμαρτηκότες·
1325 4893 1422 4947 καὶ
1451 4892 1610 4963 δῆλον
1645 4892 1710 4946 ἐκ
1734 4910 1797 4947 τε

137 4976 311 5034 τῶν
344 4974 651 5045 εἰρημένων
677 4976 951 5041 ἁπάντων,
985 4977 1082 5029 καλ⁵
1103 4976 1293 5030 τούτου
1320 4970 1382 5031 οὗ
1413 4977 1590 5044 μέλλω
1616 4976 1798 5045 λέγειν

138 5061 320 5117 νῦν.
360 5057 426 5110 Τί
453 5057 510 5111 δὲ
537 5057 697 5112 τοῦτό
731 5062 911 5122 ἐστινς
954 5059 1300 5129 Ἦκούσαμεν
1321 5059 1412 5112 τοῦ
1434 5057 1570 5113 Θεοῦ
1595 5059 1799 5113 πολλά-

136 5160 288 5206 κες
323 5140 581 5211 λέγοντος
624 5142 714 5197 διὰ
742 5143 853 5198 τῶν
881 5144 1177 5216 προφητῶν
1220 5143 1357 5214 πρὸς
1393 5145 1521 5208 τοὺς
1552 5145 1798 5218 πατέρας

128 5229 332 5289 τοὺς
381 5226 705 5298 ὑμετέρους,
748 5228 832 5280 ὅτι
874 5227 1070 5297 Ὑμεῖς
1090 5228 1209 5296 μὲν
1230 5227 1389 5291 ἄξιοι
1416 5227 1648 5295 μυρίων
1692 5225 1800 5299 ἦτε

132 5308 412 5369 κακῶν
433 5326 447 5339 ⁸
485 5310 601 5380 ἐγὼ
621 5310 710 5377 δὲ,
748 5310 902 5382 φησι,
933 5310 1081 5366 ποιῶ
1112 5310 1207 5365 διὰ
1231 5311 1299 5365 τὸ
1328 5310 1516 5380 ὄνομά
1531 5329 1671 5381 μου,
1698 5314 1800 5367 ἵνα

126 5397 281 5472 μὴ
317 5393 651 5463 ,ϐεϐηλωθῇ
681 5396 752 5449 ἐν
794 5395 921 5463 τοῖς
951 5396 1173 5453 ἔθνεσι.
1220 5397 1326 5451 Kal
1368 5397 1561 5451 πάλινο
1610 5400 1693 5452 Οὐ
1720 5396 1796 5452 δι’

130 5477 366 5553 ὑμᾶς
387 5477 506 5548 ἐγὼ
534 5477 702 5543 ποιῶ,
731 5475 897 5545 οἶκος
922 5480 1029 5534 τοῦ
1068 5481 1327 5550 Ἰσραὴλ,
1362 5482 1500 5536 ἀλλ’
1530 5481 1570 5550 ἢ
1604 5481 1702 5538 διὰ
1730 5486 1797 5541 τὸ

122 5561 400 5632 ὄνομά
438 5567 661 5632 μου.”0
706 5564 763 5617 δὲ
808 5564 980 5633 λέγει,
1005 5566 1244 5619 τοιοῦτόν
1292 5568 1445 5621 ἐστι·
1478 5568 1795 5642 Παρυτέρας

260 5810 295 5831 ⁸
326 5804 557 5869 Quinque
577 5821 688 5859 mss.
717 5809 1010 5874 κατορύξετε,
1038 5809 1205 5862 Morel.
1236 5811 1546 5876 κατωρύεατε.

1341 352 1710 410 Αονιςιιδυε
1741 350 2054 410 ιυυιευε.
2097 353 2185 410 Vl.

3358 360 3467 414 Ub}!

1890 470 1992 541 μὲν
2024 473 2297 545 τιμωρίας
2326 468 2423 545 ἦτε
2454 476 2594 541 ἀξιον.
2639 477 2734 531 καὶ
2783 473 3057 536 κολάσεως
3078 490 3090 502 ·
3127 470 3242 524 ἀλλ’
3273 471 3361 528 [va
3393 475 3469 546 μή

1888 572 1973 618 τις
2011 555 2165 630 λέγῃ,
2199 557 2280 611 ὅτι
2312 558 2557 613 ἀσθενῶν
2581 563 2609 614 6
2639 560 2793 624 Θεὸς,
2822 558 2916 612 καὶ
2951 557 3025 628 μὴ
3050 555 3344 626 δυνάμενος
3375 556 3469 610 σῶ-

1888 656 2000 704 σαι,
2033 640 2212 712 ἀφῆκε
2246 643 2372 706 τοὺς
2417 642 2705 707 Ἰουδαίους
2743 644 2863 705 ταῖς
2894 640 3004 695 τῶν
3037 638 3311 710 πολεμίων
3348 656 3464 710 χερ-

1888 722 1993 788 σὶν,
2024 724 2495 798 ἀντιλαμϐάνομαι
2520 726 2613 779 καὶ
2648 724 3174 798 προΐσταμαι.”οστε
3206 724 3254 775 εί
3288 721 3464 793 παράο

1887 822 2048 877 νομος
2081 802 2150 879 ἦν
2192 810 2220 861 6
2264 796 2518 882 Χριστὸς,
2554 796 2713 880 ὑμεῖς
2743 796 2823 862 δὲ’
2852 807 3015 862 αὑτὸν
3065 802 3467 876 ἐσταυρώσατε,

1887 891 1980 943 καὶ
2006 891 2054 944 εί
2084 892 2252 964 μυρία
2278 888 2376 965 ἧτε
2408 895 2806 966 ἡμαρτηκότες,
2834 895 2929 948 κα)⁸
2958 889 3137 961 πολλῷ
3189 888 3292 943 τῶν
3328 905 3469 960 προ-

1886 974 1943 1026 τέ
1954 991 2059 1045 ρων
2082 976 2460 1050 χαλεπώτερα,
2485 979 2700 1043 πάντως
2728 977 2793 1031 ἂν
2826 977 2970 1048 ὑμᾶς
2993 977 3020 1029 6
3044 974 3174 1037 Θεὸς
3199 970 3287 1026 διὰ
3309 970 3470 1025 τοῦτο

1884 1057 2165 1123 διέσωσεν,
2199 1060 2284 1113 ἵνα
2319 1060 2393 1133 μὴ
2421 1062 2482 1115 τὸ
2513 1062 2683 1131 ὄνομα
2729 1060 2895 1115 αὑτοῦ
2944 1057 3247 1130 βεϐηλωθῇ,
3275 1056 3363 1110 ἵνα
3395 1056 3471 1127 μὴ

1890 1143 2064 1213 μέγας
2108 1162 2192 1208 τις
2234 1146 2442 1210 ἐκεῖνος
2488 1145 2796 1218 νομίζηται,
2829 1143 2966 1217 μηδέ
2995 1142 3127 1213 είπῃ
3150 1159 3255 1206 τις,
3287 1141 3367 1195 δτι
3400 1140 3468 1193 δι’

1886 1227 2094 1280 ἐκεῖνον
2124 1227 2297 1283 ταῦτα
2327 1229 2580 1285 ἐπάθετε.
2611 1230 2675 1283 El
2702 1228 2810 1299 γὰρ
2842 1226 3089 1297 φαίνεται
3118 1223 3207 1277 διὰ
3233 1224 3333 1296 τὴν
3352 1224 3471 1276 ἐαυ-

1885 1311 1980 1365 τοῦ
2028 1313 2185 1378 δόξαν
2228 1313 2299 1368 τά
2350 1316 2721 1388 ἁμαρτήματα
2763 1312 2917 1384 ὑμῶν
2965 1310 3243 1385 παρορῶν,
3289 1306 3469 1379 πολλῷ

1890 1394 2088 1464 μᾶλλον
2119 1397 2184 1449 ἂν
2216 1396 2371 1451 τοῦτο
2402 1399 2624 1469 ἐποίησε
2658 1396 2772 1462 νῦν,
2803 1395 2897 1449 καὶ
2918 1394 3016 1464 τὴν
3045 1392 3255 1464 σφαγὴν
3284 1389 3472 1444 ἀπεδέ-

1888 1476 2017 1542 ξατο
2065 1478 2291 1552 ταύτην,
2331 1483 2424 1535 καὶ
2478 1480 2546 1535 τά
2599 1479 2772 1534 πολλά
2831 1478 2947 1551 [ἂν]
2992 1478 3146 1549 ὑμῶν
3188 1473 3468 1549 ἐξήλειψεν

1885 1561 2457 1634 ἀμαρτήματα.”οταν
2482 1564 2539 1618 δὲ
2566 1563 2821 1633 φαίνηται
2853 1562 2934 1626 είς
2970 1562 3123 1624 τέλος
3164 1561 3308 1631 ὑμᾶς
3337 1560 3471 1613 ἀπο-

1888 1650 2271 1722 στρεφόμενος,
2300 1649 2520 1721 εὑδηλον
2546 1649 2627 1702 ὅτι
2659 1648 2749 1701 διὰ
2792 1647 2891 1718 τῆς
2919 1645 3091 1716 ὀργῆς
3117 1643 3344 1714 ταύτης,
3374 1641 3471 1695 καὶ

1884 1731 1984 1803 τῆς
2014 1735 2095 1797 είς
2121 1733 2274 1796 τέλος
2303 1731 2764 1802 ἐγκαταλείψεως,
2799 1729 3039 1783 δείκνυσι
3076 1729 3169 1782 καὶ
3199 1732 3313 1793 τοῖς
3345 1726 3472 1794 σφό-

1885 1813 1989 1885 δρα
2031 1815 2498 1886 άναισχυντοῦσιν,
2547 1815 2629 1869 δτι
2678 1813 2800 1884 ούχὶ
2852 1811 3164 1884 παράνομός
3205 1827 3290 1874 τις
3335 1805 3403 1880 ῆν
3442 1807 3475 1860 6

1887 1900 2137 1968 σφαγεὶς,
2171 1898 2287 1953 ἀλλ’
2319 1899 2481 1962 αὐτὸς
2529 1898 2558 1951 6
2604 1896 2921 1969 νομοθέτης,
2967 1896 3064 1950 καὶ
3109 1894 3217 1948 τῶν
3264 1890 3474 1964 μυρίων

1886 1983 2109 2051 ἀγαθῶν
2137 1984 2311 2048 αἴτιος
2337 1983 2370 2036 6
2397 1983 2858 2055 παραγενόμενος.
2885 1980 2984 2035 Διά
3007 1980 3166 2033 τοῦτο
3190 1981 3239 2032 οί
3271 1977 3368 2050 μὲν
3393 1976 3475 2039 είς

1886 2069 2049 2124 αὑτὸν
2078 2070 2448 2143 ἀσεϐήσαντες
2477 2070 2657 2141 ὑμεῖς,
2690 2070 2749 2122 ἐν
2780 2067 2937 2141 ῦϐρει
2966 2067 3063 2120 καὶ
3092 2064 3308 2135 ἀτιμίᾳ,
3335 2064 3385 2116 οἱ
3416 2062 3474 2115 δὲ

1886 2154 2323 2227 προσκυνοῦντες
2347 2155 2509 2211 αὑτὸν
2525 2157 2708 2227 ἡμεῖς,
2728 2153 3045 2226 άτιμότεροι
3077 2152 3294 2206 πάντων
3317 2147 3473 2219 ὑμῶν

1886 2240 2197 2312 ἔμπροσθεν
2242 2240 2420 2305 ὄντες,
2450 2239 2539 2295 διὰ
2568 2240 2666 2312 τὴν
2694 2239 2788 2293 τοῦ
2832 2236 2981 2311 ί654]
3014 2235 3149 2291 Θεοῦ
3184 2233 3347 2307 χάριν
3379 2232 3476 2287 καὶ

1888 2324 2207 2395 σεμνότεροι
2251 2325 2468 2379 πάντων
2516 2322 2672 2395 ὑμῶν
2704 2325 2872 2394 ἐσμεν
2904 2320 3018 2384 νῦν,
3053 2320 3148 2374 καὶ
3177 2321 3235 2372 ἐν
3266 2314 3473 2390 μείζονι

1885 2411 2019 2479 τιμῇ
2048 2408 2491 2481 καθεστήκαμεν.
2510 2409 2620 2462 Kal
2643 2405 2808 2463 πόθεν
2833 2405 2990 2479 δῆλον
3016 2406 3098 2459 ὅτι
3122 2401 3471 2475 ἀπεστράφη.

1888 2494 2073 2562 φησὶν,
2109 2494 2257 2563 ήμᾶς
2301 2493 2329 2546 6
2372 2492 2531 2556 Θεόςς
2559 2492 2733 2561 Λόγου
2765 2489 2876 2562 γάρ
2902 2489 2981 2543 έτι
3016 2488 3174 2562 χρεία
3206 2485 3302 2541 καὶ
3339 2486 3475 2540 ἀπο-

1887 2573 2140 2640 δείξεωςς
2177 2575 2301 2629 εἰπέ
2331 2592 2443 2645 μοι.
2474 2572 2597 2629 Τῶν
2626 2573 2968 2645 πραγμάτων
2996 2571 3175 2625 αὑτῶν
3206 2567 3473 2640 βοώντων,

1889 2659 1983 2711 καὶ
2006 2657 2304 2728 σάλπιγγος
2325 2657 2712 2730 λαμπροτέραν
2735 2656 3004 2727 ἀφιέντων
3028 2653 3235 2726 φωνήν,
3263 2649 3354 2705 διά
3373 2650 3475 2717 τῆς

1856 2768 1861 2774 -
1889 2742 2253 2813 κατασκαφῆς
2281 2742 2380 2811 τῆς
2408 2742 2549 2797 κατά
2574 2741 2670 2813 τὴν
2690 2739 2866 2809 πόλιν,
2897 2739 2986 2794 διὰ
3009 2740 3108 2811 τῆς
3143 2734 3479 2809 ἐρημώσεως

1887 2824 1983 2879 τοῦ
2015 2824 2168 2891 ναοῦ,
2203 2826 2298 2879 καὶ
2327 2825 2414 2879 διὰ
2444 2824 2554 2880 τῶν
2580 2823 2755 2879 ἀλλων
2785 2824 3041 2879 ἁπάντων
3073 2821 3183 2875 τῶν
3215 2822 3296 2884 είς
3331 2818 3478 2889 ὑμᾶς

1893 2908 2337 2980 συμϐεϐηκότων,
2370 2908 2451 2962 ἔτι
2478 2907 2567 2963 διὰ
2587 2908 2761 2977 λόγων
2799 2905 3073 2973 ἀπόδειξιν
3097 2903 3405 2975 ἐπιζητεῖτε
3424 2899 3477 2957 δε

1904 2992 2041 3047 Ἀλλ’
2076 2992 2375 3063 ἄνθρωποι,
2420 2992 2573 3064 φησὶ,
2607 2990 2783 3046 ταῦτα
2824 2992 2957 3061 ήμῖν
2992 2990 3297 3060 ἐπήγαγον,
3325 2986 3424 3055 οὐχ
3447 2984 3479 3037 6

1890 3075 2043 3139 Θεός.
2079 3074 2331 3129 Μάλιστα
2367 3074 2465 3145 μὲν
2497 3070 2591 3128 οῦν
2634 3075 2663 3127 6
2692 3073 2824 3137 Θεὸς
2856 3070 3030 3127 ταῦτα
3068 3069 3381 3141 εἰργάσατο.
3412 3066 3478 3120 Εί

1889 3158 1947 3212 δὲ
1984 3157 2294 3230 ἀνθρώποις
2326 3157 2498 3210 ταῦτα
2538 3155 2751 3230 λογίζῃ,
2786 3156 3059 3227 σκόπησον
3090 3152 3252 3207 πάλιν
3279 3153 3475 3214 ἐκεῖνο,

1891 3222 2102 3299 ὃτδκαί
2125 3242 2421 3314 ἄνθρωποι,
2469 3242 2517 3295 εί
2550 3222 2627 3314 μή
2763 3238 2883 3310 Θεῴ
2909 3222 3100 3292 δοκοῦν
3124 3232 3193 3309 ἦν
3219 3233 3396 3299 τοῦτο,
3426 3233 3477 3287 εί

1892 3329 1985 3383 xal
2033 3327 2296 3398 ἐτόλμων,
2328 3326 2431 3379 οὐκ
2465 3324 2531 3379 ἂν
2567 3323 2792 3395 ἴσχυσαν
2836 3322 2917 3385 είς
2965 3320 3139 3393 πέρας
3168 3317 3310 3373 αύτά
3336 3318 3477 3387 ἀγα-

1892 3412 2168 3481 γεῖν.”οτε
2201 3408 2332 3479 γοῦν
2359 3409 2457 3481 τὴν
2485 3408 2722 3480 Περσίδα
2753 3406 2935 3460 πᾶσαν
2969 3404 3156 3474 ἀγωνε
3188 3401 3421 3475 ἐπῆλθεν
3447 3402 3480 3455 6

1896 3495 2194 3567 βάρϐαρος,
2212 3494 2308 3549 καὶ
2328 3493 2388 3560 ἐξ
2413 3492 2715 3566 ἐπιδρομῆς
2738 3489 2987 3553 ἃπαντας
3014 3486 3279 3560 λήψεσθαι
3307 3500 3479 3556 προσ-

1893 3580 2146 3652 εδόκησε,
2174 3579 2269 3633 καὶ
2299 3577 2551 3649 καθάπερ
2568 3578 2625 3631 ἐν
2657 3576 2867 3647 σαγήνῃ
2896 3575 3001 3629 τινὶ
3023 3573 3116 3627 καὶ
3142 3570 3380 3636 δικτύοις
3400 3573 3481 3636 είς

1892 3663 1992 3737 τήν
2023 3663 2177 3717 πόλιν
2207 3661 2452 3725 ἅπαντας
2475 3655 2589 3731 εἶχε
2617 3656 3147 3728 συγκεκλεισμένους
3165 3673 3179 3686 ·
3212 3656 3335 3727 οὑχ).
3357 3655 3481 3709 τότε

1893 3748 1979 3823 δὴ,
2015 3751 2158 3815 τότε,
2195 3748 2382 3820 ἐπειδὴ
2410 3748 2437 3800 6
2466 3745 2599 3810 Θεὸς
2636 3745 2792 3808 ίλεως
2812 3738 2901 3815 ἦν,
2928 3743 3097 3814 χωρὶς
3129 3742 3367 3811 πολέμου
3387 3740 3482 3794 καὶ

1898 3836 2082 3910 μάχης
2118 3835 2213 3889 καὶ⁵
2243 3831 2517 3904 συμϐολῆς
2545 3828 2740 3884 ἐκατὸν
2767 3827 3094 3899 ὁγδοήκοντα
3121 3826 3282 3879 πέντε
3304 3824 3476 3910 χιλιάι

1894 3908 1989 3985 δας
2043 3917 2392 3992 στρατιωτῶν
2449 3915 2680 3988 νεκροὺς
2739 3913 2899 3984 ἀφεὶς
2948 3914 3078 3985 παρ’
3111 3912 3261 3984 ὑμῖν,
3308 3908 3482 3976 οὕτως

1896 4003 2118 4074 ἔφυγεν,
2149 4001 2401 4073 ἀγαπῶν,
2432 4001 2482 4054 εί
2511 3996 2803 4069 διασωθείη
2841 3996 3036 4069 μόνος;
3073 3997 3183 4052 Kal
3212 3993 3404 4059 ἀλλους
3425 3992 3482 4047 δὲ

1899 4088 2126 4161 μυρίους
2166 4085 2441 4157 πολέμους
2483 4082 2656 4147 οὑτως
2682 4081 2898 4153 ἔκρινεν
2948 4081 2977 4134 6
3022 4079 3155 4161 Θεὸς
3197 4079 3478 4141 πολλάκις.

1898 4160 2061 4225 ’Ὥστε
2089 4172 2183 4226 καὶ
2210 4170 2326 4236 νῦν,
2350 4169 2399 4222 εί
2430 4167 2505 4240 μὴ
2526 4166 2688 4229 αὑτὸς
2708 4162 2775 4239 ἧν
2799 4168 2828 4220 6
2857 4160 3114 4228 καθάπαξ
3138 4164 3281 4233 ὑμᾶς
3301 4164 3480 4233 ἀφεὶς,

1896 4259 1997 4313 οὑκ
2030 4258 2098 4311 ἂν
2130 4258 2353 4327 ἴσχυσαν
2394 4256 2443 4307 οἱ
2476 4253 2576 4325 τήν
2615 4251 2769 4305 πόλιν
2802 4248 2957 4321 ὑμῶν
2995 4247 3338 4312 καθελόντες,
3388 4249 3482 4302 καὶ

1896 4342 1988 4396 τὸν
2022 4340 2147 4394 ναὸν
2170 4335 2698 4411 ἐρημώσαντες,ὀὑκ
2729 4335 2793 4388 ἂν
2821 4334 2985 4406 μέχρι
3006 4331 3262 4385 τοσούτου
3290 4330 3359 4386 τά
3383 4331 3482 4403 τῆς

1898 4424 2136 4497 ἐρημίας
2178 4424 2420 4494 ἔμεινεν·
2463 4421 2565 4474 οὑκ
2593 4418 2681 4483 ἂν,
2724 4417 2986 4481 πολλάκις
3029 4415 3183 4487 ὑμῶν
3212 4417 3482 4488 ἐπιχειρη-

1900 4511 2131 4577 σάντων,
2167 4507 2431 4580 άνόνητος
2459 4506 2493 4577 ή
2520 4503 2863 4576 ἐπιχείρησις
2887 4499 3130 4572 γέγονεν.

1969 4748 2031 4804 δ’.
2058 4749 2171 4803 Οὐκ
2193 4743 2442 4801 ἐντεῦθεν
2468 4742 2525 4797 δὲ
2550 4742 2732 4815 μόνον,
2759 4739 2895 4795 ἀλλά
2915 4740 3009 4793 καὶ
3038 4736 3305 4809 ἑτέρωθεν
3338 4737 3484 4807 ὑμᾶς

1900 4836 2084 4888 πεῖσαι
2110 4831 2469 4905 πειράσομαι,
2504 4829 2584 4883 ὅτι
2611 4828 2713 4881 οὐκ
2754 4825 2933 4897 οἰκεία
2962 4823 3193 4894 δυνάμει
3221 4820 3485 4905 ἐποίησαν

1899 4922 2036 4994 ὅπερ
2066 4904 2330 4991 ἐποίησαν
2357 4917 2437 4980 είς
2467 4915 2612 4986 ὑμᾶς
2645 4914 2695 4966 οί
2742 4910 2982 4984 βασιλεῖς
3012 4904 3321 4994 ξΡωμαίων,
3347 4904 3485 4994 ἀλλά

1899 4988 2113 5077 διάτὴν
2139 4988 2311 5077 ὀργὴν
2337 5000 2433 5056 τοῦ
2460 4998 2596 5053 Θεοῦ
2623 4997 2719 5053 καὶ⁵
2746 4996 2848 5067 τήν
2874 4991 3040 5049 αὑτοῦ
3072 4988 3475 5077 ἐγκατάλειιιιιν.

1900 5094 1964 5147 El
1990 5074 2099 5163 γὰρ
2127 5074 2429 5161 ἀνθρώπων
2457 5081 2525 5157 ῆν
2552 5083 2713 5155 ἔργον
2751 5081 2810 5135 τὸ
2843 5079 3155 5163 γενόμενον,
3181 5076 3287 5129 ἔδει
3322 5074 3484 5163 μέχρι

1900 5159 2278 5247 τῆςάλώσεως
2308 5171 2501 5239 στῆναι
2530 5169 2600 5222 τά
2634 5167 2897 5238 ὑμέτερα,
2932 5164 3028 5219 καὶ
3058 5162 3135 5247 μή
3174 5159 3485 5247 περαιτέρω

1902 5244 2184 5331 προελθεῖν
2211 5255 2366 5327 ὑμῶν
2410 5253 2510 5323 τήν
2550 5251 2794 5323 ἀτιμίαν.
2835 5247 3053 5331 Κείσθω
3078 5246 3188 5318 γὰρ
3214 5244 3361 5331 κατά
3392 5254 3484 5298 τόν

1902 5326 2167 5413 ὑμέτερον
2194 5326 2373 5407 λόγον,
2402 5338 2485 5390 ὅτι
2510 5334 2578 5389 τὰ
2606 5334 2759 5407 τείχη
2791 5330 3140 5401 κατέσκαψαν
3177 5329 3227 5382 οί
3270 5326 3484 5413 ἀνορω-

1904 5412 2017 5491 ποι,
2050 5412 2145 5479 καὶ
2169 5424 2269 5496 τὴν
2302 5421 2457 5476 πόλιν
2482 5418 2751 5484 καθεῖλον,
2790 5417 2885 5471 καὶ
2926 5415 3017 5470 τὸν
3045 5414 3229 5488 βωμὸν
3261 5412 3483 5483 ἀνέτρε-

1962 5624 1992 5665 δ
2020 5624 2152 5685 Haec,
2176 5626 2272 5673 τῶν
2295 5625 2359 5679 είς
2375 5625 2497 5685 ὑμᾶς
2515 5621 2901 5685 συμϐεϐηκότων,
2927 5621 2996 5670 ἔτι
3022 5620 3099 5669 διὰ
3120 5620 3272 5682 λόγων
3289 5616 3486 5667 ἀπόδει-

1901 5690 1966 5744 ξιν
1989 5686 2266 5749 ἐπιζητεῖτε.
2294 5686 2477 5735 desunt
2497 5686 2546 5734 in
2570 5685 2744 5749 decep)
2767 5695 2896 5749 πιερη
3054 5748 3057 5749 ν
3211 5740 3235 5749 η
3377 5736 3389 5749 ς

1910 5741 1920 5744 ⁷
1950 5752 1987 5823 ’⁸
2014 5741 2149 5860 ΙΕιέ
2166 5751 2460 5812 scripturam
2484 5749 2672 5798 notavit
2694 5741 2861 5795 Ιιοιιιίῖ
2884 5745 2937 5795 in
2960 5748 3101 5793 textu
3124 5741 3347 5790 scribens
3369 5741 3478 5798 άγαο

1900 5827 2011 5872 γων.
2113 5822 2174 5859 Ir.
