  <div class='ocr_page' id='page_1' title='image "/cluster/home/n/w/nwhite01/storage/ocr_20150623/48/hvd.32044073501892/387.png"; bbox 0 0 3990 6198; ppageno 0'>
   <div class='ocr_carea' id='block_1_1' title="bbox 1798 96 2183 151">
    <p class='ocr_par' dir='ltr' id='par_1_1' title="bbox 1798 96 2183 151">
     <span class='ocr_line' id='line_1_1' title="bbox 1798 96 2183 151; baseline -0.003 1"><span class='ocrx_word' id='word_1_1' title='bbox 1798 96 2183 151; x_wconf 35' lang='grc' dir='ltr'>Ἃ</span> 
     </span>
    </p>
   </div>
   <div class='ocr_carea' id='block_1_2' title="bbox 508 307 614 361">
    <p class='ocr_par' dir='ltr' id='par_1_2' title="bbox 508 307 614 361">
     <span class='ocr_line' id='line_1_2' title="bbox 508 307 614 361; baseline -0.019 0"><span class='ocrx_word' id='word_1_2' title='bbox 508 307 614 361; x_wconf 75' lang='lat'>909</span> 
     </span>
    </p>
   </div>
   <div class='ocr_carea' id='block_1_3' title="bbox 509 410 2079 489">
    <p class='ocr_par' dir='ltr' id='par_1_3' title="bbox 509 410 2079 489">
     <span class='ocr_line' id='line_1_3' title="bbox 509 410 2079 489; baseline -0.005 -17"><span class='ocrx_word' id='word_1_3' title='bbox 509 423 646 489; x_wconf 63' lang='grc' dir='ltr'>ψαν·</span> <span class='ocrx_word' id='word_1_4' title='bbox 695 416 770 489; x_wconf 77' lang='grc' dir='ltr'>μὴ</span> <span class='ocrx_word' id='word_1_5' title='bbox 800 416 1037 479; x_wconf 72' lang='grc' dir='ltr'>καὶτοὺς</span> <span class='ocrx_word' id='word_1_6' title='bbox 1063 414 1347 486; x_wconf 83' lang='grc' dir='ltr'>προφήτας</span> <span class='ocrx_word' id='word_1_7' title='bbox 1371 413 1646 485; x_wconf 81' lang='grc' dir='ltr'>ἄνθρωποι</span> <span class='ocrx_word' id='word_1_8' title='bbox 1673 413 1915 467; x_wconf 77' lang='grc' dir='ltr'>ἔπαυσαν</span> <span class='ocrx_word' id='word_1_9' title='bbox 1938 428 1953 477; x_wconf 86' lang='grc'>;</span> <span class='ocrx_word' id='word_1_10' title='bbox 2003 410 2079 482; x_wconf 80' lang='grc' dir='ltr'>μὴ</span> 
     </span>
    </p>
   </div>
   <div class='ocr_carea' id='block_1_4' title="bbox 509 495 2083 574">
    <p class='ocr_par' dir='ltr' id='par_1_4' title="bbox 509 495 2083 574">
     <span class='ocr_line' id='line_1_4' title="bbox 509 495 2083 574; baseline -0.005 -19"><span class='ocrx_word' id='word_1_11' title='bbox 509 502 609 574; x_wconf 82' lang='grc' dir='ltr'>τὴν</span> <span class='ocrx_word' id='word_1_12' title='bbox 650 500 745 554; x_wconf 89' lang='grc' dir='ltr'>τοῦ</span> <span class='ocrx_word' id='word_1_13' title='bbox 795 498 1107 568; x_wconf 90' lang='grc' dir='ltr'>Πνεύματος</span> <span class='ocrx_word' id='word_1_14' title='bbox 1138 498 1297 568; x_wconf 83' lang='grc' dir='ltr'>χάριν</span> <span class='ocrx_word' id='word_1_15' title='bbox 1326 497 1567 560; x_wconf 88' lang='grc' dir='ltr'>ἀνεῖλον;</span> <span class='ocrx_word' id='word_1_16' title='bbox 1602 498 1676 568; x_wconf 84' lang='grc' dir='ltr'>μὴ</span> <span class='ocrx_word' id='word_1_17' title='bbox 1724 498 1792 550; x_wconf 90' lang='grc' dir='ltr'>τά</span> <span class='ocrx_word' id='word_1_18' title='bbox 1840 497 1975 550; x_wconf 82' lang='grc' dir='ltr'>ἄλλα</span> <span class='ocrx_word' id='word_1_19' title='bbox 2014 495 2083 548; x_wconf 80' lang='grc' dir='ltr'>τά</span> 
     </span>
    </p>
   </div>
   <div class='ocr_carea' id='block_1_5' title="bbox 514 574 2081 654">
    <p class='ocr_par' dir='ltr' id='par_1_5' title="bbox 514 574 2081 654">
     <span class='ocr_line' id='line_1_5' title="bbox 514 574 2081 654; baseline -0.005 -16"><span class='ocrx_word' id='word_1_20' title='bbox 514 582 687 654; x_wconf 86' lang='grc' dir='ltr'>σεμνά</span> <span class='ocrx_word' id='word_1_21' title='bbox 714 580 781 634; x_wconf 87' lang='grc' dir='ltr'>τά</span> <span class='ocrx_word' id='word_1_22' title='bbox 804 580 932 649; x_wconf 88' lang='grc' dir='ltr'>παρ’</span> <span class='ocrx_word' id='word_1_23' title='bbox 958 581 1104 650; x_wconf 82' lang='grc' dir='ltr'>ὑμῖν,</span> <span class='ocrx_word' id='word_1_24' title='bbox 1137 580 1291 633; x_wconf 64' lang='grc' dir='ltr'>αὐτοὶ</span> <span class='ocrx_word' id='word_1_25' title='bbox 1316 580 1637 643; x_wconf 81' lang='grc' dir='ltr'>κατέλυσαν,</span> <span class='ocrx_word' id='word_1_26' title='bbox 1671 574 1782 634; x_wconf 72' lang='grc' dir='ltr'>οἷον</span> <span class='ocrx_word' id='word_1_27' title='bbox 1808 580 1869 632; x_wconf 87' lang='grc' dir='ltr'>τὸ</span> <span class='ocrx_word' id='word_1_28' title='bbox 1900 577 2081 648; x_wconf 78' lang='grc' dir='ltr'>φωνὴν</span> 
     </span>
    </p>
   </div>
   <div class='ocr_carea' id='block_1_6' title="bbox 514 661 2082 735">
    <p class='ocr_par' dir='ltr' id='par_1_6' title="bbox 514 661 2082 735">
     <span class='ocr_line' id='line_1_6' title="bbox 514 661 2082 735; baseline -0.006 -14"><span class='ocrx_word' id='word_1_29' title='bbox 514 670 579 721; x_wconf 85' lang='grc' dir='ltr'>ἐκ</span> <span class='ocrx_word' id='word_1_30' title='bbox 622 665 713 718; x_wconf 87' lang='grc' dir='ltr'>τοῦ</span> <span class='ocrx_word' id='word_1_31' title='bbox 752 663 1064 735; x_wconf 82' lang='grc' dir='ltr'>ίλαστηρίου</span> <span class='ocrx_word' id='word_1_32' title='bbox 1105 661 1386 735; x_wconf 86' lang='grc' dir='ltr'>φέρεσθαι.</span> <span class='ocrx_word' id='word_1_33' title='bbox 1419 664 1517 735; x_wconf 77' lang='grc' dir='ltr'>τὴν</span> <span class='ocrx_word' id='word_1_34' title='bbox 1566 664 1658 716; x_wconf 72' lang='grc' dir='ltr'>ἐπὶ</span> <span class='ocrx_word' id='word_1_35' title='bbox 1698 662 1776 734; x_wconf 80' lang='grc' dir='ltr'>τῷ</span> <span class='ocrx_word' id='word_1_36' title='bbox 1823 664 2082 734; x_wconf 85' lang='grc' dir='ltr'>χρίσματι</span> 
     </span>
    </p>
   </div>
   <div class='ocr_carea' id='block_1_7' title="bbox 513 743 2084 819">
    <p class='ocr_par' dir='ltr' id='par_1_7' title="bbox 513 743 2084 819">
     <span class='ocr_line' id='line_1_7' title="bbox 513 743 2084 819; baseline -0.004 -17"><span class='ocrx_word' id='word_1_37' title='bbox 513 748 809 819; x_wconf 82' lang='grc' dir='ltr'>γενομένην</span> <span class='ocrx_word' id='word_1_38' title='bbox 838 746 1134 817; x_wconf 88' lang='grc' dir='ltr'>ἐνέργειαν,</span> <span class='ocrx_word' id='word_1_39' title='bbox 1161 745 1260 816; x_wconf 85' lang='grc' dir='ltr'>τὴν</span> <span class='ocrx_word' id='word_1_40' title='bbox 1290 746 1516 816; x_wconf 82' lang='grc' dir='ltr'>δήλωσιν</span> <span class='ocrx_word' id='word_1_41' title='bbox 1550 747 1647 816; x_wconf 77' lang='grc' dir='ltr'>τὴν</span> <span class='ocrx_word' id='word_1_42' title='bbox 1672 747 1762 798; x_wconf 74' lang='grc' dir='ltr'>ἐπὶ</span> <span class='ocrx_word' id='word_1_43' title='bbox 1788 746 1894 799; x_wconf 90' lang='grc' dir='ltr'>τῶν</span> <span class='ocrx_word' id='word_1_44' title='bbox 1921 743 2084 798; x_wconf 85' lang='grc' dir='ltr'>λίθων</span> 
     </span>
    </p>
   </div>
   <div class='ocr_carea' id='block_1_8' title="bbox 511 827 2083 902">
    <p class='ocr_par' dir='ltr' id='par_1_8' title="bbox 511 827 2083 902">
     <span class='ocr_line' id='line_1_8' title="bbox 511 827 2083 902; baseline -0.003 -17"><span class='ocrx_word' id='word_1_45' title='bbox 511 833 603 886; x_wconf 88' lang='grc' dir='ltr'>τοῦ</span> <span class='ocrx_word' id='word_1_46' title='bbox 641 831 866 902; x_wconf 83' lang='grc' dir='ltr'>ίερέως;</span> <span class='ocrx_word' id='word_1_47' title='bbox 911 830 1021 882; x_wconf 79' lang='grc' dir='ltr'>Καὶ</span> <span class='ocrx_word' id='word_1_48' title='bbox 1046 829 1156 900; x_wconf 84' lang='grc' dir='ltr'>γὰρ</span> <span class='ocrx_word' id='word_1_49' title='bbox 1188 831 1221 899; x_wconf 91' lang='grc' dir='ltr'>ή</span> <span class='ocrx_word' id='word_1_50' title='bbox 1260 829 1521 899; x_wconf 82' lang='grc' dir='ltr'>Ίουδαῖκὴ</span> <span class='ocrx_word' id='word_1_51' title='bbox 1550 828 1795 881; x_wconf 78' lang='grc' dir='ltr'>πολιτεία</span> <span class='ocrx_word' id='word_1_52' title='bbox 1825 830 1947 897; x_wconf 73' lang='grc' dir='ltr'>οὐχὶ</span> <span class='ocrx_word' id='word_1_53' title='bbox 1982 827 2083 880; x_wconf 86' lang='grc' dir='ltr'>κά-</span> 
     </span>
    </p>
   </div>
   <div class='ocr_carea' id='block_1_9' title="bbox 510 907 2086 983">
    <p class='ocr_par' dir='ltr' id='par_1_9' title="bbox 510 907 2086 983">
     <span class='ocr_line' id='line_1_9' title="bbox 510 907 2086 983; baseline -0.005 -15"><span class='ocrx_word' id='word_1_54' title='bbox 510 915 680 969; x_wconf 90' lang='grc' dir='ltr'>τωθεν</span> <span class='ocrx_word' id='word_1_55' title='bbox 713 914 889 977; x_wconf 89' lang='grc' dir='ltr'>πάσας</span> <span class='ocrx_word' id='word_1_56' title='bbox 924 910 1035 983; x_wconf 82' lang='grc' dir='ltr'>εἶχε</span> <span class='ocrx_word' id='word_1_57' title='bbox 1062 913 1159 976; x_wconf 88' lang='grc' dir='ltr'>τάς</span> <span class='ocrx_word' id='word_1_58' title='bbox 1189 912 1380 983; x_wconf 71' lang='grc' dir='ltr'>ἀρχὰς,</span> <span class='ocrx_word' id='word_1_59' title='bbox 1412 910 1547 964; x_wconf 85' lang='grc' dir='ltr'>ἀλλά</span> <span class='ocrx_word' id='word_1_60' title='bbox 1585 911 1683 974; x_wconf 84' lang='grc' dir='ltr'>τὰς</span> <span class='ocrx_word' id='word_1_61' title='bbox 1731 910 1949 972; x_wconf 87' lang='grc' dir='ltr'>πλείους</span> <span class='ocrx_word' id='word_1_62' title='bbox 1989 907 2086 962; x_wconf 72' lang='grc' dir='ltr'>καὶ</span> 
     </span>
    </p>
   </div>
   <div class='ocr_carea' id='block_1_10' title="bbox 513 990 2082 1070">
    <p class='ocr_par' dir='ltr' id='par_1_10' title="bbox 513 990 2082 1070">
     <span class='ocr_line' id='line_1_10' title="bbox 513 990 2082 1070; baseline -0.004 -18"><span class='ocrx_word' id='word_1_63' title='bbox 513 999 844 1070; x_wconf 83' lang='grc' dir='ltr'>σεμνοτέρας</span> <span class='ocrx_word' id='word_1_64' title='bbox 878 997 1082 1051; x_wconf 79' lang='grc' dir='ltr'>ἀνωθεν</span> <span class='ocrx_word' id='word_1_65' title='bbox 1115 998 1179 1049; x_wconf 91' lang='grc' dir='ltr'>ἐκ</span> <span class='ocrx_word' id='word_1_66' title='bbox 1208 997 1317 1049; x_wconf 89' lang='grc' dir='ltr'>τῶν</span> <span class='ocrx_word' id='word_1_67' title='bbox 1344 995 1616 1068; x_wconf 76' lang='grc' dir='ltr'>οὐρανῶνο</span> <span class='ocrx_word' id='word_1_68' title='bbox 1665 990 1776 1048; x_wconf 81' lang='grc' dir='ltr'>οἷόν</span> <span class='ocrx_word' id='word_1_69' title='bbox 1820 1012 1872 1047; x_wconf 92' lang='grc' dir='ltr'>τι</span> <span class='ocrx_word' id='word_1_70' title='bbox 1917 993 2082 1061; x_wconf 89' lang='grc' dir='ltr'>λέγω,</span> 
     </span>
    </p>
   </div>
   <div class='ocr_carea' id='block_1_11' title="bbox 514 1075 2086 1150">
    <p class='ocr_par' dir='ltr' id='par_1_11' title="bbox 514 1075 2086 1150">
     <span class='ocr_line' id='line_1_11' title="bbox 514 1075 2086 1150; baseline -0.003 -17"><span class='ocrx_word' id='word_1_71' title='bbox 514 1082 702 1143; x_wconf 79' lang='grc' dir='ltr'>θυσίας</span> <span class='ocrx_word' id='word_1_72' title='bbox 731 1080 1077 1150; x_wconf 82' lang='grc' dir='ltr'>συνεχώρησε</span> <span class='ocrx_word' id='word_1_73' title='bbox 1106 1079 1375 1147; x_wconf 89' lang='grc' dir='ltr'>γενέσθαι.</span> <span class='ocrx_word' id='word_1_74' title='bbox 1395 1080 1452 1132; x_wconf 88' lang='lat'>&#39;0</span> <span class='ocrx_word' id='word_1_75' title='bbox 1490 1080 1586 1149; x_wconf 89' lang='grc' dir='ltr'>μέν</span> <span class='ocrx_word' id='word_1_76' title='bbox 1609 1075 1701 1132; x_wconf 85' lang='grc' dir='ltr'>οῦν</span> <span class='ocrx_word' id='word_1_77' title='bbox 1730 1077 1913 1148; x_wconf 86' lang='grc' dir='ltr'>βωμὸς</span> <span class='ocrx_word' id='word_1_78' title='bbox 1936 1078 2086 1132; x_wconf 89' lang='grc' dir='ltr'>κάτω</span> 
     </span>
    </p>
   </div>
   <div class='ocr_carea' id='block_1_12' title="bbox 513 1161 2088 1237">
    <p class='ocr_par' dir='ltr' id='par_1_12' title="bbox 513 1161 2088 1237">
     <span class='ocr_line' id='line_1_12' title="bbox 513 1161 2088 1237; baseline -0.003 -19"><span class='ocrx_word' id='word_1_79' title='bbox 513 1161 601 1237; x_wconf 76' lang='grc' dir='ltr'>ἦν,</span> <span class='ocrx_word' id='word_1_80' title='bbox 636 1166 730 1218; x_wconf 71' lang='grc' dir='ltr'>καὶ</span> <span class='ocrx_word' id='word_1_81' title='bbox 753 1164 822 1217; x_wconf 85' lang='grc' dir='ltr'>τὰ</span> <span class='ocrx_word' id='word_1_82' title='bbox 844 1163 990 1228; x_wconf 82' lang='grc' dir='ltr'>ξύλα,</span> <span class='ocrx_word' id='word_1_83' title='bbox 1031 1164 1125 1216; x_wconf 75' lang='grc' dir='ltr'>καὶ</span> <span class='ocrx_word' id='word_1_84' title='bbox 1153 1164 1186 1233; x_wconf 85' lang='grc' dir='ltr'>ή</span> <span class='ocrx_word' id='word_1_85' title='bbox 1228 1163 1491 1233; x_wconf 88' lang='grc' dir='ltr'>μάχαιρα,</span> <span class='ocrx_word' id='word_1_86' title='bbox 1518 1162 1611 1216; x_wconf 74' lang='grc' dir='ltr'>καὶ</span> <span class='ocrx_word' id='word_1_87' title='bbox 1636 1164 1665 1215; x_wconf 98' lang='lat'>6</span> <span class='ocrx_word' id='word_1_88' title='bbox 1692 1161 1871 1233; x_wconf 84' lang='grc' dir='ltr'>ἱερεύς</span> <span class='ocrx_word' id='word_1_89' title='bbox 1890 1179 1903 1193; x_wconf 84' lang='grc'><strong>·</strong></span> <span class='ocrx_word' id='word_1_90' title='bbox 1938 1162 2000 1214; x_wconf 89' lang='grc' dir='ltr'>τὸ</span> <span class='ocrx_word' id='word_1_91' title='bbox 2028 1161 2088 1214; x_wconf 84' lang='grc' dir='ltr'>δέ</span> 
     </span>
    </p>
   </div>
   <div class='ocr_carea' id='block_1_13' title="bbox 513 1245 2085 1320">
    <p class='ocr_par' dir='ltr' id='par_1_13' title="bbox 513 1245 2085 1320">
     <span class='ocr_line' id='line_1_13' title="bbox 513 1245 2085 1320; baseline -0.001 -20"><span class='ocrx_word' id='word_1_92' title='bbox 513 1247 645 1320; x_wconf 93' lang='grc' dir='ltr'>πῦρ,</span> <span class='ocrx_word' id='word_1_93' title='bbox 673 1248 735 1299; x_wconf 89' lang='grc' dir='ltr'>τὸ</span> <span class='ocrx_word' id='word_1_94' title='bbox 767 1246 958 1317; x_wconf 82' lang='grc' dir='ltr'>μέλλον</span> <span class='ocrx_word' id='word_1_95' title='bbox 991 1247 1125 1299; x_wconf 80' lang='grc' dir='ltr'>ξέναι</span> <span class='ocrx_word' id='word_1_96' title='bbox 1164 1249 1221 1299; x_wconf 91' lang='grc' dir='ltr'>ἐν</span> <span class='ocrx_word' id='word_1_97' title='bbox 1248 1249 1360 1309; x_wconf 89' lang='grc' dir='ltr'>τοῖς</span> <span class='ocrx_word' id='word_1_98' title='bbox 1388 1246 1600 1310; x_wconf 81' lang='grc' dir='ltr'>ἀδύτοις</span> <span class='ocrx_word' id='word_1_99' title='bbox 1626 1245 1852 1309; x_wconf 81' lang='grc' dir='ltr'>ἐκείνοις</span> <span class='ocrx_word' id='word_1_100' title='bbox 1874 1246 2085 1309; x_wconf 74' lang='grc' dir='ltr'>καὶτὰς</span> 
     </span>
    </p>
   </div>
   <div class='ocr_carea' id='block_1_14' title="bbox 515 1323 2088 1401">
    <p class='ocr_par' dir='ltr' id='par_1_14' title="bbox 515 1323 2088 1401">
     <span class='ocr_line' id='line_1_14' title="bbox 515 1323 2088 1401; baseline -0.002 -17"><span class='ocrx_word' id='word_1_101' title='bbox 515 1330 707 1393; x_wconf 87' lang='grc' dir='ltr'>θυσίας</span> <span class='ocrx_word' id='word_1_102' title='bbox 738 1330 1002 1399; x_wconf 78' lang='grc' dir='ltr'>δαπανᾷν,</span> <span class='ocrx_word' id='word_1_103' title='bbox 1035 1328 1238 1383; x_wconf 82' lang='grc' dir='ltr'>ἀνωθεν</span> <span class='ocrx_word' id='word_1_104' title='bbox 1268 1323 1379 1398; x_wconf 80' lang='grc' dir='ltr'>εἶχε</span> <span class='ocrx_word' id='word_1_105' title='bbox 1408 1329 1505 1400; x_wconf 82' lang='grc' dir='ltr'>τὴν</span> <span class='ocrx_word' id='word_1_106' title='bbox 1531 1330 1722 1401; x_wconf 89' lang='grc' dir='ltr'>ἀρχήν.</span> <span class='ocrx_word' id='word_1_107' title='bbox 1753 1331 1827 1383; x_wconf 83' lang='grc' dir='ltr'>Οὐ</span> <span class='ocrx_word' id='word_1_108' title='bbox 1862 1329 1970 1401; x_wconf 90' lang='grc' dir='ltr'>γάρ</span> <span class='ocrx_word' id='word_1_109' title='bbox 1995 1329 2088 1383; x_wconf 86' lang='grc' dir='ltr'>ἀν·-</span> 
     </span>
    </p>
   </div>
   <div class='ocr_carea' id='block_1_15' title="bbox 516 1411 2087 1483">
    <p class='ocr_par' dir='ltr' id='par_1_15' title="bbox 516 1411 2087 1483">
     <span class='ocr_line' id='line_1_15' title="bbox 516 1411 2087 1483; baseline 0 -18"><span class='ocrx_word' id='word_1_110' title='bbox 516 1413 731 1483; x_wconf 86' lang='grc' dir='ltr'>Ορωπος</span> <span class='ocrx_word' id='word_1_111' title='bbox 762 1413 841 1475; x_wconf 86' lang='grc' dir='ltr'>είς</span> <span class='ocrx_word' id='word_1_112' title='bbox 869 1412 959 1464; x_wconf 91' lang='grc' dir='ltr'>τὸν</span> <span class='ocrx_word' id='word_1_113' title='bbox 992 1411 1117 1465; x_wconf 87' lang='grc' dir='ltr'>ναὸν</span> <span class='ocrx_word' id='word_1_114' title='bbox 1159 1413 1346 1483; x_wconf 80' lang='grc' dir='ltr'>εἰσῆγε</span> <span class='ocrx_word' id='word_1_115' title='bbox 1384 1411 1514 1483; x_wconf 85' lang='grc' dir='ltr'>πῦρ,</span> <span class='ocrx_word' id='word_1_116' title='bbox 1543 1412 1679 1466; x_wconf 89' lang='grc' dir='ltr'>ἀλλά</span> <span class='ocrx_word' id='word_1_117' title='bbox 1716 1413 1847 1482; x_wconf 76' lang='grc' dir='ltr'>φλὸξ</span> <span class='ocrx_word' id='word_1_118' title='bbox 1882 1413 2087 1467; x_wconf 82' lang='grc' dir='ltr'>ἀνωθεν</span> 
     </span>
    </p>
   </div>
   <div class='ocr_carea' id='block_1_16' title="bbox 516 1488 2088 1569">
    <p class='ocr_par' dir='ltr' id='par_1_16' title="bbox 516 1488 2088 1569">
     <span class='ocr_line' id='line_1_16' title="bbox 516 1488 2088 1569; baseline 0.001 -19"><span class='ocrx_word' id='word_1_119' title='bbox 516 1488 921 1566; x_wconf 77' lang='grc' dir='ltr'>κατενεχθεῖσα,</span> <span class='ocrx_word' id='word_1_120' title='bbox 963 1496 1104 1550; x_wconf 77' lang='grc' dir='ltr'>οὕτω</span> <span class='ocrx_word' id='word_1_121' title='bbox 1140 1496 1238 1568; x_wconf 80' lang='grc' dir='ltr'>τὴν</span> <span class='ocrx_word' id='word_1_122' title='bbox 1287 1497 1379 1550; x_wconf 75' lang='grc' dir='ltr'>ἐπὶ</span> <span class='ocrx_word' id='word_1_123' title='bbox 1426 1499 1525 1569; x_wconf 82' lang='grc' dir='ltr'>τῆς</span> <span class='ocrx_word' id='word_1_124' title='bbox 1581 1496 1771 1562; x_wconf 81' lang='grc' dir='ltr'>θυσίας</span> <span class='ocrx_word' id='word_1_125' title='bbox 1815 1498 2088 1552; x_wconf 80' lang='grc' dir='ltr'>διακονίαν</span> 
     </span>
    </p>
   </div>
   <div class='ocr_carea' id='block_1_17' title="bbox 517 1579 2087 1653">
    <p class='ocr_par' dir='ltr' id='par_1_17' title="bbox 517 1579 2087 1653">
     <span class='ocr_line' id='line_1_17' title="bbox 517 1579 2087 1653; baseline 0.003 -21"><span class='ocrx_word' id='word_1_126' title='bbox 517 1579 774 1650; x_wconf 85' lang='grc' dir='ltr'>ἐπλήρου.</span> <span class='ocrx_word' id='word_1_127' title='bbox 806 1581 911 1632; x_wconf 72' lang='grc' dir='ltr'>Καὶ</span> <span class='ocrx_word' id='word_1_128' title='bbox 941 1580 1102 1633; x_wconf 87' lang='grc' dir='ltr'>πάλιν</span> <span class='ocrx_word' id='word_1_129' title='bbox 1122 1579 1325 1633; x_wconf 76' lang='grc' dir='ltr'>εἴποτε</span> <span class='ocrx_word' id='word_1_130' title='bbox 1356 1581 1457 1634; x_wconf 79' lang='grc' dir='ltr'>ἔδει</span> <span class='ocrx_word' id='word_1_131' title='bbox 1480 1600 1533 1635; x_wconf 92' lang='grc' dir='ltr'>τι</span> <span class='ocrx_word' id='word_1_132' title='bbox 1563 1582 1773 1653; x_wconf 83' lang='grc' dir='ltr'>μαθεῖν,</span> <span class='ocrx_word' id='word_1_133' title='bbox 1797 1582 1902 1636; x_wconf 87' lang='grc' dir='ltr'>ἀνά</span> <span class='ocrx_word' id='word_1_134' title='bbox 1925 1582 2087 1653; x_wconf 82' lang='grc' dir='ltr'>μέσον</span> 
     </span>
    </p>
   </div>
   <div class='ocr_carea' id='block_1_18' title="bbox 525 1662 2086 1736">
    <p class='ocr_par' dir='ltr' id='par_1_18' title="bbox 525 1662 2086 1736">
     <span class='ocr_line' id='line_1_18' title="bbox 525 1662 2086 1736; baseline 0.001 -20"><span class='ocrx_word' id='word_1_135' title='bbox 525 1662 625 1716; x_wconf 83' lang='grc' dir='ltr'>τῶν</span> <span class='ocrx_word' id='word_1_136' title='bbox 655 1663 917 1733; x_wconf 75' lang='grc' dir='ltr'>χερουϐὶμ</span> <span class='ocrx_word' id='word_1_137' title='bbox 941 1663 1005 1715; x_wconf 87' lang='grc' dir='ltr'>ἐκ</span> <span class='ocrx_word' id='word_1_138' title='bbox 1047 1662 1141 1715; x_wconf 88' lang='grc' dir='ltr'>τοῦ</span> <span class='ocrx_word' id='word_1_139' title='bbox 1187 1662 1502 1734; x_wconf 82' lang='grc' dir='ltr'>ίλαστηρίου</span> <span class='ocrx_word' id='word_1_140' title='bbox 1538 1665 1687 1735; x_wconf 85' lang='grc' dir='ltr'>φωνή</span> <span class='ocrx_word' id='word_1_141' title='bbox 1721 1681 1805 1727; x_wconf 86' lang='grc' dir='ltr'>τις</span> <span class='ocrx_word' id='word_1_142' title='bbox 1837 1665 2086 1736; x_wconf 86' lang='grc' dir='ltr'>ἐφέρετο,</span> 
     </span>
    </p>
   </div>
   <div class='ocr_carea' id='block_1_19' title="bbox 519 1745 2090 1816">
    <p class='ocr_par' dir='ltr' id='par_1_19' title="bbox 519 1745 2090 1816">
     <span class='ocr_line' id='line_1_19' title="bbox 519 1745 2090 1816; baseline 0.003 -19"><span class='ocrx_word' id='word_1_143' title='bbox 519 1747 613 1798; x_wconf 74' lang='grc' dir='ltr'>καὶ</span> <span class='ocrx_word' id='word_1_144' title='bbox 636 1747 706 1797; x_wconf 72' lang='grc' dir='ltr'>τὰ</span> <span class='ocrx_word' id='word_1_145' title='bbox 731 1745 991 1815; x_wconf 88' lang='grc' dir='ltr'>μέλλοντα</span> <span class='ocrx_word' id='word_1_146' title='bbox 1026 1745 1313 1816; x_wconf 77' lang='grc' dir='ltr'>προύλεγε.</span> <span class='ocrx_word' id='word_1_147' title='bbox 1347 1747 1515 1800; x_wconf 89' lang='grc' dir='ltr'>Πάλιν</span> <span class='ocrx_word' id='word_1_148' title='bbox 1544 1749 1636 1800; x_wconf 86' lang='grc' dir='ltr'>ἐπί</span> <span class='ocrx_word' id='word_1_149' title='bbox 1654 1747 1760 1802; x_wconf 85' lang='grc' dir='ltr'>τῶν</span> <span class='ocrx_word' id='word_1_150' title='bbox 1793 1747 1954 1803; x_wconf 85' lang='grc' dir='ltr'>λίθων</span> <span class='ocrx_word' id='word_1_151' title='bbox 1983 1749 2090 1802; x_wconf 89' lang='grc' dir='ltr'>τῶν</span> 
     </span>
    </p>
   </div>
   <div class='ocr_carea' id='block_1_20' title="bbox 520 1827 2089 1902">
    <p class='ocr_par' dir='ltr' id='par_1_20' title="bbox 520 1827 2089 1902">
     <span class='ocr_line' id='line_1_20' title="bbox 520 1827 2089 1902; baseline 0.003 -23"><span class='ocrx_word' id='word_1_152' title='bbox 520 1830 612 1880; x_wconf 85' lang='grc' dir='ltr'>ἐπί</span> <span class='ocrx_word' id='word_1_153' title='bbox 635 1827 729 1880; x_wconf 87' lang='grc' dir='ltr'>τοῦ</span> <span class='ocrx_word' id='word_1_154' title='bbox 757 1828 984 1898; x_wconf 80' lang='grc' dir='ltr'>στήθους</span> <span class='ocrx_word' id='word_1_155' title='bbox 1013 1827 1104 1880; x_wconf 84' lang='grc' dir='ltr'>τοῦ</span> <span class='ocrx_word' id='word_1_156' title='bbox 1129 1827 1450 1902; x_wconf 80' lang='grc' dir='ltr'>ἀρχιερέως,</span> <span class='ocrx_word' id='word_1_157' title='bbox 1484 1830 1621 1901; x_wconf 87' lang='grc' dir='ltr'>ὅπερ</span> <span class='ocrx_word' id='word_1_158' title='bbox 1656 1830 1883 1883; x_wconf 79' lang='grc' dir='ltr'>ἐκάλουν</span> <span class='ocrx_word' id='word_1_159' title='bbox 1915 1831 2089 1901; x_wconf 86' lang='grc' dir='ltr'>δήλω-</span> 
     </span>
    </p>
   </div>
   <div class='ocr_carea' id='block_1_21' title="bbox 523 1910 2091 1986">
    <p class='ocr_par' dir='ltr' id='par_1_21' title="bbox 523 1910 2091 1986">
     <span class='ocr_line' id='line_1_21' title="bbox 523 1910 2091 1986; baseline 0.006 -25"><span class='ocrx_word' id='word_1_160' title='bbox 523 1929 627 1977; x_wconf 87' lang='grc' dir='ltr'>σιν,</span> <span class='ocrx_word' id='word_1_161' title='bbox 655 1911 862 1980; x_wconf 87' lang='grc' dir='ltr'>ἐγίνετό</span> <span class='ocrx_word' id='word_1_162' title='bbox 885 1928 970 1975; x_wconf 89' lang='grc' dir='ltr'>τις</span> <span class='ocrx_word' id='word_1_163' title='bbox 995 1910 1286 1982; x_wconf 76' lang='grc' dir='ltr'>ἐκλαμψις,</span> <span class='ocrx_word' id='word_1_164' title='bbox 1317 1912 1413 1965; x_wconf 71' lang='grc' dir='ltr'>καὶ</span> <span class='ocrx_word' id='word_1_165' title='bbox 1431 1912 1501 1965; x_wconf 89' lang='grc' dir='ltr'>τά</span> <span class='ocrx_word' id='word_1_166' title='bbox 1528 1913 1785 1983; x_wconf 88' lang='grc' dir='ltr'>μέλλοντα</span> <span class='ocrx_word' id='word_1_167' title='bbox 1806 1915 2091 1986; x_wconf 87' lang='grc' dir='ltr'>ἐσήμαινε.</span> 
     </span>
    </p>
   </div>
   <div class='ocr_carea' id='block_1_22' title="bbox 521 1994 2094 2069">
    <p class='ocr_par' dir='ltr' id='par_1_22' title="bbox 521 1994 2094 2069">
     <span class='ocr_line' id='line_1_22' title="bbox 521 1994 2094 2069; baseline 0.002 -20"><span class='ocrx_word' id='word_1_168' title='bbox 521 1994 665 2065; x_wconf 83' lang='grc' dir='ltr'>Πρὸς</span> <span class='ocrx_word' id='word_1_169' title='bbox 699 1994 925 2059; x_wconf 82' lang='grc' dir='ltr'>τούτοις,</span> <span class='ocrx_word' id='word_1_170' title='bbox 956 1995 1117 2065; x_wconf 74' lang='grc' dir='ltr'>ἡνίκα</span> <span class='ocrx_word' id='word_1_171' title='bbox 1143 1994 1267 2048; x_wconf 86' lang='grc' dir='ltr'>τινά</span> <span class='ocrx_word' id='word_1_172' title='bbox 1295 1995 1541 2067; x_wconf 88' lang='grc' dir='ltr'>χρίεσθαι</span> <span class='ocrx_word' id='word_1_173' title='bbox 1573 1996 1699 2062; x_wconf 76' lang='grc' dir='ltr'>ἔδει,</span> <span class='ocrx_word' id='word_1_174' title='bbox 1733 1999 1766 2069; x_wconf 88' lang='grc' dir='ltr'>ή</span> <span class='ocrx_word' id='word_1_175' title='bbox 1797 1997 1891 2051; x_wconf 88' lang='grc' dir='ltr'>τοῦ</span> <span class='ocrx_word' id='word_1_176' title='bbox 1925 1998 2094 2052; x_wconf 88' lang='grc' dir='ltr'>Πνεύ-</span> 
     </span>
    </p>
   </div>
   <div class='ocr_carea' id='block_1_23' title="bbox 524 2077 2091 2153">
    <p class='ocr_par' dir='ltr' id='par_1_23' title="bbox 524 2077 2091 2153">
     <span class='ocr_line' id='line_1_23' title="bbox 524 2077 2091 2153; baseline 0.003 -23"><span class='ocrx_word' id='word_1_177' title='bbox 524 2094 692 2148; x_wconf 84' lang='grc' dir='ltr'>ματος</span> <span class='ocrx_word' id='word_1_178' title='bbox 723 2077 882 2149; x_wconf 84' lang='grc' dir='ltr'>χάρις</span> <span class='ocrx_word' id='word_1_179' title='bbox 915 2078 1198 2146; x_wconf 85' lang='grc' dir='ltr'>ἐφίπτατο,</span> <span class='ocrx_word' id='word_1_180' title='bbox 1230 2077 1382 2151; x_wconf 81' lang='grc'>[655]</span> <span class='ocrx_word' id='word_1_181' title='bbox 1413 2080 1508 2133; x_wconf 75' lang='grc' dir='ltr'>καὶ</span> <span class='ocrx_word' id='word_1_182' title='bbox 1534 2080 1594 2133; x_wconf 93' lang='grc' dir='ltr'>τὸ</span> <span class='ocrx_word' id='word_1_183' title='bbox 1622 2081 1798 2134; x_wconf 84' lang='grc' dir='ltr'>ἐλαιον</span> <span class='ocrx_word' id='word_1_184' title='bbox 1820 2082 2091 2153; x_wconf 74' lang='grc' dir='ltr'>ἀνεπήδαο</span> 
     </span>
    </p>
   </div>
   <div class='ocr_carea' id='block_1_24' title="bbox 520 2160 2094 2235">
    <p class='ocr_par' dir='ltr' id='par_1_24' title="bbox 520 2160 2094 2235">
     <span class='ocr_line' id='line_1_24' title="bbox 520 2160 2094 2235; baseline 0.001 -19"><span class='ocrx_word' id='word_1_185' title='bbox 520 2162 614 2217; x_wconf 75' lang='grc' dir='ltr'>καὶ</span> <span class='ocrx_word' id='word_1_186' title='bbox 651 2162 923 2234; x_wconf 77' lang='grc' dir='ltr'>προφῆται</span> <span class='ocrx_word' id='word_1_187' title='bbox 954 2160 1164 2225; x_wconf 82' lang='grc' dir='ltr'>τούτοις</span> <span class='ocrx_word' id='word_1_188' title='bbox 1192 2161 1469 2232; x_wconf 83' lang='grc' dir='ltr'>διηκόνουν</span> <span class='ocrx_word' id='word_1_189' title='bbox 1513 2166 1626 2228; x_wconf 89' lang='grc' dir='ltr'>τοῖς</span> <span class='ocrx_word' id='word_1_190' title='bbox 1655 2165 1964 2235; x_wconf 84' lang='grc' dir='ltr'>πράγμασι,</span> <span class='ocrx_word' id='word_1_191' title='bbox 2000 2165 2094 2218; x_wconf 76' lang='grc' dir='ltr'>καὶ</span> 
     </span>
    </p>
   </div>
   <div class='ocr_carea' id='block_1_25' title="bbox 520 2245 2092 2318">
    <p class='ocr_par' dir='ltr' id='par_1_25' title="bbox 520 2245 2092 2318">
     <span class='ocr_line' id='line_1_25' title="bbox 520 2245 2092 2318; baseline 0.001 -18"><span class='ocrx_word' id='word_1_192' title='bbox 520 2248 718 2318; x_wconf 83' lang='grc' dir='ltr'>νεφέλη</span> <span class='ocrx_word' id='word_1_193' title='bbox 748 2247 1004 2310; x_wconf 81' lang='grc' dir='ltr'>πολλάκις</span> <span class='ocrx_word' id='word_1_194' title='bbox 1027 2245 1121 2301; x_wconf 76' lang='grc' dir='ltr'>καὶ</span> <span class='ocrx_word' id='word_1_195' title='bbox 1151 2245 1358 2309; x_wconf 89' lang='grc' dir='ltr'>καπνὸς</span> <span class='ocrx_word' id='word_1_196' title='bbox 1377 2245 1444 2299; x_wconf 79' lang='grc' dir='ltr'>τὰ</span> <span class='ocrx_word' id='word_1_197' title='bbox 1472 2245 1639 2299; x_wconf 76' lang='grc' dir='ltr'>ἄδυτα</span> <span class='ocrx_word' id='word_1_198' title='bbox 1663 2247 2092 2318; x_wconf 87' lang='grc' dir='ltr'>κατελάμϐανεν.</span> 
     </span>
    </p>
   </div>
   <div class='ocr_carea' id='block_1_26' title="bbox 522 2329 2094 2403">
    <p class='ocr_par' dir='ltr' id='par_1_26' title="bbox 522 2329 2094 2403">
     <span class='ocr_line' id='line_1_26' title="bbox 522 2329 2094 2403; baseline -0.003 -16"><span class='ocrx_word' id='word_1_199' title='bbox 522 2333 618 2387; x_wconf 84' lang='lat' dir='ltr'><strong>&#39;lv‘</strong></span> <span class='ocrx_word' id='word_1_200' title='bbox 647 2329 740 2385; x_wconf 82' lang='grc' dir='ltr'>οὖν</span> <span class='ocrx_word' id='word_1_201' title='bbox 773 2331 845 2403; x_wconf 78' lang='grc' dir='ltr'>μή</span> <span class='ocrx_word' id='word_1_202' title='bbox 873 2332 1301 2402; x_wconf 80' lang='grc' dir='ltr'>ἀναισχυντῶσιν</span> <span class='ocrx_word' id='word_1_203' title='bbox 1326 2330 1375 2383; x_wconf 77' lang='grc' dir='ltr'>οἱ</span> <span class='ocrx_word' id='word_1_204' title='bbox 1414 2330 1676 2393; x_wconf 83' lang='grc' dir='ltr'>Ἰουδαῖοι,</span> <span class='ocrx_word' id='word_1_205' title='bbox 1711 2331 1846 2401; x_wconf 86' lang='grc' dir='ltr'>μηδὲ</span> <span class='ocrx_word' id='word_1_206' title='bbox 1882 2329 2094 2402; x_wconf 87' lang='grc' dir='ltr'>ἀνθρώ-</span> 
     </span>
    </p>
   </div>
   <div class='ocr_carea' id='block_1_27' title="bbox 522 2413 2095 2486">
    <p class='ocr_par' dir='ltr' id='par_1_27' title="bbox 522 2413 2095 2486">
     <span class='ocr_line' id='line_1_27' title="bbox 522 2413 2095 2486; baseline -0.003 -16"><span class='ocrx_word' id='word_1_207' title='bbox 522 2434 644 2482; x_wconf 84' lang='grc' dir='ltr'>ποις</span> <span class='ocrx_word' id='word_1_208' title='bbox 667 2415 987 2485; x_wconf 76' lang='grc' dir='ltr'>λογίξωνται</span> <span class='ocrx_word' id='word_1_209' title='bbox 1009 2415 1108 2485; x_wconf 83' lang='grc' dir='ltr'>τὴν</span> <span class='ocrx_word' id='word_1_210' title='bbox 1130 2413 1308 2469; x_wconf 82' lang='grc' dir='ltr'>αὐτῶν</span> <span class='ocrx_word' id='word_1_211' title='bbox 1337 2414 1638 2486; x_wconf 86' lang='grc' dir='ltr'>ἐρήμωσιν,</span> <span class='ocrx_word' id='word_1_212' title='bbox 1673 2414 1793 2484; x_wconf 73' lang='grc' dir='ltr'>οὐχὶ</span> <span class='ocrx_word' id='word_1_213' title='bbox 1813 2413 1910 2486; x_wconf 81' lang='grc' dir='ltr'>τήν</span> <span class='ocrx_word' id='word_1_214' title='bbox 1942 2414 2095 2466; x_wconf 87' lang='grc' dir='ltr'>πόλιν</span> 
     </span>
    </p>
   </div>
   <div class='ocr_carea' id='block_1_28' title="bbox 526 2495 2096 2572">
    <p class='ocr_par' dir='ltr' id='par_1_28' title="bbox 526 2495 2096 2572">
     <span class='ocr_line' id='line_1_28' title="bbox 526 2495 2096 2572; baseline -0.003 -19"><span class='ocrx_word' id='word_1_215' title='bbox 526 2502 684 2572; x_wconf 86' lang='grc' dir='ltr'>μόνον</span> <span class='ocrx_word' id='word_1_216' title='bbox 714 2500 894 2569; x_wconf 82' lang='grc' dir='ltr'>ἀφῆκε</span> <span class='ocrx_word' id='word_1_217' title='bbox 926 2502 1130 2563; x_wconf 86' lang='grc' dir='ltr'>πεσεῖν,</span> <span class='ocrx_word' id='word_1_218' title='bbox 1164 2498 1259 2552; x_wconf 79' lang='grc' dir='ltr'>καὶ</span> <span class='ocrx_word' id='word_1_219' title='bbox 1290 2498 1380 2551; x_wconf 85' lang='grc' dir='ltr'>τὸν</span> <span class='ocrx_word' id='word_1_220' title='bbox 1413 2498 1537 2551; x_wconf 91' lang='grc' dir='ltr'>ναὸν</span> <span class='ocrx_word' id='word_1_221' title='bbox 1568 2497 1938 2569; x_wconf 68' lang='grc' dir='ltr'>ἐρημωθῆναι,</span> <span class='ocrx_word' id='word_1_222' title='bbox 1962 2495 2096 2549; x_wconf 87' lang='grc' dir='ltr'>ἀλλά</span> 
     </span>
    </p>
   </div>
   <div class='ocr_carea' id='block_1_29' title="bbox 524 2581 2097 2655">
    <p class='ocr_par' dir='ltr' id='par_1_29' title="bbox 524 2581 2097 2655">
     <span class='ocr_line' id='line_1_29' title="bbox 524 2581 2097 2655; baseline -0.003 -17"><span class='ocrx_word' id='word_1_223' title='bbox 524 2587 620 2639; x_wconf 76' lang='grc' dir='ltr'>καὶ</span> <span class='ocrx_word' id='word_1_224' title='bbox 654 2583 724 2638; x_wconf 83' lang='grc' dir='ltr'>τά</span> <span class='ocrx_word' id='word_1_225' title='bbox 750 2585 1052 2655; x_wconf 87' lang='grc' dir='ltr'>πράγματα</span> <span class='ocrx_word' id='word_1_226' title='bbox 1082 2586 1283 2646; x_wconf 86' lang='grc' dir='ltr'>ἐκεῖνα,</span> <span class='ocrx_word' id='word_1_227' title='bbox 1319 2582 1463 2654; x_wconf 82' lang='grc' dir='ltr'>ἀπερ</span> <span class='ocrx_word' id='word_1_228' title='bbox 1495 2584 1559 2635; x_wconf 89' lang='grc' dir='ltr'>ἐκ</span> <span class='ocrx_word' id='word_1_229' title='bbox 1583 2583 1692 2635; x_wconf 90' lang='grc' dir='ltr'>τῶν</span> <span class='ocrx_word' id='word_1_230' title='bbox 1726 2581 1967 2650; x_wconf 78' lang='grc' dir='ltr'>οὐρανῶν</span> <span class='ocrx_word' id='word_1_231' title='bbox 1997 2581 2097 2644; x_wconf 77' lang='grc' dir='ltr'>τὰς</span> 
     </span>
    </p>
   </div>
   <div class='ocr_carea' id='block_1_30' title="bbox 524 2662 2097 2738">
    <p class='ocr_par' dir='ltr' id='par_1_30' title="bbox 524 2662 2097 2738">
     <span class='ocr_line' id='line_1_30' title="bbox 524 2662 2097 2738; baseline -0.004 -16"><span class='ocrx_word' id='word_1_232' title='bbox 524 2667 697 2738; x_wconf 87' lang='grc' dir='ltr'>ἀρχάς</span> <span class='ocrx_word' id='word_1_233' title='bbox 722 2662 886 2736; x_wconf 79' lang='grc' dir='ltr'>εἶχεν,</span> <span class='ocrx_word' id='word_1_234' title='bbox 920 2665 1158 2719; x_wconf 85' lang='grc' dir='ltr'>ἐκποδών</span> <span class='ocrx_word' id='word_1_235' title='bbox 1189 2664 1442 2734; x_wconf 88' lang='grc' dir='ltr'>γενέσθαι</span> <span class='ocrx_word' id='word_1_236' title='bbox 1475 2666 1721 2736; x_wconf 85' lang='grc' dir='ltr'>ἐποίησε,</span> <span class='ocrx_word' id='word_1_237' title='bbox 1754 2666 1814 2717; x_wconf 82' lang='grc' dir='ltr'>τὸ</span> <span class='ocrx_word' id='word_1_238' title='bbox 1847 2663 1978 2734; x_wconf 87' lang='grc' dir='ltr'>πῦρ,</span> <span class='ocrx_word' id='word_1_239' title='bbox 1999 2664 2097 2735; x_wconf 85' lang='grc' dir='ltr'>τὴν</span> 
     </span>
    </p>
   </div>
   <div class='ocr_carea' id='block_1_31' title="bbox 526 2749 2098 2821">
    <p class='ocr_par' dir='ltr' id='par_1_31' title="bbox 526 2749 2098 2821">
     <span class='ocr_line' id='line_1_31' title="bbox 526 2749 2098 2821; baseline -0.001 -17"><span class='ocrx_word' id='word_1_240' title='bbox 526 2751 729 2821; x_wconf 77' lang='grc' dir='ltr'>φωνὴν,</span> <span class='ocrx_word' id='word_1_241' title='bbox 765 2750 861 2821; x_wconf 79' lang='grc' dir='ltr'>τήν</span> <span class='ocrx_word' id='word_1_242' title='bbox 894 2749 1003 2803; x_wconf 90' lang='grc' dir='ltr'>τῶν</span> <span class='ocrx_word' id='word_1_243' title='bbox 1046 2749 1207 2803; x_wconf 89' lang='grc' dir='ltr'>λίθων</span> <span class='ocrx_word' id='word_1_244' title='bbox 1247 2750 1534 2821; x_wconf 74' lang='grc' dir='ltr'>ἔκλαμψιν,</span> <span class='ocrx_word' id='word_1_245' title='bbox 1574 2751 1641 2804; x_wconf 78' lang='grc' dir='ltr'>τὰ</span> <span class='ocrx_word' id='word_1_246' title='bbox 1665 2750 1800 2803; x_wconf 78' lang='grc' dir='ltr'>ἄλλα</span> <span class='ocrx_word' id='word_1_247' title='bbox 1833 2750 2007 2802; x_wconf 89' lang='grc' dir='ltr'>πάντα</span> <span class='ocrx_word' id='word_1_248' title='bbox 2030 2749 2098 2803; x_wconf 82' lang='grc' dir='ltr'>τὰ</span> 
     </span>
    </p>
   </div>
   <div class='ocr_carea' id='block_1_32' title="bbox 525 2829 2098 2907">
    <p class='ocr_par' dir='ltr' id='par_1_32' title="bbox 525 2829 2098 2907">
     <span class='ocr_line' id='line_1_32' title="bbox 525 2829 2098 2907; baseline 0 -20"><span class='ocrx_word' id='word_1_249' title='bbox 525 2834 944 2887; x_wconf 81' lang='grc' dir='ltr'>τοιαῦτα.”οταν</span> <span class='ocrx_word' id='word_1_250' title='bbox 974 2829 1065 2887; x_wconf 83' lang='grc' dir='ltr'>οὖν</span> <span class='ocrx_word' id='word_1_251' title='bbox 1086 2833 1219 2907; x_wconf 81' lang='grc' dir='ltr'>λέγῃ</span> <span class='ocrx_word' id='word_1_252' title='bbox 1253 2852 1335 2887; x_wconf 92' lang='grc' dir='ltr'>σοι</span> <span class='ocrx_word' id='word_1_253' title='bbox 1361 2837 1389 2887; x_wconf 95' lang='lat'>6</span> <span class='ocrx_word' id='word_1_254' title='bbox 1425 2834 1695 2897; x_wconf 85' lang='grc' dir='ltr'>Ἰουδαῖος,</span> <span class='ocrx_word' id='word_1_255' title='bbox 1718 2835 1799 2888; x_wconf 84' lang='grc' dir='ltr'>ὅτι</span> <span class='ocrx_word' id='word_1_256' title='bbox 1824 2833 2098 2905; x_wconf 80' lang='grc' dir='ltr'>ἄνθρωποι</span> 
     </span>
    </p>
   </div>
   <div class='ocr_carea' id='block_1_33' title="bbox 524 2916 2100 2988">
    <p class='ocr_par' dir='ltr' id='par_1_33' title="bbox 524 2916 2100 2988">
     <span class='ocr_line' id='line_1_33' title="bbox 524 2916 2100 2988; baseline 0 -19"><span class='ocrx_word' id='word_1_257' title='bbox 524 2918 659 2987; x_wconf 79' lang='grc' dir='ltr'>ἡμῖν</span> <span class='ocrx_word' id='word_1_258' title='bbox 684 2916 1045 2987; x_wconf 76' lang='grc' dir='ltr'>ἐπολέμησαν,</span> <span class='ocrx_word' id='word_1_259' title='bbox 1078 2916 1352 2987; x_wconf 84' lang='grc' dir='ltr'>ἄνθρωποι</span> <span class='ocrx_word' id='word_1_260' title='bbox 1384 2916 1798 2982; x_wconf 86' lang='grc' dir='ltr'>ἐπεϐούλευσαν,</span> <span class='ocrx_word' id='word_1_261' title='bbox 1820 2917 1939 2970; x_wconf 76' lang='grc' dir='ltr'>εἰπὲ</span> <span class='ocrx_word' id='word_1_262' title='bbox 1966 2916 2100 2988; x_wconf 80' lang='grc' dir='ltr'>πρὸς</span> 
     </span>
    </p>
   </div>
   <div class='ocr_carea' id='block_1_34' title="bbox 527 2998 2097 3072">
    <p class='ocr_par' dir='ltr' id='par_1_34' title="bbox 527 2998 2097 3072">
     <span class='ocr_line' id='line_1_34' title="bbox 527 2998 2097 3072; baseline -0.001 -19"><span class='ocrx_word' id='word_1_263' title='bbox 527 3001 711 3064; x_wconf 82' lang='grc' dir='ltr'>αὐτὸν,</span> <span class='ocrx_word' id='word_1_264' title='bbox 744 2998 995 3053; x_wconf 84' lang='grc' dir='ltr'>Μάλιστα</span> <span class='ocrx_word' id='word_1_265' title='bbox 1032 3000 1131 3069; x_wconf 83' lang='grc' dir='ltr'>μὲν</span> <span class='ocrx_word' id='word_1_266' title='bbox 1162 3001 1260 3053; x_wconf 83' lang='grc' dir='ltr'>οὐκ</span> <span class='ocrx_word' id='word_1_267' title='bbox 1307 3001 1374 3054; x_wconf 85' lang='grc' dir='ltr'>ἂν</span> <span class='ocrx_word' id='word_1_268' title='bbox 1422 3000 1765 3072; x_wconf 79' lang='grc' dir='ltr'>ἐπολέμησαν</span> <span class='ocrx_word' id='word_1_269' title='bbox 1802 2999 2097 3071; x_wconf 81' lang='grc' dir='ltr'>ἀνθρωττοι,</span> 
     </span>
    </p>
   </div>
   <div class='ocr_carea' id='block_1_35' title="bbox 527 3080 2098 3153">
    <p class='ocr_par' dir='ltr' id='par_1_35' title="bbox 527 3080 2098 3153">
     <span class='ocr_line' id='line_1_35' title="bbox 527 3080 2098 3153; baseline -0.001 -17"><span class='ocrx_word' id='word_1_270' title='bbox 527 3085 577 3136; x_wconf 82' lang='grc' dir='ltr'>εί</span> <span class='ocrx_word' id='word_1_271' title='bbox 624 3082 697 3153; x_wconf 84' lang='grc' dir='ltr'>μὴ</span> <span class='ocrx_word' id='word_1_272' title='bbox 737 3083 766 3134; x_wconf 87' lang='grc' dir='ltr'>ὁ</span> <span class='ocrx_word' id='word_1_273' title='bbox 808 3080 941 3145; x_wconf 83' lang='grc' dir='ltr'>Θεὸς</span> <span class='ocrx_word' id='word_1_274' title='bbox 990 3082 1580 3153; x_wconf 82' lang='grc' dir='ltr'>συνεχώρησεν.Ἐστω</span> <span class='ocrx_word' id='word_1_275' title='bbox 1607 3083 1682 3146; x_wconf 87' lang='grc' dir='ltr'>δὲ,</span> <span class='ocrx_word' id='word_1_276' title='bbox 1710 3082 1770 3135; x_wconf 92' lang='grc' dir='ltr'>τὸ</span> <span class='ocrx_word' id='word_1_277' title='bbox 1800 3082 1977 3152; x_wconf 87' lang='grc' dir='ltr'>τεῖχός</span> <span class='ocrx_word' id='word_1_278' title='bbox 2006 3098 2098 3135; x_wconf 90' lang='grc' dir='ltr'>σου</span> 
     </span>
    </p>
   </div>
   <div class='ocr_carea' id='block_1_36' title="bbox 528 3164 2099 3239">
    <p class='ocr_par' dir='ltr' id='par_1_36' title="bbox 528 3164 2099 3239">
     <span class='ocr_line' id='line_1_36' title="bbox 528 3164 2099 3239; baseline -0.002 -19"><span class='ocrx_word' id='word_1_279' title='bbox 528 3165 775 3220; x_wconf 77' lang='grc' dir='ltr'>καθεῖλον</span> <span class='ocrx_word' id='word_1_280' title='bbox 799 3167 848 3217; x_wconf 78' lang='grc' dir='ltr'>οἱ</span> <span class='ocrx_word' id='word_1_281' title='bbox 880 3164 1184 3236; x_wconf 76' lang='grc' dir='ltr'>ἄνθρωποι·</span> <span class='ocrx_word' id='word_1_282' title='bbox 1222 3165 1297 3237; x_wconf 82' lang='grc' dir='ltr'>μὴ</span> <span class='ocrx_word' id='word_1_283' title='bbox 1329 3167 1390 3219; x_wconf 92' lang='grc' dir='ltr'>τὸ</span> <span class='ocrx_word' id='word_1_284' title='bbox 1426 3166 1535 3239; x_wconf 89' lang='grc' dir='ltr'>πῦρ</span> <span class='ocrx_word' id='word_1_285' title='bbox 1560 3166 1765 3221; x_wconf 83' lang='grc' dir='ltr'>ἀνωθεν</span> <span class='ocrx_word' id='word_1_286' title='bbox 1794 3165 2099 3236; x_wconf 79' lang='grc' dir='ltr'>καταφέρε-</span> 
     </span>
    </p>
   </div>
   <div class='ocr_carea' id='block_1_37' title="bbox 529 3248 2097 3321">
    <p class='ocr_par' dir='ltr' id='par_1_37' title="bbox 529 3248 2097 3321">
     <span class='ocr_line' id='line_1_37' title="bbox 529 3248 2097 3321; baseline -0.001 -18"><span class='ocrx_word' id='word_1_287' title='bbox 529 3251 654 3304; x_wconf 90' lang='grc' dir='ltr'>σθαι</span> <span class='ocrx_word' id='word_1_288' title='bbox 681 3250 966 3321; x_wconf 78' lang='grc' dir='ltr'>άνθρωπος</span> <span class='ocrx_word' id='word_1_289' title='bbox 994 3249 1297 3317; x_wconf 87' lang='grc' dir='ltr'>ἐκώλυσεν;</span> <span class='ocrx_word' id='word_1_290' title='bbox 1329 3251 1403 3321; x_wconf 84' lang='grc' dir='ltr'>μὴ</span> <span class='ocrx_word' id='word_1_291' title='bbox 1436 3252 1536 3321; x_wconf 81' lang='grc' dir='ltr'>τὴν</span> <span class='ocrx_word' id='word_1_292' title='bbox 1560 3250 1743 3320; x_wconf 85' lang='grc' dir='ltr'>φωνὴν</span> <span class='ocrx_word' id='word_1_293' title='bbox 1770 3250 1869 3320; x_wconf 82' lang='grc' dir='ltr'>τὴν</span> <span class='ocrx_word' id='word_1_294' title='bbox 1905 3250 1969 3302; x_wconf 84' lang='grc' dir='ltr'>ἐκ</span> <span class='ocrx_word' id='word_1_295' title='bbox 2004 3248 2097 3301; x_wconf 91' lang='grc' dir='ltr'>τοῦ</span> 
     </span>
    </p>
   </div>
   <div class='ocr_carea' id='block_1_38' title="bbox 532 3331 2098 3405">
    <p class='ocr_par' dir='ltr' id='par_1_38' title="bbox 532 3331 2098 3405">
     <span class='ocr_line' id='line_1_38' title="bbox 532 3331 2098 3405; baseline 0.003 -23"><span class='ocrx_word' id='word_1_296' title='bbox 532 3331 842 3405; x_wconf 81' lang='grc' dir='ltr'>ίλαστηρίου</span> <span class='ocrx_word' id='word_1_297' title='bbox 876 3333 1114 3401; x_wconf 88' lang='grc' dir='ltr'>συνεχῶς</span> <span class='ocrx_word' id='word_1_298' title='bbox 1162 3334 1499 3403; x_wconf 84' lang='grc' dir='ltr'>ἀκουομένην</span> <span class='ocrx_word' id='word_1_299' title='bbox 1547 3334 1830 3405; x_wconf 85' lang='grc' dir='ltr'>ἄνθρωπος</span> <span class='ocrx_word' id='word_1_300' title='bbox 1874 3334 2098 3405; x_wconf 74' lang='grc' dir='ltr'>ἐπέσχες</span> 
     </span>
    </p>
   </div>
   <div class='ocr_carea' id='block_1_39' title="bbox 534 3414 2102 3488">
    <p class='ocr_par' dir='ltr' id='par_1_39' title="bbox 534 3414 2102 3488">
     <span class='ocr_line' id='line_1_39' title="bbox 534 3414 2102 3488; baseline 0.002 -21"><span class='ocrx_word' id='word_1_301' title='bbox 534 3415 609 3485; x_wconf 78' lang='grc' dir='ltr'>μὴ</span> <span class='ocrx_word' id='word_1_302' title='bbox 633 3414 732 3486; x_wconf 83' lang='grc' dir='ltr'>τὴν</span> <span class='ocrx_word' id='word_1_303' title='bbox 759 3415 987 3485; x_wconf 85' lang='grc' dir='ltr'>δήλωσιν</span> <span class='ocrx_word' id='word_1_304' title='bbox 1012 3414 1109 3485; x_wconf 82' lang='grc' dir='ltr'>τὴν</span> <span class='ocrx_word' id='word_1_305' title='bbox 1140 3415 1360 3468; x_wconf 76' lang='grc' dir='ltr'>ἐπὶτῶν</span> <span class='ocrx_word' id='word_1_306' title='bbox 1381 3415 1575 3479; x_wconf 85' lang='grc' dir='ltr'>λίθων;</span> <span class='ocrx_word' id='word_1_307' title='bbox 1615 3418 1687 3485; x_wconf 79' lang='grc' dir='ltr'>μὴ</span> <span class='ocrx_word' id='word_1_308' title='bbox 1721 3415 1780 3468; x_wconf 86' lang='grc' dir='ltr'>τὸ</span> <span class='ocrx_word' id='word_1_309' title='bbox 1810 3419 2014 3488; x_wconf 89' lang='grc' dir='ltr'>χρῖσμα</span> <span class='ocrx_word' id='word_1_310' title='bbox 2042 3418 2102 3471; x_wconf 90' lang='grc' dir='ltr'>τὸ</span> 
     </span>
    </p>
   </div>
   <div class='ocr_carea' id='block_1_40' title="bbox 531 3492 2098 3570">
    <p class='ocr_par' dir='ltr' id='par_1_40' title="bbox 531 3492 2098 3570">
     <span class='ocr_line' id='line_1_40' title="bbox 531 3492 2098 3570; baseline 0.006 -25"><span class='ocrx_word' id='word_1_311' title='bbox 531 3495 839 3567; x_wconf 77' lang='grc' dir='ltr'>ίερατικόν;</span> <span class='ocrx_word' id='word_1_312' title='bbox 873 3494 947 3567; x_wconf 79' lang='grc' dir='ltr'>μὴ</span> <span class='ocrx_word' id='word_1_313' title='bbox 986 3496 1053 3548; x_wconf 86' lang='grc' dir='ltr'>τά</span> <span class='ocrx_word' id='word_1_314' title='bbox 1087 3492 1220 3567; x_wconf 69' lang='grc' dir='ltr'>ἀλλα</span> <span class='ocrx_word' id='word_1_315' title='bbox 1248 3496 1466 3552; x_wconf 74' lang='grc' dir='ltr'>ἅπαντα</span> <span class='ocrx_word' id='word_1_316' title='bbox 1496 3498 1742 3551; x_wconf 89' lang='grc' dir='ltr'>καθεῖλεν</span> <span class='ocrx_word' id='word_1_317' title='bbox 1787 3499 2098 3570; x_wconf 84' lang='grc' dir='ltr'>ἀνθρωπος;</span> 
     </span>
    </p>
   </div>
   <div class='ocr_carea' id='block_1_41' title="bbox 531 3577 2097 3654">
    <p class='ocr_par' dir='ltr' id='par_1_41' title="bbox 531 3577 2097 3654">
     <span class='ocr_line' id='line_1_41' title="bbox 531 3577 2097 3654; baseline 0.004 -23"><span class='ocrx_word' id='word_1_318' title='bbox 531 3578 630 3649; x_wconf 83' lang='grc' dir='ltr'>οὐχ</span> <span class='ocrx_word' id='word_1_319' title='bbox 657 3581 686 3632; x_wconf 90' lang='lat'>6</span> <span class='ocrx_word' id='word_1_320' title='bbox 717 3579 847 3643; x_wconf 88' lang='grc' dir='ltr'>Θεὸς</span> <span class='ocrx_word' id='word_1_321' title='bbox 877 3577 1051 3632; x_wconf 91' lang='grc' dir='ltr'>ταῦτα</span> <span class='ocrx_word' id='word_1_322' title='bbox 1082 3578 1414 3645; x_wconf 86' lang='grc' dir='ltr'>ἀνέστειλεν;</span> <span class='ocrx_word' id='word_1_323' title='bbox 1453 3581 1620 3634; x_wconf 71' lang='grc' dir='ltr'>Παντί</span> <span class='ocrx_word' id='word_1_324' title='bbox 1645 3598 1748 3634; x_wconf 91' lang='grc' dir='ltr'>που</span> <span class='ocrx_word' id='word_1_325' title='bbox 1773 3582 1930 3654; x_wconf 84' lang='grc' dir='ltr'>δῆλόν</span> <span class='ocrx_word' id='word_1_326' title='bbox 1960 3583 2097 3638; x_wconf 84' lang='grc' dir='ltr'>ἐστι,</span> 
     </span>
    </p>
   </div>
   <div class='ocr_carea' id='block_1_42' title="bbox 532 3658 2103 3737">
    <p class='ocr_par' dir='ltr' id='par_1_42' title="bbox 532 3658 2103 3737">
     <span class='ocr_line' id='line_1_42' title="bbox 532 3658 2103 3737; baseline 0.004 -23"><span class='ocrx_word' id='word_1_327' title='bbox 532 3662 688 3726; x_wconf 85' lang='grc' dir='ltr'>Τίνος</span> <span class='ocrx_word' id='word_1_328' title='bbox 719 3658 812 3719; x_wconf 80' lang='grc' dir='ltr'>οῦν</span> <span class='ocrx_word' id='word_1_329' title='bbox 840 3664 1023 3717; x_wconf 81' lang='grc' dir='ltr'>ἐνεκεν</span> <span class='ocrx_word' id='word_1_330' title='bbox 1055 3664 1294 3731; x_wconf 89' lang='grc' dir='ltr'>ἀνεῖλεν;</span> <span class='ocrx_word' id='word_1_331' title='bbox 1340 3666 1439 3719; x_wconf 84' lang='grc' dir='ltr'>οὐκ</span> <span class='ocrx_word' id='word_1_332' title='bbox 1474 3664 1714 3737; x_wconf 79' lang='grc' dir='ltr'>εὔδηλον,</span> <span class='ocrx_word' id='word_1_333' title='bbox 1749 3669 1830 3720; x_wconf 80' lang='grc' dir='ltr'>ὅτι</span> <span class='ocrx_word' id='word_1_334' title='bbox 1868 3669 2103 3736; x_wconf 82' lang='grc' dir='ltr'>μισήσας</span> 
     </span>
    </p>
   </div>
   <div class='ocr_carea' id='block_1_43' title="bbox 533 3748 2099 3822">
    <p class='ocr_par' dir='ltr' id='par_1_43' title="bbox 533 3748 2099 3822">
     <span class='ocr_line' id='line_1_43' title="bbox 533 3748 2099 3822; baseline 0.002 -21"><span class='ocrx_word' id='word_1_335' title='bbox 533 3749 678 3819; x_wconf 84' lang='grc' dir='ltr'>ὑμᾶς</span> <span class='ocrx_word' id='word_1_336' title='bbox 710 3750 804 3803; x_wconf 72' lang='grc' dir='ltr'>καὶ</span> <span class='ocrx_word' id='word_1_337' title='bbox 835 3748 1204 3821; x_wconf 80' lang='grc' dir='ltr'>ἀποστραφεὶς</span> <span class='ocrx_word' id='word_1_338' title='bbox 1256 3749 1543 3815; x_wconf 79' lang='grc' dir='ltr'>καθάπαξ;</span> <span class='ocrx_word' id='word_1_339' title='bbox 1573 3752 1725 3821; x_wconf 78' lang='grc' dir='ltr'>Οὐχὶ,</span> <span class='ocrx_word' id='word_1_340' title='bbox 1760 3750 1923 3822; x_wconf 84' lang='grc' dir='ltr'>φησίν</span> <span class='ocrx_word' id='word_1_341' title='bbox 1947 3768 1959 3780; x_wconf 93' lang='grc'><strong>·</strong></span> <span class='ocrx_word' id='word_1_342' title='bbox 1987 3750 2099 3804; x_wconf 79' lang='grc' dir='ltr'>ἀλλ’</span> 
     </span>
    </p>
   </div>
   <div class='ocr_carea' id='block_1_44' title="bbox 531 3834 2101 3908">
    <p class='ocr_par' dir='ltr' id='par_1_44' title="bbox 531 3834 2101 3908">
     <span class='ocr_line' id='line_1_44' title="bbox 531 3834 2101 3908; baseline 0.001 -20"><span class='ocrx_word' id='word_1_343' title='bbox 531 3834 718 3906; x_wconf 82' lang='grc' dir='ltr'>ἐπειδὴ</span> <span class='ocrx_word' id='word_1_344' title='bbox 745 3835 843 3908; x_wconf 81' lang='grc' dir='ltr'>τὴν</span> <span class='ocrx_word' id='word_1_345' title='bbox 878 3835 1207 3906; x_wconf 85' lang='grc' dir='ltr'>μητρόπολιν</span> <span class='ocrx_word' id='word_1_346' title='bbox 1231 3835 1331 3888; x_wconf 86' lang='grc' dir='ltr'>ούκ</span> <span class='ocrx_word' id='word_1_347' title='bbox 1358 3835 1574 3907; x_wconf 76' lang='grc' dir='ltr'>ἔχομεν,</span> <span class='ocrx_word' id='word_1_348' title='bbox 1604 3836 1693 3889; x_wconf 81' lang='grc' dir='ltr'>διὰ</span> <span class='ocrx_word' id='word_1_349' title='bbox 1735 3837 1891 3890; x_wconf 86' lang='grc' dir='ltr'>τοῦτο</span> <span class='ocrx_word' id='word_1_350' title='bbox 1928 3836 2101 3890; x_wconf 87' lang='grc' dir='ltr'>ταῦτα</span> 
     </span>
    </p>
   </div>
   <div class='ocr_carea' id='block_1_45' title="bbox 530 3920 2101 3992">
    <p class='ocr_par' dir='ltr' id='par_1_45' title="bbox 530 3920 2101 3992">
     <span class='ocr_line' id='line_1_45' title="bbox 530 3920 2101 3992; baseline -0.001 -18"><span class='ocrx_word' id='word_1_351' title='bbox 530 3920 633 3974; x_wconf 78' lang='grc' dir='ltr'>οὐκ</span> <span class='ocrx_word' id='word_1_352' title='bbox 676 3920 889 3991; x_wconf 74' lang='grc' dir='ltr'>ἔχομεν.</span> <span class='ocrx_word' id='word_1_353' title='bbox 923 3920 1078 3984; x_wconf 84' lang='grc' dir='ltr'>Τίνος</span> <span class='ocrx_word' id='word_1_354' title='bbox 1122 3922 1178 3974; x_wconf 84' lang='grc' dir='ltr'>δὲ</span> <span class='ocrx_word' id='word_1_355' title='bbox 1232 3920 1416 3973; x_wconf 83' lang='grc' dir='ltr'>ἐνεκεν</span> <span class='ocrx_word' id='word_1_356' title='bbox 1466 3920 1564 3992; x_wconf 84' lang='grc' dir='ltr'>τὴν</span> <span class='ocrx_word' id='word_1_357' title='bbox 1618 3920 1949 3992; x_wconf 83' lang='grc' dir='ltr'>μητρόπολιν</span> <span class='ocrx_word' id='word_1_358' title='bbox 2000 3923 2101 3974; x_wconf 88' lang='grc' dir='ltr'>ούκ</span> 
     </span>
    </p>
   </div>
   <div class='ocr_carea' id='block_1_46' title="bbox 533 4003 1854 4077">
    <p class='ocr_par' dir='ltr' id='par_1_46' title="bbox 533 4003 1854 4077">
     <span class='ocr_line' id='line_1_46' title="bbox 533 4003 1854 4077; baseline 0.004 -22"><span class='ocrx_word' id='word_1_359' title='bbox 533 4003 718 4075; x_wconf 60' lang='lat' dir='ltr'>ﬁxere;</span> <span class='ocrx_word' id='word_1_360' title='bbox 749 4006 847 4059; x_wconf 82' lang='grc' dir='ltr'>οὐκ</span> <span class='ocrx_word' id='word_1_361' title='bbox 879 4005 1064 4077; x_wconf 85' lang='grc' dir='ltr'>ἐπειδὴ</span> <span class='ocrx_word' id='word_1_362' title='bbox 1098 4006 1241 4076; x_wconf 78' lang='grc' dir='ltr'>ὑμᾶς</span> <span class='ocrx_word' id='word_1_363' title='bbox 1270 4007 1298 4058; x_wconf 89' lang='lat'>6</span> <span class='ocrx_word' id='word_1_364' title='bbox 1325 4005 1457 4069; x_wconf 87' lang='grc' dir='ltr'>Θεὸς</span> <span class='ocrx_word' id='word_1_365' title='bbox 1493 4005 1854 4074; x_wconf 86' lang='grc' dir='ltr'>ἐγκατέλιπε;</span> 
     </span>
    </p>
   </div>
   <div class='ocr_carea' id='block_1_47' title="bbox 602 4080 2115 4162">
    <p class='ocr_par' dir='ltr' id='par_1_47' title="bbox 602 4080 2115 4162">
     <span class='ocr_line' id='line_1_47' title="bbox 602 4080 2115 4162; baseline 0.001 -20"><span class='ocrx_word' id='word_1_366' title='bbox 602 4088 817 4142; x_wconf 82' lang='grc' dir='ltr'>Μᾶλλον</span> <span class='ocrx_word' id='word_1_367' title='bbox 847 4089 925 4155; x_wconf 84' lang='grc' dir='ltr'>δέ,</span> <span class='ocrx_word' id='word_1_368' title='bbox 954 4090 1040 4143; x_wconf 77' lang='grc' dir='ltr'>ἵνα</span> <span class='ocrx_word' id='word_1_369' title='bbox 1085 4091 1150 4143; x_wconf 89' lang='grc' dir='ltr'>ἐκ</span> <span class='ocrx_word' id='word_1_370' title='bbox 1186 4090 1499 4162; x_wconf 83' lang='grc' dir='ltr'>περιουσίας</span> <span class='ocrx_word' id='word_1_371' title='bbox 1539 4089 1609 4143; x_wconf 86' lang='grc' dir='ltr'>τά</span> <span class='ocrx_word' id='word_1_372' title='bbox 1652 4091 1979 4161; x_wconf 80' lang='grc' dir='ltr'>ἀναίσχυντα</span> <span class='ocrx_word' id='word_1_373' title='bbox 2005 4080 2115 4144; x_wconf 79' lang='grc' dir='ltr'>αύ-’</span> 
     </span>
    </p>
   </div>
   <div class='ocr_carea' id='block_1_48' title="bbox 532 4177 2101 4250">
    <p class='ocr_par' dir='ltr' id='par_1_48' title="bbox 532 4177 2101 4250">
     <span class='ocr_line' id='line_1_48' title="bbox 532 4177 2101 4250; baseline 0.001 -19"><span class='ocrx_word' id='word_1_374' title='bbox 532 4177 640 4231; x_wconf 89' lang='grc' dir='ltr'>τῶν</span> <span class='ocrx_word' id='word_1_375' title='bbox 672 4178 1038 4250; x_wconf 79' lang='grc' dir='ltr'>ἐμφράξωμεν</span> <span class='ocrx_word' id='word_1_376' title='bbox 1067 4177 1330 4248; x_wconf 79' lang='grc' dir='ltr'>στόματα,</span> <span class='ocrx_word' id='word_1_377' title='bbox 1365 4179 1497 4250; x_wconf 89' lang='grc' dir='ltr'>φέρε</span> <span class='ocrx_word' id='word_1_378' title='bbox 1529 4178 1622 4231; x_wconf 79' lang='grc' dir='ltr'>καὶ</span> <span class='ocrx_word' id='word_1_379' title='bbox 1650 4178 1808 4232; x_wconf 84' lang='grc' dir='ltr'>τοῦτο</span> <span class='ocrx_word' id='word_1_380' title='bbox 1834 4180 1901 4232; x_wconf 86' lang='grc' dir='ltr'>δι’</span> <span class='ocrx_word' id='word_1_381' title='bbox 1925 4179 2101 4232; x_wconf 82' lang='grc' dir='ltr'>αὐτῶν</span> 
     </span>
    </p>
   </div>
   <div class='ocr_carea' id='block_1_49' title="bbox 532 4262 2101 4334">
    <p class='ocr_par' dir='ltr' id='par_1_49' title="bbox 532 4262 2101 4334">
     <span class='ocr_line' id='line_1_49' title="bbox 532 4262 2101 4334; baseline 0 -18"><span class='ocrx_word' id='word_1_382' title='bbox 532 4262 898 4333; x_wconf 79' lang='grc' dir='ltr'>ἀποδείξωμεν</span> <span class='ocrx_word' id='word_1_383' title='bbox 928 4263 1036 4316; x_wconf 89' lang='grc' dir='ltr'>τῶν</span> <span class='ocrx_word' id='word_1_384' title='bbox 1059 4263 1310 4333; x_wconf 83' lang='grc' dir='ltr'>Γραφῶν,</span> <span class='ocrx_word' id='word_1_385' title='bbox 1345 4264 1425 4316; x_wconf 84' lang='grc' dir='ltr'>ὅτι</span> <span class='ocrx_word' id='word_1_386' title='bbox 1453 4264 1549 4333; x_wconf 84' lang='grc' dir='ltr'>οὐχ</span> <span class='ocrx_word' id='word_1_387' title='bbox 1576 4265 1609 4334; x_wconf 91' lang='grc' dir='ltr'>ή</span> <span class='ocrx_word' id='word_1_388' title='bbox 1642 4262 1736 4316; x_wconf 90' lang='grc' dir='ltr'>τοῦ</span> <span class='ocrx_word' id='word_1_389' title='bbox 1778 4263 1905 4316; x_wconf 89' lang='grc' dir='ltr'>ναοῦ</span> <span class='ocrx_word' id='word_1_390' title='bbox 1932 4280 2101 4317; x_wconf 89' lang='grc' dir='ltr'>κατα-</span> 
     </span>
    </p>
   </div>
   <div class='ocr_carea' id='block_1_50' title="bbox 536 4346 2098 4420">
    <p class='ocr_par' dir='ltr' id='par_1_50' title="bbox 536 4346 2098 4420">
     <span class='ocr_line' id='line_1_50' title="bbox 536 4346 2098 4420; baseline 0.003 -22"><span class='ocrx_word' id='word_1_391' title='bbox 536 4347 718 4417; x_wconf 83' lang='grc' dir='ltr'>σκαφὴ</span> <span class='ocrx_word' id='word_1_392' title='bbox 751 4346 851 4415; x_wconf 81' lang='grc' dir='ltr'>τῆς</span> <span class='ocrx_word' id='word_1_393' title='bbox 878 4346 1019 4401; x_wconf 85' lang='grc' dir='ltr'>κατά</span> <span class='ocrx_word' id='word_1_394' title='bbox 1045 4347 1142 4418; x_wconf 78' lang='grc' dir='ltr'>τὴν</span> <span class='ocrx_word' id='word_1_395' title='bbox 1168 4347 1502 4419; x_wconf 74' lang='grc' dir='ltr'>προφητείαν</span> <span class='ocrx_word' id='word_1_396' title='bbox 1536 4347 1866 4419; x_wconf 88' lang='grc' dir='ltr'>ἀναιρέσεώς</span> <span class='ocrx_word' id='word_1_397' title='bbox 1894 4349 2040 4402; x_wconf 86' lang='grc' dir='ltr'>ἐστιν</span> <span class='ocrx_word' id='word_1_398' title='bbox 2066 4351 2098 4420; x_wconf 92' lang='grc' dir='ltr'>ή</span> 
     </span>
    </p>
   </div>
   <div class='ocr_carea' id='block_1_51' title="bbox 534 4429 2103 4502">
    <p class='ocr_par' dir='ltr' id='par_1_51' title="bbox 534 4429 2103 4502">
     <span class='ocr_line' id='line_1_51' title="bbox 534 4429 2103 4502; baseline 0.003 -20"><span class='ocrx_word' id='word_1_399' title='bbox 534 4430 704 4490; x_wconf 86' lang='grc' dir='ltr'>αἰτία,</span> <span class='ocrx_word' id='word_1_400' title='bbox 735 4429 847 4482; x_wconf 80' lang='grc' dir='ltr'>ἀλλ’</span> <span class='ocrx_word' id='word_1_401' title='bbox 877 4431 909 4499; x_wconf 89' lang='grc' dir='ltr'>ή</span> <span class='ocrx_word' id='word_1_402' title='bbox 935 4430 1071 4501; x_wconf 82' lang='grc' dir='ltr'>ὀργὴ</span> <span class='ocrx_word' id='word_1_403' title='bbox 1116 4430 1209 4483; x_wconf 90' lang='grc' dir='ltr'>τοῦ</span> <span class='ocrx_word' id='word_1_404' title='bbox 1244 4430 1399 4495; x_wconf 86' lang='grc' dir='ltr'>Θεοῦ,</span> <span class='ocrx_word' id='word_1_405' title='bbox 1449 4431 1543 4485; x_wconf 76' lang='grc' dir='ltr'>καὶ</span> <span class='ocrx_word' id='word_1_406' title='bbox 1569 4431 1629 4485; x_wconf 88' lang='grc' dir='ltr'>τὸ</span> <span class='ocrx_word' id='word_1_407' title='bbox 1662 4431 1919 4502; x_wconf 76' lang='grc' dir='ltr'>μειζόνως</span> <span class='ocrx_word' id='word_1_408' title='bbox 1943 4432 2103 4487; x_wconf 80' lang='grc' dir='ltr'>αὐτὸν</span> 
     </span>
    </p>
   </div>
   <div class='ocr_carea' id='block_1_52' title="bbox 537 4510 2102 4585">
    <p class='ocr_par' dir='ltr' id='par_1_52' title="bbox 537 4510 2102 4585">
     <span class='ocr_line' id='line_1_52' title="bbox 537 4510 2102 4585; baseline 0.004 -23"><span class='ocrx_word' id='word_1_409' title='bbox 537 4510 834 4579; x_wconf 78' lang='grc' dir='ltr'>παροξῦναι</span> <span class='ocrx_word' id='word_1_410' title='bbox 861 4510 956 4563; x_wconf 93' lang='grc' dir='ltr'>νῦν</span> <span class='ocrx_word' id='word_1_411' title='bbox 987 4511 1073 4564; x_wconf 87' lang='grc' dir='ltr'>διὰ</span> <span class='ocrx_word' id='word_1_412' title='bbox 1105 4513 1202 4584; x_wconf 79' lang='grc' dir='ltr'>τῆς</span> <span class='ocrx_word' id='word_1_413' title='bbox 1230 4514 1309 4575; x_wconf 88' lang='grc' dir='ltr'>εἰς</span> <span class='ocrx_word' id='word_1_414' title='bbox 1336 4512 1427 4566; x_wconf 91' lang='grc' dir='ltr'>τὸν</span> <span class='ocrx_word' id='word_1_415' title='bbox 1454 4514 1687 4585; x_wconf 83' lang='grc' dir='ltr'>Χριστὸν</span> <span class='ocrx_word' id='word_1_416' title='bbox 1714 4515 1929 4584; x_wconf 84' lang='grc' dir='ltr'>μανίας,</span> <span class='ocrx_word' id='word_1_417' title='bbox 1954 4514 1987 4585; x_wconf 77' lang='grc' dir='ltr'><strong>ἢ</strong></span> <span class='ocrx_word' id='word_1_418' title='bbox 2013 4514 2102 4567; x_wconf 85' lang='grc' dir='ltr'>ὅτε</span> 
     </span>
    </p>
   </div>
   <div class='ocr_carea' id='block_1_53' title="bbox 536 4591 2103 4668">
    <p class='ocr_par' dir='ltr' id='par_1_53' title="bbox 536 4591 2103 4668">
     <span class='ocr_line' id='line_1_53' title="bbox 536 4591 2103 4668; baseline 0.005 -24"><span class='ocrx_word' id='word_1_419' title='bbox 536 4594 627 4646; x_wconf 91' lang='grc' dir='ltr'>τὸν</span> <span class='ocrx_word' id='word_1_420' title='bbox 664 4591 862 4661; x_wconf 85' lang='grc' dir='ltr'>μόσχον</span> <span class='ocrx_word' id='word_1_421' title='bbox 888 4593 1454 4663; x_wconf 84' lang='grc' dir='ltr'>προσεκύνησαν.”υτε</span> <span class='ocrx_word' id='word_1_422' title='bbox 1488 4594 1617 4663; x_wconf 91' lang='grc' dir='ltr'>γοῦν</span> <span class='ocrx_word' id='word_1_423' title='bbox 1649 4599 1677 4649; x_wconf 92' lang='lat'>6</span> <span class='ocrx_word' id='word_1_424' title='bbox 1706 4597 1943 4667; x_wconf 83' lang='grc' dir='ltr'>Μωῦσῆς</span> <span class='ocrx_word' id='word_1_425' title='bbox 1973 4615 2103 4668; x_wconf 87' lang='grc' dir='ltr'>προ-</span> 
     </span>
    </p>
   </div>
   <div class='ocr_carea' id='block_1_54' title="bbox 537 4673 2103 4756">
    <p class='ocr_par' dir='ltr' id='par_1_54' title="bbox 537 4673 2103 4756">
     <span class='ocr_line' id='line_1_54' title="bbox 537 4673 2103 4756; baseline 0.004 -28"><span class='ocrx_word' id='word_1_426' title='bbox 537 4676 852 4745; x_wconf 85' lang='grc' dir='ltr'>εφήτευσεν,</span> <span class='ocrx_word' id='word_1_427' title='bbox 882 4674 1003 4727; x_wconf 71' lang='grc' dir='ltr'>οὔτε</span> <span class='ocrx_word' id='word_1_428' title='bbox 1048 4677 1173 4738; x_wconf 88' lang='grc' dir='ltr'>ναὸς</span> <span class='ocrx_word' id='word_1_429' title='bbox 1220 4673 1308 4747; x_wconf 79' lang='grc' dir='ltr'>ἦν,</span> <span class='ocrx_word' id='word_1_430' title='bbox 1346 4676 1469 4730; x_wconf 81' lang='grc' dir='ltr'>ούτε</span> <span class='ocrx_word' id='word_1_431' title='bbox 1514 4678 1716 4749; x_wconf 89' lang='grc' dir='ltr'>βωμὸς,</span> <span class='ocrx_word' id='word_1_432' title='bbox 1751 4680 1902 4756; x_wconf 40' lang='grc' dir='ltr'>ἀλλά.</span> <span class='ocrx_word' id='word_1_433' title='bbox 1935 4682 2103 4753; x_wconf 83' lang='grc' dir='ltr'>μυρία</span> 
     </span>
    </p>
   </div>
   <div class='ocr_carea' id='block_1_55' title="bbox 537 4757 2104 4833">
    <p class='ocr_par' dir='ltr' id='par_1_55' title="bbox 537 4757 2104 4833">
     <span class='ocr_line' id='line_1_55' title="bbox 537 4757 2104 4833; baseline 0.003 -20"><span class='ocrx_word' id='word_1_434' title='bbox 537 4757 859 4821; x_wconf 87' lang='grc' dir='ltr'>ἀσεϐοῦντες</span> <span class='ocrx_word' id='word_1_435' title='bbox 906 4757 1190 4821; x_wconf 83' lang='grc' dir='ltr'>διετέλουν,</span> <span class='ocrx_word' id='word_1_436' title='bbox 1219 4760 1312 4812; x_wconf 75' lang='grc' dir='ltr'>καὶ</span> <span class='ocrx_word' id='word_1_437' title='bbox 1363 4759 1424 4811; x_wconf 89' lang='grc' dir='ltr'>τὸ</span> <span class='ocrx_word' id='word_1_438' title='bbox 1471 4760 1571 4830; x_wconf 85' lang='grc' dir='ltr'>τῆς</span> <span class='ocrx_word' id='word_1_439' title='bbox 1626 4763 1960 4833; x_wconf 86' lang='grc' dir='ltr'>προφητείας</span> <span class='ocrx_word' id='word_1_440' title='bbox 2005 4765 2104 4817; x_wconf 88' lang='grc' dir='ltr'>ούκ</span> 
     </span>
    </p>
   </div>
   <div class='ocr_carea' id='block_1_56' title="bbox 536 4835 2103 4917">
    <p class='ocr_par' dir='ltr' id='par_1_56' title="bbox 536 4835 2103 4917">
     <span class='ocr_line' id='line_1_56' title="bbox 536 4835 2103 4917; baseline 0.005 -23"><span class='ocrx_word' id='word_1_441' title='bbox 536 4842 754 4912; x_wconf 85' lang='grc' dir='ltr'>ἀπέπτη</span> <span class='ocrx_word' id='word_1_442' title='bbox 774 4854 799 4882; x_wconf 74' lang='grc' dir='ltr'>α</span> <span class='ocrx_word' id='word_1_443' title='bbox 834 4841 1094 4913; x_wconf 82' lang='grc' dir='ltr'>χάρισμα,</span> <span class='ocrx_word' id='word_1_444' title='bbox 1125 4840 1260 4895; x_wconf 86' lang='grc' dir='ltr'>ἀλλά</span> <span class='ocrx_word' id='word_1_445' title='bbox 1285 4842 1380 4895; x_wconf 76' lang='grc' dir='ltr'>καὶ</span> <span class='ocrx_word' id='word_1_446' title='bbox 1410 4835 1563 4907; x_wconf 72' lang='grc' dir='ltr'>οὗτος</span> <span class='ocrx_word' id='word_1_447' title='bbox 1592 4845 1753 4909; x_wconf 76' lang='grc' dir='ltr'>αὐτὸς</span> <span class='ocrx_word' id='word_1_448' title='bbox 1775 4850 1803 4900; x_wconf 90' lang='grc' dir='ltr'><strong>ὁ</strong></span> <span class='ocrx_word' id='word_1_449' title='bbox 1825 4848 1995 4917; x_wconf 87' lang='grc' dir='ltr'>μέγας</span> <span class='ocrx_word' id='word_1_450' title='bbox 2010 4850 2103 4902; x_wconf 75' lang='grc' dir='ltr'>καὶ</span> 
     </span>
    </p>
   </div>
   <div class='ocr_carea' id='block_1_57' title="bbox 536 4924 2104 5002">
    <p class='ocr_par' dir='ltr' id='par_1_57' title="bbox 536 4924 2104 5002">
     <span class='ocr_line' id='line_1_57' title="bbox 536 4924 2104 5002; baseline 0.003 -25"><span class='ocrx_word' id='word_1_451' title='bbox 536 4927 779 4994; x_wconf 89' lang='grc' dir='ltr'>γενναῖος</span> <span class='ocrx_word' id='word_1_452' title='bbox 804 4924 963 4996; x_wconf 68' lang='grc' dir='ltr'>ἀνὴρ,</span> <span class='ocrx_word' id='word_1_453' title='bbox 1000 4925 1093 4978; x_wconf 71' lang='grc' dir='ltr'>καὶ</span> <span class='ocrx_word' id='word_1_454' title='bbox 1119 4925 1296 4995; x_wconf 81' lang='grc' dir='ltr'>ἐτεροι</span> <span class='ocrx_word' id='word_1_455' title='bbox 1323 4926 1457 4997; x_wconf 89' lang='grc' dir='ltr'>πρὸς</span> <span class='ocrx_word' id='word_1_456' title='bbox 1484 4926 1658 4998; x_wconf 84' lang='grc' dir='ltr'>τούτῳ</span> <span class='ocrx_word' id='word_1_457' title='bbox 1685 4928 1847 4981; x_wconf 83' lang='grc' dir='ltr'>πάλιν</span> <span class='ocrx_word' id='word_1_458' title='bbox 1883 4929 2104 5002; x_wconf 88' lang='grc' dir='ltr'>ἐϐδομή-</span> 
     </span>
    </p>
   </div>
   <div class='ocr_carea' id='block_1_58' title="bbox 537 5006 2107 5082">
    <p class='ocr_par' dir='ltr' id='par_1_58' title="bbox 537 5006 2107 5082">
     <span class='ocr_line' id='line_1_58' title="bbox 537 5006 2107 5082; baseline 0.003 -22"><span class='ocrx_word' id='word_1_459' title='bbox 537 5022 700 5061; x_wconf 86' lang='grc' dir='ltr'>κοντα</span> <span class='ocrx_word' id='word_1_460' title='bbox 725 5006 1109 5077; x_wconf 89' lang='grc' dir='ltr'>ἀνεδείχθησαν</span> <span class='ocrx_word' id='word_1_461' title='bbox 1134 5006 1255 5059; x_wconf 86' lang='grc' dir='ltr'>τότε</span> <span class='ocrx_word' id='word_1_462' title='bbox 1283 5008 1575 5079; x_wconf 77' lang='grc' dir='ltr'>προφῆται.</span> <span class='ocrx_word' id='word_1_463' title='bbox 1623 5010 1733 5063; x_wconf 77' lang='grc' dir='ltr'>Καὶ</span> <span class='ocrx_word' id='word_1_464' title='bbox 1765 5011 1826 5063; x_wconf 82' lang='grc' dir='ltr'>οὐ</span> <span class='ocrx_word' id='word_1_465' title='bbox 1862 5011 1982 5064; x_wconf 89' lang='grc' dir='ltr'>τότε</span> <span class='ocrx_word' id='word_1_466' title='bbox 2017 5013 2107 5082; x_wconf 78' lang='lat' dir='ltr'>p.6-</span> 
     </span>
    </p>
   </div>
   <div class='ocr_carea' id='block_1_59' title="bbox 538 5088 2105 5166">
    <p class='ocr_par' dir='ltr' id='par_1_59' title="bbox 538 5088 2105 5166">
     <span class='ocr_line' id='line_1_59' title="bbox 538 5088 2105 5166; baseline 0.003 -23"><span class='ocrx_word' id='word_1_467' title='bbox 538 5105 627 5143; x_wconf 92' lang='grc' dir='ltr'>νον</span> <span class='ocrx_word' id='word_1_468' title='bbox 646 5088 694 5149; x_wconf 64' lang='grc' dir='ltr'>δ,</span> <span class='ocrx_word' id='word_1_469' title='bbox 728 5089 863 5143; x_wconf 90' lang='grc' dir='ltr'>ἀλλά</span> <span class='ocrx_word' id='word_1_470' title='bbox 884 5090 977 5142; x_wconf 79' lang='grc' dir='ltr'>καὶ</span> <span class='ocrx_word' id='word_1_471' title='bbox 1006 5089 1141 5160; x_wconf 90' lang='grc' dir='ltr'>μετά</span> <span class='ocrx_word' id='word_1_472' title='bbox 1164 5089 1337 5143; x_wconf 90' lang='grc' dir='ltr'>ταῦτα</span> <span class='ocrx_word' id='word_1_473' title='bbox 1361 5091 1487 5145; x_wconf 76' lang='grc' dir='ltr'>ναοῦ</span> <span class='ocrx_word' id='word_1_474' title='bbox 1505 5092 1766 5158; x_wconf 82' lang='grc' dir='ltr'>δοθέντος,</span> <span class='ocrx_word' id='word_1_475' title='bbox 1796 5094 1997 5166; x_wconf 77' lang='grc' dir='ltr'>καὶτῆς</span> <span class='ocrx_word' id='word_1_476' title='bbox 2019 5095 2105 5147; x_wconf 79' lang='grc' dir='ltr'>ἀλ-</span> 
     </span>
    </p>
   </div>
   <div class='ocr_carea' id='block_1_60' title="bbox 537 5169 2106 5246">
    <p class='ocr_par' dir='ltr' id='par_1_60' title="bbox 537 5169 2106 5246">
     <span class='ocr_line' id='line_1_60' title="bbox 537 5169 2106 5246; baseline 0.004 -22"><span class='ocrx_word' id='word_1_477' title='bbox 537 5171 634 5242; x_wconf 88' lang='grc' dir='ltr'>λης</span> <span class='ocrx_word' id='word_1_478' title='bbox 654 5172 905 5243; x_wconf 90' lang='grc' dir='ltr'>λατρείας</span> <span class='ocrx_word' id='word_1_479' title='bbox 938 5174 1153 5243; x_wconf 79' lang='grc' dir='ltr'>ἀπάσης</span> <span class='ocrx_word' id='word_1_480' title='bbox 1171 5189 1184 5204; x_wconf 77' lang='grc'><strong>⁸</strong></span> <span class='ocrx_word' id='word_1_481' title='bbox 1208 5169 1326 5225; x_wconf 78' lang='grc' dir='ltr'>εἶτα</span> <span class='ocrx_word' id='word_1_482' title='bbox 1357 5174 1761 5246; x_wconf 76' lang='grc' dir='ltr'>ἐμπρησθέντος</span> <span class='ocrx_word' id='word_1_483' title='bbox 1780 5176 1990 5241; x_wconf 79' lang='grc' dir='ltr'>τούτου,</span> <span class='ocrx_word' id='word_1_484' title='bbox 2012 5177 2106 5232; x_wconf 77' lang='grc' dir='ltr'>καὶ</span> 
     </span>
    </p>
   </div>
   <div class='ocr_carea' id='block_1_61' title="bbox 538 5254 2106 5334">
    <p class='ocr_par' dir='ltr' id='par_1_61' title="bbox 538 5254 2106 5334">
     <span class='ocr_line' id='line_1_61' title="bbox 538 5254 2106 5334; baseline 0.006 -28"><span class='ocrx_word' id='word_1_485' title='bbox 538 5254 753 5309; x_wconf 83' lang='grc' dir='ltr'>πάντων</span> <span class='ocrx_word' id='word_1_486' title='bbox 781 5255 1056 5326; x_wconf 87' lang='grc' dir='ltr'>ἀχθέντων</span> <span class='ocrx_word' id='word_1_487' title='bbox 1082 5260 1160 5322; x_wconf 79' lang='grc' dir='ltr'>εἰς</span> <span class='ocrx_word' id='word_1_488' title='bbox 1192 5259 1503 5325; x_wconf 83' lang='grc' dir='ltr'>Βαϐυλῶνα,</span> <span class='ocrx_word' id='word_1_489' title='bbox 1533 5261 1693 5314; x_wconf 86' lang='grc' dir='ltr'>πάλιν</span> <span class='ocrx_word' id='word_1_490' title='bbox 1736 5262 1993 5334; x_wconf 77' lang='grc' dir='ltr'>Ἰεζεκιηλ</span> <span class='ocrx_word' id='word_1_491' title='bbox 2014 5264 2106 5317; x_wconf 77' lang='grc' dir='ltr'>καὶ</span> 
     </span>
    </p>
   </div>
   <div class='ocr_carea' id='block_1_62' title="bbox 538 5337 2105 5418">
    <p class='ocr_par' dir='ltr' id='par_1_62' title="bbox 538 5337 2105 5418">
     <span class='ocr_line' id='line_1_62' title="bbox 538 5337 2105 5418; baseline 0.006 -30"><span class='ocrx_word' id='word_1_492' title='bbox 538 5337 731 5418; x_wconf 62' lang='grc' dir='ltr'>ᾼανιήλ</span> <span class='ocrx_word' id='word_1_493' title='bbox 760 5338 819 5390; x_wconf 85' lang='grc' dir='ltr'>ού</span> <span class='ocrx_word' id='word_1_494' title='bbox 854 5338 922 5392; x_wconf 84' lang='grc' dir='ltr'>τά</span> <span class='ocrx_word' id='word_1_495' title='bbox 954 5339 1083 5408; x_wconf 83' lang='grc' dir='ltr'>ἆγια</span> <span class='ocrx_word' id='word_1_496' title='bbox 1119 5341 1226 5395; x_wconf 90' lang='grc' dir='ltr'>τῶν</span> <span class='ocrx_word' id='word_1_497' title='bbox 1253 5343 1423 5414; x_wconf 86' lang='grc' dir='ltr'>ἁγίων</span> <span class='ocrx_word' id='word_1_498' title='bbox 1455 5344 1708 5415; x_wconf 83' lang='grc' dir='ltr'>ὁρῶντες,</span> <span class='ocrx_word' id='word_1_499' title='bbox 1737 5345 1799 5397; x_wconf 89' lang='grc' dir='ltr'>ού</span> <span class='ocrx_word' id='word_1_500' title='bbox 1829 5345 1981 5418; x_wconf 83' lang='grc' dir='ltr'>παρά</span> <span class='ocrx_word' id='word_1_501' title='bbox 2015 5347 2105 5398; x_wconf 92' lang='grc' dir='ltr'>τὸν</span> 
     </span>
    </p>
   </div>
   <div class='ocr_carea' id='block_1_63' title="bbox 542 5416 2108 5502">
    <p class='ocr_par' dir='ltr' id='par_1_63' title="bbox 542 5416 2108 5502">
     <span class='ocr_line' id='line_1_63' title="bbox 542 5416 2108 5502; baseline 0.007 -31"><span class='ocrx_word' id='word_1_502' title='bbox 542 5416 719 5491; x_wconf 78' lang='grc' dir='ltr'>βωμὸν</span> <span class='ocrx_word' id='word_1_503' title='bbox 752 5421 1005 5487; x_wconf 76' lang='grc' dir='ltr'>ἑστῶτες,</span> <span class='ocrx_word' id='word_1_504' title='bbox 1038 5423 1151 5477; x_wconf 85' lang='grc' dir='ltr'>ἀλλ’</span> <span class='ocrx_word' id='word_1_505' title='bbox 1184 5426 1241 5478; x_wconf 84' lang='grc' dir='ltr'>ἐν</span> <span class='ocrx_word' id='word_1_506' title='bbox 1292 5427 1431 5499; x_wconf 81' lang='grc' dir='ltr'>μέσῃ</span> <span class='ocrx_word' id='word_1_507' title='bbox 1478 5426 1630 5499; x_wconf 70' lang='grc' dir='ltr'>χώρᾳ</span> <span class='ocrx_word' id='word_1_508' title='bbox 1665 5416 1974 5502; x_wconf 83' lang='grc' dir='ltr'>βαρϐάρων,</span> <span class='ocrx_word' id='word_1_509' title='bbox 2018 5446 2108 5500; x_wconf 79' lang='grc' dir='ltr'>με·</span> 
     </span>
    </p>
   </div>
   <div class='ocr_carea' id='block_1_64' title="bbox 601 5627 1157 5696">
    <p class='ocr_par' dir='ltr' id='par_1_64' title="bbox 601 5627 1157 5696">
     <span class='ocr_line' id='line_1_64' title="bbox 601 5627 1157 5696; baseline 0.014 -21"><span class='ocrx_word' id='word_1_510' title='bbox 601 5628 626 5696; x_wconf 55' lang='grc' dir='ltr'><strong><em>ξ</em></strong></span> <span class='ocrx_word' id='word_1_511' title='bbox 649 5627 791 5696; x_wconf 48' lang='lat' dir='ltr'>Alius</span> <span class='ocrx_word' id='word_1_512' title='bbox 808 5630 992 5690; x_wconf 67' lang='grc' dir='ltr'>ἀπέπτη</span> <span class='ocrx_word' id='word_1_513' title='bbox 1013 5634 1157 5696; x_wconf 82' lang='grc' dir='ltr'>ὅμως.</span> 
     </span>
    </p>
   </div>
   <div class='ocr_carea' id='block_1_65' title="bbox 595 5684 2099 5797">
    <p class='ocr_par' dir='ltr' id='par_1_65' title="bbox 595 5684 2099 5797">
     <span class='ocr_line' id='line_1_65' title="bbox 595 5684 2099 5797; baseline 0.017 -66"><span class='ocrx_word' id='word_1_514' title='bbox 595 5684 625 5724; x_wconf 72' lang='lat' dir='ltr'><strong>h</strong></span> <span class='ocrx_word' id='word_1_515' title='bbox 650 5687 732 5733; x_wconf 79' lang='lat' dir='ltr'>Sic</span> <span class='ocrx_word' id='word_1_516' title='bbox 760 5696 893 5758; x_wconf 60' lang='grc' dir='ltr'>φειδ</span> <span class='ocrx_word' id='word_1_517' title='bbox 911 5684 1260 5797; x_wconf 44' lang='lat' dir='ltr'>(vimine-mm</span> <span class='ocrx_word' id='word_1_518' title='bbox 1301 5703 1353 5746; x_wconf 78' lang='lat' dir='ltr'><strong>et</strong></span> <span class='ocrx_word' id='word_1_519' title='bbox 1376 5699 1524 5748; x_wconf 85' lang='lat' dir='ltr'>Savil.</span> <span class='ocrx_word' id='word_1_520' title='bbox 1570 5698 1737 5750; x_wconf 78' lang='lat' dir='ltr'>Monlf.</span> <span class='ocrx_word' id='word_1_521' title='bbox 1768 5702 1822 5750; x_wconf 72' lang='grc' dir='ltr'>οὐ</span> <span class='ocrx_word' id='word_1_522' title='bbox 1867 5702 2006 5753; x_wconf 82' lang='grc' dir='ltr'>τοῦτο</span> <span class='ocrx_word' id='word_1_523' title='bbox 2030 5722 2099 5757; x_wconf 70' lang='grc' dir='ltr'>τι..</span> 
     </span>
     <span class='ocr_line' id='line_1_66' title="bbox 595 5745 2099 5797; baseline 0.004 -6"><span class='ocrx_word' id='word_1_524' title='bbox 595 5783 598 5791; x_wconf 89' lang='grc'>,</span> <span class='ocrx_word' id='word_1_525' title='bbox 632 5745 760 5793; x_wconf 83' lang='lat' dir='ltr'><strong>idem</strong></span> <span class='ocrx_word' id='word_1_526' title='bbox 784 5748 903 5797; x_wconf 75' lang='lat' dir='ltr'><strong>Infra</strong></span> <span class='ocrx_word' id='word_1_527' title='bbox 954 5756 1269 5797; x_wconf 74' lang='grc' dir='ltr'>ναιοεθέντων,</span> <span class='ocrx_word' id='word_1_528' title='bbox 1290 5760 1336 5797; x_wconf 72' lang='grc' dir='ltr'>εν</span> <span class='ocrx_word' id='word_1_529' title='bbox 1355 5767 1412 5797; x_wconf 64' lang='grc' dir='ltr'>τε</span> <span class='ocrx_word' id='word_1_530' title='bbox 1438 5762 1677 5797; x_wconf 54' lang='lat' dir='ltr'>uagum.&quot;</span> <span class='ocrx_word' id='word_1_531' title='bbox 1722 5764 1851 5797; x_wconf 62' lang='lat' dir='ltr'>num:</span> <span class='ocrx_word' id='word_1_532' title='bbox 1872 5779 1898 5797; x_wconf 79' lang='grc' dir='ltr'><strong>ο</strong></span> <span class='ocrx_word' id='word_1_533' title='bbox 1921 5750 2099 5797; x_wconf 53' lang='lat' dir='ltr'>quam</span> 
     </span>
    </p>
   </div>
   <div class='ocr_carea' id='block_1_66' title="bbox 545 5745 2102 5824">
    <p class='ocr_par' dir='ltr' id='par_1_66' title="bbox 545 5745 2102 5824">
     <span class='ocr_line' id='line_1_67' title="bbox 545 5745 2102 5824; baseline 0.014 -32"><span class='ocrx_word' id='word_1_534' title='bbox 545 5753 615 5824; x_wconf 43' lang='grc' dir='ltr'>ξι</span> <span class='ocrx_word' id='word_1_535' title='bbox 622 5745 765 5824; x_wconf 40' lang='lat' dir='ltr'>Ege!!!</span> <span class='ocrx_word' id='word_1_536' title='bbox 922 5745 1269 5824; x_wconf 56' lang='grc' dir='ltr'>ἀναιέεθέντων,</span> <span class='ocrx_word' id='word_1_537' title='bbox 1290 5745 1345 5807; x_wconf 79' lang='grc' dir='ltr'>ἐν</span> <span class='ocrx_word' id='word_1_538' title='bbox 1355 5745 1680 5823; x_wconf 55' lang='grc' dir='ltr'>τέἶιιᾶϐυλ</span> <span class='ocrx_word' id='word_1_539' title='bbox 1710 5745 1851 5824; x_wconf 61' lang='grc' dir='ltr'>δά</span> <span class='ocrx_word' id='word_1_540' title='bbox 1872 5745 2011 5814; x_wconf 52' lang='grc' dir='ltr'>ἐξέιῖ</span> <span class='ocrx_word' id='word_1_541' title='bbox 2019 5745 2061 5814; x_wconf 56' lang='lat' dir='ltr'>IT</span> <span class='ocrx_word' id='word_1_542' title='bbox 2059 5745 2102 5814; x_wconf 43' lang='lat'>1&#39;6</span> 
     </span>
    </p>
   </div>
   <div class='ocr_carea' id='block_1_67' title="bbox 544 5805 1180 5863">
    <p class='ocr_par' dir='ltr' id='par_1_67' title="bbox 544 5805 1180 5863">
     <span class='ocr_line' id='line_1_68' title="bbox 544 5805 1180 5863; baseline 0.006 -7"><span class='ocrx_word' id='word_1_543' title='bbox 544 5805 693 5856; x_wconf 63' lang='lat' dir='ltr'>etiam</span> <span class='ocrx_word' id='word_1_544' title='bbox 716 5805 1180 5863; x_wconf 72' lang='lat' dir='ltr'>corrcximus.&#39;1~lmr.</span> 
     </span>
    </p>
   </div>
   <div class='ocr_carea' id='block_1_68' title="bbox 1262 293 3098 356">
    <p class='ocr_par' dir='ltr' id='par_1_68' title="bbox 1262 293 3098 356">
     <span class='ocr_line' id='line_1_69' title="bbox 1262 293 3098 356; baseline -0.002 -1"><span class='ocrx_word' id='word_1_545' title='bbox 1262 299 1318 356; x_wconf 89' lang='lat' dir='ltr'>S.</span> <span class='ocrx_word' id='word_1_546' title='bbox 1357 298 1646 355; x_wconf 75' lang='lat' dir='ltr'>JOANNIS</span> <span class='ocrx_word' id='word_1_547' title='bbox 1679 293 2165 353; x_wconf 74' lang='lat' dir='ltr'>CHRYSOSTOMI</span> <span class='ocrx_word' id='word_1_548' title='bbox 2203 293 2520 352; x_wconf 77' lang='lat' dir='ltr'>ARCHIEP.</span> <span class='ocrx_word' id='word_1_549' title='bbox 2564 293 3098 352; x_wconf 78' lang='lat' dir='ltr'>CONSTANTINOP.</span> 
     </span>
    </p>
   </div>
   <div class='ocr_carea' id='block_1_69' title="bbox 3638 291 3738 348">
    <p class='ocr_par' dir='ltr' id='par_1_69' title="bbox 3638 291 3738 348">
     <span class='ocr_line' id='line_1_70' title="bbox 3638 291 3738 348; baseline 0.02 -2"><span class='ocrx_word' id='word_1_550' title='bbox 3638 291 3738 348; x_wconf 71' lang='grc' dir='ltr'>οιο</span> 
     </span>
    </p>
   </div>
   <div class='ocr_carea' id='block_1_70' title="bbox 2180 403 3737 481">
    <p class='ocr_par' dir='ltr' id='par_1_70' title="bbox 2180 403 3737 481">
     <span class='ocr_line' id='line_1_71' title="bbox 2180 403 3737 481; baseline 0 -19"><span class='ocrx_word' id='word_1_551' title='bbox 2180 410 2314 476; x_wconf 73' lang='grc' dir='ltr'>ταξὺ</span> <span class='ocrx_word' id='word_1_552' title='bbox 2360 409 2691 481; x_wconf 83' lang='grc' dir='ltr'>παρανόμων</span> <span class='ocrx_word' id='word_1_553' title='bbox 2738 409 2833 463; x_wconf 65' lang='grc' dir='ltr'>καλ⁵</span> <span class='ocrx_word' id='word_1_554' title='bbox 2877 407 3199 478; x_wconf 83' lang='grc' dir='ltr'>ἀκαθάρτων</span> <span class='ocrx_word' id='word_1_555' title='bbox 3230 405 3379 467; x_wconf 80' lang='grc' dir='ltr'>ὸντες</span> <span class='ocrx_word' id='word_1_556' title='bbox 3428 403 3737 477; x_wconf 67' lang='grc' dir='ltr'>ἀνθρώπων,</span> 
     </span>
    </p>
   </div>
   <div class='ocr_carea' id='block_1_71' title="bbox 2185 488 3740 566">
    <p class='ocr_par' dir='ltr' id='par_1_71' title="bbox 2185 488 3740 566">
     <span class='ocr_line' id='line_1_72' title="bbox 2185 488 3740 566; baseline -0.005 -18"><span class='ocrx_word' id='word_1_557' title='bbox 2185 494 2494 565; x_wconf 86' lang='grc' dir='ltr'>πνεύματος</span> <span class='ocrx_word' id='word_1_558' title='bbox 2534 492 2889 566; x_wconf 84' lang='grc' dir='ltr'>ἐπληροῦντο,</span> <span class='ocrx_word' id='word_1_559' title='bbox 2926 492 3026 547; x_wconf 71' lang='grc' dir='ltr'>καὶ</span> <span class='ocrx_word' id='word_1_560' title='bbox 3042 491 3111 543; x_wconf 86' lang='grc' dir='ltr'>τά</span> <span class='ocrx_word' id='word_1_561' title='bbox 3144 488 3404 561; x_wconf 85' lang='grc' dir='ltr'>μέλλοντα</span> <span class='ocrx_word' id='word_1_562' title='bbox 3430 488 3740 560; x_wconf 75' lang='grc' dir='ltr'>προῦλεγον,</span> 
     </span>
    </p>
   </div>
   <div class='ocr_carea' id='block_1_72' title="bbox 2185 573 3745 651">
    <p class='ocr_par' dir='ltr' id='par_1_72' title="bbox 2185 573 3745 651">
     <span class='ocr_line' id='line_1_73' title="bbox 2185 573 3745 651; baseline -0.005 -18"><span class='ocrx_word' id='word_1_563' title='bbox 2185 582 2279 633; x_wconf 73' lang='grc' dir='ltr'>καὶ</span> <span class='ocrx_word' id='word_1_564' title='bbox 2312 579 2490 651; x_wconf 89' lang='grc' dir='ltr'>πολλῷ</span> <span class='ocrx_word' id='word_1_565' title='bbox 2520 579 2629 633; x_wconf 90' lang='grc' dir='ltr'>τῶν</span> <span class='ocrx_word' id='word_1_566' title='bbox 2663 578 2942 649; x_wconf 86' lang='grc' dir='ltr'>προτέρων</span> <span class='ocrx_word' id='word_1_567' title='bbox 2973 576 3067 630; x_wconf 73' lang='grc' dir='ltr'>καὶ</span> <span class='ocrx_word' id='word_1_568' title='bbox 3090 575 3311 629; x_wconf 87' lang='grc' dir='ltr'>πλείονα</span> <span class='ocrx_word' id='word_1_569' title='bbox 3337 573 3433 628; x_wconf 79' lang='grc' dir='ltr'>καὶ</span> <span class='ocrx_word' id='word_1_570' title='bbox 3463 573 3745 644; x_wconf 76' lang='grc' dir='ltr'>παραδοξό-</span> 
     </span>
    </p>
   </div>
   <div class='ocr_carea' id='block_1_73' title="bbox 2182 656 3744 733">
    <p class='ocr_par' dir='ltr' id='par_1_73' title="bbox 2182 656 3744 733">
     <span class='ocr_line' id='line_1_74' title="bbox 2182 656 3744 733; baseline -0.004 -19"><span class='ocrx_word' id='word_1_571' title='bbox 2182 678 2314 732; x_wconf 86' lang='grc' dir='ltr'>τερα</span> <span class='ocrx_word' id='word_1_572' title='bbox 2361 656 2512 715; x_wconf 82' lang='grc' dir='ltr'>εἷπον</span> <span class='ocrx_word' id='word_1_573' title='bbox 2540 662 2857 733; x_wconf 83' lang='grc' dir='ltr'>πράγματα,</span> <span class='ocrx_word' id='word_1_574' title='bbox 2886 661 2981 715; x_wconf 72' lang='grc' dir='ltr'>καὶ</span> <span class='ocrx_word' id='word_1_575' title='bbox 3006 659 3128 730; x_wconf 62' lang='grc' dir='ltr'>ἇψιν</span> <span class='ocrx_word' id='word_1_576' title='bbox 3160 658 3451 713; x_wconf 80' lang='grc' dir='ltr'>ἐθεάσαντο</span> <span class='ocrx_word' id='word_1_577' title='bbox 3479 657 3647 718; x_wconf 84' lang='grc' dir='ltr'>θείαν,</span> <span class='ocrx_word' id='word_1_578' title='bbox 3672 656 3744 719; x_wconf 90' lang='grc' dir='ltr'>ώς</span> 
     </span>
    </p>
   </div>
   <div class='ocr_carea' id='block_1_74' title="bbox 2185 738 3740 816">
    <p class='ocr_par' dir='ltr' id='par_1_74' title="bbox 2185 738 3740 816">
     <span class='ocr_line' id='line_1_75' title="bbox 2185 738 3740 816; baseline -0.005 -16"><span class='ocrx_word' id='word_1_579' title='bbox 2185 746 2369 809; x_wconf 80' lang='grc' dir='ltr'>αὐτοῖς</span> <span class='ocrx_word' id='word_1_580' title='bbox 2401 745 2622 799; x_wconf 89' lang='grc' dir='ltr'>δυνατὸν</span> <span class='ocrx_word' id='word_1_581' title='bbox 2663 740 2731 816; x_wconf 78' lang='grc' dir='ltr'>ἦν</span> <span class='ocrx_word' id='word_1_582' title='bbox 2770 744 2916 799; x_wconf 77' lang='grc' dir='ltr'>ἰδεῖν.</span> <span class='ocrx_word' id='word_1_583' title='bbox 2952 743 3109 806; x_wconf 84' lang='grc' dir='ltr'>Τίνος</span> <span class='ocrx_word' id='word_1_584' title='bbox 3137 738 3229 797; x_wconf 84' lang='grc' dir='ltr'>οῦν</span> <span class='ocrx_word' id='word_1_585' title='bbox 3256 742 3463 806; x_wconf 83' lang='grc' dir='ltr'>ἐνεκεν,</span> <span class='ocrx_word' id='word_1_586' title='bbox 3488 740 3611 794; x_wconf 72' lang='grc' dir='ltr'>εἰπέ</span> <span class='ocrx_word' id='word_1_587' title='bbox 3639 757 3740 810; x_wconf 87' lang='grc' dir='ltr'>μοι,</span> 
     </span>
    </p>
   </div>
   <div class='ocr_carea' id='block_1_75' title="bbox 2185 823 3741 900">
    <p class='ocr_par' dir='ltr' id='par_1_75' title="bbox 2185 823 3741 900">
     <span class='ocr_line' id='line_1_76' title="bbox 2185 823 3741 900; baseline -0.004 -16"><span class='ocrx_word' id='word_1_588' title='bbox 2185 831 2279 885; x_wconf 91' lang='grc' dir='ltr'>νῦν</span> <span class='ocrx_word' id='word_1_589' title='bbox 2323 830 2423 883; x_wconf 88' lang='grc' dir='ltr'>ούκ</span> <span class='ocrx_word' id='word_1_590' title='bbox 2452 830 2602 900; x_wconf 73' lang='grc' dir='ltr'>ἔχετε</span> <span class='ocrx_word' id='word_1_591' title='bbox 2630 830 2943 900; x_wconf 78' lang='grc' dir='ltr'>προφήταςς</span> <span class='ocrx_word' id='word_1_592' title='bbox 2986 829 3088 881; x_wconf 87' lang='grc' dir='ltr'>οὑκ</span> <span class='ocrx_word' id='word_1_593' title='bbox 3112 825 3353 896; x_wconf 74' lang='grc' dir='ltr'>εὔδηλον,</span> <span class='ocrx_word' id='word_1_594' title='bbox 3378 826 3467 878; x_wconf 81' lang='grc' dir='ltr'>ὅτι</span> <span class='ocrx_word' id='word_1_595' title='bbox 3488 824 3584 877; x_wconf 87' lang='grc' dir='ltr'>τοῦ</span> <span class='ocrx_word' id='word_1_596' title='bbox 3619 823 3741 877; x_wconf 86' lang='grc' dir='ltr'>Θεοῦ</span> 
     </span>
    </p>
   </div>
   <div class='ocr_carea' id='block_1_76' title="bbox 2186 904 3742 984">
    <p class='ocr_par' dir='ltr' id='par_1_76' title="bbox 2186 904 3742 984">
     <span class='ocr_line' id='line_1_77' title="bbox 2186 904 3742 984; baseline -0.005 -17"><span class='ocrx_word' id='word_1_597' title='bbox 2186 914 2257 968; x_wconf 88' lang='grc' dir='ltr'>τά</span> <span class='ocrx_word' id='word_1_598' title='bbox 2280 914 2400 967; x_wconf 90' lang='grc' dir='ltr'>καθ’</span> <span class='ocrx_word' id='word_1_599' title='bbox 2427 915 2573 984; x_wconf 79' lang='grc' dir='ltr'>ὑμᾶς</span> <span class='ocrx_word' id='word_1_600' title='bbox 2599 912 3036 984; x_wconf 83' lang='grc' dir='ltr'>ἀποστραφέντος</span> <span class='ocrx_word' id='word_1_601' title='bbox 3058 929 3074 977; x_wconf 88' lang='grc'>;</span> <span class='ocrx_word' id='word_1_602' title='bbox 3101 911 3257 974; x_wconf 85' lang='grc' dir='ltr'>Τίνος</span> <span class='ocrx_word' id='word_1_603' title='bbox 3283 904 3376 963; x_wconf 84' lang='grc' dir='ltr'>οῦν</span> <span class='ocrx_word' id='word_1_604' title='bbox 3403 909 3589 962; x_wconf 82' lang='grc' dir='ltr'>ἐνεκεν</span> <span class='ocrx_word' id='word_1_605' title='bbox 3609 908 3742 978; x_wconf 75' lang='grc' dir='ltr'>ὑμᾶς</span> 
     </span>
    </p>
   </div>
   <div class='ocr_carea' id='block_1_77' title="bbox 2184 989 3744 1069">
    <p class='ocr_par' dir='ltr' id='par_1_77' title="bbox 2184 989 3744 1069">
     <span class='ocr_line' id='line_1_78' title="bbox 2184 989 3744 1069; baseline -0.006 -18"><span class='ocrx_word' id='word_1_606' title='bbox 2184 997 2537 1069; x_wconf 76' lang='grc' dir='ltr'>ἀπεστράφης</span> <span class='ocrx_word' id='word_1_607' title='bbox 2580 995 2816 1067; x_wconf 81' lang='grc' dir='ltr'>Εύδηλον</span> <span class='ocrx_word' id='word_1_608' title='bbox 2872 996 2967 1048; x_wconf 63' lang='grc' dir='ltr'>καλ⁵</span> <span class='ocrx_word' id='word_1_609' title='bbox 3005 992 3164 1047; x_wconf 89' lang='grc' dir='ltr'>τοῦτο</span> <span class='ocrx_word' id='word_1_610' title='bbox 3211 991 3393 1053; x_wconf 79' lang='grc' dir='ltr'>πάλιν,</span> <span class='ocrx_word' id='word_1_611' title='bbox 3426 992 3509 1044; x_wconf 83' lang='grc' dir='ltr'>ὅτι</span> <span class='ocrx_word' id='word_1_612' title='bbox 3536 989 3629 1044; x_wconf 81' lang='grc' dir='ltr'>διὰ</span> <span class='ocrx_word' id='word_1_613' title='bbox 3660 990 3744 1042; x_wconf 87' lang='grc' dir='ltr'>τὸν</span> 
     </span>
    </p>
   </div>
   <div class='ocr_carea' id='block_1_78' title="bbox 2187 1072 3745 1152">
    <p class='ocr_par' dir='ltr' id='par_1_78' title="bbox 2187 1072 3745 1152">
     <span class='ocr_line' id='line_1_79' title="bbox 2187 1072 3745 1152; baseline -0.008 -17"><span class='ocrx_word' id='word_1_614' title='bbox 2187 1079 2564 1152; x_wconf 80' lang='grc' dir='ltr'>σταυρωθέντα</span> <span class='ocrx_word' id='word_1_615' title='bbox 2608 1079 2701 1134; x_wconf 72' lang='grc' dir='ltr'>καὶ</span> <span class='ocrx_word' id='word_1_616' title='bbox 2742 1078 2841 1149; x_wconf 85' lang='grc' dir='ltr'>τὴν</span> <span class='ocrx_word' id='word_1_617' title='bbox 2872 1078 3073 1147; x_wconf 87' lang='grc' dir='ltr'>τόλμαν</span> <span class='ocrx_word' id='word_1_618' title='bbox 3110 1075 3208 1146; x_wconf 79' lang='grc' dir='ltr'>τὴν</span> <span class='ocrx_word' id='word_1_619' title='bbox 3257 1074 3573 1152; x_wconf 85' lang='grc' dir='ltr'>παράνομον</span> <span class='ocrx_word' id='word_1_620' title='bbox 3613 1072 3745 1124; x_wconf 78' lang='grc' dir='ltr'>ἐκείο</span> 
     </span>
    </p>
   </div>
   <div class='ocr_carea' id='block_1_79' title="bbox 2185 1150 3743 1232">
    <p class='ocr_par' dir='ltr' id='par_1_79' title="bbox 2185 1150 3743 1232">
     <span class='ocr_line' id='line_1_80' title="bbox 2185 1150 3743 1232; baseline -0.007 -16"><span class='ocrx_word' id='word_1_621' title='bbox 2185 1180 2303 1231; x_wconf 77' lang='grc' dir='ltr'>νην,</span> <span class='ocrx_word' id='word_1_622' title='bbox 2326 1150 2503 1215; x_wconf 81' lang='grc' dir='ltr'>Πόθεν</span> <span class='ocrx_word' id='word_1_623' title='bbox 2524 1161 2687 1214; x_wconf 88' lang='grc' dir='ltr'>τοῦτο</span> <span class='ocrx_word' id='word_1_624' title='bbox 2717 1160 2897 1232; x_wconf 82' lang='grc' dir='ltr'>δῆλον,</span> <span class='ocrx_word' id='word_1_625' title='bbox 2931 1160 3123 1232; x_wconf 86' lang='grc' dir='ltr'>φησίν;</span> <span class='ocrx_word' id='word_1_626' title='bbox 3167 1157 3283 1226; x_wconf 79' lang='grc' dir='ltr'>Ἀφ’</span> <span class='ocrx_word' id='word_1_627' title='bbox 3314 1150 3390 1210; x_wconf 81' lang='grc' dir='ltr'>ὦν</span> <span class='ocrx_word' id='word_1_628' title='bbox 3419 1156 3525 1226; x_wconf 88' lang='grc' dir='ltr'>πρὸ</span> <span class='ocrx_word' id='word_1_629' title='bbox 3564 1153 3743 1208; x_wconf 80' lang='grc' dir='ltr'>τούτου</span> 
     </span>
    </p>
   </div>
   <div class='ocr_carea' id='block_1_80' title="bbox 2190 1237 3747 1314">
    <p class='ocr_par' dir='ltr' id='par_1_80' title="bbox 2190 1237 3747 1314">
     <span class='ocr_line' id='line_1_81' title="bbox 2190 1237 3747 1314; baseline -0.006 -16"><span class='ocrx_word' id='word_1_630' title='bbox 2190 1246 2289 1314; x_wconf 77' lang='grc' dir='ltr'>μὲν</span> <span class='ocrx_word' id='word_1_631' title='bbox 2314 1245 2655 1309; x_wconf 76' lang='grc' dir='ltr'>ἀσεϐοῦντες,</span> <span class='ocrx_word' id='word_1_632' title='bbox 2681 1247 2897 1300; x_wconf 87' lang='grc' dir='ltr'>πάντων</span> <span class='ocrx_word' id='word_1_633' title='bbox 2920 1242 3335 1311; x_wconf 83' lang='grc' dir='ltr'>ἐπετυγχάνετε,</span> <span class='ocrx_word' id='word_1_634' title='bbox 3353 1241 3445 1293; x_wconf 86' lang='grc' dir='ltr'>νῦν</span> <span class='ocrx_word' id='word_1_635' title='bbox 3465 1239 3522 1292; x_wconf 81' lang='grc' dir='ltr'>δέ</span> <span class='ocrx_word' id='word_1_636' title='bbox 3545 1237 3747 1292; x_wconf 83' lang='grc' dir='ltr'>δοκοῦν-</span> 
     </span>
    </p>
   </div>
   <div class='ocr_carea' id='block_1_81' title="bbox 2187 1322 3746 1399">
    <p class='ocr_par' dir='ltr' id='par_1_81' title="bbox 2187 1322 3746 1399">
     <span class='ocr_line' id='line_1_82' title="bbox 2187 1322 3746 1399; baseline -0.004 -19"><span class='ocrx_word' id='word_1_637' title='bbox 2187 1344 2279 1391; x_wconf 89' lang='grc' dir='ltr'>τες</span> <span class='ocrx_word' id='word_1_638' title='bbox 2323 1328 2725 1399; x_wconf 85' lang='grc' dir='ltr'>ἐπιεικέστερον</span> <span class='ocrx_word' id='word_1_639' title='bbox 2773 1328 2870 1399; x_wconf 77' lang='grc' dir='ltr'>ζῇν</span> <span class='ocrx_word' id='word_1_640' title='bbox 2921 1326 3064 1398; x_wconf 14' lang='grc' dir='ltr'>μετὰ,</span> <span class='ocrx_word' id='word_1_641' title='bbox 3100 1326 3191 1379; x_wconf 89' lang='grc' dir='ltr'>τὸν</span> <span class='ocrx_word' id='word_1_642' title='bbox 3238 1324 3491 1394; x_wconf 87' lang='grc' dir='ltr'>σταυρὸν,</span> <span class='ocrx_word' id='word_1_643' title='bbox 3537 1322 3746 1393; x_wconf 76' lang='grc' dir='ltr'>μείζονα</span> 
     </span>
    </p>
   </div>
   <div class='ocr_carea' id='block_1_82' title="bbox 2189 1405 3748 1484">
    <p class='ocr_par' dir='ltr' id='par_1_82' title="bbox 2189 1405 3748 1484">
     <span class='ocr_line' id='line_1_83' title="bbox 2189 1405 3748 1484; baseline -0.006 -18"><span class='ocrx_word' id='word_1_644' title='bbox 2189 1413 2489 1483; x_wconf 86' lang='grc' dir='ltr'>ὑπομένετε</span> <span class='ocrx_word' id='word_1_645' title='bbox 2518 1412 2809 1484; x_wconf 83' lang='grc' dir='ltr'>τιμωρίαν,</span> <span class='ocrx_word' id='word_1_646' title='bbox 2836 1412 2929 1465; x_wconf 75' lang='grc' dir='ltr'>καὶ</span> <span class='ocrx_word' id='word_1_647' title='bbox 2950 1410 3161 1473; x_wconf 76' lang='grc' dir='ltr'>οὐδενὸς</span> <span class='ocrx_word' id='word_1_648' title='bbox 3181 1407 3478 1463; x_wconf 81' lang='grc' dir='ltr'>ἀπολαύετε</span> <span class='ocrx_word' id='word_1_649' title='bbox 3501 1405 3748 1474; x_wconf 62' lang='grc' dir='ltr'>τῶνδτρο-</span> 
     </span>
    </p>
   </div>
   <div class='ocr_carea' id='block_1_83' title="bbox 2186 1497 2383 1568">
    <p class='ocr_par' dir='ltr' id='par_1_83' title="bbox 2186 1497 2383 1568">
     <span class='ocr_line' id='line_1_84' title="bbox 2186 1497 2383 1568; baseline 0.01 -20"><span class='ocrx_word' id='word_1_650' title='bbox 2186 1497 2383 1568; x_wconf 86' lang='grc' dir='ltr'>τέρων.</span> 
     </span>
    </p>
   </div>
   <div class='ocr_carea' id='block_1_84' title="bbox 2259 1571 3746 1649">
    <p class='ocr_par' dir='ltr' id='par_1_84' title="bbox 2259 1571 3746 1649">
     <span class='ocr_line' id='line_1_85' title="bbox 2259 1571 3746 1649; baseline -0.008 -16"><span class='ocrx_word' id='word_1_651' title='bbox 2259 1581 2445 1635; x_wconf 83' lang='grc' dir='ltr'>ε’.”1να</span> <span class='ocrx_word' id='word_1_652' title='bbox 2462 1580 2518 1633; x_wconf 86' lang='grc' dir='ltr'>δέ</span> <span class='ocrx_word' id='word_1_653' title='bbox 2543 1581 2636 1634; x_wconf 74' lang='grc' dir='ltr'>καὶ</span> <span class='ocrx_word' id='word_1_654' title='bbox 2655 1581 2749 1635; x_wconf 82' lang='grc' dir='ltr'>ἀπ’</span> <span class='ocrx_word' id='word_1_655' title='bbox 2768 1579 2945 1634; x_wconf 83' lang='grc' dir='ltr'>αὐτῶν</span> <span class='ocrx_word' id='word_1_656' title='bbox 2969 1578 3078 1631; x_wconf 89' lang='grc' dir='ltr'>τῶν</span> <span class='ocrx_word' id='word_1_657' title='bbox 3099 1574 3390 1649; x_wconf 84' lang='grc' dir='ltr'>προφητῶν</span> <span class='ocrx_word' id='word_1_658' title='bbox 3402 1571 3562 1627; x_wconf 88' lang='grc' dir='ltr'>τοῦτο</span> <span class='ocrx_word' id='word_1_659' title='bbox 3577 1571 3746 1638; x_wconf 70' lang='grc' dir='ltr'>σαφῶς</span> 
     </span>
    </p>
   </div>
   <div class='ocr_carea' id='block_1_85' title="bbox 2190 1655 3745 1735">
    <p class='ocr_par' dir='ltr' id='par_1_85' title="bbox 2190 1655 3745 1735">
     <span class='ocr_line' id='line_1_86' title="bbox 2190 1655 3745 1735; baseline -0.008 -18"><span class='ocrx_word' id='word_1_660' title='bbox 2190 1664 2284 1717; x_wconf 74' lang='grc' dir='ltr'>καὶ</span> <span class='ocrx_word' id='word_1_661' title='bbox 2322 1663 2612 1735; x_wconf 77' lang='grc' dir='ltr'>διαρρήδην</span> <span class='ocrx_word' id='word_1_662' title='bbox 2657 1662 3044 1733; x_wconf 82' lang='grc' dir='ltr'>παριστώντων</span> <span class='ocrx_word' id='word_1_663' title='bbox 3072 1660 3169 1733; x_wconf 81' lang='grc' dir='ltr'>τὴν</span> <span class='ocrx_word' id='word_1_664' title='bbox 3195 1660 3374 1714; x_wconf 76' lang='grc' dir='ltr'>αἰτίαν</span> <span class='ocrx_word' id='word_1_665' title='bbox 3401 1657 3509 1710; x_wconf 88' lang='grc' dir='ltr'>τῶν</span> <span class='ocrx_word' id='word_1_666' title='bbox 3555 1655 3745 1725; x_wconf 88' lang='grc' dir='ltr'>παρόν-</span> 
     </span>
    </p>
   </div>
   <div class='ocr_carea' id='block_1_86' title="bbox 2190 1736 3749 1819">
    <p class='ocr_par' dir='ltr' id='par_1_86' title="bbox 2190 1736 3749 1819">
     <span class='ocr_line' id='line_1_87' title="bbox 2190 1736 3749 1819; baseline -0.006 -19"><span class='ocrx_word' id='word_1_667' title='bbox 2190 1765 2297 1801; x_wconf 86' lang='grc' dir='ltr'>των</span> <span class='ocrx_word' id='word_1_668' title='bbox 2334 1746 2518 1800; x_wconf 87' lang='grc' dir='ltr'>κακῶν</span> <span class='ocrx_word' id='word_1_669' title='bbox 2549 1747 2777 1819; x_wconf 88' lang='grc' dir='ltr'>μάθητε,</span> <span class='ocrx_word' id='word_1_670' title='bbox 2804 1746 3071 1800; x_wconf 85' lang='grc' dir='ltr'>ἀκούσατε</span> <span class='ocrx_word' id='word_1_671' title='bbox 3102 1744 3154 1798; x_wconf 77' lang='grc' dir='ltr'>τί</span> <span class='ocrx_word' id='word_1_672' title='bbox 3182 1760 3344 1815; x_wconf 88' lang='grc' dir='ltr'>φησιν</span> <span class='ocrx_word' id='word_1_673' title='bbox 3382 1741 3627 1803; x_wconf 70' lang='grc' dir='ltr'>Ἡσαΐας,</span> <span class='ocrx_word' id='word_1_674' title='bbox 3640 1736 3749 1801; x_wconf 82' lang='grc' dir='ltr'>πῶς</span> 
     </span>
    </p>
   </div>
   <div class='ocr_carea' id='block_1_87' title="bbox 2193 1822 3752 1910">
    <p class='ocr_par' dir='ltr' id='par_1_87' title="bbox 2193 1822 3752 1910">
     <span class='ocr_line' id='line_1_88' title="bbox 2193 1822 3752 1910; baseline -0.006 -26"><span class='ocrx_word' id='word_1_675' title='bbox 2193 1833 2287 1885; x_wconf 76' lang='grc' dir='ltr'>καὶ</span> <span class='ocrx_word' id='word_1_676' title='bbox 2311 1830 2408 1902; x_wconf 82' lang='grc' dir='ltr'>τὴν</span> <span class='ocrx_word' id='word_1_677' title='bbox 2436 1832 2700 1903; x_wconf 86' lang='grc' dir='ltr'>ἐσομένην</span> <span class='ocrx_word' id='word_1_678' title='bbox 2727 1830 3043 1902; x_wconf 79' lang='grc' dir='ltr'>εὐεργεσίαν</span> <span class='ocrx_word' id='word_1_679' title='bbox 3065 1830 3197 1883; x_wconf 76' lang='grc' dir='ltr'>πᾶσι</span> <span class='ocrx_word' id='word_1_680' title='bbox 3222 1826 3312 1882; x_wconf 79' lang='grc' dir='ltr'>διὰ</span> <span class='ocrx_word' id='word_1_681' title='bbox 3333 1826 3426 1880; x_wconf 75' lang='grc' dir='ltr'>τοῦ</span> <span class='ocrx_word' id='word_1_682' title='bbox 3457 1822 3608 1910; x_wconf 72' lang='grc' dir='ltr'>[θείὂ]</span> <span class='ocrx_word' id='word_1_683' title='bbox 3632 1824 3752 1910; x_wconf 40' lang='lat' dir='ltr'><strong>X9:-</strong></span> 
     </span>
    </p>
   </div>
   <div class='ocr_carea' id='block_1_88' title="bbox 2195 1907 3751 1988">
    <p class='ocr_par' dir='ltr' id='par_1_88' title="bbox 2195 1907 3751 1988">
     <span class='ocr_line' id='line_1_89' title="bbox 2195 1907 3751 1988; baseline -0.003 -20"><span class='ocrx_word' id='word_1_684' title='bbox 2195 1916 2319 1969; x_wconf 85' lang='grc' dir='ltr'>στοῦ</span> <span class='ocrx_word' id='word_1_685' title='bbox 2349 1915 2625 1988; x_wconf 89' lang='grc' dir='ltr'>προλέγει,</span> <span class='ocrx_word' id='word_1_686' title='bbox 2662 1915 2755 1969; x_wconf 76' lang='grc' dir='ltr'>καὶ</span> <span class='ocrx_word' id='word_1_687' title='bbox 2792 1915 2891 1985; x_wconf 81' lang='grc' dir='ltr'>τὴν</span> <span class='ocrx_word' id='word_1_688' title='bbox 2929 1912 3197 1984; x_wconf 81' lang='grc' dir='ltr'>ὑμετέραν</span> <span class='ocrx_word' id='word_1_689' title='bbox 3229 1907 3649 1980; x_wconf 63' lang='grc' dir='ltr'>ἀγνωμοσύνην</span> <span class='ocrx_word' id='word_1_690' title='bbox 3673 1907 3751 1988; x_wconf 61' lang='grc' dir='ltr'>Τῷ</span> 
     </span>
    </p>
   </div>
   <div class='ocr_carea' id='block_1_89' title="bbox 2188 1985 3747 2068">
    <p class='ocr_par' dir='ltr' id='par_1_89' title="bbox 2188 1985 3747 2068">
     <span class='ocr_line' id='line_1_90' title="bbox 2188 1985 3747 2068; baseline -0.009 -15"><span class='ocrx_word' id='word_1_691' title='bbox 2188 1985 2432 2068; x_wconf 50' lang='lat' dir='ltr'>puum;</span> <span class='ocrx_word' id='word_1_692' title='bbox 2462 1998 2670 2060; x_wconf 83' lang='grc' dir='ltr'>αὑτοῦ,</span> <span class='ocrx_word' id='word_1_693' title='bbox 2704 1997 2887 2068; x_wconf 77' lang='grc' dir='ltr'>φησιν,</span> <span class='ocrx_word' id='word_1_694' title='bbox 2916 1996 3088 2066; x_wconf 74' lang='grc' dir='ltr'>ἡμεῖς</span> <span class='ocrx_word' id='word_1_695' title='bbox 3116 1993 3398 2063; x_wconf 67' lang='grc' dir='ltr'>ιάθημρνο</span> <span class='ocrx_word' id='word_1_696' title='bbox 3430 1990 3528 2061; x_wconf 81' lang='grc' dir='ltr'>τὴν</span> <span class='ocrx_word' id='word_1_697' title='bbox 3554 1988 3640 2042; x_wconf 82' lang='grc' dir='ltr'>διὰ</span> <span class='ocrx_word' id='word_1_698' title='bbox 3659 1985 3747 2068; x_wconf 73' lang='grc' dir='ltr'>τοῦ</span> 
     </span>
    </p>
   </div>
   <div class='ocr_carea' id='block_1_90' title="bbox 2195 2064 3750 2154">
    <p class='ocr_par' dir='ltr' id='par_1_90' title="bbox 2195 2064 3750 2154">
     <span class='ocr_line' id='line_1_91' title="bbox 2195 2064 3750 2154; baseline -0.01 -18"><span class='ocrx_word' id='word_1_699' title='bbox 2195 2064 2433 2154; x_wconf 74' lang='grc' dir='ltr'>σταυροῦ</span> <span class='ocrx_word' id='word_1_700' title='bbox 2455 2064 2727 2153; x_wconf 85' lang='grc' dir='ltr'>σωτηρίαν</span> <span class='ocrx_word' id='word_1_701' title='bbox 2750 2064 2883 2134; x_wconf 80' lang='grc' dir='ltr'>πᾶσι</span> <span class='ocrx_word' id='word_1_702' title='bbox 2911 2064 3208 2150; x_wconf 80' lang='grc' dir='ltr'>γενομένην</span> <span class='ocrx_word' id='word_1_703' title='bbox 3231 2075 3513 2149; x_wconf 86' lang='grc' dir='ltr'>προλέγων</span> <span class='ocrx_word' id='word_1_704' title='bbox 3531 2083 3579 2126; x_wconf 67' lang='grc' dir='ltr'>ε.</span> <span class='ocrx_word' id='word_1_705' title='bbox 3623 2064 3750 2123; x_wconf 80' lang='grc' dir='ltr'>Εἶτα</span> 
     </span>
    </p>
   </div>
   <div class='ocr_carea' id='block_1_91' title="bbox 2193 2155 3747 2236">
    <p class='ocr_par' dir='ltr' id='par_1_91' title="bbox 2193 2155 3747 2236">
     <span class='ocr_line' id='line_1_92' title="bbox 2193 2155 3747 2236; baseline -0.019 -1"><span class='ocrx_word' id='word_1_706' title='bbox 2193 2164 2363 2234; x_wconf 83' lang='grc' dir='ltr'>λέγων</span> <span class='ocrx_word' id='word_1_707' title='bbox 2408 2167 2567 2236; x_wconf 73' lang='grc' dir='ltr'>ἡμεῖς</span> <span class='ocrx_word' id='word_1_708' title='bbox 2611 2164 2773 2227; x_wconf 81' lang='grc' dir='ltr'>τίνες,</span> <span class='ocrx_word' id='word_1_709' title='bbox 2803 2165 3075 2235; x_wconf 73' lang='grc' dir='ltr'>ἐπήγαγε’</span> <span class='ocrx_word' id='word_1_710' title='bbox 3114 2161 3342 2224; x_wconf 79' lang='grc' dir='ltr'>Πάντες</span> <span class='ocrx_word' id='word_1_711' title='bbox 3380 2157 3463 2223; x_wconf 78' lang='grc' dir='ltr'>ὡς</span> <span class='ocrx_word' id='word_1_712' title='bbox 3501 2155 3747 2222; x_wconf 75' lang='grc' dir='ltr'>πρόϐατα</span> 
     </span>
    </p>
   </div>
   <div class='ocr_carea' id='block_1_92' title="bbox 2194 2238 3749 2318">
    <p class='ocr_par' dir='ltr' id='par_1_92' title="bbox 2194 2238 3749 2318">
     <span class='ocr_line' id='line_1_93' title="bbox 2194 2238 3749 2318; baseline -0.007 -17"><span class='ocrx_word' id='word_1_713' title='bbox 2194 2248 2633 2318; x_wconf 77' lang='grc' dir='ltr'>ἐπλανήθημεν,</span> <span class='ocrx_word' id='word_1_714' title='bbox 2674 2248 2981 2316; x_wconf 81' lang='grc' dir='ltr'>ἅνθρωπος</span> <span class='ocrx_word' id='word_1_715' title='bbox 3006 2247 3075 2300; x_wconf 82' lang='grc' dir='ltr'>ὲν</span> <span class='ocrx_word' id='word_1_716' title='bbox 3111 2244 3185 2314; x_wconf 76' lang='grc' dir='ltr'>τῇ</span> <span class='ocrx_word' id='word_1_717' title='bbox 3217 2242 3335 2308; x_wconf 79' lang='grc' dir='ltr'>ὀδῷ</span> <span class='ocrx_word' id='word_1_718' title='bbox 3361 2239 3549 2295; x_wconf 80' lang='grc' dir='ltr'>αὑτοῦ</span> <span class='ocrx_word' id='word_1_719' title='bbox 3578 2238 3749 2292; x_wconf 74' lang='grc' dir='ltr'>ἐπλαο</span> 
     </span>
    </p>
   </div>
   <div class='ocr_carea' id='block_1_93' title="bbox 2194 2320 3751 2403">
    <p class='ocr_par' dir='ltr' id='par_1_93' title="bbox 2194 2320 3751 2403">
     <span class='ocr_line' id='line_1_94' title="bbox 2194 2320 3751 2403; baseline -0.01 -17"><span class='ocrx_word' id='word_1_720' title='bbox 2194 2332 2370 2399; x_wconf 77' lang='grc' dir='ltr'>νήθη.</span> <span class='ocrx_word' id='word_1_721' title='bbox 2402 2333 2511 2385; x_wconf 77' lang='grc' dir='ltr'>Καὶ</span> <span class='ocrx_word' id='word_1_722' title='bbox 2537 2331 2709 2400; x_wconf 88' lang='grc' dir='ltr'>λέγων</span> <span class='ocrx_word' id='word_1_723' title='bbox 2736 2331 2829 2385; x_wconf 89' lang='grc' dir='ltr'>τοῦ</span> <span class='ocrx_word' id='word_1_724' title='bbox 2864 2330 3096 2403; x_wconf 88' lang='grc' dir='ltr'>σταυροῦ</span> <span class='ocrx_word' id='word_1_725' title='bbox 3124 2330 3214 2382; x_wconf 90' lang='grc' dir='ltr'>τὸν</span> <span class='ocrx_word' id='word_1_726' title='bbox 3233 2326 3454 2399; x_wconf 89' lang='grc' dir='ltr'>τρόπον,</span> <span class='ocrx_word' id='word_1_727' title='bbox 3482 2323 3622 2376; x_wconf 75' lang='grc' dir='ltr'>οὕτω</span> <span class='ocrx_word' id='word_1_728' title='bbox 3643 2320 3751 2385; x_wconf 76' lang='grc' dir='ltr'>πώς</span> 
     </span>
    </p>
   </div>
   <div class='ocr_carea' id='block_1_94' title="bbox 2198 2403 3751 2487">
    <p class='ocr_par' dir='ltr' id='par_1_94' title="bbox 2198 2403 3751 2487">
     <span class='ocr_line' id='line_1_95' title="bbox 2198 2403 3751 2487; baseline -0.002 -17"><span class='ocrx_word' id='word_1_729' title='bbox 2198 2434 2392 2487; x_wconf 86' lang='grc' dir='ltr'>φησιν·</span> <span class='ocrx_word' id='word_1_730' title='bbox 2432 2417 2526 2483; x_wconf 86' lang='grc' dir='ltr'>Ὠς</span> <span class='ocrx_word' id='word_1_731' title='bbox 2555 2417 2852 2485; x_wconf 84' lang='grc' dir='ltr'>πρόϐατον</span> <span class='ocrx_word' id='word_1_732' title='bbox 2892 2416 2991 2469; x_wconf 76' lang='grc' dir='ltr'>ἐπὶ</span> <span class='ocrx_word' id='word_1_733' title='bbox 3036 2412 3280 2483; x_wconf 66' lang='grc' dir='ltr'>σφαγὴν</span> <span class='ocrx_word' id='word_1_734' title='bbox 3319 2410 3496 2478; x_wconf 80' lang='grc' dir='ltr'>ἤχθη.</span> <span class='ocrx_word' id='word_1_735' title='bbox 3538 2405 3633 2458; x_wconf 72' lang='grc' dir='ltr'>καὶ</span> <span class='ocrx_word' id='word_1_736' title='bbox 3674 2403 3751 2467; x_wconf 77' lang='grc' dir='ltr'>ὡς</span> 
     </span>
    </p>
   </div>
   <div class='ocr_carea' id='block_1_95' title="bbox 2197 2489 3752 2573">
    <p class='ocr_par' dir='ltr' id='par_1_95' title="bbox 2197 2489 3752 2573">
     <span class='ocr_line' id='line_1_96' title="bbox 2197 2489 3752 2573; baseline -0.01 -15"><span class='ocrx_word' id='word_1_737' title='bbox 2197 2504 2385 2573; x_wconf 76' lang='grc' dir='ltr'>ἀμνὸς</span> <span class='ocrx_word' id='word_1_738' title='bbox 2403 2502 2680 2557; x_wconf 81' lang='grc' dir='ltr'>ἐναντίον</span> <span class='ocrx_word' id='word_1_739' title='bbox 2704 2501 2811 2555; x_wconf 86' lang='grc' dir='ltr'>τοῦ</span> <span class='ocrx_word' id='word_1_740' title='bbox 2844 2501 3145 2570; x_wconf 54' lang='grc' dir='ltr'>κείροντος</span> <span class='ocrx_word' id='word_1_741' title='bbox 3166 2496 3352 2555; x_wconf 83' lang='grc' dir='ltr'>αὐτόν</span> <span class='ocrx_word' id='word_1_742' title='bbox 3378 2495 3633 2562; x_wconf 72' lang='grc' dir='ltr'>ἄφωνος,</span> <span class='ocrx_word' id='word_1_743' title='bbox 3655 2489 3752 2543; x_wconf 75' lang='grc' dir='ltr'>οὔ·</span> 
     </span>
    </p>
   </div>
   <div class='ocr_carea' id='block_1_96' title="bbox 2198 2578 3756 2657">
    <p class='ocr_par' dir='ltr' id='par_1_96' title="bbox 2198 2578 3756 2657">
     <span class='ocr_line' id='line_1_97' title="bbox 2198 2578 3756 2657; baseline -0.011 -14"><span class='ocrx_word' id='word_1_744' title='bbox 2198 2608 2311 2656; x_wconf 88' lang='grc' dir='ltr'>τως</span> <span class='ocrx_word' id='word_1_745' title='bbox 2343 2591 2453 2644; x_wconf 82' lang='grc' dir='ltr'>οὐκ</span> <span class='ocrx_word' id='word_1_746' title='bbox 2484 2589 2708 2657; x_wconf 79' lang='grc' dir='ltr'>ἀνοίγει</span> <span class='ocrx_word' id='word_1_747' title='bbox 2745 2587 2812 2641; x_wconf 87' lang='grc' dir='ltr'>τὸ</span> <span class='ocrx_word' id='word_1_748' title='bbox 2855 2588 3049 2656; x_wconf 81' lang='grc' dir='ltr'>στόμα</span> <span class='ocrx_word' id='word_1_749' title='bbox 3081 2584 3267 2639; x_wconf 85' lang='grc' dir='ltr'>αὑτοῦ</span> <span class='ocrx_word' id='word_1_750' title='bbox 3287 2598 3301 2612; x_wconf 92' lang='grc'><strong>·</strong></span> <span class='ocrx_word' id='word_1_751' title='bbox 3352 2582 3423 2634; x_wconf 81' lang='grc' dir='ltr'>ἐν</span> <span class='ocrx_word' id='word_1_752' title='bbox 3455 2578 3532 2646; x_wconf 76' lang='grc' dir='ltr'>τῇ</span> <span class='ocrx_word' id='word_1_753' title='bbox 3567 2590 3756 2630; x_wconf 64' lang='grc' dir='ltr'>ταπει-</span> 
     </span>
    </p>
   </div>
   <div class='ocr_carea' id='block_1_97' title="bbox 2198 2659 3753 2742">
    <p class='ocr_par' dir='ltr' id='par_1_97' title="bbox 2198 2659 3753 2742">
     <span class='ocr_line' id='line_1_98' title="bbox 2198 2659 3753 2742; baseline -0.013 -13"><span class='ocrx_word' id='word_1_754' title='bbox 2198 2675 2375 2729; x_wconf 80' lang='grc' dir='ltr'>νώσει</span> <span class='ocrx_word' id='word_1_755' title='bbox 2406 2673 2591 2730; x_wconf 86' lang='grc' dir='ltr'>αὐτοῦ</span> <span class='ocrx_word' id='word_1_756' title='bbox 2619 2674 2656 2742; x_wconf 82' lang='grc' dir='ltr'><strong><em>ἠ</em></strong></span> <span class='ocrx_word' id='word_1_757' title='bbox 2689 2674 2887 2741; x_wconf 80' lang='grc' dir='ltr'>κρίσις</span> <span class='ocrx_word' id='word_1_758' title='bbox 2913 2670 3097 2725; x_wconf 83' lang='grc' dir='ltr'>αὑτοῦ</span> <span class='ocrx_word' id='word_1_759' title='bbox 3124 2668 3296 2737; x_wconf 72' lang='grc' dir='ltr'>ἤρθη.</span> <span class='ocrx_word' id='word_1_760' title='bbox 3329 2664 3434 2718; x_wconf 81' lang='grc' dir='ltr'>Καὶ</span> <span class='ocrx_word' id='word_1_761' title='bbox 3460 2661 3564 2714; x_wconf 86' lang='grc' dir='ltr'>ποῦ</span> <span class='ocrx_word' id='word_1_762' title='bbox 3592 2659 3753 2712; x_wconf 81' lang='grc' dir='ltr'>ταῦτα</span> 
     </span>
    </p>
   </div>
   <div class='ocr_carea' id='block_1_98' title="bbox 2198 2744 3756 2825">
    <p class='ocr_par' dir='ltr' id='par_1_98' title="bbox 2198 2744 3756 2825">
     <span class='ocr_line' id='line_1_99' title="bbox 2198 2744 3756 2825; baseline -0.01 -13"><span class='ocrx_word' id='word_1_763' title='bbox 2198 2758 2344 2813; x_wconf 83' lang='grc' dir='ltr'>ἐστιν</span> <span class='ocrx_word' id='word_1_764' title='bbox 2378 2758 2504 2811; x_wconf 73' lang='grc' dir='ltr'>ἰδεῖν</span> <span class='ocrx_word' id='word_1_765' title='bbox 2535 2756 2848 2821; x_wconf 79' lang='grc' dir='ltr'>ἐξελθόντα;</span> <span class='ocrx_word' id='word_1_766' title='bbox 2887 2756 2976 2809; x_wconf 83' lang='grc' dir='ltr'>Ἐν</span> <span class='ocrx_word' id='word_1_767' title='bbox 3001 2753 3079 2824; x_wconf 85' lang='grc' dir='ltr'>τῷ</span> <span class='ocrx_word' id='word_1_768' title='bbox 3108 2752 3406 2825; x_wconf 82' lang='grc' dir='ltr'>παρανόμῳ</span> <span class='ocrx_word' id='word_1_769' title='bbox 3431 2744 3756 2815; x_wconf 81' lang='grc' dir='ltr'>δικαστηρίῳ</span> 
     </span>
    </p>
   </div>
   <div class='ocr_carea' id='block_1_99' title="bbox 2199 2826 3754 2912">
    <p class='ocr_par' dir='ltr' id='par_1_99' title="bbox 2199 2826 3754 2912">
     <span class='ocr_line' id='line_1_100' title="bbox 2199 2826 3754 2912; baseline -0.008 -16"><span class='ocrx_word' id='word_1_770' title='bbox 2199 2843 2452 2897; x_wconf 87' lang='grc' dir='ltr'>Πιλάτου.</span> <span class='ocrx_word' id='word_1_771' title='bbox 2494 2840 2741 2895; x_wconf 89' lang='grc' dir='ltr'>Τοσαῦτα</span> <span class='ocrx_word' id='word_1_772' title='bbox 2780 2840 2891 2912; x_wconf 84' lang='grc' dir='ltr'>γὰρ</span> <span class='ocrx_word' id='word_1_773' title='bbox 2934 2834 3545 2909; x_wconf 84' lang='grc' dir='ltr'>καταμαρτυρησάντων</span> <span class='ocrx_word' id='word_1_774' title='bbox 3575 2826 3754 2912; x_wconf 65' lang='grc' dir='ltr'>αύτρῦ,</span> 
     </span>
    </p>
   </div>
   <div class='ocr_carea' id='block_1_100' title="bbox 2200 2907 3754 2996">
    <p class='ocr_par' dir='ltr' id='par_1_100' title="bbox 2200 2907 3754 2996">
     <span class='ocr_line' id='line_1_101' title="bbox 2200 2907 3754 2996; baseline -0.011 -17"><span class='ocrx_word' id='word_1_775' title='bbox 2200 2928 2386 2996; x_wconf 72' lang='grc' dir='ltr'>φησὶν,</span> <span class='ocrx_word' id='word_1_776' title='bbox 2411 2925 2562 2979; x_wconf 81' lang='grc' dir='ltr'>οὐδὲν</span> <span class='ocrx_word' id='word_1_777' title='bbox 2589 2907 2920 2995; x_wconf 80' lang='grc' dir='ltr'>ἀπεκρίνατο</span> <span class='ocrx_word' id='word_1_778' title='bbox 2945 2907 3128 2984; x_wconf 78' lang='grc' dir='ltr'>αὐτοῖς</span> <span class='ocrx_word' id='word_1_779' title='bbox 3156 2907 3185 2973; x_wconf 88' lang='lat'>6</span> <span class='ocrx_word' id='word_1_780' title='bbox 3226 2915 3456 2987; x_wconf 85' lang='grc' dir='ltr'>Ἰησοῦς·</span> <span class='ocrx_word' id='word_1_781' title='bbox 3494 2913 3590 2967; x_wconf 81' lang='grc' dir='ltr'>καὶ</span> <span class='ocrx_word' id='word_1_782' title='bbox 3640 2907 3754 2964; x_wconf 79' lang='grc' dir='ltr'>εἷπε</span> 
     </span>
    </p>
   </div>
   <div class='ocr_carea' id='block_1_101' title="bbox 2200 2998 3760 3082">
    <p class='ocr_par' dir='ltr' id='par_1_101' title="bbox 2200 2998 3760 3082">
     <span class='ocr_line' id='line_1_102' title="bbox 2200 2998 3760 3082; baseline -0.017 -7"><span class='ocrx_word' id='word_1_783' title='bbox 2200 3010 2337 3082; x_wconf 73' lang='grc' dir='ltr'>πρὸς</span> <span class='ocrx_word' id='word_1_784' title='bbox 2356 3008 2517 3063; x_wconf 73' lang='grc' dir='ltr'>αὑτὸν</span> <span class='ocrx_word' id='word_1_785' title='bbox 2539 3009 2568 3060; x_wconf 83' lang='grc' dir='ltr'><strong>ὁ</strong></span> <span class='ocrx_word' id='word_1_786' title='bbox 2596 3007 2817 3080; x_wconf 83' lang='grc' dir='ltr'>ἡγεμών</span> <span class='ocrx_word' id='word_1_787' title='bbox 2837 3024 2851 3036; x_wconf 89' lang='grc'><strong>·</strong></span> <span class='ocrx_word' id='word_1_788' title='bbox 2887 3006 3135 3070; x_wconf 80' lang='grc' dir='ltr'>Ἀκούεις</span> <span class='ocrx_word' id='word_1_789' title='bbox 3172 3003 3229 3057; x_wconf 83' lang='grc' dir='ltr'>τι</span> <span class='ocrx_word' id='word_1_790' title='bbox 3257 2998 3423 3058; x_wconf 84' lang='grc' dir='ltr'>οὗτοι</span> <span class='ocrx_word' id='word_1_791' title='bbox 3446 3015 3565 3054; x_wconf 87' lang='grc' dir='ltr'>σου</span> <span class='ocrx_word' id='word_1_792' title='bbox 3589 3012 3760 3082; x_wconf 78' lang='grc' dir='ltr'>κατα-</span> 
     </span>
    </p>
   </div>
   <div class='ocr_carea' id='block_1_102' title="bbox 2194 3081 3759 3162">
    <p class='ocr_par' dir='ltr' id='par_1_102' title="bbox 2194 3081 3759 3162">
     <span class='ocr_line' id='line_1_103' title="bbox 2194 3081 3759 3162; baseline -0.01 -15"><span class='ocrx_word' id='word_1_793' title='bbox 2194 3090 2565 3162; x_wconf 82' lang='grc' dir='ltr'>μαρτυροῦσι</span> <span class='ocrx_word' id='word_1_794' title='bbox 2580 3106 2600 3155; x_wconf 88' lang='grc'><em>;</em></span> <span class='ocrx_word' id='word_1_795' title='bbox 2645 3091 2754 3145; x_wconf 77' lang='grc' dir='ltr'>Καὶ</span> <span class='ocrx_word' id='word_1_796' title='bbox 2793 3089 2943 3143; x_wconf 82' lang='grc' dir='ltr'>οὐδὲν</span> <span class='ocrx_word' id='word_1_797' title='bbox 2985 3087 3337 3159; x_wconf 82' lang='grc' dir='ltr'>ἀπεκρίνατο,</span> <span class='ocrx_word' id='word_1_798' title='bbox 3375 3083 3492 3138; x_wconf 78' lang='grc' dir='ltr'>ἀλλ’</span> <span class='ocrx_word' id='word_1_799' title='bbox 3527 3081 3759 3151; x_wconf 75' lang='grc' dir='ltr'>εἱστήκει</span> 
     </span>
    </p>
   </div>
   <div class='ocr_carea' id='block_1_103' title="bbox 2203 3163 3756 3244">
    <p class='ocr_par' dir='ltr' id='par_1_103' title="bbox 2203 3163 3756 3244">
     <span class='ocr_line' id='line_1_104' title="bbox 2203 3163 3756 3244; baseline -0.01 -14"><span class='ocrx_word' id='word_1_800' title='bbox 2203 3174 2392 3244; x_wconf 89' lang='grc' dir='ltr'>σιγῶν.</span> <span class='ocrx_word' id='word_1_801' title='bbox 2427 3174 2596 3227; x_wconf 88' lang='grc' dir='ltr'>Τοῦτο</span> <span class='ocrx_word' id='word_1_802' title='bbox 2627 3173 2804 3228; x_wconf 81' lang='grc' dir='ltr'>τοίνυν</span> <span class='ocrx_word' id='word_1_803' title='bbox 2850 3175 2879 3227; x_wconf 90' lang='lat'>6</span> <span class='ocrx_word' id='word_1_804' title='bbox 2927 3172 3210 3243; x_wconf 81' lang='grc' dir='ltr'>προφήτης</span> <span class='ocrx_word' id='word_1_805' title='bbox 3259 3164 3509 3223; x_wconf 79' lang='grc' dir='ltr'>ἀνωθενά</span> <span class='ocrx_word' id='word_1_806' title='bbox 3554 3163 3756 3230; x_wconf 76' lang='grc' dir='ltr'>ἐλεγενο</span> 
     </span>
    </p>
   </div>
   <div class='ocr_carea' id='block_1_104' title="bbox 2212 3245 3760 3326">
    <p class='ocr_par' dir='ltr' id='par_1_104' title="bbox 2212 3245 3760 3326">
     <span class='ocr_line' id='line_1_105' title="bbox 2212 3245 3760 3326; baseline -0.01 -13"><span class='ocrx_word' id='word_1_807' title='bbox 2212 3261 2306 3325; x_wconf 83' lang='grc' dir='ltr'>Ὠς</span> <span class='ocrx_word' id='word_1_808' title='bbox 2334 3260 2632 3326; x_wconf 77' lang='grc' dir='ltr'>πρόϐατον</span> <span class='ocrx_word' id='word_1_809' title='bbox 2671 3256 2773 3311; x_wconf 73' lang='grc' dir='ltr'>ἐπὶ</span> <span class='ocrx_word' id='word_1_810' title='bbox 2814 3255 3059 3326; x_wconf 67' lang='grc' dir='ltr'>σφαγὴν</span> <span class='ocrx_word' id='word_1_811' title='bbox 3100 3253 3278 3322; x_wconf 71' lang='grc' dir='ltr'>ἤχθη,</span> <span class='ocrx_word' id='word_1_812' title='bbox 3317 3250 3415 3305; x_wconf 73' lang='grc' dir='ltr'>καὶ</span> <span class='ocrx_word' id='word_1_813' title='bbox 3460 3250 3544 3314; x_wconf 78' lang='grc' dir='ltr'>ὡς</span> <span class='ocrx_word' id='word_1_814' title='bbox 3579 3245 3760 3318; x_wconf 79' lang='grc' dir='ltr'>ἀμνὸς</span> 
     </span>
    </p>
   </div>
   <div class='ocr_carea' id='block_1_105' title="bbox 2199 3330 3760 3409">
    <p class='ocr_par' dir='ltr' id='par_1_105' title="bbox 2199 3330 3760 3409">
     <span class='ocr_line' id='line_1_106' title="bbox 2199 3330 3760 3409; baseline -0.01 -12"><span class='ocrx_word' id='word_1_815' title='bbox 2199 3342 2476 3397; x_wconf 80' lang='grc' dir='ltr'>ἐναντίον</span> <span class='ocrx_word' id='word_1_816' title='bbox 2515 3340 2621 3395; x_wconf 90' lang='grc' dir='ltr'>τοῦ</span> <span class='ocrx_word' id='word_1_817' title='bbox 2647 3340 2958 3409; x_wconf 68' lang='grc' dir='ltr'>κείροντος</span> <span class='ocrx_word' id='word_1_818' title='bbox 2985 3337 3171 3392; x_wconf 83' lang='grc' dir='ltr'>αὐτὸν</span> <span class='ocrx_word' id='word_1_819' title='bbox 3198 3336 3453 3406; x_wconf 67' lang='grc' dir='ltr'>ἄφωνος.</span> <span class='ocrx_word' id='word_1_820' title='bbox 3490 3330 3623 3386; x_wconf 75' lang='grc' dir='ltr'>Εἶτα</span> <span class='ocrx_word' id='word_1_821' title='bbox 3658 3331 3760 3383; x_wconf 82' lang='grc' dir='ltr'>δει-</span> 
     </span>
    </p>
   </div>
   <div class='ocr_carea' id='block_1_106' title="bbox 2203 3414 3762 3495">
    <p class='ocr_par' dir='ltr' id='par_1_106' title="bbox 2203 3414 3762 3495">
     <span class='ocr_line' id='line_1_107' title="bbox 2203 3414 3762 3495; baseline -0.008 -15"><span class='ocrx_word' id='word_1_822' title='bbox 2203 3427 2336 3489; x_wconf 81' lang='grc' dir='ltr'>κνὺς</span> <span class='ocrx_word' id='word_1_823' title='bbox 2366 3426 2466 3495; x_wconf 81' lang='grc' dir='ltr'>τὴν</span> <span class='ocrx_word' id='word_1_824' title='bbox 2514 3423 2860 3495; x_wconf 83' lang='grc' dir='ltr'>παρανομίαν</span> <span class='ocrx_word' id='word_1_825' title='bbox 2883 3422 2981 3493; x_wconf 80' lang='grc' dir='ltr'>τὴν</span> <span class='ocrx_word' id='word_1_826' title='bbox 3008 3423 3066 3475; x_wconf 87' lang='grc' dir='ltr'>ἐν</span> <span class='ocrx_word' id='word_1_827' title='bbox 3095 3420 3172 3491; x_wconf 82' lang='grc' dir='ltr'>τῷ</span> <span class='ocrx_word' id='word_1_828' title='bbox 3197 3418 3531 3488; x_wconf 84' lang='grc' dir='ltr'>δικαστηρίῳ</span> <span class='ocrx_word' id='word_1_829' title='bbox 3552 3414 3762 3485; x_wconf 86' lang='grc' dir='ltr'>γενομέ-</span> 
     </span>
    </p>
   </div>
   <div class='ocr_carea' id='block_1_107' title="bbox 2200 3498 3762 3580">
    <p class='ocr_par' dir='ltr' id='par_1_107' title="bbox 2200 3498 3762 3580">
     <span class='ocr_line' id='line_1_108' title="bbox 2200 3498 3762 3580; baseline -0.006 -18"><span class='ocrx_word' id='word_1_830' title='bbox 2200 3528 2297 3580; x_wconf 92' lang='grc' dir='ltr'>νην</span> <span class='ocrx_word' id='word_1_831' title='bbox 2322 3510 2462 3573; x_wconf 86' lang='grc' dir='ltr'>τότε,</span> <span class='ocrx_word' id='word_1_832' title='bbox 2498 3508 2694 3578; x_wconf 70' lang='grc' dir='ltr'>φησίν*</span> <span class='ocrx_word' id='word_1_833' title='bbox 2740 3508 2836 3559; x_wconf 83' lang='grc' dir='ltr'>Ἐν</span> <span class='ocrx_word' id='word_1_834' title='bbox 2863 3504 2937 3574; x_wconf 76' lang='grc' dir='ltr'>τῇ</span> <span class='ocrx_word' id='word_1_835' title='bbox 2969 3502 3315 3559; x_wconf 75' lang='grc' dir='ltr'>ταπεινώσει</span> <span class='ocrx_word' id='word_1_836' title='bbox 3339 3501 3529 3556; x_wconf 84' lang='grc' dir='ltr'>αὑτοῦ</span> <span class='ocrx_word' id='word_1_837' title='bbox 3574 3500 3611 3566; x_wconf 75' lang='grc' dir='ltr'><strong>ἠ</strong></span> <span class='ocrx_word' id='word_1_838' title='bbox 3643 3498 3762 3567; x_wconf 78' lang='grc' dir='ltr'>κρί-</span> 
     </span>
    </p>
   </div>
   <div class='ocr_carea' id='block_1_108' title="bbox 2202 3582 3764 3660">
    <p class='ocr_par' dir='ltr' id='par_1_108' title="bbox 2202 3582 3764 3660">
     <span class='ocr_line' id='line_1_109' title="bbox 2202 3582 3764 3660; baseline -0.009 -12"><span class='ocrx_word' id='word_1_839' title='bbox 2202 3611 2302 3659; x_wconf 88' lang='grc' dir='ltr'>σις</span> <span class='ocrx_word' id='word_1_840' title='bbox 2337 3592 2524 3647; x_wconf 88' lang='grc' dir='ltr'>αὐτοῦ</span> <span class='ocrx_word' id='word_1_841' title='bbox 2572 3591 2746 3660; x_wconf 69' lang='grc' dir='ltr'>ἤρθη.</span> <span class='ocrx_word' id='word_1_842' title='bbox 2790 3589 2976 3653; x_wconf 78' lang='grc' dir='ltr'>Οὐδεὶς</span> <span class='ocrx_word' id='word_1_843' title='bbox 3004 3588 3205 3642; x_wconf 72' lang='grc' dir='ltr'>αύτὸνο</span> <span class='ocrx_word' id='word_1_844' title='bbox 3238 3586 3380 3640; x_wconf 87' lang='grc' dir='ltr'>κατά</span> <span class='ocrx_word' id='word_1_845' title='bbox 3429 3585 3522 3638; x_wconf 89' lang='grc' dir='ltr'>τὸν</span> <span class='ocrx_word' id='word_1_846' title='bbox 3568 3582 3661 3636; x_wconf 83' lang='grc' dir='ltr'>τοῦ</span> <span class='ocrx_word' id='word_1_847' title='bbox 3696 3582 3764 3635; x_wconf 77' lang='grc' dir='ltr'>διο</span> 
     </span>
    </p>
   </div>
   <div class='ocr_carea' id='block_1_109' title="bbox 2201 3666 3764 3745">
    <p class='ocr_par' dir='ltr' id='par_1_109' title="bbox 2201 3666 3764 3745">
     <span class='ocr_line' id='line_1_110' title="bbox 2201 3666 3764 3745; baseline -0.008 -15"><span class='ocrx_word' id='word_1_848' title='bbox 2201 3677 2357 3730; x_wconf 87' lang='grc' dir='ltr'>καίου</span> <span class='ocrx_word' id='word_1_849' title='bbox 2405 3676 2563 3745; x_wconf 90' lang='grc' dir='ltr'>λόγον</span> <span class='ocrx_word' id='word_1_850' title='bbox 2600 3673 2901 3744; x_wconf 80' lang='grc' dir='ltr'>ἐψηφίσατο</span> <span class='ocrx_word' id='word_1_851' title='bbox 2928 3673 3070 3736; x_wconf 85' lang='grc' dir='ltr'>τότε,</span> <span class='ocrx_word' id='word_1_852' title='bbox 3099 3670 3213 3725; x_wconf 81' lang='grc' dir='ltr'>ἀλλ’</span> <span class='ocrx_word' id='word_1_853' title='bbox 3238 3669 3486 3736; x_wconf 80' lang='grc' dir='ltr'>ἐδέξαντο</span> <span class='ocrx_word' id='word_1_854' title='bbox 3513 3670 3611 3729; x_wconf 74' lang='grc' dir='ltr'>τὰς</span> <span class='ocrx_word' id='word_1_855' title='bbox 3634 3666 3764 3735; x_wconf 76' lang='grc' dir='ltr'>ψευ-</span> 
     </span>
    </p>
   </div>
   <div class='ocr_carea' id='block_1_110' title="bbox 2202 3745 3763 3831">
    <p class='ocr_par' dir='ltr' id='par_1_110' title="bbox 2202 3745 3763 3831">
     <span class='ocr_line' id='line_1_111' title="bbox 2202 3745 3763 3831; baseline -0.009 -18"><span class='ocrx_word' id='word_1_856' title='bbox 2202 3760 2309 3824; x_wconf 90' lang='grc' dir='ltr'>δεῖς</span> <span class='ocrx_word' id='word_1_857' title='bbox 2344 3759 2650 3831; x_wconf 87' lang='grc' dir='ltr'>μαρτυρίας</span> <span class='ocrx_word' id='word_1_858' title='bbox 2679 3756 2779 3819; x_wconf 87' lang='grc' dir='ltr'>τάς</span> <span class='ocrx_word' id='word_1_859' title='bbox 2807 3754 3135 3810; x_wconf 82' lang='grc' dir='ltr'>κατάὐτοῦ.</span> <span class='ocrx_word' id='word_1_860' title='bbox 3158 3753 3231 3806; x_wconf 91' lang='grc' dir='ltr'>Τὸ</span> <span class='ocrx_word' id='word_1_861' title='bbox 3265 3751 3322 3804; x_wconf 88' lang='grc' dir='ltr'>δέ</span> <span class='ocrx_word' id='word_1_862' title='bbox 3365 3752 3538 3803; x_wconf 83' lang='grc' dir='ltr'>αῖτιον</span> <span class='ocrx_word' id='word_1_863' title='bbox 3582 3749 3670 3802; x_wconf 80' lang='grc' dir='ltr'>διὰ</span> <span class='ocrx_word' id='word_1_864' title='bbox 3706 3745 3763 3799; x_wconf 82' lang='grc' dir='ltr'>τὸ</span> 
     </span>
    </p>
   </div>
   <div class='ocr_carea' id='block_1_111' title="bbox 2205 3832 3760 3917">
    <p class='ocr_par' dir='ltr' id='par_1_111' title="bbox 2205 3832 3760 3917">
     <span class='ocr_line' id='line_1_112' title="bbox 2205 3832 3760 3917; baseline -0.014 -14"><span class='ocrx_word' id='word_1_865' title='bbox 2205 3846 2279 3917; x_wconf 80' lang='grc' dir='ltr'>μὴ</span> <span class='ocrx_word' id='word_1_866' title='bbox 2333 3844 2615 3915; x_wconf 84' lang='grc' dir='ltr'>βούλεσθαι</span> <span class='ocrx_word' id='word_1_867' title='bbox 2645 3844 2807 3898; x_wconf 82' lang='grc' dir='ltr'>αὐτὸν</span> <span class='ocrx_word' id='word_1_868' title='bbox 2848 3840 3186 3906; x_wconf 79' lang='grc' dir='ltr'>ἐπεξελθεῖν·</span> <span class='ocrx_word' id='word_1_869' title='bbox 3232 3839 3280 3890; x_wconf 80' lang='grc' dir='ltr'>εί</span> <span class='ocrx_word' id='word_1_870' title='bbox 3333 3834 3444 3905; x_wconf 77' lang='grc' dir='ltr'>γὰρ</span> <span class='ocrx_word' id='word_1_871' title='bbox 3497 3832 3760 3917; x_wconf 69' lang='grc' dir='ltr'>ἐϐούλετο,</span> 
     </span>
    </p>
   </div>
   <div class='ocr_carea' id='block_1_112' title="bbox 2203 3915 3763 4000">
    <p class='ocr_par' dir='ltr' id='par_1_112' title="bbox 2203 3915 3763 4000">
     <span class='ocr_line' id='line_1_113' title="bbox 2203 3915 3763 4000; baseline -0.01 -19"><span class='ocrx_word' id='word_1_872' title='bbox 2203 3915 2384 3982; x_wconf 84' lang='grc' dir='ltr'>πάντα</span> <span class='ocrx_word' id='word_1_873' title='bbox 2409 3926 2477 3981; x_wconf 82' lang='grc' dir='ltr'>ἂν</span> <span class='ocrx_word' id='word_1_874' title='bbox 2509 3928 2726 4000; x_wconf 87' lang='grc' dir='ltr'>ἐδόνησε</span> <span class='ocrx_word' id='word_1_875' title='bbox 2752 3928 2849 3982; x_wconf 72' lang='grc' dir='ltr'>καὶ</span> <span class='ocrx_word' id='word_1_876' title='bbox 2872 3926 3099 3980; x_wconf 76' lang='grc' dir='ltr'>ἐσεισεν.</span> <span class='ocrx_word' id='word_1_877' title='bbox 3130 3924 3192 3977; x_wconf 78' lang='lat' dir='ltr'><strong><em>El</em></strong></span> <span class='ocrx_word' id='word_1_878' title='bbox 3227 3922 3334 3994; x_wconf 84' lang='grc' dir='ltr'>γὰρ</span> <span class='ocrx_word' id='word_1_879' title='bbox 3360 3918 3454 3973; x_wconf 81' lang='grc' dir='ltr'>ἐπὶ</span> <span class='ocrx_word' id='word_1_880' title='bbox 3487 3915 3581 3971; x_wconf 81' lang='grc' dir='ltr'>τοῦ</span> <span class='ocrx_word' id='word_1_881' title='bbox 3615 3932 3763 3968; x_wconf 85' lang='grc' dir='ltr'>σταυ-</span> 
     </span>
    </p>
   </div>
   <div class='ocr_carea' id='block_1_113' title="bbox 2203 4000 3759 4084">
    <p class='ocr_par' dir='ltr' id='par_1_113' title="bbox 2203 4000 3759 4084">
     <span class='ocr_line' id='line_1_114' title="bbox 2203 4000 3759 4084; baseline -0.007 -20"><span class='ocrx_word' id='word_1_882' title='bbox 2203 4011 2298 4084; x_wconf 75' lang='grc' dir='ltr'>ροῦ</span> <span class='ocrx_word' id='word_1_883' title='bbox 2327 4011 2446 4065; x_wconf 85' lang='grc' dir='ltr'>τότε</span> <span class='ocrx_word' id='word_1_884' title='bbox 2472 4010 2569 4075; x_wconf 85' lang='grc' dir='ltr'>ὢν,</span> <span class='ocrx_word' id='word_1_885' title='bbox 2599 4012 2701 4075; x_wconf 83' lang='grc' dir='ltr'>τὰς</span> <span class='ocrx_word' id='word_1_886' title='bbox 2749 4010 2952 4081; x_wconf 88' lang='grc' dir='ltr'>πέτρας</span> <span class='ocrx_word' id='word_1_887' title='bbox 2994 4005 3269 4080; x_wconf 66' lang='grc' dir='ltr'>διέρρηξε,</span> <span class='ocrx_word' id='word_1_888' title='bbox 3302 4004 3400 4074; x_wconf 82' lang='grc' dir='ltr'>τὴν</span> <span class='ocrx_word' id='word_1_889' title='bbox 3447 4000 3759 4084; x_wconf 74' lang='grc' dir='ltr'>οἰκουμένην</span> 
     </span>
    </p>
   </div>
   <div class='ocr_carea' id='block_1_114' title="bbox 2202 4082 3753 4163">
    <p class='ocr_par' dir='ltr' id='par_1_114' title="bbox 2202 4082 3753 4163">
     <span class='ocr_line' id='line_1_115' title="bbox 2202 4082 3753 4163; baseline -0.011 -13"><span class='ocrx_word' id='word_1_890' title='bbox 2202 4082 2468 4156; x_wconf 84' lang='grc' dir='ltr'>ἐσκότισε.</span> <span class='ocrx_word' id='word_1_891' title='bbox 2490 4096 2586 4161; x_wconf 83' lang='grc' dir='ltr'>τὰς</span> <span class='ocrx_word' id='word_1_892' title='bbox 2620 4096 2844 4158; x_wconf 87' lang='grc' dir='ltr'>ἀκτῖνας</span> <span class='ocrx_word' id='word_1_893' title='bbox 2871 4090 3179 4163; x_wconf 77' lang='grc' dir='ltr'>ἀπέστρεψε</span> <span class='ocrx_word' id='word_1_894' title='bbox 3206 4089 3304 4152; x_wconf 78' lang='grc' dir='ltr'>τὰς</span> <span class='ocrx_word' id='word_1_895' title='bbox 3324 4085 3576 4158; x_wconf 84' lang='grc' dir='ltr'>ήλιακάς,</span> <span class='ocrx_word' id='word_1_896' title='bbox 3600 4082 3753 4136; x_wconf 74' lang='grc' dir='ltr'>νύκτα</span> 
     </span>
    </p>
   </div>
   <div class='ocr_carea' id='block_1_115' title="bbox 2201 4163 3752 4250">
    <p class='ocr_par' dir='ltr' id='par_1_115' title="bbox 2201 4163 3752 4250">
     <span class='ocr_line' id='line_1_116' title="bbox 2201 4163 3752 4250; baseline -0.018 -9"><span class='ocrx_word' id='word_1_897' title='bbox 2201 4180 2260 4232; x_wconf 73' lang='grc' dir='ltr'>έν</span> <span class='ocrx_word' id='word_1_898' title='bbox 2306 4178 2488 4250; x_wconf 74' lang='grc' dir='ltr'>ἡμέρᾳ</span> <span class='ocrx_word' id='word_1_899' title='bbox 2538 4177 2811 4248; x_wconf 88' lang='grc' dir='ltr'>πανταχοῦ</span> <span class='ocrx_word' id='word_1_900' title='bbox 2841 4176 2942 4247; x_wconf 84' lang='grc' dir='ltr'>τῆς</span> <span class='ocrx_word' id='word_1_901' title='bbox 2977 4176 3079 4245; x_wconf 82' lang='grc' dir='ltr'>γῆς</span> <span class='ocrx_word' id='word_1_902' title='bbox 3108 4173 3349 4243; x_wconf 85' lang='grc' dir='ltr'>ἐποίησε,</span> <span class='ocrx_word' id='word_1_903' title='bbox 3376 4169 3470 4224; x_wconf 74' lang='grc' dir='ltr'>καὶ</span> <span class='ocrx_word' id='word_1_904' title='bbox 3501 4171 3557 4221; x_wconf 91' lang='grc' dir='ltr'>ἐν</span> <span class='ocrx_word' id='word_1_905' title='bbox 3586 4163 3752 4250; x_wconf 13' lang='grc' dir='ltr'>τῶᾲδι-</span> 
     </span>
    </p>
   </div>
   <div class='ocr_carea' id='block_1_116' title="bbox 2204 4248 3750 4337">
    <p class='ocr_par' dir='ltr' id='par_1_116' title="bbox 2204 4248 3750 4337">
     <span class='ocr_line' id='line_1_117' title="bbox 2204 4248 3750 4337; baseline -0.001 -24"><span class='ocrx_word' id='word_1_906' title='bbox 2204 4248 2484 4337; x_wconf 73' lang='grc' dir='ltr'>καστηρίῴ</span> <span class='ocrx_word' id='word_1_907' title='bbox 2515 4263 2738 4326; x_wconf 88' lang='grc' dir='ltr'>δυνατὸς</span> <span class='ocrx_word' id='word_1_908' title='bbox 2759 4258 2828 4333; x_wconf 80' lang='grc' dir='ltr'>ἦν</span> <span class='ocrx_word' id='word_1_909' title='bbox 2849 4259 3003 4315; x_wconf 87' lang='grc' dir='ltr'>τοῦτο</span> <span class='ocrx_word' id='word_1_910' title='bbox 3029 4258 3274 4328; x_wconf 83' lang='grc' dir='ltr'>ποιῆσαι.</span> <span class='ocrx_word' id='word_1_911' title='bbox 3291 4254 3429 4308; x_wconf 82' lang='grc' dir='ltr'>Ἀλλ’</span> <span class='ocrx_word' id='word_1_912' title='bbox 3451 4254 3551 4309; x_wconf 72' lang='grc' dir='ltr'>οὐκ</span> <span class='ocrx_word' id='word_1_913' title='bbox 3574 4248 3750 4337; x_wconf 61' lang='grc' dir='ltr'>ἠθέληζ</span> 
     </span>
    </p>
   </div>
   <div class='ocr_carea' id='block_1_117' title="bbox 2206 4330 3747 4421">
    <p class='ocr_par' dir='ltr' id='par_1_117' title="bbox 2206 4330 3747 4421">
     <span class='ocr_line' id='line_1_118' title="bbox 2206 4330 3747 4421; baseline -0.014 -15"><span class='ocrx_word' id='word_1_914' title='bbox 2206 4366 2287 4414; x_wconf 84' lang='grc' dir='ltr'>σε,</span> <span class='ocrx_word' id='word_1_915' title='bbox 2337 4330 2615 4421; x_wconf 83' lang='grc' dir='ltr'>πραότητα</span> <span class='ocrx_word' id='word_1_916' title='bbox 2663 4348 2758 4403; x_wconf 78' lang='grc' dir='ltr'>καὶ</span> <span class='ocrx_word' id='word_1_917' title='bbox 2784 4330 3104 4401; x_wconf 41' lang='grc' dir='ltr'>’ἐπιείκειαν</span> <span class='ocrx_word' id='word_1_918' title='bbox 3156 4340 3615 4407; x_wconf 86' lang='grc' dir='ltr'>ἐπιδεικνύμενος.</span> <span class='ocrx_word' id='word_1_919' title='bbox 3656 4330 3747 4421; x_wconf 19' lang='grc' dir='ltr'>*Διὰ</span> 
     </span>
    </p>
   </div>
   <div class='ocr_carea' id='block_1_118' title="bbox 2202 4417 3745 4503">
    <p class='ocr_par' dir='ltr' id='par_1_118' title="bbox 2202 4417 3745 4503">
     <span class='ocr_line' id='line_1_119' title="bbox 2202 4417 3745 4503; baseline -0.008 -16"><span class='ocrx_word' id='word_1_920' title='bbox 2202 4432 2360 4487; x_wconf 84' lang='grc' dir='ltr'>τοῦτό</span> <span class='ocrx_word' id='word_1_921' title='bbox 2381 4417 2577 4503; x_wconf 72' lang='grc' dir='ltr'>φησιν’</span> <span class='ocrx_word' id='word_1_922' title='bbox 2622 4434 2720 4485; x_wconf 82' lang='grc' dir='ltr'>Ἐν</span> <span class='ocrx_word' id='word_1_923' title='bbox 2763 4430 2837 4500; x_wconf 80' lang='grc' dir='ltr'>τῇ</span> <span class='ocrx_word' id='word_1_924' title='bbox 2877 4428 3229 4485; x_wconf 80' lang='grc' dir='ltr'>ταπεινώσει</span> <span class='ocrx_word' id='word_1_925' title='bbox 3267 4423 3453 4480; x_wconf 79' lang='grc' dir='ltr'>αὑτοῦ</span> <span class='ocrx_word' id='word_1_926' title='bbox 3500 4422 3538 4489; x_wconf 78' lang='grc' dir='ltr'><strong><em>ἠ</em></strong></span> <span class='ocrx_word' id='word_1_927' title='bbox 3573 4417 3745 4503; x_wconf 51' lang='grc' dir='ltr'>κρίσις</span> 
     </span>
    </p>
   </div>
   <div class='ocr_carea' id='block_1_119' title="bbox 2202 4500 3747 4583">
    <p class='ocr_par' dir='ltr' id='par_1_119' title="bbox 2202 4500 3747 4583">
     <span class='ocr_line' id='line_1_120' title="bbox 2202 4500 3747 4583; baseline -0.005 -14"><span class='ocrx_word' id='word_1_928' title='bbox 2202 4500 2592 4583; x_wconf 15' lang='grc' dir='ltr'>αὐτοῦήῆρθη.</span> <span class='ocrx_word' id='word_1_929' title='bbox 2624 4512 2755 4571; x_wconf 82' lang='grc' dir='ltr'>Εἶτα</span> <span class='ocrx_word' id='word_1_930' title='bbox 2793 4516 3004 4577; x_wconf 81' lang='grc' dir='ltr'>δεικνὺς</span> <span class='ocrx_word' id='word_1_931' title='bbox 3030 4513 3105 4576; x_wconf 89' lang='grc' dir='ltr'>ώς</span> <span class='ocrx_word' id='word_1_932' title='bbox 3149 4513 3249 4564; x_wconf 82' lang='grc' dir='ltr'>οὐκ</span> <span class='ocrx_word' id='word_1_933' title='bbox 3290 4509 3571 4580; x_wconf 77' lang='grc' dir='ltr'>ἄνθρωπος</span> <span class='ocrx_word' id='word_1_934' title='bbox 3588 4501 3651 4573; x_wconf 78' lang='grc' dir='ltr'>ἦν</span> <span class='ocrx_word' id='word_1_935' title='bbox 3676 4500 3747 4583; x_wconf 63' lang='grc' dir='ltr'>εξς</span> 
     </span>
    </p>
   </div>
   <div class='ocr_carea' id='block_1_120' title="bbox 2204 4581 3741 4671">
    <p class='ocr_par' dir='ltr' id='par_1_120' title="bbox 2204 4581 3741 4671">
     <span class='ocr_line' id='line_1_121' title="bbox 2204 4581 3741 4671; baseline -0.007 -16"><span class='ocrx_word' id='word_1_936' title='bbox 2204 4601 2312 4657; x_wconf 87' lang='grc' dir='ltr'>τῶν</span> <span class='ocrx_word' id='word_1_937' title='bbox 2339 4581 2568 4665; x_wconf 80' lang='grc' dir='ltr'>πολλῶν,</span> <span class='ocrx_word' id='word_1_938' title='bbox 2606 4601 2851 4671; x_wconf 87' lang='grc' dir='ltr'>ἐπήγαγε</span> <span class='ocrx_word' id='word_1_939' title='bbox 2872 4615 2887 4628; x_wconf 91' lang='grc'><strong>·</strong></span> <span class='ocrx_word' id='word_1_940' title='bbox 2925 4598 3045 4667; x_wconf 82' lang='grc' dir='ltr'>Τὴν</span> <span class='ocrx_word' id='word_1_941' title='bbox 3082 4595 3149 4648; x_wconf 82' lang='grc' dir='ltr'>δὲ</span> <span class='ocrx_word' id='word_1_942' title='bbox 3197 4594 3411 4663; x_wconf 75' lang='grc' dir='ltr'>γενεὰν</span> <span class='ocrx_word' id='word_1_943' title='bbox 3458 4587 3636 4643; x_wconf 79' lang='grc' dir='ltr'>αὐτοῦ</span> <span class='ocrx_word' id='word_1_944' title='bbox 3660 4581 3741 4671; x_wconf 59' lang='grc' dir='ltr'>τίς</span> 
     </span>
    </p>
   </div>
   <div class='ocr_carea' id='block_1_121' title="bbox 2206 4669 3739 4755">
    <p class='ocr_par' dir='ltr' id='par_1_121' title="bbox 2206 4669 3739 4755">
     <span class='ocr_line' id='line_1_122' title="bbox 2206 4669 3739 4755; baseline -0.01 -16"><span class='ocrx_word' id='word_1_945' title='bbox 2206 4685 2589 4755; x_wconf 70' lang='grc' dir='ltr'>διηγήσεται;</span> <span class='ocrx_word' id='word_1_946' title='bbox 2622 4669 2718 4749; x_wconf 84' lang='grc' dir='ltr'>Τίς</span> <span class='ocrx_word' id='word_1_947' title='bbox 2750 4685 2860 4755; x_wconf 90' lang='grc' dir='ltr'>γάρ</span> <span class='ocrx_word' id='word_1_948' title='bbox 2877 4686 2993 4737; x_wconf 82' lang='grc' dir='ltr'>ἐστι</span> <span class='ocrx_word' id='word_1_949' title='bbox 3017 4683 3143 4752; x_wconf 73' lang='grc' dir='ltr'>περὶ</span> <span class='ocrx_word' id='word_1_950' title='bbox 3173 4674 3235 4733; x_wconf 78' lang='grc' dir='ltr'>οῦ</span> <span class='ocrx_word' id='word_1_951' title='bbox 3254 4679 3273 4717; x_wconf 72' lang='grc' dir='ltr'><em>τ</em></span> <span class='ocrx_word' id='word_1_952' title='bbox 3311 4694 3474 4747; x_wconf 79' lang='grc' dir='ltr'>φησιν</span> <span class='ocrx_word' id='word_1_953' title='bbox 3500 4675 3579 4728; x_wconf 81' lang='grc' dir='ltr'>ὅτι</span> <span class='ocrx_word' id='word_1_954' title='bbox 3604 4669 3739 4755; x_wconf 58' lang='grc' dir='ltr'>Διρες</span> 
     </span>
    </p>
   </div>
   <div class='ocr_carea' id='block_1_122' title="bbox 2206 4749 3737 4840">
    <p class='ocr_par' dir='ltr' id='par_1_122' title="bbox 2206 4749 3737 4840">
     <span class='ocr_line' id='line_1_123' title="bbox 2206 4749 3737 4840; baseline -0.01 -18"><span class='ocrx_word' id='word_1_955' title='bbox 2206 4749 2462 4823; x_wconf 35' lang='lat' dir='ltr'>tui-(iud</span> <span class='ocrx_word' id='word_1_956' title='bbox 2502 4768 2613 4835; x_wconf 87' lang='grc' dir='ltr'>τῆς</span> <span class='ocrx_word' id='word_1_957' title='bbox 2645 4749 2773 4838; x_wconf 48' lang='grc' dir='ltr'>γῆς’</span> <span class='ocrx_word' id='word_1_958' title='bbox 2795 4749 2841 4833; x_wconf 62' lang='grc' dir='ltr'><strong><em>ἦ</em></strong></span> <span class='ocrx_word' id='word_1_959' title='bbox 2885 4766 2997 4833; x_wconf 81' lang='grc' dir='ltr'>ζωὴ</span> <span class='ocrx_word' id='word_1_960' title='bbox 3045 4749 3272 4825; x_wconf 69' lang='grc' dir='ltr'>αὖτοῦς</span> <span class='ocrx_word' id='word_1_961' title='bbox 3309 4761 3409 4815; x_wconf 83' lang='grc' dir='ltr'>Διά</span> <span class='ocrx_word' id='word_1_962' title='bbox 3433 4757 3588 4811; x_wconf 86' lang='grc' dir='ltr'>τοῦτο</span> <span class='ocrx_word' id='word_1_963' title='bbox 3616 4749 3737 4840; x_wconf 52' lang='lat' dir='ltr'>aui&quot;</span> 
     </span>
    </p>
   </div>
   <div class='ocr_carea' id='block_1_123' title="bbox 2207 4840 3734 4930">
    <p class='ocr_par' dir='ltr' id='par_1_123' title="bbox 2207 4840 3734 4930">
     <span class='ocr_line' id='line_1_124' title="bbox 2207 4840 3734 4930; baseline -0.009 -23"><span class='ocrx_word' id='word_1_964' title='bbox 2207 4852 2418 4915; x_wconf 84' lang='grc' dir='ltr'>Παῦλός</span> <span class='ocrx_word' id='word_1_965' title='bbox 2449 4867 2647 4923; x_wconf 81' lang='grc' dir='ltr'>φησιν’</span> <span class='ocrx_word' id='word_1_966' title='bbox 2692 4853 2750 4906; x_wconf 84' lang='grc' dir='ltr'><strong><em>Ἠ</em></strong></span> <span class='ocrx_word' id='word_1_967' title='bbox 2794 4850 2906 4919; x_wconf 80' lang='grc' dir='ltr'>ζωὴ</span> <span class='ocrx_word' id='word_1_968' title='bbox 2947 4849 3117 4920; x_wconf 70' lang='grc' dir='ltr'>ἡμῶν</span> <span class='ocrx_word' id='word_1_969' title='bbox 3157 4847 3485 4914; x_wconf 70' lang='grc' dir='ltr'>κέκρυπται</span> <span class='ocrx_word' id='word_1_970' title='bbox 3525 4840 3658 4930; x_wconf 47' lang='grc' dir='ltr'>σὺν.</span> <span class='ocrx_word' id='word_1_971' title='bbox 3673 4848 3734 4930; x_wconf 53' lang='grc' dir='ltr'>τις</span> 
     </span>
    </p>
   </div>
   <div class='ocr_carea' id='block_1_124' title="bbox 2205 4915 3729 5015">
    <p class='ocr_par' dir='ltr' id='par_1_124' title="bbox 2205 4915 3729 5015">
     <span class='ocr_line' id='line_1_125' title="bbox 2205 4915 3729 5015; baseline -0.029 -2"><span class='ocrx_word' id='word_1_972' title='bbox 2205 4932 2436 5015; x_wconf 72' lang='grc' dir='ltr'>Χριστῷ</span> <span class='ocrx_word' id='word_1_973' title='bbox 2458 4915 2529 4988; x_wconf 55' lang='grc' dir='ltr'>ἔοι</span> <span class='ocrx_word' id='word_1_974' title='bbox 2555 4934 2635 5000; x_wconf 76' lang='grc' dir='ltr'>τῷ</span> <span class='ocrx_word' id='word_1_975' title='bbox 2664 4915 3003 5000; x_wconf 57' lang='grc' dir='ltr'>θεῷποξωῖ</span> <span class='ocrx_word' id='word_1_976' title='bbox 3019 4936 3053 4987; x_wconf 75' lang='grc' dir='ltr'><em>δ</em></span> <span class='ocrx_word' id='word_1_977' title='bbox 3077 4931 3331 5001; x_wconf 76' lang='grc' dir='ltr'>Χριστὸς</span> 
     </span>
    </p>
   </div>
   <div class='ocr_carea' id='block_1_125' title="bbox 2207 5012 3728 5085">
    <p class='ocr_par' dir='ltr' id='par_1_125' title="bbox 2207 5012 3728 5085">
     <span class='ocr_line' id='line_1_126' title="bbox 2207 5012 3728 5085; baseline -0.011 -11"><span class='ocrx_word' id='word_1_978' title='bbox 2207 5014 2317 5084; x_wconf 78' lang='grc' dir='ltr'>ζωὴ</span> <span class='ocrx_word' id='word_1_979' title='bbox 2357 5016 2544 5085; x_wconf 75' lang='grc' dir='ltr'>ἡμῶν,</span> <span class='ocrx_word' id='word_1_980' title='bbox 2592 5019 2725 5070; x_wconf 79' lang='grc' dir='ltr'>τότε</span> <span class='ocrx_word' id='word_1_981' title='bbox 2768 5016 2866 5070; x_wconf 72' lang='grc' dir='ltr'>καὶ</span> <span class='ocrx_word' id='word_1_982' title='bbox 2907 5015 3075 5085; x_wconf 83' lang='grc' dir='ltr'>ὑμεῖς</span> <span class='ocrx_word' id='word_1_983' title='bbox 3112 5012 3600 5084; x_wconf 66' lang='grc' dir='ltr'>φανερωθήσεσθε</span> <span class='ocrx_word' id='word_1_984' title='bbox 3636 5012 3728 5056; x_wconf 64' lang='grc' dir='ltr'>σὺν</span> 
     </span>
    </p>
   </div>
   <div class='ocr_carea' id='block_1_126' title="bbox 2206 5085 3727 5173">
    <p class='ocr_par' dir='ltr' id='par_1_126' title="bbox 2206 5085 3727 5173">
     <span class='ocr_line' id='line_1_127' title="bbox 2206 5085 3727 5173; baseline -0.006 -19"><span class='ocrx_word' id='word_1_985' title='bbox 2206 5100 2364 5166; x_wconf 85' lang='grc' dir='ltr'>αὐτῷ</span> <span class='ocrx_word' id='word_1_986' title='bbox 2386 5102 2466 5173; x_wconf 21' lang='grc' dir='ltr'>*ἐν</span> <span class='ocrx_word' id='word_1_987' title='bbox 2490 5101 2659 5170; x_wconf 76' lang='grc' dir='ltr'>δόξῃ.</span> <span class='ocrx_word' id='word_1_988' title='bbox 2677 5101 2813 5154; x_wconf 78' lang='grc' dir='ltr'>Ἀλλ’</span> <span class='ocrx_word' id='word_1_989' title='bbox 2840 5103 2977 5173; x_wconf 84' lang='grc' dir='ltr'>ὅπερ</span> <span class='ocrx_word' id='word_1_990' title='bbox 3005 5099 3312 5170; x_wconf 86' lang='grc' dir='ltr'>προεθέμην</span> <span class='ocrx_word' id='word_1_991' title='bbox 3337 5098 3510 5150; x_wconf 83' lang='grc' dir='ltr'>εἰπεῖν</span> <span class='ocrx_word' id='word_1_992' title='bbox 3538 5093 3622 5146; x_wconf 69' lang='grc' dir='ltr'>καὶ</span> <span class='ocrx_word' id='word_1_993' title='bbox 3644 5085 3727 5173; x_wconf 57' lang='grc' dir='ltr'>ξεῖ*</span> 
     </span>
    </p>
   </div>
   <div class='ocr_carea' id='block_1_127' title="bbox 2210 5172 3729 5256">
    <p class='ocr_par' dir='ltr' id='par_1_127' title="bbox 2210 5172 3729 5256">
     <span class='ocr_line' id='line_1_128' title="bbox 2210 5172 3729 5256; baseline -0.014 -6"><span class='ocrx_word' id='word_1_994' title='bbox 2210 5184 2315 5249; x_wconf 78' lang='grc' dir='ltr'>ξαι,</span> <span class='ocrx_word' id='word_1_995' title='bbox 2341 5172 2422 5239; x_wconf 81' lang='grc' dir='ltr'>ὅτι</span> <span class='ocrx_word' id='word_1_996' title='bbox 2452 5184 2517 5239; x_wconf 84' lang='grc' dir='ltr'>δι’</span> <span class='ocrx_word' id='word_1_997' title='bbox 2546 5186 2706 5239; x_wconf 82' lang='grc' dir='ltr'>αὑτὸν</span> <span class='ocrx_word' id='word_1_998' title='bbox 2733 5186 2801 5239; x_wconf 87' lang='grc' dir='ltr'>τά</span> <span class='ocrx_word' id='word_1_999' title='bbox 2831 5172 3075 5256; x_wconf 88' lang='grc' dir='ltr'>παρόντα</span> <span class='ocrx_word' id='word_1_1000' title='bbox 3103 5182 3433 5253; x_wconf 84' lang='grc' dir='ltr'>ὑπομένουσι</span> <span class='ocrx_word' id='word_1_1001' title='bbox 3460 5179 3611 5240; x_wconf 84' lang='grc' dir='ltr'>κακὰ,</span> <span class='ocrx_word' id='word_1_1002' title='bbox 3636 5172 3729 5238; x_wconf 71' lang='grc' dir='ltr'>ὥρα</span> 
     </span>
    </p>
   </div>
   <div class='ocr_carea' id='block_1_128' title="bbox 2208 5256 3733 5338">
    <p class='ocr_par' dir='ltr' id='par_1_128' title="bbox 2208 5256 3733 5338">
     <span class='ocr_line' id='line_1_129' title="bbox 2208 5256 3733 5338; baseline -0.007 -17"><span class='ocrx_word' id='word_1_1003' title='bbox 2208 5268 2389 5321; x_wconf 89' lang='grc' dir='ltr'>λοιπὸν</span> <span class='ocrx_word' id='word_1_1004' title='bbox 2436 5270 2749 5338; x_wconf 88' lang='grc' dir='ltr'>εἰσαγαγεῖν</span> <span class='ocrx_word' id='word_1_1005' title='bbox 2783 5268 2875 5321; x_wconf 93' lang='grc' dir='ltr'>τὸν</span> <span class='ocrx_word' id='word_1_1006' title='bbox 2912 5268 3135 5321; x_wconf 79' lang='grc' dir='ltr'>Ἡσαΐαν</span> <span class='ocrx_word' id='word_1_1007' title='bbox 3178 5267 3422 5335; x_wconf 86' lang='grc' dir='ltr'>λέγοντα.</span> <span class='ocrx_word' id='word_1_1008' title='bbox 3451 5264 3556 5319; x_wconf 83' lang='grc' dir='ltr'>Ποῦ</span> <span class='ocrx_word' id='word_1_1009' title='bbox 3589 5256 3733 5311; x_wconf 65' lang='grc' dir='ltr'>τοένδν</span> 
     </span>
    </p>
   </div>
   <div class='ocr_carea' id='block_1_129' title="bbox 2209 5349 3743 5423">
    <p class='ocr_par' dir='ltr' id='par_1_129' title="bbox 2209 5349 3743 5423">
     <span class='ocr_line' id='line_1_130' title="bbox 2209 5349 3743 5423; baseline -0.004 -19"><span class='ocrx_word' id='word_1_1010' title='bbox 2209 5351 2366 5405; x_wconf 89' lang='grc' dir='ltr'>τοῦτό</span> <span class='ocrx_word' id='word_1_1011' title='bbox 2409 5368 2577 5423; x_wconf 87' lang='grc' dir='ltr'>φησι;</span> <span class='ocrx_word' id='word_1_1012' title='bbox 2614 5353 2767 5407; x_wconf 82' lang='grc' dir='ltr'>Μετά</span> <span class='ocrx_word' id='word_1_1013' title='bbox 2815 5351 2875 5405; x_wconf 93' lang='grc' dir='ltr'>τὸ</span> <span class='ocrx_word' id='word_1_1014' title='bbox 2923 5350 3292 5423; x_wconf 86' lang='grc' dir='ltr'>δικαστήριον,</span> <span class='ocrx_word' id='word_1_1015' title='bbox 3327 5350 3464 5422; x_wconf 84' lang='grc' dir='ltr'>μετά</span> <span class='ocrx_word' id='word_1_1016' title='bbox 3497 5349 3589 5416; x_wconf 74' lang='grc' dir='ltr'>τὴν</span> <span class='ocrx_word' id='word_1_1017' title='bbox 3629 5354 3743 5408; x_wconf 70' lang='grc' dir='ltr'>σφα·</span> 
     </span>
    </p>
   </div>
   <div class='ocr_carea' id='block_1_130' title="bbox 2207 5428 3747 5507">
    <p class='ocr_par' dir='ltr' id='par_1_130' title="bbox 2207 5428 3747 5507">
     <span class='ocr_line' id='line_1_131' title="bbox 2207 5428 3747 5507; baseline -0.002 -19"><span class='ocrx_word' id='word_1_1018' title='bbox 2207 5434 2329 5507; x_wconf 81' lang='grc' dir='ltr'>γὴν,</span> <span class='ocrx_word' id='word_1_1019' title='bbox 2359 5436 2496 5506; x_wconf 87' lang='grc' dir='ltr'>μετά</span> <span class='ocrx_word' id='word_1_1020' title='bbox 2516 5436 2615 5506; x_wconf 81' lang='grc' dir='ltr'>τὴν</span> <span class='ocrx_word' id='word_1_1021' title='bbox 2646 5436 2931 5507; x_wconf 73' lang='grc' dir='ltr'>ἀνάληψιν,</span> <span class='ocrx_word' id='word_1_1022' title='bbox 2969 5434 3107 5506; x_wconf 81' lang='grc' dir='ltr'>μετά</span> <span class='ocrx_word' id='word_1_1023' title='bbox 3134 5435 3198 5489; x_wconf 91' lang='grc' dir='ltr'>τὸ</span> <span class='ocrx_word' id='word_1_1024' title='bbox 3221 5437 3395 5489; x_wconf 78' lang='grc' dir='ltr'>εἰπεῖν</span> <span class='ocrx_word' id='word_1_1025' title='bbox 3422 5435 3501 5488; x_wconf 85' lang='grc' dir='ltr'>ὃτι</span> <span class='ocrx_word' id='word_1_1026' title='bbox 3534 5428 3747 5496; x_wconf 67' lang='grc' dir='ltr'>Αἵρετα</span> 
     </span>
    </p>
   </div>
   <div class='ocr_carea' id='block_1_131' title="bbox 2270 5640 3241 5714">
    <p class='ocr_par' dir='ltr' id='par_1_131' title="bbox 2270 5640 3241 5714">
     <span class='ocr_line' id='line_1_132' title="bbox 2270 5640 3241 5714; baseline -0.003 -23"><span class='ocrx_word' id='word_1_1027' title='bbox 2270 5644 2296 5714; x_wconf 39' lang='lat'>‘5-</span> <span class='ocrx_word' id='word_1_1028' title='bbox 2316 5641 2542 5714; x_wconf 61' lang='lat' dir='ltr'>Quinque</span> <span class='ocrx_word' id='word_1_1029' title='bbox 2566 5654 2678 5690; x_wconf 82' lang='lat' dir='ltr'>mss.</span> <span class='ocrx_word' id='word_1_1030' title='bbox 2706 5645 2758 5714; x_wconf 65' lang='lat' dir='ltr'><strong>9t</strong></span> <span class='ocrx_word' id='word_1_1031' title='bbox 2777 5640 2889 5714; x_wconf 55' lang='lat' dir='ltr'>Sav:</span> <span class='ocrx_word' id='word_1_1032' title='bbox 2914 5640 3241 5714; x_wconf 54' lang='grc' dir='ltr'>αἱνιέτρμενρς.</span> 
     </span>
    </p>
   </div>
   <div class='ocr_carea' id='block_1_132' title="bbox 2272 5702 3361 5764">
    <p class='ocr_par' dir='ltr' id='par_1_132' title="bbox 2272 5702 3361 5764">
     <span class='ocr_line' id='line_1_133' title="bbox 2272 5702 3361 5764; baseline 0.001 -15"><span class='ocrx_word' id='word_1_1033' title='bbox 2272 5705 2297 5741; x_wconf 84' lang='lat' dir='ltr'><strong>d</strong></span> <span class='ocrx_word' id='word_1_1034' title='bbox 2316 5702 2543 5763; x_wconf 78' lang='lat' dir='ltr'><strong>Quinque</strong></span> <span class='ocrx_word' id='word_1_1035' title='bbox 2564 5716 2674 5749; x_wconf 53' lang='lat' dir='ltr'>mss.</span> <span class='ocrx_word' id='word_1_1036' title='bbox 2697 5702 2977 5764; x_wconf 50' lang='lat'>639091691;</span> <span class='ocrx_word' id='word_1_1037' title='bbox 2997 5702 3150 5759; x_wconf 73' lang='grc' dir='ltr'>δηλῶν</span> <span class='ocrx_word' id='word_1_1038' title='bbox 3170 5702 3361 5750; x_wconf 76' lang='grc' dir='ltr'>ἄνωθεν.</span> 
     </span>
    </p>
   </div>
   <div class='ocr_carea' id='block_1_133' title="bbox 2271 5763 3003 5825">
    <p class='ocr_par' dir='ltr' id='par_1_133' title="bbox 2271 5763 3003 5825">
     <span class='ocr_line' id='line_1_134' title="bbox 2271 5763 3003 5825; baseline -0.001 -15"><span class='ocrx_word' id='word_1_1039' title='bbox 2271 5767 2291 5825; x_wconf 44' lang='grc' dir='ltr'><em>ἢ</em></span> <span class='ocrx_word' id='word_1_1040' title='bbox 2321 5766 2415 5812; x_wconf 76' lang='lat' dir='ltr'>Alii</span> <span class='ocrx_word' id='word_1_1041' title='bbox 2442 5770 2495 5811; x_wconf 71' lang='lat' dir='ltr'>et</span> <span class='ocrx_word' id='word_1_1042' title='bbox 2516 5764 2662 5825; x_wconf 67' lang='lat' dir='ltr'>Savil.</span> <span class='ocrx_word' id='word_1_1043' title='bbox 2691 5763 2839 5817; x_wconf 78' lang='grc' dir='ltr'>οὐδεὶς</span> <span class='ocrx_word' id='word_1_1044' title='bbox 2858 5764 3003 5825; x_wconf 75' lang='grc' dir='ltr'>αὐτῷ.</span> 
     </span>
    </p>
   </div>
   <div class='ocr_carea' id='block_1_134' title="bbox 2276 5824 2964 5886">
    <p class='ocr_par' dir='ltr' id='par_1_134' title="bbox 2276 5824 2964 5886">
     <span class='ocr_line' id='line_1_135' title="bbox 2276 5824 2964 5886; baseline -0.006 -11"><span class='ocrx_word' id='word_1_1045' title='bbox 2276 5824 2295 5864; x_wconf 72' lang='grc' dir='ltr'>ί</span> <span class='ocrx_word' id='word_1_1046' title='bbox 2320 5826 2417 5875; x_wconf 75' lang='lat' dir='ltr'><strong>Alii</strong></span> <span class='ocrx_word' id='word_1_1047' title='bbox 2440 5826 2507 5883; x_wconf 76' lang='grc' dir='ltr'>τίς</span> <span class='ocrx_word' id='word_1_1048' title='bbox 2529 5827 2579 5875; x_wconf 81' lang='grc' dir='ltr'>δὲ</span> <span class='ocrx_word' id='word_1_1049' title='bbox 2599 5824 2732 5880; x_wconf 76' lang='grc' dir='ltr'>οὗτος</span> <span class='ocrx_word' id='word_1_1050' title='bbox 2752 5828 2853 5886; x_wconf 76' lang='grc' dir='ltr'>περὶ</span> <span class='ocrx_word' id='word_1_1051' title='bbox 2892 5824 2964 5873; x_wconf 84' lang='grc' dir='ltr'>ού.</span> 
     </span>
    </p>
   </div>
  </div>
