3990 6198
236 312 334 366 909

224 434 338 480 tare
367 424 666 493 dejectiim;
713 439 837 478 nuiu
867 433 921 479 et
951 416 1094 480 illud
1143 425 1208 480 ab
1246 423 1549 479 hominibus
1590 423 1807 485 factum,

214 515 364 584 quod
395 515 667 585 prophetia
713 516 1030 570 cessarunt?
1075 516 1211 570 Num
1248 523 1304 571 et
1345 516 1561 586 spiritus
1585 516 1808 585 gratiam

214 608 585 662 sustulerunt?
610 607 742 662 Nuiu
778 607 878 661 alia
901 623 1018 676 qua:
1046 606 1184 676 apud
1205 621 1300 661 vos
1333 606 1481 661 luere
1510 606 1809 660 veneranda

211 703 617 765 destriiserunt,
657 699 819 752 veluti
865 713 1049 753 vocem
1101 699 1169 752 de
1225 698 1588 768 propitiatorio
1635 697 1806 760 reddi,

215 793 325 846 vim
355 792 638 854 unctionis,
675 790 1086 846 declarationem
1115 807 1233 861 qua:
1264 790 1423 845 ﬁebat
1463 791 1515 844 in
1548 789 1807 858 lapidibus

213 881 510 937 sacerdotis
526 882 551 934 ?
568 881 750 951 Neque
767 881 908 934 enim
933 881 1149 935 Judaica
1170 882 1354 951 religio
1371 881 1600 950 origines
1621 895 1808 935 omnes

216 972 450 1026 habebat
467 988 532 1026 ex
558 972 916 1033 inferioribus,
937 971 1028 1026 sed
1047 972 1224 1041 plures
1246 987 1307 1026 ac
1327 972 1808 1040 magnilicentiorcs

216 1079 452 1134 superne
481 1079 511 1118 e
549 1064 714 1118 cretis.
746 1063 986 1133 Exempli
1014 1079 1170 1118 causa
1206 1083 1218 1118 :
1264 1065 1507 1133 permisit
1549 1065 1805 1119 saeriticia

215 1155 355 1208 tieri.
397 1154 578 1208 Altare
627 1153 840 1223 quidem
869 1163 984 1209 erat
1025 1153 1179 1217 intra,
1233 1155 1466 1223 itemque
1507 1155 1714 1224 gladius
1753 1164 1807 1210 et

213 1247 380 1316 ligna,
429 1261 635 1300 necnon
680 1245 971 1301 sacerdos:
1013 1256 1264 1300 caeterum
1296 1247 1429 1316 ignis
1470 1255 1721 1301 venturus
1753 1247 1802 1300 in

209 1337 371 1407 adyta
402 1336 516 1403 illa,
545 1337 890 1404 victimasque
917 1345 1354 1407 consumpturus,
1387 1352 1417 1391 e
1445 1339 1689 1406 supernis
1711 1337 1804 1391 ha-

207 1427 376 1482 bebat
401 1427 682 1498 originem.
723 1427 831 1482 Nec
868 1429 1010 1482 enim
1043 1430 1202 1482 homo
1246 1427 1503 1482 inferebat
1545 1429 1717 1496 ignem
1749 1429 1801 1482 iii

207 1518 492 1588 templum,
519 1518 612 1573 sed
638 1520 848 1572 ﬂamma
871 1535 901 1572 e
926 1519 1138 1573 sublimi
1172 1519 1408 1573 immissa
1432 1519 1676 1573 sacriﬁcii
1700 1520 1800 1572 mi-

205 1610 492 1664 nisterium
523 1610 838 1678 complebat.
882 1609 1114 1664 Rursum
1151 1611 1192 1662 si
1237 1610 1448 1678 quando
1477 1624 1802 1680 cognoscen-

205 1704 338 1755 dum
371 1711 484 1756 erat
504 1700 701 1771 aliquid
729 1715 760 1756 e
789 1701 1175 1769 propitiatorio,
1207 1716 1310 1753 vox
1333 1701 1593 1769 quaepiam
1629 1715 1658 1753 e
1684 1715 1799 1752 ine-

203 1793 296 1845 dio
335 1791 624 1847 Clierubim
663 1792 924 1861 prodibat,
967 1792 1260 1861 praedicens
1304 1791 1495 1845 futura.
1534 1791 1735 1844 Rursus
1769 1807 1800 1846 e

204 1883 473 1952 lapidibus
500 1883 591 1951 qui
619 1891 772 1936 erant
806 1882 858 1936 in
907 1891 1120 1952 pectore
1162 1882 1352 1935 summi
1384 1881 1699 1949 sacerdotis,
1747 1882 1796 1935 id

204 1975 470 2028 vocabant
498 1975 936 2040 declarationem,
964 1974 1232 2029 relucebat
1273 1975 1442 2044 fulgor
1472 1974 1683 2044 quidam
1711 1975 1796 2027 l’u-

201 2081 324 2122 tura
356 2068 678 2139 signiﬁcans.
724 2069 985 2123 Pricterea
1016 2056 1224 2138 quoties
1251 2077 1393 2121 esset
1417 2068 1607 2136 aliquis
1643 2067 1798 2120 inun-

199 2159 436 2227 gendus,
460 2159 741 2214 devolabat
769 2160 987 2229 spiritus
1008 2159 1197 2228 gratia,
1225 2168 1278 2212 et
1303 2158 1478 2212 oleum
1508 2157 1792 2212 insiliebat.

200 2253 332 2306 Ihcc
358 2261 531 2306 autem
560 2253 999 2306 administrabant
1029 2251 1322 2320 preplietie.
1355 2250 1490 2316 Quin
1523 2259 1577 2303 et
1600 2251 1792 2304 nebula

197 2346 510 2411 frequenter
531 2352 584 2397 et
606 2341 781 2396 fumus
805 2343 960 2413 adyta
989 2341 1298 2411 occupabat.
1329 2340 1510 2410 Itaque
1539 2356 1606 2395 ne
1625 2340 1794 2395 Jnda-i

199 2432 453 2502 perfricta
482 2432 656 2488 fronte
687 2433 993 2487 hominibus
1021 2435 1340 2502 imputarent
1371 2447 1585 2486 suarum
1614 2446 1792 2486 rerum

198 2525 578 2589 vastationem,
625 2540 732 2577 non
777 2524 950 2578 solum
991 2525 1258 2578 civitatem
1308 2524 1446 2577 Deus
1484 2537 1672 2592 passus
1711 2531 1794 2577 est

194 2615 364 2680 dirui,
413 2630 476 2669 ac
525 2615 778 2684 templum
829 2616 1046 2679 vastari,
1091 2630 1274 2669 verum
1314 2615 1473 2668 etiam
1518 2613 1628 2680 illa,
1674 2629 1792 2682 qua:

193 2708 408 2762 caelitus
436 2707 702 2761 habebant
727 2707 1018 2778 originem,
1063 2723 1093 2762 e
1119 2707 1293 2761 medio
1319 2707 1553 2772 sustulit,
1597 2706 1789 2760 videli-

191 2807 285 2852 cet
316 2798 514 2868 ignem,
537 2813 740 2861 voceni,
772 2813 802 2852 e
824 2799 1082 2866 lapidibus
1099 2797 1246 2852 reddi
1274 2797 1484 2850 solitum
1509 2796 1786 2863 fulgorem,

191 2901 252 2944 et
270 2892 429 2960 hujus
449 2893 658 2961 generis
678 2892 779 2945 alia
797 2893 1057 2945 universa.
1079 2889 1306 2944 Proinde
1323 2904 1442 2942 cuni
1465 2889 1553 2942 tibi
1573 2888 1790 2943 Judqu

189 2983 415 3048 dixerit,
445 2983 688 3038 homines
710 2984 860 3038 nobis
887 2983 1081 3037 bellum
1111 2982 1418 3044 intulerunt,
1445 2980 1686 3034 homines
1705 2982 1790 3034 in-

188 3073 374 3126 sidiati
402 3083 546 3138 sunt,
577 3072 744 3126 dicito
787 3073 856 3125 illi
897 3089 911 3123 :
949 3070 1183 3140 profecto
1209 3086 1314 3124 non
1346 3069 1541 3124 bellum
1584 3070 1791 3124 intulis-

187 3175 316 3218 sent
347 3164 608 3228 homines,
640 3164 741 3217 nisi
770 3164 910 3219 Deus
941 3163 1040 3218 hoc
1066 3163 1416 3234 permisisset.
1450 3162 1645 3216 Verum
1675 3171 1790 3217 esto

185 3272 350 3321 sane,
406 3271 614 3310 murum
659 3264 895 3310 vestrum
939 3255 1200 3310 diruerint
1251 3255 1513 3317 homines,
1563 3270 1688 3308 num
1737 3264 1791 3309 et

186 3349 376 3416 ignem
405 3362 468 3401 ex
500 3346 608 3400 alto
644 3345 834 3401 devehi
864 3347 1033 3401 vetuit
1061 3345 1256 3400 homo?
1281 3345 1416 3399 Num
1440 3362 1622 3401 vocem
1656 3345 1791 3400 assi-

184 3439 301 3492 (Iue
344 3455 408 3491 ex
452 3437 817 3507 propitiatorio
858 3437 1026 3492 audiri
1067 3437 1277 3492 solitam
1319 3437 1547 3490 inhibuit
1585 3435 1789 3490 homo?

187 3547 325 3583 iiuin
384 3529 797 3584 declarationem
849 3529 900 3583 in
944 3530 1206 3600 gemmis?
1241 3545 1364 3583 num
1400 3529 1787 3584 sacerdotalem

187 3622 546 3676 unctionem?
573 3637 698 3674 num
721 3631 908 3675 cmtera
937 3622 1111 3674 omnia
1134 3622 1347 3676 sustulit
1372 3621 1568 3675 homo?
1598 3622 1788 3674 Annon

189 3714 341 3768 Deus
395 3713 508 3767 haec
552 3713 728 3767 omnia
775 3713 1028 3767 sustulit?
1069 3713 1273 3768 Nemini
1316 3730 1420 3767 non
1453 3714 1788 3782 perspicuum

187 3814 312 3867 est;
346 3803 442 3858 sed
472 3820 574 3873 qua
616 3805 684 3859 de
721 3819 878 3859 causa
925 3805 1172 3859 sustulit?
1213 3807 1402 3858 Annon
1451 3804 1788 3858 manifestum

191 3906 276 3949 est
329 3895 452 3948 ideo
508 3895 736 3961 iecisse,
801 3895 944 3965 quod
986 3911 1081 3949 vos
1118 3896 1343 3959 odisset,
1391 3896 1638 3964 quodque
1691 3911 1788 3962 pe—

189 3987 341 4040 nitus
379 3987 754 4041 aversaretur?
792 3987 1154 4056 Nequaquam,
1209 3988 1470 4056 inquiunt,
1521 3987 1616 4041 sed
1657 4002 1791 4056 quo-

189 4082 340 4130 niam
397 4079 679 4147 metropoli
745 4093 1022 4143 caremus,
1061 4078 1181 4130 ideo
1224 4093 1466 4131 caremus
1527 4089 1580 4131 et
1638 4079 1784 4132 istis:

184 4183 293 4220 cur
323 4183 454 4221 vero
488 4169 575 4221 illa
614 4168 850 4222 caretis?
893 4167 1075 4222 Nonne
1113 4167 1236 4238 quia
1275 4182 1370 4221 vos
1399 4168 1543 4222 Deus
1591 4167 1790 4222 dereli-

181 4263 330 4328 quit.

265 4349 416 4405 Deus
461 4349 714 4421 indignius
739 4351 851 4405 tulit
879 4351 1066 4406 Christi
1101 4368 1302 4417 necem,
1334 4369 1484 4422 quam
1521 4354 1663 4406 vituli
1687 4353 1789 4407 ad-

183 4443 577 4496 orationem.—
591 4442 726 4509 Quin
763 4442 958 4513 potius,
993 4453 1047 4498 ut
1080 4443 1292 4497 uberius
1320 4443 1644 4512 impudentia
1675 4445 1791 4498 illo-

183 4551 318 4590 rum
345 4550 438 4589 ora
465 4535 776 4590 claudamus
807 4554 820 4590 :
849 4552 945 4606 age
974 4546 1028 4591 et
1068 4535 1169 4591 hoc
1207 4536 1598 4606 Scripturarnm
1642 4538 1790 4591 testi-

182 4629 396 4683 moniis
417 4628 864 4698 demonstremus,
891 4629 1031 4700 quod
1062 4631 1241 4699 templi
1269 4629 1476 4684 eversio
1505 4647 1606 4682 non
1633 4627 1794 4684 fuerit

179 4735 358 4775 causa
394 4719 772 4776 destructionis
799 4731 1111 4776 caeteroruin
1139 4735 1168 4774 a
1207 4720 1478 4790 prophetis
1504 4721 1788 4790 prardictzc,

179 4813 292 4866 sed
325 4811 402 4866 ira
431 4812 545 4878 Dei,
574 4821 629 4866 et
661 4812 801 4883 quod
833 4813 1001 4883 magis
1027 4813 1189 4867 etiam
1221 4812 1390 4882 ipsum
1423 4812 1677 4866 irritarint
1707 4812 1789 4865 iii-

173 4903 473 4959 sanientes
507 4904 560 4958 in
590 4904 859 4958 Christum
883 4945 898 4967 ,
930 4919 1086 4972 quani
1135 4912 1245 4956 tum
1291 4917 1412 4956 cum
1445 4903 1664 4956 vitulum
1696 4901 1791 4955 ad.

170 5006 434 5051 orarent.
464 4995 596 5050 Nam
626 5011 746 5051 cuin
774 4996 1153 5050 vaticinaretur
1182 4994 1374 5058 Moses,
1412 5009 1509 5047 nec
1538 4993 1788 5063 templum

165 5098 316 5145 crat
338 5131 354 5153 ,
382 5104 483 5144 nec
513 5089 719 5152 altare;
747 5087 840 5143 sed
873 5103 991 5142 cum
1024 5087 1372 5156 persistereot
1408 5085 1460 5140 in
1502 5087 1794 5140 innumeris

173 5181 560 5250 iiiipietatibus
581 5223 596 5247 ,
629 5191 804 5235 tamen
849 5178 1143 5250 prophetia:
1171 5177 1368 5232 donum
1410 5191 1513 5231 non
1542 5178 1790 5232 cessavit.

176 5273 402 5328 Verum
429 5280 485 5327 et
510 5273 595 5327 hic
639 5273 752 5341 ipse
795 5287 1016 5341 magnus
1042 5279 1201 5339 atque
1227 5267 1470 5338 egregius
1496 5269 1595 5330 vir,
1625 5277 1678 5322 et
1703 5268 1792 5321 alii

169 5380 387 5420 rursus
437 5373 630 5434 prmter
673 5363 814 5418 hunc
857 5363 1186 5432 septuaginta
1237 5370 1345 5414 tum
1381 5361 1631 5415 exstitere
1676 5377 1798 5429 pro-

171 5472 228 5527 p
253 5464 377 5510 icta:
413 5471 427 5507 :
460 5470 558 5508 nec
587 5454 637 5508 id
668 5455 839 5508 solum
863 5495 877 5517 ,
909 5469 1088 5507 verum
1115 5459 1168 5506 et
1195 5459 1312 5520 post
1335 5450 1514 5504 datum
1543 5449 1793 5520 templum

177 5548 568 5618 reliquamque
597 5555 759 5600 totam
783 5545 1064 5611 culturam,
1088 5543 1280 5598 deinde
1303 5543 1402 5596 hoc.
1429 5542 1644 5595 incenso
1670 5557 1799 5595 cun-

175 5641 410 5711 ctisque
439 5639 686 5706 sublatis,
721 5638 772 5693 iii
804 5637 1074 5708 Babylone
1105 5651 1289 5690 rursus
1317 5634 1636 5690 exstiterunt
1665 5633 1798 5688 Eze-

181 5755 208 5785 ι
235 5732 342 5786 liiel
372 5741 423 5786 ct
455 5731 661 5798 Daniel,
687 5732 774 5800 qui
802 5747 919 5786 cuni
949 5745 1046 5786 nec
1073 5737 1251 5785 sancta
1279 5734 1583 5783 sanctorum
1606 5724 1805 5796 aspice-

1434 307 1799 365 ADVERSUS
1834 307 2136 364 JUDA‘SOS.
2183 309 2267 362 VI.

3403 335 3505 389 9H)

1920 431 2059 484 rent,
2089 437 2185 476 nec
2211 423 2365 477 altari
2395 426 2724 493 assisterent,
2753 429 2846 483 sed
2875 430 2924 484 iii
2957 431 3127 487 media
3154 434 3499 492 barbarorum

1919 512 2135 582 regione
2164 522 2219 568 et
2249 514 2577 583 impuroruni
2619 517 2893 574 hominum
2939 526 3209 578 consortio
3246 541 3465 596 agerent
3491 571 3508 596 ,

1918 601 2103 672 spiritu
2146 604 2331 672 repleti
2381 604 2554 660 futura
2601 608 2990 676 przedicehant,
3034 614 3189 684 idque
3227 615 3296 670 de
3342 619 3504 674 rebus

1918 691 2085 745 multo
2113 702 2221 747 tum
2256 693 2490 762 pluribus
2510 737 2525 761 ,
2559 706 2666 750 tum
2695 698 3174 758 admirabilioribus
3199 720 3355 775 quam
3384 723 3503 775 quze

1917 796 2302 853 prmcesserant
2333 805 2345 839 :
2378 803 2441 841 ac
2468 787 2700 844 divinam
2731 792 2988 847 visionem
3017 796 3277 860 viderunt,
3308 809 3499 868 quate-

1916 893 2014 931 nus
2042 878 2170 947 ipsis
2195 879 2377 934 videre
2413 881 2579 935 licuit.
2624 882 2804 951 Itaque
2829 884 2988 939 dicite
3017 887 3143 940 mihi
3163 929 3178 951 ,
3205 903 3368 957 quare
3395 905 3499 944 non

1916 969 2120 1023 habetis
2150 985 2288 1023 nunc
2319 972 2642 1040 prophetas?
2672 977 2860 1028 Annon
2887 978 3225 1045 perspicuum
3255 990 3336 1033 est
3366 979 3500 1034 hanc

1912 1075 2031 1115 esse
2080 1077 2331 1126 causam,
2374 1066 2512 1133 quod
2558 1067 2694 1120 Deus
2733 1079 2902 1120 vestra
2941 1080 3216 1124 aversatus
3256 1073 3364 1124 sit?
3394 1072 3498 1127 Sed

1911 1166 2070 1219 quain
2099 1153 2169 1206 ob
2204 1168 2416 1208 causam
2449 1171 2542 1208 vos
2578 1167 2850 1211 aversatus
2887 1160 3003 1212 est?
3037 1161 3248 1214 Clarum
3289 1163 3414 1215 item
3447 1175 3501 1216 ct

1912 1242 2012 1296 hoc
2031 1285 2044 1305 ,
2074 1245 2215 1313 quod
2245 1245 2312 1300 ob
2340 1246 2484 1299 illum
2511 1248 2822 1302 crucifixum
2846 1290 2861 1314 ,
2889 1259 2942 1304 et
2974 1251 3190 1319 impium
3219 1253 3343 1304 illud
3375 1255 3488 1306 laci-

1911 1350 2028 1389 nus.
2061 1335 2210 1391 Unde
2237 1337 2339 1391 hoc
2369 1339 2551 1406 liquet,
2583 1338 2790 1407 inquis?
2819 1340 2894 1393 Ex
2934 1339 3053 1405 hoc,
3086 1341 3224 1410 quod
3249 1359 3369 1396 cuni
3399 1358 3497 1395 au-

1911 1429 2063 1481 tehac
2105 1428 2265 1496 impie
2308 1429 2589 1495 viveretis,
2631 1430 2760 1483 nihil
2805 1447 2909 1484 non
2955 1431 3314 1497 obtinebatis;
3358 1450 3498 1490 nunc

1909 1536 2035 1575 vero
2063 1537 2182 1575 cum
2214 1521 2499 1576 videamini
2540 1523 2834 1577 modestius
2875 1524 3053 1578 vivere
3091 1534 3208 1593 post
3244 1541 3492 1592 crucem,

1908 1611 2135 1679 majores
2170 1612 2312 1664 luitis
2338 1627 2544 1680 poenas,
2576 1629 2747 1680 neque
2777 1614 3058 1682 quidquam
3081 1630 3262 1669 eorum
3285 1618 3496 1670 contin-

1904 1701 1980 1769 git
2006 1700 2222 1765 habere,
2251 1718 2367 1770 qua:
2397 1703 2543 1770 prius
2573 1703 2870 1757 habebatis.

1974 1792 2026 1845 5.
2071 1791 2154 1844 Ea:
2191 1794 2446 1862 prophetis
2486 1794 2727 1863 probatur
2760 1797 2932 1864 futura
2965 1796 3249 1864 reprobatio
3285 1796 3494 1850 Judizo-

1902 1900 2036 1935 rum.
2062 1915 2136 1924 —
2163 1884 2230 1939 Ut
2257 1895 2432 1938 autem
2455 1897 2508 1938 et
2540 1886 2663 1954 ipsis
2694 1886 2973 1956 prophetis
3011 1887 3110 1941 hoc
3139 1889 3414 1943 evidenter
3441 1900 3494 1944 et

1901 1990 2154 2044 expresse
2176 1977 2598 2042 tcstilicantibus,
2630 1979 2968 2046 praesentium
2994 1980 3252 2034 malorum
3277 1995 3491 2034 causam

1903 2068 2235 2138 intelligatis,
2263 2070 2440 2122 audite
2467 2069 2592 2139 quid
2641 2069 2771 2124 dicit
2816 2069 3011 2136 Isaias,
3040 2071 3308 2140 quomodo
3351 2087 3489 2140 prie-

1900 2160 2029 2214 dicit
2059 2161 2214 2214 simul
2245 2170 2298 2214 et
2326 2171 2602 2215 venturam
2630 2161 2876 2215 omnibus
2905 2177 3002 2232 per
3027 2163 3294 2216 Christum
3326 2164 3489 2216 bene-

1899 2255 2197 2319 ﬁcentiam,
2226 2263 2279 2309 et
2303 2265 2533 2309 vestram
2566 2255 3016 2323 ingratitudiiiem.
3046 2254 3260 2320 Livore,
3291 2255 3488 2323 inquit,

1899 2345 2006 2413 ejus
2046 2359 2138 2397 nos
2183 2345 2350 2397 sanati
2389 2361 2560 2398 sumus
2587 2343 2697 2413 (Is.
2724 2345 2813 2399 55.
2841 2345 2914 2414 5)
2944 2363 2958 2399 :
2985 2345 3209 2398 salutem
3252 2344 3491 2398 indicans

1898 2451 1993 2504 per
2020 2451 2234 2490 crucem
2277 2435 2528 2489 omnibus
2570 2436 2824 2488 oblatam.
2869 2436 3066 2490 Deinde
3103 2437 3288 2505 quales
3324 2437 3491 2490 simus

1898 2542 1997 2581 nos
2037 2527 2276 2580 indicans
2297 2567 2313 2592 ,
2347 2527 2574 2594 subjecit
2604 2545 2617 2580 :
2653 2527 2838 2580 Omnes
2874 2537 2927 2580 ut
2964 2543 3077 2580 oves
3111 2528 3452 2583 aberravimus
3473 2572 3486 2592 ,

1897 2617 2046 2670 homo
2075 2617 2126 2669 in
2153 2617 2234 2670 via
2261 2634 2352 2671 sua
2379 2619 2560 2670 erravit
2587 2617 2692 2689 (Ib.
2721 2634 2769 2670 υ.
2799 2618 2873 2685 b).
2906 2618 3038 2671 Tum
3069 2619 3240 2672 crucis
3270 2620 3486 2673 moduni

1861 2731 1865 2736 ι
1897 2707 2174 2776 cxiilicans
2197 2749 2212 2773 ,
2244 2708 2322 2762 sic
2360 2708 2592 2777 loquitur
2623 2726 2636 2761 :
2670 2709 2814 2761 Sicut
2843 2709 2944 2762 ovis
2973 2709 3040 2760 ad
3068 2708 3362 2762 occisionem
3391 2711 3490 2762 dn-

1896 2808 2007 2852 ctus
2035 2808 2137 2862 est,
2169 2807 2212 2851 et
2241 2808 2295 2850 ut
2323 2815 2485 2868 agnus
2514 2799 2565 2850 in
2592 2810 2863 2868 conspectu
2903 2798 3151 2852 tondentis
3190 2800 3356 2866 ipsum
3383 2801 3491 2852 sine

1894 2907 2013 2944 voce
2053 2891 2176 2961 fuit,
2209 2890 2281 2944 sic
2311 2907 2410 2943 non
2449 2891 2611 2959 aperit
2649 2907 2703 2943 os
2745 2907 2910 2942 suum.
2949 2887 3016 2942 In
3056 2889 3338 2943 humilitate
3381 2891 3491 2960 ejus

1885 2981 2140 3051 judicium
2180 2983 2289 3050 ejus
2327 2981 2578 3034 sublatum
2618 2990 2690 3034 est
2717 2981 2736 3050 (
2757 2979 2836 3034 Ib.
2866 2996 2916 3033 υ.
2953 2981 3004 3032 7.
3035 2980 3126 3050 8).
3162 2981 3223 3034 Et
3254 2981 3339 3033 ubi
3374 2981 3489 3034 haec

1895 3073 2137 3127 evenisse
2167 3072 2290 3125 licet
2316 3071 2533 3126 videre?
2561 3070 2614 3124 In
2647 3070 2849 3126 nefario
2875 3072 3122 3139 praetorio
3151 3071 3324 3124 Pilati.
3352 3072 3484 3125 Cum

1895 3163 2036 3218 enim
2069 3172 2175 3217 tam
2209 3163 2390 3224 multa,
2417 3161 2604 3230 inquit,
2639 3162 2939 3214 testimonia
2968 3161 3268 3229 proferrent
3295 3160 3488 3214 adver-

1895 3271 1986 3308 sus
2013 3255 2207 3325 ipsum,
2236 3253 2364 3306 nihil
2395 3253 2472 3307 eis
2500 3253 2774 3322 respondit
2801 3253 2976 3308 .Iesns.
3005 3254 3066 3306 Et
3090 3253 3223 3307 dixit
3245 3253 3311 3307 ad
3339 3253 3484 3306 illum

1897 3345 2098 3398 Praises
2119 3385 2133 3409 ,
2163 3344 2321 3397 Audis
2347 3359 2496 3412 quam
2528 3343 2687 3395 multa
2728 3343 2780 3395 in
2819 3352 2866 3395 te
2898 3343 3224 3411 testiﬁcentur
3252 3343 3270 3412 (
3299 3342 3485 3396 Matth.

1893 3436 1983 3490 27.
2030 3434 2156 3508 I3)?
2200 3436 2398 3491 Verum
2443 3434 2574 3488 nihil
2615 3434 2914 3504 respondit,
2944 3434 3038 3489 sed
3069 3435 3242 3488 stabat
3271 3435 3484 3490 tacitus.

1896 3529 2008 3582 lloc
2031 3528 2158 3582 olim
2186 3529 2387 3582 etelitiis
2409 3528 2616 3582 afﬂatus
2643 3528 2896 3598 praphcta
2923 3528 3131 3583 dixerat
3164 3547 3177 3584 :
3209 3528 3355 3584 Sicut
3380 3531 3487 3583 ovis

1894 3619 1962 3672 ad
1992 3620 2288 3672 occisionem
2317 3619 2492 3672 ductus
2519 3629 2589 3673 est
2611 3661 2626 3682 ,
2661 3629 2704 3670 et
2731 3620 2858 3671 sicut
2882 3635 3040 3688 agnus
3071 3634 3241 3672 coram
3281 3636 3334 3672 se
3369 3629 3486 3672 ton-

1895 3712 2042 3765 dente
2068 3721 2233 3765 niutiis
2264 3709 2416 3779 (Isai.
2445 3711 2534 3765 55.
2561 3710 2635 3780 8).
2663 3710 2904 3764 Posthaac
2934 3725 3207 3778 exponens
3237 3711 3459 3780 iniquita
3480 3745 3492 3753 -

1897 3811 2003 3856 tem
2043 3801 2094 3854 in
2137 3802 2387 3871 praetorio
2429 3808 2787 3869 perpetratam
2823 3799 2897 3852 ait
2929 3816 2942 3851 :
2975 3797 3042 3851 In
3072 3800 3353 3852 humilitate
3379 3802 3488 3869 ejus

1883 3894 2142 3964 judicium
2166 3895 2274 3965 ejus
2300 3892 2549 3947 sublatum
2575 3903 2667 3946 est.
2698 3892 2866 3946 Nemo
2894 3901 3003 3946 tum
3033 3908 3098 3946 ex
3123 3891 3254 3961 juris
3285 3893 3488 3947 ratione

1893 3983 1962 4038 de
1992 3984 2082 4039 illo
2111 3986 2416 4054 sutl‘ragiuni
2453 3985 2598 4050 tulit,
2631 3983 2722 4038 sed
2761 3983 2889 4036 falsa
2935 3983 3109 4052 potius
3135 3983 3394 4038 adversus
3426 3985 3488 4037 il-

1895 4074 2004 4128 Ium
2043 4075 2367 4144 recipiebant
2395 4075 2714 4129 testimonia.
2751 4073 2806 4127 In
2844 4087 3000 4127 causa
3029 4083 3172 4137 erat,
3205 4073 3344 4138 quod
3373 4085 3478 4127 tuin

1897 4164 2112 4220 nolebat
2139 4180 2258 4219 esse
2289 4165 2502 4219 vindex.
2535 4164 2665 4218 Nam
2698 4165 2740 4216 si
2773 4163 3044 4225 voluisset,
3077 4163 3250 4216 omnia
3281 4165 3492 4217 turbas-

1896 4264 1996 4316 set,
2026 4255 2506 4322 concussissetque.
2537 4254 2744 4307 Etenim
2775 4254 2817 4305 si
2851 4253 2899 4304 id
2930 4253 3203 4321 temporis,
3229 4268 3334 4322 quo
3360 4267 3487 4322 pen~

1895 4345 2054 4399 debat
2096 4345 2146 4398 in
2187 4360 2377 4408 cruce,
2412 4359 2535 4397 saxa
2568 4344 2810 4406 discidit,
2853 4345 3035 4397 orbein
3085 4353 3342 4398 terrarum
3385 4345 3483 4398 ob-

1898 4439 2166 4502 scuravit,
2195 4438 2325 4492 solis
2367 4437 2546 4492 radios
2584 4437 2809 4504 avertit,
2840 4446 3045 4492 noctem
3077 4436 3252 4492 medio
3279 4437 3364 4491 die
3395 4453 3489 4506 per

1897 4531 2194 4585 universam
2221 4539 2412 4584 terram
2441 4529 2670 4595 induxit,
2700 4528 2836 4583 idem
2864 4530 3123 4600 potuisset
3152 4529 3202 4582 in
3235 4531 3485 4598 prmtorio

1896 4621 2092 4676 facere.
2125 4620 2322 4675 Verum
2364 4620 2528 4674 noluit
2555 4661 2570 4686 ,
2601 4619 3062 4674 mansuetudinem
3103 4634 3166 4673 ac
3214 4619 3486 4674 lenitatem

1896 4711 2174 4766 exhibens.
2204 4711 2328 4766 Ideo
2352 4711 2481 4765 dicit
2511 4729 2523 4765 :
2556 4709 2622 4764 In
2650 4709 2933 4764 humilitate
2959 4710 3068 4778 ejus
3096 4710 3350 4780 judicium
3380 4728 3490 4780 ejus

1897 4804 2146 4856 sublatum
2190 4812 2280 4857 est.
2326 4802 2528 4857 Deinde
2570 4802 2976 4864 demonstrans,
3015 4801 3154 4868 quod
3201 4816 3304 4852 non
3347 4812 3488 4853 esset

1899 4910 2034 4948 unus
2056 4894 2275 4964 quilibet
2299 4909 2330 4949 e
2356 4893 2533 4964 vulgo,
2560 4893 2784 4960 subjecit
2814 4909 2826 4944 :
2853 4889 3233 4945 Cencrationem
3255 4891 3362 4960 ejus
3381 4892 3491 4960 quis

1897 4986 2186 5040 enarrabili
2205 4987 2335 5052 Quis
2355 4985 2494 5040 enim
2519 4994 2620 5047 est,
2644 4983 2711 5038 de
2731 4998 2834 5052 quo
2856 4983 2979 5035 dicit
3004 5000 3017 5036 :
3039 4981 3254 5034 Tollitur
3275 4981 3336 5034 de
3357 4990 3491 5034 terra

1899 5081 1998 5132 vita
2023 5079 2172 5150 ejus?
2201 5078 2326 5132 Ideo
2350 5085 2404 5132 et
2429 5077 2625 5130 Paulus
2648 5075 2777 5130 dicit
2806 5092 2820 5129 :
2858 5073 2972 5127 Vita
3001 5085 3171 5128 nostra
3197 5073 3491 5126 abscondita

1899 5184 1972 5226 est
2001 5189 2114 5225 cum
2151 5171 2348 5225 Christo
2388 5171 2439 5222 in
2487 5168 2610 5222 Deo.
2650 5167 2778 5221 Cum
2819 5168 3110 5237 apparuerit
3140 5166 3365 5221 Christus
3391 5165 3492 5219 vita

1901 5276 2094 5332 nostra,
2124 5275 2242 5318 tunc
2267 5274 2312 5317 et
2337 5279 2422 5317 vos
2448 5263 2753 5331 apparebitis
2774 5278 2886 5314 cum
2905 5261 2994 5314 illo
3017 5261 3067 5313 in
3091 5259 3250 5331 gloria
3272 5259 3489 5329 (Coloss.

1901 5359 1954 5412 ‘5.
1985 5359 2037 5412 '5.
2069 5355 2154 5426 4).
2185 5354 2289 5410 Sed
2319 5353 2460 5424 quad
2499 5353 2678 5408 dicere
2722 5367 3142 5422 proposueram,
3173 5359 3231 5404 ut
3266 5349 3492 5405 demon-

1903 5457 2126 5502 strareni
2157 5460 2248 5500 eos
2275 5454 2490 5515 propter
2517 5443 2658 5498 hunc
2684 5443 2964 5512 praesentia
2994 5443 3127 5495 mala
3153 5441 3491 5509 sustinuisse,

1903 5546 2066 5594 restat
2109 5544 2166 5590 ut
2195 5537 2366 5606 ipsum
2409 5535 2594 5590 Isaiam
2626 5534 2871 5589 inducam
2916 5534 3242 5602 loquentem.
3269 5531 3492 5587 Ubinam

1906 5630 2006 5684 hoc
2035 5629 2205 5684 dicit?
2233 5627 2360 5682 Post
2390 5627 2716 5698 prmtorium,
2748 5634 2867 5695 post
2891 5624 3234 5690 occisionem,
3268 5631 3385 5694 post
3410 5637 3489 5677 as~

1905 5723 2260 5792 sumptioncm
2285 5763 2297 5785 ,
2360 5721 2447 5776 ubi
2507 5719 2638 5775 dixit
2671 5736 2684 5773 :
2726 5716 2941 5774 Tollitur
2980 5718 3040 5772 de
3079 5729 3210 5772 terra
3249 5718 3346 5772 vita
3374 5720 3503 5793 ejus,
