  <div class='ocr_page' id='page_1' title='image "/cluster/home/n/w/nwhite01/storage/ocr_20150623/48/hvd.32044073501892/389.png"; bbox 0 0 3990 6198; ppageno 0'>
   <div class='ocr_carea' id='block_1_1' title="bbox 499 266 602 334">
    <p class='ocr_par' dir='ltr' id='par_1_1' title="bbox 499 266 602 334">
     <span class='ocr_line' id='line_1_1' title="bbox 499 266 602 334; baseline 0 0"><span class='ocrx_word' id='word_1_1' title='bbox 499 266 602 334; x_wconf 74' lang='lat' dir='ltr'><strong>sit</strong></span> 
     </span>
    </p>
   </div>
   <div class='ocr_carea' id='block_1_2' title="bbox 498 385 2079 465">
    <p class='ocr_par' dir='ltr' id='par_1_2' title="bbox 498 385 2079 465">
     <span class='ocr_line' id='line_1_2' title="bbox 498 385 2079 465; baseline -0.01 -12"><span class='ocrx_word' id='word_1_2' title='bbox 498 396 716 465; x_wconf 77' lang='lat' dir='ltr'><strong>subjicit</strong></span> <span class='ocrx_word' id='word_1_3' title='bbox 744 412 757 448; x_wconf 91' lang='lat'><strong>:</strong></span> <span class='ocrx_word' id='word_1_4' title='bbox 787 393 850 446; x_wconf 84' lang='lat' dir='ltr'><strong>Et</strong></span> <span class='ocrx_word' id='word_1_5' title='bbox 875 390 1006 444; x_wconf 88' lang='lat' dir='ltr'><strong>dabo</strong></span> <span class='ocrx_word' id='word_1_6' title='bbox 1031 388 1282 458; x_wconf 85' lang='lat' dir='ltr'><strong>improbos</strong></span> <span class='ocrx_word' id='word_1_7' title='bbox 1310 404 1402 459; x_wconf 83' lang='lat' dir='ltr'><strong>pro</strong></span> <span class='ocrx_word' id='word_1_8' title='bbox 1429 389 1688 452; x_wconf 71' lang='lat' dir='ltr'><strong>sepultura</strong></span> <span class='ocrx_word' id='word_1_9' title='bbox 1712 388 1820 457; x_wconf 85' lang='lat' dir='ltr'><strong>ejus</strong></span> <span class='ocrx_word' id='word_1_10' title='bbox 1838 427 1854 454; x_wconf 90' lang='lat'><strong>,</strong></span> <span class='ocrx_word' id='word_1_11' title='bbox 1881 395 1924 440; x_wconf 85' lang='lat' dir='ltr'><strong>et</strong></span> <span class='ocrx_word' id='word_1_12' title='bbox 1950 385 2079 440; x_wconf 76' lang='lat' dir='ltr'><strong>divi—</strong></span> 
     </span>
    </p>
   </div>
   <div class='ocr_carea' id='block_1_3' title="bbox 505 478 2084 558">
    <p class='ocr_par' dir='ltr' id='par_1_3' title="bbox 505 478 2084 558">
     <span class='ocr_line' id='line_1_3' title="bbox 505 478 2084 558; baseline -0.006 -16"><span class='ocrx_word' id='word_1_13' title='bbox 505 501 577 544; x_wconf 89' lang='lat' dir='ltr'><strong>tes</strong></span> <span class='ocrx_word' id='word_1_14' title='bbox 603 505 695 558; x_wconf 89' lang='lat' dir='ltr'><strong>pro</strong></span> <span class='ocrx_word' id='word_1_15' title='bbox 721 495 878 540; x_wconf 85' lang='lat' dir='ltr'><strong>morte</strong></span> <span class='ocrx_word' id='word_1_16' title='bbox 900 484 1036 538; x_wconf 87' lang='lat' dir='ltr'><strong>illius</strong></span> <span class='ocrx_word' id='word_1_17' title='bbox 1061 481 1213 552; x_wconf 86' lang='lat' dir='ltr'><strong>(lsoi.</strong></span> <span class='ocrx_word' id='word_1_18' title='bbox 1237 481 1326 536; x_wconf 77' lang='lat'><strong>55.</strong></span> <span class='ocrx_word' id='word_1_19' title='bbox 1355 480 1434 550; x_wconf 92' lang='lat'><strong>9).</strong></span> <span class='ocrx_word' id='word_1_20' title='bbox 1470 480 1585 535; x_wconf 88' lang='lat' dir='ltr'><strong>Non</strong></span> <span class='ocrx_word' id='word_1_21' title='bbox 1614 480 1928 549; x_wconf 73' lang='lat' dir='ltr'><strong>simpliciter</strong></span> <span class='ocrx_word' id='word_1_22' title='bbox 1951 478 2084 533; x_wconf 84' lang='lat' dir='ltr'><strong>dixit</strong></span> 
     </span>
    </p>
   </div>
   <div class='ocr_carea' id='block_1_4' title="bbox 497 571 2085 643">
    <p class='ocr_par' dir='ltr' id='par_1_4' title="bbox 497 571 2085 643">
     <span class='ocr_line' id='line_1_4' title="bbox 497 571 2085 643; baseline -0.006 -8"><span class='ocrx_word' id='word_1_23' title='bbox 497 579 735 640; x_wconf 76' lang='lat' dir='ltr'><strong>Judatos,</strong></span> <span class='ocrx_word' id='word_1_24' title='bbox 760 575 854 630; x_wconf 88' lang='lat' dir='ltr'><strong>sed</strong></span> <span class='ocrx_word' id='word_1_25' title='bbox 882 573 1170 643; x_wconf 87' lang='lat' dir='ltr'><strong>improbos.</strong></span> <span class='ocrx_word' id='word_1_26' title='bbox 1195 573 1330 640; x_wconf 84' lang='lat' dir='ltr'><strong>Quid</strong></span> <span class='ocrx_word' id='word_1_27' title='bbox 1357 573 1496 627; x_wconf 89' lang='lat' dir='ltr'><strong>enim</strong></span> <span class='ocrx_word' id='word_1_28' title='bbox 1520 571 1624 626; x_wconf 84' lang='lat' dir='ltr'><strong>illis</strong></span> <span class='ocrx_word' id='word_1_29' title='bbox 1648 571 1941 641; x_wconf 85' lang='lat' dir='ltr'><strong>improbius</strong></span> <span class='ocrx_word' id='word_1_30' title='bbox 1962 583 2085 625; x_wconf 81' lang='lat' dir='ltr'><strong>esse</strong></span> 
     </span>
    </p>
   </div>
   <div class='ocr_carea' id='block_1_5' title="bbox 503 660 2080 739">
    <p class='ocr_par' dir='ltr' id='par_1_5' title="bbox 503 660 2080 739">
     <span class='ocr_line' id='line_1_5' title="bbox 503 660 2080 739; baseline -0.006 -16"><span class='ocrx_word' id='word_1_31' title='bbox 503 670 690 739; x_wconf 89' lang='lat' dir='ltr'><strong>possit,</strong></span> <span class='ocrx_word' id='word_1_32' title='bbox 721 667 811 736; x_wconf 86' lang='lat' dir='ltr'><strong>qui</strong></span> <span class='ocrx_word' id='word_1_33' title='bbox 841 673 959 735; x_wconf 89' lang='lat' dir='ltr'><strong>post</strong></span> <span class='ocrx_word' id='word_1_34' title='bbox 988 672 1064 718; x_wconf 93' lang='lat' dir='ltr'><strong>tot</strong></span> <span class='ocrx_word' id='word_1_35' title='bbox 1089 672 1335 734; x_wconf 89' lang='lat' dir='ltr'><strong>tantaque</strong></span> <span class='ocrx_word' id='word_1_36' title='bbox 1362 673 1575 733; x_wconf 88' lang='lat' dir='ltr'><strong>accepta</strong></span> <span class='ocrx_word' id='word_1_37' title='bbox 1606 661 1858 716; x_wconf 87' lang='lat' dir='ltr'><strong>beneﬁcia</strong></span> <span class='ocrx_word' id='word_1_38' title='bbox 1884 660 2080 715; x_wconf 85' lang='lat' dir='ltr'><strong>beneﬁ-</strong></span> 
     </span>
    </p>
   </div>
   <div class='ocr_carea' id='block_1_6' title="bbox 501 751 2082 817">
    <p class='ocr_par' dir='ltr' id='par_1_6' title="bbox 501 751 2082 817">
     <span class='ocr_line' id='line_1_6' title="bbox 501 751 2082 817; baseline -0.004 -3"><span class='ocrx_word' id='word_1_39' title='bbox 501 775 621 814; x_wconf 81' lang='lat' dir='ltr'><strong>cum</strong></span> <span class='ocrx_word' id='word_1_40' title='bbox 652 757 995 815; x_wconf 86' lang='lat' dir='ltr'><strong>occiderunt?</strong></span> <span class='ocrx_word' id='word_1_41' title='bbox 1019 756 1127 811; x_wconf 86' lang='lat' dir='ltr'><strong>Nisi</strong></span> <span class='ocrx_word' id='word_1_42' title='bbox 1153 756 1266 810; x_wconf 68' lang='lat' dir='ltr'><strong>haec</strong></span> <span class='ocrx_word' id='word_1_43' title='bbox 1288 763 1595 817; x_wconf 86' lang='lat' dir='ltr'><strong>evenerunt,</strong></span> <span class='ocrx_word' id='word_1_44' title='bbox 1619 753 1717 807; x_wconf 90' lang='lat' dir='ltr'><strong>nisi</strong></span> <span class='ocrx_word' id='word_1_45' title='bbox 1748 768 1886 807; x_wconf 88' lang='lat' dir='ltr'><strong>nunc</strong></span> <span class='ocrx_word' id='word_1_46' title='bbox 1907 751 2082 807; x_wconf 75' lang='lat' dir='ltr'><strong>vivitis</strong></span> 
     </span>
    </p>
   </div>
   <div class='ocr_carea' id='block_1_7' title="bbox 499 842 2083 918">
    <p class='ocr_par' dir='ltr' id='par_1_7' title="bbox 499 842 2083 918">
     <span class='ocr_line' id='line_1_7' title="bbox 499 842 2083 918; baseline -0.004 -15"><span class='ocrx_word' id='word_1_47' title='bbox 499 852 552 904; x_wconf 93' lang='lat' dir='ltr'><strong>in</strong></span> <span class='ocrx_word' id='word_1_48' title='bbox 595 847 879 918; x_wconf 78' lang='lat' dir='ltr'><strong>ignominia</strong></span> <span class='ocrx_word' id='word_1_49' title='bbox 903 889 918 910; x_wconf 88' lang='lat'><strong>,</strong></span> <span class='ocrx_word' id='word_1_50' title='bbox 950 847 1051 902; x_wconf 89' lang='lat' dir='ltr'><strong>nisi</strong></span> <span class='ocrx_word' id='word_1_51' title='bbox 1088 847 1332 901; x_wconf 85' lang='lat' dir='ltr'><strong>omnibus</strong></span> <span class='ocrx_word' id='word_1_52' title='bbox 1364 859 1498 914; x_wconf 67' lang='lat' dir='ltr'><strong>quae-</strong></span> <span class='ocrx_word' id='word_1_53' title='bbox 1523 843 1750 913; x_wconf 82' lang='lat' dir='ltr'><strong>majores</strong></span> <span class='ocrx_word' id='word_1_54' title='bbox 1787 842 2083 899; x_wconf 84' lang='lat' dir='ltr'><strong>habuerunt</strong></span> 
     </span>
    </p>
   </div>
   <div class='ocr_carea' id='block_1_8' title="bbox 497 933 2078 1007">
    <p class='ocr_par' dir='ltr' id='par_1_8' title="bbox 497 933 2078 1007">
     <span class='ocr_line' id='line_1_8' title="bbox 497 933 2078 1007; baseline -0.005 -13"><span class='ocrx_word' id='word_1_55' title='bbox 497 939 629 994; x_wconf 83' lang='lat' dir='ltr'><strong>estis</strong></span> <span class='ocrx_word' id='word_1_56' title='bbox 658 939 865 1007; x_wconf 79' lang='lat' dir='ltr'><strong>privati,</strong></span> <span class='ocrx_word' id='word_1_57' title='bbox 896 936 996 990; x_wconf 90' lang='lat' dir='ltr'><strong>nisi</strong></span> <span class='ocrx_word' id='word_1_58' title='bbox 1030 935 1234 990; x_wconf 89' lang='lat' dir='ltr'><strong>corruit</strong></span> <span class='ocrx_word' id='word_1_59' title='bbox 1260 943 1433 990; x_wconf 88' lang='lat' dir='ltr'><strong>vestra</strong></span> <span class='ocrx_word' id='word_1_60' title='bbox 1463 934 1666 997; x_wconf 82' lang='lat' dir='ltr'><strong>civitas,</strong></span> <span class='ocrx_word' id='word_1_61' title='bbox 1697 933 1799 987; x_wconf 88' lang='lat' dir='ltr'><strong>nisi</strong></span> <span class='ocrx_word' id='word_1_62' title='bbox 1827 933 2078 1002; x_wconf 90' lang='lat' dir='ltr'><strong>templum</strong></span> 
     </span>
    </p>
   </div>
   <div class='ocr_carea' id='block_1_9' title="bbox 501 1025 2081 1094">
    <p class='ocr_par' dir='ltr' id='par_1_9' title="bbox 501 1025 2081 1094">
     <span class='ocr_line' id='line_1_9' title="bbox 501 1025 2081 1094; baseline -0.004 -10"><span class='ocrx_word' id='word_1_63' title='bbox 501 1039 737 1084; x_wconf 88' lang='lat' dir='ltr'><strong>vestrum</strong></span> <span class='ocrx_word' id='word_1_64' title='bbox 779 1043 988 1083; x_wconf 87' lang='lat' dir='ltr'><strong>versum</strong></span> <span class='ocrx_word' id='word_1_65' title='bbox 1023 1036 1107 1082; x_wconf 90' lang='lat' dir='ltr'><strong>est</strong></span> <span class='ocrx_word' id='word_1_66' title='bbox 1147 1028 1200 1080; x_wconf 90' lang='lat' dir='ltr'><strong>in</strong></span> <span class='ocrx_word' id='word_1_67' title='bbox 1243 1027 1446 1080; x_wconf 84' lang='lat' dir='ltr'><strong>ruinam</strong></span> <span class='ocrx_word' id='word_1_68' title='bbox 1467 1065 1484 1091; x_wconf 96' lang='lat'><strong>,</strong></span> <span class='ocrx_word' id='word_1_69' title='bbox 1511 1025 1736 1094; x_wconf 88' lang='lat' dir='ltr'><strong>denique</strong></span> <span class='ocrx_word' id='word_1_70' title='bbox 1767 1025 1863 1078; x_wconf 89' lang='lat' dir='ltr'><strong>nisi</strong></span> <span class='ocrx_word' id='word_1_71' title='bbox 1891 1035 2081 1079; x_wconf 66' lang='lat' dir='ltr'><strong>vestrae</strong></span> 
     </span>
    </p>
   </div>
   <div class='ocr_carea' id='block_1_10' title="bbox 500 1115 2078 1186">
    <p class='ocr_par' dir='ltr' id='par_1_10' title="bbox 500 1115 2078 1186">
     <span class='ocr_line' id='line_1_10' title="bbox 500 1115 2078 1186; baseline -0.003 -14"><span class='ocrx_word' id='word_1_72' title='bbox 500 1119 828 1174; x_wconf 76' lang='lat' dir='ltr'><strong>calamitates</strong></span> <span class='ocrx_word' id='word_1_73' title='bbox 870 1125 1122 1186; x_wconf 89' lang='lat' dir='ltr'><strong>superant</strong></span> <span class='ocrx_word' id='word_1_74' title='bbox 1146 1133 1356 1171; x_wconf 91' lang='lat' dir='ltr'><strong>omnem</strong></span> <span class='ocrx_word' id='word_1_75' title='bbox 1395 1116 1737 1186; x_wconf 60' lang='lat' dir='ltr'><strong>tragoediam,</strong></span> <span class='ocrx_word' id='word_1_76' title='bbox 1764 1131 1831 1170; x_wconf 87' lang='lat' dir='ltr'><strong>ne</strong></span> <span class='ocrx_word' id='word_1_77' title='bbox 1859 1115 2078 1181; x_wconf 83' lang='lat' dir='ltr'><strong>credas,</strong></span> 
     </span>
    </p>
   </div>
   <div class='ocr_carea' id='block_1_11' title="bbox 499 1207 2080 1277">
    <p class='ocr_par' dir='ltr' id='par_1_11' title="bbox 499 1207 2080 1277">
     <span class='ocr_line' id='line_1_11' title="bbox 499 1207 2080 1277; baseline -0.001 -14"><span class='ocrx_word' id='word_1_78' title='bbox 499 1228 534 1263; x_wconf 89' lang='lat' dir='ltr'><strong>o</strong></span> <span class='ocrx_word' id='word_1_79' title='bbox 557 1209 759 1264; x_wconf 66' lang='lat' dir='ltr'><strong>Judme.</strong></span> <span class='ocrx_word' id='word_1_80' title='bbox 781 1209 976 1264; x_wconf 78' lang='lat' dir='ltr'><strong>Contra</strong></span> <span class='ocrx_word' id='word_1_81' title='bbox 1002 1209 1045 1262; x_wconf 90' lang='lat' dir='ltr'><strong>si</strong></span> <span class='ocrx_word' id='word_1_82' title='bbox 1076 1223 1163 1262; x_wconf 89' lang='lat' dir='ltr'><strong>res</strong></span> <span class='ocrx_word' id='word_1_83' title='bbox 1188 1209 1316 1276; x_wconf 66' lang='lat' dir='ltr'><strong>ipsa:</strong></span> <span class='ocrx_word' id='word_1_84' title='bbox 1340 1208 1628 1268; x_wconf 88' lang='lat' dir='ltr'><strong>clamitant.</strong></span> <span class='ocrx_word' id='word_1_85' title='bbox 1654 1207 1699 1262; x_wconf 90' lang='lat' dir='ltr'><strong>si</strong></span> <span class='ocrx_word' id='word_1_86' title='bbox 1725 1207 1863 1277; x_wconf 88' lang='lat' dir='ltr'><strong>quod</strong></span> <span class='ocrx_word' id='word_1_87' title='bbox 1893 1207 2080 1276; x_wconf 83' lang='lat' dir='ltr'><strong>praedi-</strong></span> 
     </span>
    </p>
   </div>
   <div class='ocr_carea' id='block_1_12' title="bbox 501 1296 2079 1368">
    <p class='ocr_par' dir='ltr' id='par_1_12' title="bbox 501 1296 2079 1368">
     <span class='ocr_line' id='line_1_12' title="bbox 501 1296 2079 1368; baseline -0.001 -16"><span class='ocrx_word' id='word_1_88' title='bbox 501 1310 644 1353; x_wconf 88' lang='lat' dir='ltr'><strong>ctmn</strong></span> <span class='ocrx_word' id='word_1_89' title='bbox 673 1309 788 1354; x_wconf 87' lang='lat' dir='ltr'><strong>erat</strong></span> <span class='ocrx_word' id='word_1_90' title='bbox 815 1315 843 1352; x_wconf 89' lang='lat' dir='ltr'><strong>a</strong></span> <span class='ocrx_word' id='word_1_91' title='bbox 875 1298 1146 1368; x_wconf 78' lang='lat' dir='ltr'><strong>prophetis</strong></span> <span class='ocrx_word' id='word_1_92' title='bbox 1168 1341 1182 1360; x_wconf 85' lang='lat'><strong>,</strong></span> <span class='ocrx_word' id='word_1_93' title='bbox 1223 1296 1510 1366; x_wconf 86' lang='lat' dir='ltr'><strong>perfectum</strong></span> <span class='ocrx_word' id='word_1_94' title='bbox 1541 1307 1622 1351; x_wconf 88' lang='lat' dir='ltr'><strong>est</strong></span> <span class='ocrx_word' id='word_1_95' title='bbox 1653 1314 1666 1350; x_wconf 90' lang='lat'><strong>:</strong></span> <span class='ocrx_word' id='word_1_96' title='bbox 1695 1296 1822 1368; x_wconf 89' lang='lat' dir='ltr'><strong>quid</strong></span> <span class='ocrx_word' id='word_1_97' title='bbox 1852 1296 2041 1352; x_wconf 83' lang='lat' dir='ltr'><strong>frustra</strong></span> <span class='ocrx_word' id='word_1_98' title='bbox 2062 1337 2079 1364; x_wconf 93' lang='lat'><strong>,</strong></span> 
     </span>
    </p>
   </div>
   <div class='ocr_carea' id='block_1_13' title="bbox 501 1387 2082 1459">
    <p class='ocr_par' dir='ltr' id='par_1_13' title="bbox 501 1387 2082 1459">
     <span class='ocr_line' id='line_1_13' title="bbox 501 1387 2082 1459; baseline -0.001 -15"><span class='ocrx_word' id='word_1_99' title='bbox 501 1390 626 1459; x_wconf 89' lang='lat' dir='ltr'><strong>quid</strong></span> <span class='ocrx_word' id='word_1_100' title='bbox 671 1393 934 1444; x_wconf 82' lang='lat' dir='ltr'><strong>incassum</strong></span> <span class='ocrx_word' id='word_1_101' title='bbox 978 1388 1253 1457; x_wconf 86' lang='lat' dir='ltr'><strong>impudens</strong></span> <span class='ocrx_word' id='word_1_102' title='bbox 1295 1388 1392 1443; x_wconf 88' lang='lat' dir='ltr'><strong>es?</strong></span> <span class='ocrx_word' id='word_1_103' title='bbox 1432 1387 1563 1442; x_wconf 87' lang='lat' dir='ltr'><strong>Nam</strong></span> <span class='ocrx_word' id='word_1_104' title='bbox 1595 1388 1680 1442; x_wconf 88' lang='lat' dir='ltr'><strong>ubi</strong></span> <span class='ocrx_word' id='word_1_105' title='bbox 1711 1389 1796 1442; x_wconf 89' lang='lat' dir='ltr'><strong>illa</strong></span> <span class='ocrx_word' id='word_1_106' title='bbox 1823 1389 1961 1458; x_wconf 89' lang='lat' dir='ltr'><strong>apud</strong></span> <span class='ocrx_word' id='word_1_107' title='bbox 1988 1404 2082 1444; x_wconf 86' lang='lat' dir='ltr'><strong>vos</strong></span> 
     </span>
    </p>
   </div>
   <div class='ocr_carea' id='block_1_14' title="bbox 503 1478 2080 1547">
    <p class='ocr_par' dir='ltr' id='par_1_14' title="bbox 503 1478 2080 1547">
     <span class='ocr_line' id='line_1_14' title="bbox 503 1478 2080 1547; baseline 0 -15"><span class='ocrx_word' id='word_1_108' title='bbox 503 1479 800 1535; x_wconf 87' lang='lat' dir='ltr'><strong>veneranda</strong></span> <span class='ocrx_word' id='word_1_109' title='bbox 820 1520 836 1544; x_wconf 94' lang='lat'><strong>,</strong></span> <span class='ocrx_word' id='word_1_110' title='bbox 869 1478 956 1532; x_wconf 89' lang='lat' dir='ltr'><strong>ubi</strong></span> <span class='ocrx_word' id='word_1_111' title='bbox 996 1479 1228 1547; x_wconf 88' lang='lat' dir='ltr'><strong>pontifex</strong></span> <span class='ocrx_word' id='word_1_112' title='bbox 1249 1519 1263 1542; x_wconf 95' lang='lat'><strong>,</strong></span> <span class='ocrx_word' id='word_1_113' title='bbox 1295 1479 1384 1532; x_wconf 88' lang='lat' dir='ltr'><strong>ubi</strong></span> <span class='ocrx_word' id='word_1_114' title='bbox 1427 1479 1562 1533; x_wconf 90' lang='lat' dir='ltr'><strong>stola</strong></span> <span class='ocrx_word' id='word_1_115' title='bbox 1587 1489 1642 1532; x_wconf 91' lang='lat' dir='ltr'><strong>et</strong></span> <span class='ocrx_word' id='word_1_116' title='bbox 1671 1479 1926 1532; x_wconf 83' lang='lat' dir='ltr'><strong>rationale</strong></span> <span class='ocrx_word' id='word_1_117' title='bbox 1951 1519 1966 1544; x_wconf 92' lang='lat'><strong>,</strong></span> <span class='ocrx_word' id='word_1_118' title='bbox 1994 1478 2080 1532; x_wconf 89' lang='lat' dir='ltr'><strong>ubi</strong></span> 
     </span>
    </p>
   </div>
   <div class='ocr_carea' id='block_1_15' title="bbox 502 1570 2078 1640">
    <p class='ocr_par' dir='ltr' id='par_1_15' title="bbox 502 1570 2078 1640">
     <span class='ocr_line' id='line_1_15' title="bbox 502 1570 2078 1640; baseline -0.001 -13"><span class='ocrx_word' id='word_1_119' title='bbox 502 1573 830 1628; x_wconf 87' lang='lat' dir='ltr'><strong>declaratio?</strong></span> <span class='ocrx_word' id='word_1_120' title='bbox 863 1571 940 1627; x_wconf 88' lang='lat' dir='ltr'><strong>Ne</strong></span> <span class='ocrx_word' id='word_1_121' title='bbox 973 1587 1099 1625; x_wconf 88' lang='lat' dir='ltr'><strong>vero</strong></span> <span class='ocrx_word' id='word_1_122' title='bbox 1137 1572 1264 1625; x_wconf 88' lang='lat' dir='ltr'><strong>mihi</strong></span> <span class='ocrx_word' id='word_1_123' title='bbox 1309 1572 1438 1625; x_wconf 87' lang='lat' dir='ltr'><strong>istos</strong></span> <span class='ocrx_word' id='word_1_124' title='bbox 1479 1570 1806 1640; x_wconf 83' lang='lat' dir='ltr'><strong>patriarchas</strong></span> <span class='ocrx_word' id='word_1_125' title='bbox 1847 1571 2078 1636; x_wconf 76' lang='lat' dir='ltr'><strong>dixeris,</strong></span> 
     </span>
    </p>
   </div>
   <div class='ocr_carea' id='block_1_16' title="bbox 503 1664 2083 1738">
    <p class='ocr_par' dir='ltr' id='par_1_16' title="bbox 503 1664 2083 1738">
     <span class='ocr_line' id='line_1_16' title="bbox 503 1664 2083 1738; baseline -0.003 -17"><span class='ocrx_word' id='word_1_126' title='bbox 503 1682 769 1737; x_wconf 74' lang='lat' dir='ltr'><strong>caupulies</strong></span> <span class='ocrx_word' id='word_1_127' title='bbox 789 1708 801 1731; x_wconf 95' lang='lat'><strong>,</strong></span> <span class='ocrx_word' id='word_1_128' title='bbox 833 1667 1185 1734; x_wconf 74' lang='lat' dir='ltr'><strong>negotiatores</strong></span> <span class='ocrx_word' id='word_1_129' title='bbox 1205 1707 1218 1729; x_wconf 89' lang='lat'><strong>,</strong></span> <span class='ocrx_word' id='word_1_130' title='bbox 1255 1666 1398 1720; x_wconf 87' lang='lat' dir='ltr'><strong>omni</strong></span> <span class='ocrx_word' id='word_1_131' title='bbox 1441 1665 1715 1738; x_wconf 84' lang='lat' dir='ltr'><strong>iniquitate</strong></span> <span class='ocrx_word' id='word_1_132' title='bbox 1752 1665 1959 1734; x_wconf 85' lang='lat' dir='ltr'><strong>plenos.</strong></span> <span class='ocrx_word' id='word_1_133' title='bbox 1991 1664 2083 1716; x_wconf 90' lang='lat' dir='ltr'><strong>Die</strong></span> 
     </span>
    </p>
   </div>
   <div class='ocr_carea' id='block_1_17' title="bbox 505 1755 2080 1824">
    <p class='ocr_par' dir='ltr' id='par_1_17' title="bbox 505 1755 2080 1824">
     <span class='ocr_line' id='line_1_17' title="bbox 505 1755 2080 1824; baseline -0.003 -12"><span class='ocrx_word' id='word_1_134' title='bbox 505 1759 672 1822; x_wconf 85' lang='lat' dir='ltr'><strong>mihi,</strong></span> <span class='ocrx_word' id='word_1_135' title='bbox 705 1759 876 1824; x_wconf 86' lang='lat' dir='ltr'><strong>qualis</strong></span> <span class='ocrx_word' id='word_1_136' title='bbox 904 1769 982 1812; x_wconf 76' lang='grc' dir='ltr'><strong>ρει</strong></span> <span class='ocrx_word' id='word_1_137' title='bbox 1022 1757 1306 1821; x_wconf 81' lang='lat' dir='ltr'><strong>sacerdos,</strong></span> <span class='ocrx_word' id='word_1_138' title='bbox 1336 1771 1457 1812; x_wconf 90' lang='lat' dir='ltr'><strong>cum</strong></span> <span class='ocrx_word' id='word_1_139' title='bbox 1498 1773 1600 1810; x_wconf 91' lang='lat' dir='ltr'><strong>non</strong></span> <span class='ocrx_word' id='word_1_140' title='bbox 1645 1757 1715 1810; x_wconf 88' lang='lat' dir='ltr'><strong>sit</strong></span> <span class='ocrx_word' id='word_1_141' title='bbox 1759 1767 1910 1810; x_wconf 87' lang='lat' dir='ltr'><strong>vetus</strong></span> <span class='ocrx_word' id='word_1_142' title='bbox 1952 1755 2080 1808; x_wconf 91' lang='lat' dir='ltr'><strong>illud</strong></span> 
     </span>
    </p>
   </div>
   <div class='ocr_carea' id='block_1_18' title="bbox 503 1846 2083 1919">
    <p class='ocr_par' dir='ltr' id='par_1_18' title="bbox 503 1846 2083 1919">
     <span class='ocr_line' id='line_1_18' title="bbox 503 1846 2083 1919; baseline -0.002 -16"><span class='ocrx_word' id='word_1_143' title='bbox 503 1849 700 1914; x_wconf 88' lang='lat' dir='ltr'><strong>oleum,</strong></span> <span class='ocrx_word' id='word_1_144' title='bbox 726 1863 893 1918; x_wconf 89' lang='lat' dir='ltr'><strong>neque</strong></span> <span class='ocrx_word' id='word_1_145' title='bbox 914 1847 1198 1919; x_wconf 76' lang='lat' dir='ltr'><strong>quidquam</strong></span> <span class='ocrx_word' id='word_1_146' title='bbox 1225 1848 1442 1902; x_wconf 91' lang='lat' dir='ltr'><strong>omnino</strong></span> <span class='ocrx_word' id='word_1_147' title='bbox 1467 1848 1660 1901; x_wconf 83' lang='lat' dir='ltr'><strong>veteris</strong></span> <span class='ocrx_word' id='word_1_148' title='bbox 1685 1846 2083 1900; x_wconf 58' lang='lat' dir='ltr'><strong>sanctimonia}?</strong></span> 
     </span>
    </p>
   </div>
   <div class='ocr_carea' id='block_1_19' title="bbox 505 1939 2080 2010">
    <p class='ocr_par' dir='ltr' id='par_1_19' title="bbox 505 1939 2080 2010">
     <span class='ocr_line' id='line_1_19' title="bbox 505 1939 2080 2010; baseline -0.001 -17"><span class='ocrx_word' id='word_1_149' title='bbox 505 1940 615 2003; x_wconf 90' lang='lat' dir='ltr'><strong>Dic,</strong></span> <span class='ocrx_word' id='word_1_150' title='bbox 646 1939 877 2007; x_wconf 83' lang='lat' dir='ltr'><strong>inquam,</strong></span> <span class='ocrx_word' id='word_1_151' title='bbox 907 1939 1056 2004; x_wconf 85' lang='lat' dir='ltr'><strong>mihi,</strong></span> <span class='ocrx_word' id='word_1_152' title='bbox 1087 1940 1262 2010; x_wconf 85' lang='lat' dir='ltr'><strong>qualis</strong></span> <span class='ocrx_word' id='word_1_153' title='bbox 1290 1940 1579 2004; x_wconf 88' lang='lat' dir='ltr'><strong>sacriﬁcus,</strong></span> <span class='ocrx_word' id='word_1_154' title='bbox 1611 1955 1730 1993; x_wconf 86' lang='lat' dir='ltr'><strong>cum</strong></span> <span class='ocrx_word' id='word_1_155' title='bbox 1761 1954 1866 1993; x_wconf 89' lang='lat' dir='ltr'><strong>non</strong></span> <span class='ocrx_word' id='word_1_156' title='bbox 1899 1939 1968 1992; x_wconf 88' lang='lat' dir='ltr'><strong>sit</strong></span> <span class='ocrx_word' id='word_1_157' title='bbox 1992 1953 2080 1993; x_wconf 85' lang='lat' dir='ltr'><strong>sa-</strong></span> 
     </span>
    </p>
   </div>
   <div class='ocr_carea' id='block_1_20' title="bbox 501 2026 2078 2100">
    <p class='ocr_par' dir='ltr' id='par_1_20' title="bbox 501 2026 2078 2100">
     <span class='ocr_line' id='line_1_20' title="bbox 501 2026 2078 2100; baseline 0 -18"><span class='ocrx_word' id='word_1_158' title='bbox 501 2026 777 2090; x_wconf 85' lang='lat' dir='ltr'><strong>criﬁcium,</strong></span> <span class='ocrx_word' id='word_1_159' title='bbox 805 2044 975 2100; x_wconf 85' lang='lat' dir='ltr'><strong>neque</strong></span> <span class='ocrx_word' id='word_1_160' title='bbox 993 2031 1182 2094; x_wconf 87' lang='lat' dir='ltr'><strong>altare,</strong></span> <span class='ocrx_word' id='word_1_161' title='bbox 1207 2044 1378 2099; x_wconf 90' lang='lat' dir='ltr'><strong>neque</strong></span> <span class='ocrx_word' id='word_1_162' title='bbox 1397 2029 1610 2083; x_wconf 76' lang='lat' dir='ltr'><strong>cultus?</strong></span> <span class='ocrx_word' id='word_1_163' title='bbox 1631 2029 1722 2082; x_wconf 85' lang='lat' dir='ltr'><strong>Vis</strong></span> <span class='ocrx_word' id='word_1_164' title='bbox 1744 2029 1837 2082; x_wconf 89' lang='lat' dir='ltr'><strong>tibi</strong></span> <span class='ocrx_word' id='word_1_165' title='bbox 1863 2030 2078 2084; x_wconf 88' lang='lat' dir='ltr'><strong>recitem</strong></span> 
     </span>
    </p>
   </div>
   <div class='ocr_carea' id='block_1_21' title="bbox 502 2117 2080 2188">
    <p class='ocr_par' dir='ltr' id='par_1_21' title="bbox 502 2117 2080 2188">
     <span class='ocr_line' id='line_1_21' title="bbox 502 2117 2080 2188; baseline 0.001 -18"><span class='ocrx_word' id='word_1_166' title='bbox 502 2118 646 2185; x_wconf 87' lang='lat' dir='ltr'><strong>leges</strong></span> <span class='ocrx_word' id='word_1_167' title='bbox 675 2117 741 2170; x_wconf 87' lang='lat' dir='ltr'><strong>de</strong></span> <span class='ocrx_word' id='word_1_168' title='bbox 778 2119 1077 2175; x_wconf 85' lang='lat' dir='ltr'><strong>sacerdotio</strong></span> <span class='ocrx_word' id='word_1_169' title='bbox 1096 2161 1110 2184; x_wconf 94' lang='lat'><strong>,</strong></span> <span class='ocrx_word' id='word_1_170' title='bbox 1138 2118 1404 2188; x_wconf 90' lang='lat' dir='ltr'><strong>quomodo</strong></span> <span class='ocrx_word' id='word_1_171' title='bbox 1432 2117 1573 2172; x_wconf 88' lang='lat' dir='ltr'><strong>soliti</strong></span> <span class='ocrx_word' id='word_1_172' title='bbox 1602 2117 1708 2174; x_wconf 91' lang='lat' dir='ltr'><strong>sint</strong></span> <span class='ocrx_word' id='word_1_173' title='bbox 1734 2118 1860 2172; x_wconf 90' lang='lat' dir='ltr'><strong>olim</strong></span> <span class='ocrx_word' id='word_1_174' title='bbox 1889 2133 2080 2172; x_wconf 86' lang='lat' dir='ltr'><strong>conse-</strong></span> 
     </span>
    </p>
   </div>
   <div class='ocr_carea' id='block_1_22' title="bbox 501 2206 2083 2280">
    <p class='ocr_par' dir='ltr' id='par_1_22' title="bbox 501 2206 2083 2280">
     <span class='ocr_line' id='line_1_22' title="bbox 501 2206 2083 2280; baseline 0.001 -20"><span class='ocrx_word' id='word_1_175' title='bbox 501 2207 680 2262; x_wconf 82' lang='lat' dir='ltr'><strong>crari?</strong></span> <span class='ocrx_word' id='word_1_176' title='bbox 705 2206 768 2265; x_wconf 82' lang='lat' dir='ltr'><strong>Ut</strong></span> <span class='ocrx_word' id='word_1_177' title='bbox 796 2209 1079 2280; x_wconf 79' lang='lat' dir='ltr'><strong>intelligas,</strong></span> <span class='ocrx_word' id='word_1_178' title='bbox 1109 2209 1248 2279; x_wconf 90' lang='lat' dir='ltr'><strong>quod</strong></span> <span class='ocrx_word' id='word_1_179' title='bbox 1273 2209 1362 2279; x_wconf 90' lang='lat' dir='ltr'><strong>qui</strong></span> <span class='ocrx_word' id='word_1_180' title='bbox 1391 2224 1532 2265; x_wconf 89' lang='lat' dir='ltr'><strong>nunc</strong></span> <span class='ocrx_word' id='word_1_181' title='bbox 1552 2209 1690 2278; x_wconf 90' lang='lat' dir='ltr'><strong>apud</strong></span> <span class='ocrx_word' id='word_1_182' title='bbox 1716 2223 1811 2264; x_wconf 92' lang='lat' dir='ltr'><strong>vos</strong></span> <span class='ocrx_word' id='word_1_183' title='bbox 1837 2208 2083 2263; x_wconf 90' lang='lat' dir='ltr'><strong>dicuntur</strong></span> 
     </span>
    </p>
   </div>
   <div class='ocr_carea' id='block_1_23' title="bbox 501 2297 2080 2376">
    <p class='ocr_par' dir='ltr' id='par_1_23' title="bbox 501 2297 2080 2376">
     <span class='ocr_line' id='line_1_23' title="bbox 501 2297 2080 2376; baseline -0.006 -17"><span class='ocrx_word' id='word_1_184' title='bbox 501 2297 835 2376; x_wconf 55' lang='lat' dir='ltr'><strong>patriarcha,</strong></span> <span class='ocrx_word' id='word_1_185' title='bbox 860 2316 962 2354; x_wconf 93' lang='lat' dir='ltr'><strong>non</strong></span> <span class='ocrx_word' id='word_1_186' title='bbox 989 2301 1094 2353; x_wconf 88' lang='lat' dir='ltr'><strong>sint</strong></span> <span class='ocrx_word' id='word_1_187' title='bbox 1113 2299 1436 2366; x_wconf 75' lang='lat' dir='ltr'><strong>sacerdotes,</strong></span> <span class='ocrx_word' id='word_1_188' title='bbox 1462 2297 1554 2353; x_wconf 87' lang='lat' dir='ltr'><strong>sed</strong></span> <span class='ocrx_word' id='word_1_189' title='bbox 1579 2313 1671 2368; x_wconf 87' lang='lat' dir='ltr'><strong>per</strong></span> <span class='ocrx_word' id='word_1_190' title='bbox 1694 2297 2080 2352; x_wconf 88' lang='lat' dir='ltr'><strong>simulationem</strong></span> 
     </span>
    </p>
   </div>
   <div class='ocr_carea' id='block_1_24' title="bbox 500 2389 2081 2460">
    <p class='ocr_par' dir='ltr' id='par_1_24' title="bbox 500 2389 2081 2460">
     <span class='ocr_line' id='line_1_24' title="bbox 500 2389 2081 2460; baseline -0.005 -10"><span class='ocrx_word' id='word_1_191' title='bbox 500 2397 836 2452; x_wconf 89' lang='lat' dir='ltr'><strong>sacerdotum</strong></span> <span class='ocrx_word' id='word_1_192' title='bbox 868 2399 1025 2460; x_wconf 87' lang='lat' dir='ltr'><strong>agant</strong></span> <span class='ocrx_word' id='word_1_193' title='bbox 1065 2406 1342 2460; x_wconf 87' lang='lat' dir='ltr'><strong>personam</strong></span> <span class='ocrx_word' id='word_1_194' title='bbox 1364 2431 1380 2454; x_wconf 91' lang='lat'><strong>,</strong></span> <span class='ocrx_word' id='word_1_195' title='bbox 1408 2405 1508 2445; x_wconf 90' lang='lat' dir='ltr'><strong>nec</strong></span> <span class='ocrx_word' id='word_1_196' title='bbox 1535 2389 1688 2445; x_wconf 82' lang='lat' dir='ltr'><strong>aliter</strong></span> <span class='ocrx_word' id='word_1_197' title='bbox 1715 2389 1899 2444; x_wconf 89' lang='lat' dir='ltr'><strong>ludant</strong></span> <span class='ocrx_word' id='word_1_198' title='bbox 1923 2403 2081 2458; x_wconf 85' lang='lat' dir='ltr'><strong>quam</strong></span> 
     </span>
    </p>
   </div>
   <div class='ocr_carea' id='block_1_25' title="bbox 502 2479 2074 2546">
    <p class='ocr_par' dir='ltr' id='par_1_25' title="bbox 502 2479 2074 2546">
     <span class='ocr_line' id='line_1_25' title="bbox 502 2479 2074 2546; baseline -0.006 -4"><span class='ocrx_word' id='word_1_199' title='bbox 502 2489 783 2544; x_wconf 64' lang='lat' dir='ltr'><strong>lliSll‘lOlltls</strong></span> <span class='ocrx_word' id='word_1_200' title='bbox 825 2481 881 2534; x_wconf 87' lang='lat' dir='ltr'><strong>in</strong></span> <span class='ocrx_word' id='word_1_201' title='bbox 918 2496 1075 2536; x_wconf 87' lang='lat' dir='ltr'><strong>scena</strong></span> <span class='ocrx_word' id='word_1_202' title='bbox 1101 2497 1116 2545; x_wconf 86' lang='lat'><strong>;</strong></span> <span class='ocrx_word' id='word_1_203' title='bbox 1147 2481 1252 2534; x_wconf 90' lang='lat' dir='ltr'><strong>imo</strong></span> <span class='ocrx_word' id='word_1_204' title='bbox 1279 2491 1334 2534; x_wconf 88' lang='lat' dir='ltr'><strong>ut</strong></span> <span class='ocrx_word' id='word_1_205' title='bbox 1363 2481 1536 2534; x_wconf 80' lang='lat' dir='ltr'><strong>verius</strong></span> <span class='ocrx_word' id='word_1_206' title='bbox 1559 2480 1762 2546; x_wconf 88' lang='lat' dir='ltr'><strong>dicam,</strong></span> <span class='ocrx_word' id='word_1_207' title='bbox 1794 2495 1892 2534; x_wconf 89' lang='lat' dir='ltr'><strong>nec</strong></span> <span class='ocrx_word' id='word_1_208' title='bbox 1917 2479 2074 2534; x_wconf 82' lang='lat' dir='ltr'><strong>susti-</strong></span> 
     </span>
    </p>
   </div>
   <div class='ocr_carea' id='block_1_26' title="bbox 503 2571 2081 2646">
    <p class='ocr_par' dir='ltr' id='par_1_26' title="bbox 503 2571 2081 2646">
     <span class='ocr_line' id='line_1_26' title="bbox 503 2571 2081 2646; baseline -0.005 -14"><span class='ocrx_word' id='word_1_209' title='bbox 503 2595 631 2633; x_wconf 89' lang='lat' dir='ltr'><strong>nere</strong></span> <span class='ocrx_word' id='word_1_210' title='bbox 669 2577 866 2646; x_wconf 77' lang='lat' dir='ltr'><strong>possint</strong></span> <span class='ocrx_word' id='word_1_211' title='bbox 918 2571 1207 2626; x_wconf 88' lang='lat' dir='ltr'><strong>sacerdotis</strong></span> <span class='ocrx_word' id='word_1_212' title='bbox 1253 2586 1529 2640; x_wconf 87' lang='lat' dir='ltr'><strong>personam</strong></span> <span class='ocrx_word' id='word_1_213' title='bbox 1564 2589 1578 2624; x_wconf 89' lang='lat'><strong>:</strong></span> <span class='ocrx_word' id='word_1_214' title='bbox 1608 2581 1712 2624; x_wconf 88' lang='lat' dir='ltr'><strong>tam</strong></span> <span class='ocrx_word' id='word_1_215' title='bbox 1751 2571 1932 2640; x_wconf 90' lang='lat' dir='ltr'><strong>procul</strong></span> <span class='ocrx_word' id='word_1_216' title='bbox 1976 2585 2081 2624; x_wconf 93' lang='lat' dir='ltr'><strong>non</strong></span> 
     </span>
    </p>
   </div>
   <div class='ocr_carea' id='block_1_27' title="bbox 500 2665 2083 2734">
    <p class='ocr_par' dir='ltr' id='par_1_27' title="bbox 500 2665 2083 2734">
     <span class='ocr_line' id='line_1_27' title="bbox 500 2665 2083 2734; baseline -0.002 -10"><span class='ocrx_word' id='word_1_217' title='bbox 500 2671 671 2724; x_wconf 88' lang='lat' dir='ltr'><strong>solum</strong></span> <span class='ocrx_word' id='word_1_218' title='bbox 707 2685 736 2723; x_wconf 91' lang='lat' dir='ltr'><strong>a</strong></span> <span class='ocrx_word' id='word_1_219' title='bbox 774 2671 1032 2728; x_wconf 84' lang='lat' dir='ltr'><strong>veritate,</strong></span> <span class='ocrx_word' id='word_1_220' title='bbox 1065 2680 1242 2717; x_wconf 89' lang='lat' dir='ltr'><strong>verum</strong></span> <span class='ocrx_word' id='word_1_221' title='bbox 1288 2665 1446 2718; x_wconf 87' lang='lat' dir='ltr'><strong>etiam</strong></span> <span class='ocrx_word' id='word_1_222' title='bbox 1487 2665 1554 2719; x_wconf 91' lang='lat' dir='ltr'><strong>ab</strong></span> <span class='ocrx_word' id='word_1_223' title='bbox 1593 2665 1702 2734; x_wconf 87' lang='lat' dir='ltr'><strong>ipsa</strong></span> <span class='ocrx_word' id='word_1_224' title='bbox 1747 2666 2083 2722; x_wconf 84' lang='lat' dir='ltr'><strong>simulatione</strong></span> 
     </span>
    </p>
   </div>
   <div class='ocr_carea' id='block_1_28' title="bbox 499 2756 2084 2827">
    <p class='ocr_par' dir='ltr' id='par_1_28' title="bbox 499 2756 2084 2827">
     <span class='ocr_line' id='line_1_28' title="bbox 499 2756 2084 2827; baseline -0.003 -11"><span class='ocrx_word' id='word_1_225' title='bbox 499 2761 778 2816; x_wconf 85' lang='lat' dir='ltr'><strong>sacerdotii</strong></span> <span class='ocrx_word' id='word_1_226' title='bbox 808 2762 1021 2814; x_wconf 89' lang='lat' dir='ltr'><strong>absunt.</strong></span> <span class='ocrx_word' id='word_1_227' title='bbox 1051 2756 1348 2811; x_wconf 78' lang='lat' dir='ltr'><strong>Recordare</strong></span> <span class='ocrx_word' id='word_1_228' title='bbox 1380 2757 1534 2825; x_wconf 80' lang='lat' dir='ltr'><strong>igitur</strong></span> <span class='ocrx_word' id='word_1_229' title='bbox 1553 2757 1817 2827; x_wconf 90' lang='lat' dir='ltr'><strong>quomodo</strong></span> <span class='ocrx_word' id='word_1_230' title='bbox 1843 2767 1950 2812; x_wconf 87' lang='lat' dir='ltr'><strong>tum</strong></span> <span class='ocrx_word' id='word_1_231' title='bbox 1978 2760 2084 2813; x_wconf 83' lang='lat' dir='ltr'><strong>Aa-</strong></span> 
     </span>
    </p>
   </div>
   <div class='ocr_carea' id='block_1_29' title="bbox 502 2845 2084 2917">
    <p class='ocr_par' dir='ltr' id='par_1_29' title="bbox 502 2845 2084 2917">
     <span class='ocr_line' id='line_1_29' title="bbox 502 2845 2084 2917; baseline 0.001 -16"><span class='ocrx_word' id='word_1_232' title='bbox 502 2869 598 2906; x_wconf 86' lang='lat' dir='ltr'><strong>ron</strong></span> <span class='ocrx_word' id='word_1_233' title='bbox 622 2852 787 2906; x_wconf 79' lang='lat' dir='ltr'><strong>faclus</strong></span> <span class='ocrx_word' id='word_1_234' title='bbox 813 2853 880 2906; x_wconf 82' lang='lat' dir='ltr'><strong>sit</strong></span> <span class='ocrx_word' id='word_1_235' title='bbox 901 2845 1170 2911; x_wconf 67' lang='lat' dir='ltr'><strong>sacerdos,</strong></span> <span class='ocrx_word' id='word_1_236' title='bbox 1195 2856 1322 2915; x_wconf 87' lang='lat' dir='ltr'><strong>quot</strong></span> <span class='ocrx_word' id='word_1_237' title='bbox 1348 2848 1546 2902; x_wconf 75' lang='lat' dir='ltr'><strong>hosﬁas</strong></span> <span class='ocrx_word' id='word_1_238' title='bbox 1571 2863 1665 2917; x_wconf 79' lang='lat' dir='ltr'><strong>pro</strong></span> <span class='ocrx_word' id='word_1_239' title='bbox 1691 2849 1780 2903; x_wconf 84' lang='lat' dir='ltr'><strong>illo</strong></span> <span class='ocrx_word' id='word_1_240' title='bbox 1801 2848 2084 2904; x_wconf 87' lang='lat' dir='ltr'><strong>immolarit</strong></span> 
     </span>
    </p>
   </div>
   <div class='ocr_carea' id='block_1_30' title="bbox 501 2938 2081 3011">
    <p class='ocr_par' dir='ltr' id='par_1_30' title="bbox 501 2938 2081 3011">
     <span class='ocr_line' id='line_1_30' title="bbox 501 2938 2081 3011; baseline -0.001 -15"><span class='ocrx_word' id='word_1_241' title='bbox 501 2942 670 2996; x_wconf 80' lang='lat' dir='ltr'><strong>Moses</strong></span> <span class='ocrx_word' id='word_1_242' title='bbox 694 2983 709 3007; x_wconf 89' lang='lat'><strong>,</strong></span> <span class='ocrx_word' id='word_1_243' title='bbox 747 2951 877 3011; x_wconf 88' lang='lat' dir='ltr'><strong>quot</strong></span> <span class='ocrx_word' id='word_1_244' title='bbox 921 2938 1164 2997; x_wconf 78' lang='lat' dir='ltr'><strong>victimas</strong></span> <span class='ocrx_word' id='word_1_245' title='bbox 1211 2941 1588 3007; x_wconf 85' lang='lat' dir='ltr'><strong>prostraverit,</strong></span> <span class='ocrx_word' id='word_1_246' title='bbox 1623 2941 1890 3010; x_wconf 88' lang='lat' dir='ltr'><strong>quomodo</strong></span> <span class='ocrx_word' id='word_1_247' title='bbox 1932 2941 2081 2996; x_wconf 74' lang='lat' dir='ltr'><strong>illum</strong></span> 
     </span>
    </p>
   </div>
   <div class='ocr_carea' id='block_1_31' title="bbox 501 3030 2079 3103">
    <p class='ocr_par' dir='ltr' id='par_1_31' title="bbox 501 3030 2079 3103">
     <span class='ocr_line' id='line_1_31' title="bbox 501 3030 2079 3103; baseline 0 -15"><span class='ocrx_word' id='word_1_248' title='bbox 501 3034 720 3099; x_wconf 85' lang='lat' dir='ltr'><strong>laverit,</strong></span> <span class='ocrx_word' id='word_1_249' title='bbox 747 3033 1012 3103; x_wconf 86' lang='lat' dir='ltr'><strong>quomodo</strong></span> <span class='ocrx_word' id='word_1_250' title='bbox 1044 3030 1254 3083; x_wconf 75' lang='lat' dir='ltr'><strong>uuxcrit</strong></span> <span class='ocrx_word' id='word_1_251' title='bbox 1285 3030 1449 3098; x_wconf 88' lang='lat' dir='ltr'><strong>ipsius</strong></span> <span class='ocrx_word' id='word_1_252' title='bbox 1477 3041 1770 3085; x_wconf 86' lang='lat' dir='ltr'><strong>cxtrenmm</strong></span> <span class='ocrx_word' id='word_1_253' title='bbox 1795 3033 2043 3088; x_wconf 77' lang='lat' dir='ltr'><strong>auricula:</strong></span> <span class='ocrx_word' id='word_1_254' title='bbox 2061 3074 2079 3100; x_wconf 90' lang='lat'><strong>,</strong></span> 
     </span>
    </p>
   </div>
   <div class='ocr_carea' id='block_1_32' title="bbox 500 3119 2080 3188">
    <p class='ocr_par' dir='ltr' id='par_1_32' title="bbox 500 3119 2080 3188">
     <span class='ocr_line' id='line_1_32' title="bbox 500 3119 2080 3188; baseline 0.001 -11"><span class='ocrx_word' id='word_1_255' title='bbox 500 3140 709 3178; x_wconf 90' lang='lat' dir='ltr'><strong>manum</strong></span> <span class='ocrx_word' id='word_1_256' title='bbox 738 3125 1014 3188; x_wconf 81' lang='lat' dir='ltr'><strong>dextram,</strong></span> <span class='ocrx_word' id='word_1_257' title='bbox 1051 3119 1238 3188; x_wconf 86' lang='lat' dir='ltr'><strong>pedem</strong></span> <span class='ocrx_word' id='word_1_258' title='bbox 1269 3120 1508 3176; x_wconf 82' lang='lat' dir='ltr'><strong>dextrum</strong></span> <span class='ocrx_word' id='word_1_259' title='bbox 1530 3160 1546 3186; x_wconf 93' lang='lat'><strong>,</strong></span> <span class='ocrx_word' id='word_1_260' title='bbox 1577 3120 1770 3176; x_wconf 88' lang='lat' dir='ltr'><strong>deinde</strong></span> <span class='ocrx_word' id='word_1_261' title='bbox 1809 3122 1859 3175; x_wconf 93' lang='lat' dir='ltr'><strong>in</strong></span> <span class='ocrx_word' id='word_1_262' title='bbox 1900 3132 2080 3179; x_wconf 88' lang='lat' dir='ltr'><strong>saneta</strong></span> 
     </span>
    </p>
   </div>
   <div class='ocr_carea' id='block_1_33' title="bbox 497 3209 2080 3286">
    <p class='ocr_par' dir='ltr' id='par_1_33' title="bbox 497 3209 2080 3286">
     <span class='ocr_line' id='line_1_33' title="bbox 497 3209 2080 3286; baseline 0 -18"><span class='ocrx_word' id='word_1_263' title='bbox 497 3225 799 3268; x_wconf 84' lang='lat' dir='ltr'><strong>sanctorum</strong></span> <span class='ocrx_word' id='word_1_264' title='bbox 831 3210 1182 3267; x_wconf 76' lang='lat' dir='ltr'><strong>introduxerit</strong></span> <span class='ocrx_word' id='word_1_265' title='bbox 1206 3225 1221 3273; x_wconf 90' lang='lat'><strong>;</strong></span> <span class='ocrx_word' id='word_1_266' title='bbox 1261 3218 1380 3278; x_wconf 87' lang='lat' dir='ltr'><strong>post</strong></span> <span class='ocrx_word' id='word_1_267' title='bbox 1397 3209 1748 3277; x_wconf 71' lang='lat' dir='ltr'><strong>hatcjusserit</strong></span> <span class='ocrx_word' id='word_1_268' title='bbox 1769 3213 2080 3286; x_wconf 67' lang='lat' dir='ltr'><strong>praescripto</strong></span> 
     </span>
    </p>
   </div>
   <div class='ocr_carea' id='block_1_34' title="bbox 497 3297 2083 3371">
    <p class='ocr_par' dir='ltr' id='par_1_34' title="bbox 497 3297 2083 3371">
     <span class='ocr_line' id='line_1_34' title="bbox 497 3297 2083 3371; baseline -0.001 -14"><span class='ocrx_word' id='word_1_269' title='bbox 497 3305 702 3358; x_wconf 85' lang='lat' dir='ltr'><strong>dierum</strong></span> <span class='ocrx_word' id='word_1_270' title='bbox 730 3317 950 3356; x_wconf 89' lang='lat' dir='ltr'><strong>numero</strong></span> <span class='ocrx_word' id='word_1_271' title='bbox 979 3313 1197 3354; x_wconf 85' lang='lat' dir='ltr'><strong>manere</strong></span> <span class='ocrx_word' id='word_1_272' title='bbox 1223 3297 1384 3350; x_wconf 85' lang='lat' dir='ltr'><strong>intus.</strong></span> <span class='ocrx_word' id='word_1_273' title='bbox 1407 3297 1543 3363; x_wconf 87' lang='lat' dir='ltr'><strong>Quin</strong></span> <span class='ocrx_word' id='word_1_274' title='bbox 1575 3300 1748 3368; x_wconf 89' lang='lat' dir='ltr'><strong>potius</strong></span> <span class='ocrx_word' id='word_1_275' title='bbox 1767 3316 1945 3370; x_wconf 77' lang='lat' dir='ltr'><strong>opera:</strong></span> <span class='ocrx_word' id='word_1_276' title='bbox 1971 3317 2083 3371; x_wconf 82' lang='lat' dir='ltr'><strong>pre-</strong></span> 
     </span>
    </p>
   </div>
   <div class='ocr_carea' id='block_1_35' title="bbox 502 3385 2078 3459">
    <p class='ocr_par' dir='ltr' id='par_1_35' title="bbox 502 3385 2078 3459">
     <span class='ocr_line' id='line_1_35' title="bbox 502 3385 2078 3459; baseline 0.001 -15"><span class='ocrx_word' id='word_1_277' title='bbox 502 3393 631 3446; x_wconf 89' lang='lat' dir='ltr'><strong>tium</strong></span> <span class='ocrx_word' id='word_1_278' title='bbox 657 3401 738 3446; x_wconf 90' lang='lat' dir='ltr'><strong>est</strong></span> <span class='ocrx_word' id='word_1_279' title='bbox 764 3392 874 3459; x_wconf 90' lang='lat' dir='ltr'><strong>ipsa</strong></span> <span class='ocrx_word' id='word_1_280' title='bbox 903 3392 1062 3444; x_wconf 87' lang='lat' dir='ltr'><strong>verba</strong></span> <span class='ocrx_word' id='word_1_281' title='bbox 1095 3385 1277 3440; x_wconf 88' lang='lat' dir='ltr'><strong>audire</strong></span> <span class='ocrx_word' id='word_1_282' title='bbox 1307 3404 1320 3440; x_wconf 91' lang='lat'><strong>:</strong></span> <span class='ocrx_word' id='word_1_283' title='bbox 1357 3385 1480 3441; x_wconf 68' lang='lat' dir='ltr'><strong>Hau:</strong></span> <span class='ocrx_word' id='word_1_284' title='bbox 1499 3429 1514 3454; x_wconf 91' lang='lat'><strong>,</strong></span> <span class='ocrx_word' id='word_1_285' title='bbox 1547 3389 1747 3458; x_wconf 88' lang='lat' dir='ltr'><strong>inquit,</strong></span> <span class='ocrx_word' id='word_1_286' title='bbox 1777 3393 1943 3445; x_wconf 81' lang='lat' dir='ltr'><strong>unctio</strong></span> <span class='ocrx_word' id='word_1_287' title='bbox 1973 3393 2078 3446; x_wconf 80' lang='lat' dir='ltr'><strong>Aa-</strong></span> 
     </span>
    </p>
   </div>
   <div class='ocr_carea' id='block_1_36' title="bbox 498 3476 2080 3547">
    <p class='ocr_par' dir='ltr' id='par_1_36' title="bbox 498 3476 2080 3547">
     <span class='ocr_line' id='line_1_36' title="bbox 498 3476 2080 3547; baseline 0.003 -13"><span class='ocrx_word' id='word_1_288' title='bbox 498 3499 608 3546; x_wconf 91' lang='lat' dir='ltr'><strong>ron,</strong></span> <span class='ocrx_word' id='word_1_289' title='bbox 633 3491 680 3534; x_wconf 88' lang='lat' dir='ltr'><strong>et</strong></span> <span class='ocrx_word' id='word_1_290' title='bbox 705 3490 870 3533; x_wconf 79' lang='lat' dir='ltr'><strong>unctio</strong></span> <span class='ocrx_word' id='word_1_291' title='bbox 897 3481 1117 3547; x_wconf 76' lang='lat' dir='ltr'><strong>ﬁliorum</strong></span> <span class='ocrx_word' id='word_1_292' title='bbox 1145 3477 1272 3547; x_wconf 89' lang='lat' dir='ltr'><strong>ejus.</strong></span> <span class='ocrx_word' id='word_1_293' title='bbox 1297 3476 1364 3530; x_wconf 81' lang='lat' dir='ltr'><strong>Et</strong></span> <span class='ocrx_word' id='word_1_294' title='bbox 1389 3478 1622 3547; x_wconf 84' lang='lat' dir='ltr'><strong>loquutus</strong></span> <span class='ocrx_word' id='word_1_295' title='bbox 1646 3489 1719 3534; x_wconf 90' lang='lat' dir='ltr'><strong>est</strong></span> <span class='ocrx_word' id='word_1_296' title='bbox 1745 3480 1990 3538; x_wconf 88' lang='lat' dir='ltr'><strong>Dominus</strong></span> <span class='ocrx_word' id='word_1_297' title='bbox 2011 3486 2080 3539; x_wconf 90' lang='lat' dir='ltr'><strong>ad</strong></span> 
     </span>
    </p>
   </div>
   <div class='ocr_carea' id='block_1_37' title="bbox 502 3569 2080 3640">
    <p class='ocr_par' dir='ltr' id='par_1_37' title="bbox 502 3569 2080 3640">
     <span class='ocr_line' id='line_1_37' title="bbox 502 3569 2080 3640; baseline 0.003 -14"><span class='ocrx_word' id='word_1_298' title='bbox 502 3573 694 3626; x_wconf 71' lang='lat' dir='ltr'><strong>.ilosem</strong></span> <span class='ocrx_word' id='word_1_299' title='bbox 731 3573 900 3624; x_wconf 86' lang='lat' dir='ltr'><strong>dicens</strong></span> <span class='ocrx_word' id='word_1_300' title='bbox 931 3587 948 3624; x_wconf 91' lang='lat'><strong><em>:</em></strong></span> <span class='ocrx_word' id='word_1_301' title='bbox 976 3572 1189 3625; x_wconf 86' lang='lat' dir='ltr'><strong>Assume</strong></span> <span class='ocrx_word' id='word_1_302' title='bbox 1221 3569 1392 3622; x_wconf 83' lang='lat' dir='ltr'><strong>Aaron</strong></span> <span class='ocrx_word' id='word_1_303' title='bbox 1429 3579 1475 3623; x_wconf 89' lang='lat' dir='ltr'><strong>et</strong></span> <span class='ocrx_word' id='word_1_304' title='bbox 1513 3569 1646 3638; x_wconf 82' lang='lat' dir='ltr'><strong>ﬁlios</strong></span> <span class='ocrx_word' id='word_1_305' title='bbox 1681 3573 1818 3640; x_wconf 85' lang='lat' dir='ltr'><strong>ejus,</strong></span> <span class='ocrx_word' id='word_1_306' title='bbox 1845 3583 1893 3627; x_wconf 90' lang='lat' dir='ltr'><strong>et</strong></span> <span class='ocrx_word' id='word_1_307' title='bbox 1924 3575 2080 3630; x_wconf 88' lang='lat' dir='ltr'><strong>stolas</strong></span> 
     </span>
    </p>
   </div>
   <div class='ocr_carea' id='block_1_38' title="bbox 499 3661 2078 3733">
    <p class='ocr_par' dir='ltr' id='par_1_38' title="bbox 499 3661 2078 3733">
     <span class='ocr_line' id='line_1_38' title="bbox 499 3661 2078 3733; baseline 0.002 -16"><span class='ocrx_word' id='word_1_308' title='bbox 499 3681 697 3731; x_wconf 78' lang='lat' dir='ltr'><strong>eorum,</strong></span> <span class='ocrx_word' id='word_1_309' title='bbox 727 3673 774 3717; x_wconf 89' lang='lat' dir='ltr'><strong>et</strong></span> <span class='ocrx_word' id='word_1_310' title='bbox 807 3663 1052 3717; x_wconf 85' lang='lat' dir='ltr'><strong>unctionis</strong></span> <span class='ocrx_word' id='word_1_311' title='bbox 1094 3661 1262 3715; x_wconf 85' lang='lat' dir='ltr'><strong>oleum</strong></span> <span class='ocrx_word' id='word_1_312' title='bbox 1281 3700 1295 3722; x_wconf 96' lang='lat'><strong>,</strong></span> <span class='ocrx_word' id='word_1_313' title='bbox 1333 3669 1379 3712; x_wconf 90' lang='lat' dir='ltr'><strong>et</strong></span> <span class='ocrx_word' id='word_1_314' title='bbox 1405 3661 1612 3714; x_wconf 80' lang='lat' dir='ltr'><strong>vitulum</strong></span> <span class='ocrx_word' id='word_1_315' title='bbox 1643 3679 1734 3731; x_wconf 87' lang='lat' dir='ltr'><strong>pro</strong></span> <span class='ocrx_word' id='word_1_316' title='bbox 1772 3678 1970 3732; x_wconf 86' lang='lat' dir='ltr'><strong>peccato</strong></span> <span class='ocrx_word' id='word_1_317' title='bbox 1991 3707 2007 3733; x_wconf 94' lang='lat'><strong>,</strong></span> <span class='ocrx_word' id='word_1_318' title='bbox 2033 3674 2078 3720; x_wconf 87' lang='lat' dir='ltr'><strong>et</strong></span> 
     </span>
    </p>
   </div>
   <div class='ocr_carea' id='block_1_39' title="bbox 497 3750 2080 3822">
    <p class='ocr_par' dir='ltr' id='par_1_39' title="bbox 497 3750 2080 3822">
     <span class='ocr_line' id='line_1_39' title="bbox 497 3750 2080 3822; baseline 0.001 -14"><span class='ocrx_word' id='word_1_319' title='bbox 497 3756 731 3822; x_wconf 82' lang='lat' dir='ltr'><strong>arietem,</strong></span> <span class='ocrx_word' id='word_1_320' title='bbox 759 3764 806 3808; x_wconf 91' lang='lat' dir='ltr'><strong>et</strong></span> <span class='ocrx_word' id='word_1_321' title='bbox 843 3769 1060 3807; x_wconf 86' lang='lat' dir='ltr'><strong>convoca</strong></span> <span class='ocrx_word' id='word_1_322' title='bbox 1098 3766 1410 3821; x_wconf 83' lang='lat' dir='ltr'><strong>synagogam</strong></span> <span class='ocrx_word' id='word_1_323' title='bbox 1445 3750 1514 3802; x_wconf 85' lang='lat' dir='ltr'><strong>ad</strong></span> <span class='ocrx_word' id='word_1_324' title='bbox 1553 3753 1736 3805; x_wconf 85' lang='lat' dir='ltr'><strong>ostium</strong></span> <span class='ocrx_word' id='word_1_325' title='bbox 1772 3753 2080 3810; x_wconf 84' lang='lat' dir='ltr'><strong>tabernaculi</strong></span> 
     </span>
    </p>
   </div>
   <div class='ocr_carea' id='block_1_40' title="bbox 496 3843 2080 3918">
    <p class='ocr_par' dir='ltr' id='par_1_40' title="bbox 496 3843 2080 3918">
     <span class='ocr_line' id='line_1_40' title="bbox 496 3843 2080 3918; baseline 0.001 -17"><span class='ocrx_word' id='word_1_326' title='bbox 496 3846 782 3901; x_wconf 78' lang='lat' dir='ltr'><strong>testimonii.</strong></span> <span class='ocrx_word' id='word_1_327' title='bbox 811 3845 877 3898; x_wconf 80' lang='lat' dir='ltr'><strong>Et</strong></span> <span class='ocrx_word' id='word_1_328' title='bbox 901 3847 1027 3899; x_wconf 70' lang='lat' dir='ltr'><strong>dixit</strong></span> <span class='ocrx_word' id='word_1_329' title='bbox 1055 3844 1223 3899; x_wconf 78' lang='lat' dir='ltr'><strong>Moses</strong></span> <span class='ocrx_word' id='word_1_330' title='bbox 1249 3843 1492 3896; x_wconf 72' lang='lat' dir='ltr'><strong>universa:</strong></span> <span class='ocrx_word' id='word_1_331' title='bbox 1530 3845 1840 3899; x_wconf 84' lang='lat' dir='ltr'><strong>multitudini</strong></span> <span class='ocrx_word' id='word_1_332' title='bbox 1872 3863 2080 3918; x_wconf 84' lang='lat' dir='ltr'><strong>congre-</strong></span> 
     </span>
    </p>
   </div>
   <div class='ocr_carea' id='block_1_41' title="bbox 497 3933 2077 4007">
    <p class='ocr_par' dir='ltr' id='par_1_41' title="bbox 497 3933 2077 4007">
     <span class='ocr_line' id='line_1_41' title="bbox 497 3933 2077 4007; baseline 0 -17"><span class='ocrx_word' id='word_1_333' title='bbox 497 3947 626 4007; x_wconf 81' lang='lat' dir='ltr'><strong>gata:</strong></span> <span class='ocrx_word' id='word_1_334' title='bbox 652 3953 671 3990; x_wconf 88' lang='lat'><strong><em>:</em></strong></span> <span class='ocrx_word' id='word_1_335' title='bbox 695 3936 776 3988; x_wconf 88' lang='lat' dir='ltr'><strong>ltic</strong></span> <span class='ocrx_word' id='word_1_336' title='bbox 800 3945 870 3989; x_wconf 90' lang='lat' dir='ltr'><strong>est</strong></span> <span class='ocrx_word' id='word_1_337' title='bbox 895 3951 1076 4000; x_wconf 83' lang='lat' dir='ltr'><strong>sermo,</strong></span> <span class='ocrx_word' id='word_1_338' title='bbox 1103 3948 1250 4003; x_wconf 85' lang='lat' dir='ltr'><strong>quem</strong></span> <span class='ocrx_word' id='word_1_339' title='bbox 1278 3934 1532 3986; x_wconf 83' lang='lat' dir='ltr'><strong>mandavit</strong></span> <span class='ocrx_word' id='word_1_340' title='bbox 1555 3933 1820 3988; x_wconf 83' lang='lat' dir='ltr'><strong>Dominus.</strong></span> <span class='ocrx_word' id='word_1_341' title='bbox 1850 3934 1917 3989; x_wconf 87' lang='lat' dir='ltr'><strong>Et</strong></span> <span class='ocrx_word' id='word_1_342' title='bbox 1938 3947 2077 4006; x_wconf 85' lang='lat' dir='ltr'><strong>post-</strong></span> 
     </span>
    </p>
   </div>
   <div class='ocr_carea' id='block_1_42' title="bbox 496 4022 2075 4098">
    <p class='ocr_par' dir='ltr' id='par_1_42' title="bbox 496 4022 2075 4098">
     <span class='ocr_line' id='line_1_42' title="bbox 496 4022 2075 4098; baseline 0.005 -24"><span class='ocrx_word' id='word_1_343' title='bbox 496 4044 646 4096; x_wconf 80' lang='lat' dir='ltr'><strong>quam</strong></span> <span class='ocrx_word' id='word_1_344' title='bbox 673 4027 968 4080; x_wconf 75' lang='lat' dir='ltr'><strong>admovisset</strong></span> <span class='ocrx_word' id='word_1_345' title='bbox 995 4042 1076 4080; x_wconf 83' lang='lat' dir='ltr'><strong>eos</strong></span> <span class='ocrx_word' id='word_1_346' title='bbox 1107 4022 1407 4095; x_wconf 89' lang='lat' dir='ltr'><strong>(dicendum</strong></span> <span class='ocrx_word' id='word_1_347' title='bbox 1436 4033 1518 4078; x_wconf 87' lang='lat' dir='ltr'><strong>est</strong></span> <span class='ocrx_word' id='word_1_348' title='bbox 1543 4026 1683 4078; x_wconf 87' lang='lat' dir='ltr'><strong>enim</strong></span> <span class='ocrx_word' id='word_1_349' title='bbox 1715 4028 2075 4098; x_wconf 88' lang='lat' dir='ltr'><strong>compendio),</strong></span> 
     </span>
    </p>
   </div>
   <div class='ocr_carea' id='block_1_43' title="bbox 495 4114 2080 4191">
    <p class='ocr_par' dir='ltr' id='par_1_43' title="bbox 495 4114 2080 4191">
     <span class='ocr_line' id='line_1_43' title="bbox 495 4114 2080 4191; baseline 0.001 -20"><span class='ocrx_word' id='word_1_350' title='bbox 495 4120 612 4171; x_wconf 85' lang='lat' dir='ltr'><strong>lavit</strong></span> <span class='ocrx_word' id='word_1_351' title='bbox 633 4134 714 4172; x_wconf 86' lang='lat' dir='ltr'><strong>eos</strong></span> <span class='ocrx_word' id='word_1_352' title='bbox 734 4133 884 4188; x_wconf 88' lang='lat' dir='ltr'><strong>aqua,</strong></span> <span class='ocrx_word' id='word_1_353' title='bbox 910 4116 1076 4170; x_wconf 84' lang='lat' dir='ltr'><strong>induit</strong></span> <span class='ocrx_word' id='word_1_354' title='bbox 1099 4114 1288 4180; x_wconf 87' lang='lat' dir='ltr'><strong>tunica,</strong></span> <span class='ocrx_word' id='word_1_355' title='bbox 1316 4114 1469 4167; x_wconf 74' lang='lat' dir='ltr'><strong>cinxit</strong></span> <span class='ocrx_word' id='word_1_356' title='bbox 1493 4131 1641 4180; x_wconf 70' lang='lat' dir='ltr'><strong>zona,</strong></span> <span class='ocrx_word' id='word_1_357' title='bbox 1668 4116 1830 4170; x_wconf 87' lang='lat' dir='ltr'><strong>induit</strong></span> <span class='ocrx_word' id='word_1_358' title='bbox 1857 4121 2080 4191; x_wconf 85' lang='lat' dir='ltr'><strong>epcndy-</strong></span> 
     </span>
    </p>
   </div>
   <div class='ocr_carea' id='block_1_44' title="bbox 496 4205 2074 4278">
    <p class='ocr_par' dir='ltr' id='par_1_44' title="bbox 496 4205 2074 4278">
     <span class='ocr_line' id='line_1_44' title="bbox 496 4205 2074 4278; baseline 0.003 -18"><span class='ocrx_word' id='word_1_359' title='bbox 496 4221 604 4273; x_wconf 87' lang='lat' dir='ltr'><strong>ten,</strong></span> <span class='ocrx_word' id='word_1_360' title='bbox 630 4208 866 4276; x_wconf 84' lang='lat' dir='ltr'><strong>imposuit</strong></span> <span class='ocrx_word' id='word_1_361' title='bbox 895 4208 1181 4270; x_wconf 88' lang='lat' dir='ltr'><strong>ltumerale,</strong></span> <span class='ocrx_word' id='word_1_362' title='bbox 1213 4205 1473 4277; x_wconf 68' lang='lat' dir='ltr'><strong>pra’cinxit</strong></span> <span class='ocrx_word' id='word_1_363' title='bbox 1497 4205 1643 4258; x_wconf 90' lang='lat' dir='ltr'><strong>illum</strong></span> <span class='ocrx_word' id='word_1_364' title='bbox 1667 4223 1726 4260; x_wconf 89' lang='lat' dir='ltr'><strong>ac</strong></span> <span class='ocrx_word' id='word_1_365' title='bbox 1750 4208 2074 4278; x_wconf 76' lang='lat' dir='ltr'><strong>substrinxit,</strong></span> 
     </span>
    </p>
   </div>
   <div class='ocr_carea' id='block_1_45' title="bbox 492 4296 2072 4368">
    <p class='ocr_par' dir='ltr' id='par_1_45' title="bbox 492 4296 2072 4368">
     <span class='ocr_line' id='line_1_45' title="bbox 492 4296 2072 4368; baseline 0.001 -16"><span class='ocrx_word' id='word_1_366' title='bbox 492 4299 728 4368; x_wconf 82' lang='lat' dir='ltr'><strong>imposuit</strong></span> <span class='ocrx_word' id='word_1_367' title='bbox 755 4298 996 4351; x_wconf 81' lang='lat' dir='ltr'><strong>rationale</strong></span> <span class='ocrx_word' id='word_1_368' title='bbox 1014 4337 1029 4362; x_wconf 95' lang='lat'><strong>,</strong></span> <span class='ocrx_word' id='word_1_369' title='bbox 1061 4307 1104 4350; x_wconf 87' lang='lat' dir='ltr'><strong>et</strong></span> <span class='ocrx_word' id='word_1_370' title='bbox 1130 4313 1280 4366; x_wconf 89' lang='lat' dir='ltr'><strong>super</strong></span> <span class='ocrx_word' id='word_1_371' title='bbox 1305 4296 1552 4350; x_wconf 78' lang='lat' dir='ltr'><strong>rationale</strong></span> <span class='ocrx_word' id='word_1_372' title='bbox 1575 4298 1812 4368; x_wconf 87' lang='lat' dir='ltr'><strong>imposuit</strong></span> <span class='ocrx_word' id='word_1_373' title='bbox 1837 4299 2072 4355; x_wconf 89' lang='lat' dir='ltr'><strong>declara-</strong></span> 
     </span>
    </p>
   </div>
   <div class='ocr_carea' id='block_1_46' title="bbox 493 4389 2074 4460">
    <p class='ocr_par' dir='ltr' id='par_1_46' title="bbox 493 4389 2074 4460">
     <span class='ocr_line' id='line_1_46' title="bbox 493 4389 2074 4460; baseline 0.004 -19"><span class='ocrx_word' id='word_1_374' title='bbox 493 4391 677 4442; x_wconf 87' lang='lat' dir='ltr'><strong>tionem</strong></span> <span class='ocrx_word' id='word_1_375' title='bbox 702 4398 749 4442; x_wconf 89' lang='lat' dir='ltr'><strong>et</strong></span> <span class='ocrx_word' id='word_1_376' title='bbox 775 4391 1027 4443; x_wconf 82' lang='lat' dir='ltr'><strong>ueritatem</strong></span> <span class='ocrx_word' id='word_1_377' title='bbox 1057 4403 1076 4441; x_wconf 90' lang='lat'><strong><em>:</em></strong></span> <span class='ocrx_word' id='word_1_378' title='bbox 1099 4399 1144 4442; x_wconf 90' lang='lat' dir='ltr'><strong>et</strong></span> <span class='ocrx_word' id='word_1_379' title='bbox 1169 4389 1368 4450; x_wconf 81' lang='lat' dir='ltr'><strong>mitram</strong></span> <span class='ocrx_word' id='word_1_380' title='bbox 1396 4389 1630 4458; x_wconf 88' lang='lat' dir='ltr'><strong>imposuit</strong></span> <span class='ocrx_word' id='word_1_381' title='bbox 1657 4391 1812 4460; x_wconf 87' lang='lat' dir='ltr'><strong>capiti</strong></span> <span class='ocrx_word' id='word_1_382' title='bbox 1837 4390 1996 4457; x_wconf 86' lang='lat' dir='ltr'><strong>illius,</strong></span> <span class='ocrx_word' id='word_1_383' title='bbox 2029 4402 2074 4447; x_wconf 88' lang='lat' dir='ltr'><strong>et</strong></span> 
     </span>
    </p>
   </div>
   <div class='ocr_carea' id='block_1_47' title="bbox 492 4479 2072 4550">
    <p class='ocr_par' dir='ltr' id='par_1_47' title="bbox 492 4479 2072 4550">
     <span class='ocr_line' id='line_1_47' title="bbox 492 4479 2072 4550; baseline 0.003 -18"><span class='ocrx_word' id='word_1_384' title='bbox 492 4496 643 4548; x_wconf 84' lang='lat' dir='ltr'><strong>super</strong></span> <span class='ocrx_word' id='word_1_385' title='bbox 685 4480 884 4532; x_wconf 89' lang='lat' dir='ltr'><strong>mitram</strong></span> <span class='ocrx_word' id='word_1_386' title='bbox 928 4479 1170 4532; x_wconf 88' lang='lat' dir='ltr'><strong>laminam</strong></span> <span class='ocrx_word' id='word_1_387' title='bbox 1213 4495 1417 4531; x_wconf 88' lang='lat' dir='ltr'><strong>auream</strong></span> <span class='ocrx_word' id='word_1_388' title='bbox 1455 4495 1474 4532; x_wconf 81' lang='lat'><strong>.°</strong></span> <span class='ocrx_word' id='word_1_389' title='bbox 1509 4480 1688 4534; x_wconf 87' lang='lat' dir='ltr'><strong>deinde</strong></span> <span class='ocrx_word' id='word_1_390' title='bbox 1727 4490 1927 4550; x_wconf 74' lang='lat' dir='ltr'><strong>sumpto</strong></span> <span class='ocrx_word' id='word_1_391' title='bbox 1965 4484 2072 4537; x_wconf 88' lang='lat' dir='ltr'><strong>oleo</strong></span> 
     </span>
    </p>
   </div>
   <div class='ocr_carea' id='block_1_48' title="bbox 493 4568 2075 4642">
    <p class='ocr_par' dir='ltr' id='par_1_48' title="bbox 493 4568 2075 4642">
     <span class='ocr_line' id='line_1_48' title="bbox 493 4568 2075 4642; baseline 0.003 -20"><span class='ocrx_word' id='word_1_392' title='bbox 493 4568 768 4637; x_wconf 84' lang='lat' dir='ltr'><strong>conspersit</strong></span> <span class='ocrx_word' id='word_1_393' title='bbox 797 4569 956 4621; x_wconf 89' lang='lat' dir='ltr'><strong>altare</strong></span> <span class='ocrx_word' id='word_1_394' title='bbox 975 4608 989 4631; x_wconf 90' lang='lat'><strong>,</strong></span> <span class='ocrx_word' id='word_1_395' title='bbox 1019 4577 1064 4620; x_wconf 81' lang='lat' dir='ltr'><strong>et</strong></span> <span class='ocrx_word' id='word_1_396' title='bbox 1093 4569 1417 4635; x_wconf 81' lang='lat' dir='ltr'><strong>sanctiﬁcavit</strong></span> <span class='ocrx_word' id='word_1_397' title='bbox 1444 4569 1608 4633; x_wconf 86' lang='lat' dir='ltr'><strong>illud;</strong></span> <span class='ocrx_word' id='word_1_398' title='bbox 1637 4580 1682 4622; x_wconf 90' lang='lat' dir='ltr'><strong>et</strong></span> <span class='ocrx_word' id='word_1_399' title='bbox 1708 4585 1825 4625; x_wconf 83' lang='lat' dir='ltr'><strong>vasa</strong></span> <span class='ocrx_word' id='word_1_400' title='bbox 1845 4613 1858 4635; x_wconf 94' lang='lat'><strong>,</strong></span> <span class='ocrx_word' id='word_1_401' title='bbox 1886 4581 1933 4625; x_wconf 90' lang='lat' dir='ltr'><strong>et</strong></span> <span class='ocrx_word' id='word_1_402' title='bbox 1967 4573 2075 4642; x_wconf 83' lang='lat' dir='ltr'><strong>pel-</strong></span> 
     </span>
    </p>
   </div>
   <div class='ocr_carea' id='block_1_49' title="bbox 492 4659 2072 4734">
    <p class='ocr_par' dir='ltr' id='par_1_49' title="bbox 492 4659 2072 4734">
     <span class='ocr_line' id='line_1_49' title="bbox 492 4659 2072 4734; baseline 0.003 -20"><span class='ocrx_word' id='word_1_403' title='bbox 492 4662 590 4714; x_wconf 73' lang='lat' dir='ltr'><strong>vim</strong></span> <span class='ocrx_word' id='word_1_404' title='bbox 615 4670 658 4714; x_wconf 81' lang='lat' dir='ltr'><strong>et</strong></span> <span class='ocrx_word' id='word_1_405' title='bbox 683 4659 860 4719; x_wconf 87' lang='lat' dir='ltr'><strong>basim,</strong></span> <span class='ocrx_word' id='word_1_406' title='bbox 888 4669 934 4712; x_wconf 90' lang='lat' dir='ltr'><strong>et</strong></span> <span class='ocrx_word' id='word_1_407' title='bbox 959 4659 1291 4726; x_wconf 73' lang='lat' dir='ltr'><strong>sancti/ienuit</strong></span> <span class='ocrx_word' id='word_1_408' title='bbox 1315 4676 1391 4724; x_wconf 87' lang='lat' dir='ltr'><strong>ea,</strong></span> <span class='ocrx_word' id='word_1_409' title='bbox 1419 4671 1463 4712; x_wconf 91' lang='lat' dir='ltr'><strong>et</strong></span> <span class='ocrx_word' id='word_1_410' title='bbox 1483 4661 1659 4727; x_wconf 72' lang='lat' dir='ltr'><strong>effudit</strong></span> <span class='ocrx_word' id='word_1_411' title='bbox 1684 4679 1745 4716; x_wconf 77' lang='lat' dir='ltr'><strong>ea:</strong></span> <span class='ocrx_word' id='word_1_412' title='bbox 1771 4681 1828 4716; x_wconf 87' lang='lat' dir='ltr'><strong>eo</strong></span> <span class='ocrx_word' id='word_1_413' title='bbox 1849 4664 1900 4718; x_wconf 89' lang='lat' dir='ltr'><strong>in</strong></span> <span class='ocrx_word' id='word_1_414' title='bbox 1921 4675 2072 4734; x_wconf 90' lang='lat' dir='ltr'><strong>caput</strong></span> 
     </span>
    </p>
   </div>
   <div class='ocr_carea' id='block_1_50' title="bbox 494 4745 2069 4817">
    <p class='ocr_par' dir='ltr' id='par_1_50' title="bbox 494 4745 2069 4817">
     <span class='ocr_line' id='line_1_50' title="bbox 494 4745 2069 4817; baseline 0.003 -13"><span class='ocrx_word' id='word_1_415' title='bbox 494 4751 663 4812; x_wconf 81' lang='lat' dir='ltr'><strong>Aaron</strong></span> <span class='ocrx_word' id='word_1_416' title='bbox 693 4764 712 4804; x_wconf 88' lang='lat'><strong><em>:</em></strong></span> <span class='ocrx_word' id='word_1_417' title='bbox 741 4758 787 4802; x_wconf 90' lang='lat' dir='ltr'><strong>et</strong></span> <span class='ocrx_word' id='word_1_418' title='bbox 813 4745 934 4817; x_wconf 84' lang='lat' dir='ltr'><strong>ﬁliis</strong></span> <span class='ocrx_word' id='word_1_419' title='bbox 959 4748 1094 4800; x_wconf 89' lang='lat' dir='ltr'><strong>illius</strong></span> <span class='ocrx_word' id='word_1_420' title='bbox 1121 4747 1350 4801; x_wconf 86' lang='lat' dir='ltr'><strong>similiter</strong></span> <span class='ocrx_word' id='word_1_421' title='bbox 1372 4749 1507 4816; x_wconf 77' lang='lat' dir='ltr'><strong>fecit,</strong></span> <span class='ocrx_word' id='word_1_422' title='bbox 1539 4760 1582 4803; x_wconf 86' lang='lat' dir='ltr'><strong>et</strong></span> <span class='ocrx_word' id='word_1_423' title='bbox 1606 4751 1817 4806; x_wconf 69' lang='lat' dir='ltr'><strong>adduxit</strong></span> <span class='ocrx_word' id='word_1_424' title='bbox 1839 4754 2069 4810; x_wconf 79' lang='lat' dir='ltr'><strong>uitulum.</strong></span> 
     </span>
    </p>
   </div>
   <div class='ocr_carea' id='block_1_51' title="bbox 493 4838 2073 4912">
    <p class='ocr_par' dir='ltr' id='par_1_51' title="bbox 493 4838 2073 4912">
     <span class='ocr_line' id='line_1_51' title="bbox 493 4838 2073 4912; baseline 0.004 -18"><span class='ocrx_word' id='word_1_425' title='bbox 493 4839 618 4895; x_wconf 84' lang='lat' dir='ltr'><strong>Cant</strong></span> <span class='ocrx_word' id='word_1_426' title='bbox 644 4848 808 4892; x_wconf 83' lang='lat' dir='ltr'><strong>autem</strong></span> <span class='ocrx_word' id='word_1_427' title='bbox 834 4838 1139 4892; x_wconf 86' lang='lat' dir='ltr'><strong>immolasset</strong></span> <span class='ocrx_word' id='word_1_428' title='bbox 1165 4854 1298 4904; x_wconf 90' lang='lat' dir='ltr'><strong>eum,</strong></span> <span class='ocrx_word' id='word_1_429' title='bbox 1330 4848 1591 4908; x_wconf 86' lang='lat' dir='ltr'><strong>postquam</strong></span> <span class='ocrx_word' id='word_1_430' title='bbox 1619 4839 1789 4894; x_wconf 78' lang='lat' dir='ltr'><strong>Aaron</strong></span> <span class='ocrx_word' id='word_1_431' title='bbox 1808 4859 1922 4896; x_wconf 88' lang='lat' dir='ltr'><strong>cum</strong></span> <span class='ocrx_word' id='word_1_432' title='bbox 1951 4845 2073 4912; x_wconf 80' lang='lat' dir='ltr'><strong>[iliis</strong></span> 
     </span>
    </p>
   </div>
   <div class='ocr_carea' id='block_1_52' title="bbox 492 4929 2072 5000">
    <p class='ocr_par' dir='ltr' id='par_1_52' title="bbox 492 4929 2072 5000">
     <span class='ocr_line' id='line_1_52' title="bbox 492 4929 2072 5000; baseline 0.002 -16"><span class='ocrx_word' id='word_1_433' title='bbox 492 4931 597 4984; x_wconf 86' lang='lat' dir='ltr'><strong>suis</strong></span> <span class='ocrx_word' id='word_1_434' title='bbox 621 4929 936 4999; x_wconf 87' lang='lat' dir='ltr'><strong>imposuisset</strong></span> <span class='ocrx_word' id='word_1_435' title='bbox 958 4945 1155 4994; x_wconf 87' lang='lat' dir='ltr'><strong>manus,</strong></span> <span class='ocrx_word' id='word_1_436' title='bbox 1179 4929 1391 4997; x_wconf 89' lang='lat' dir='ltr'><strong>sumpsit</strong></span> <span class='ocrx_word' id='word_1_437' title='bbox 1415 4931 1478 4981; x_wconf 87' lang='lat' dir='ltr'><strong>de</strong></span> <span class='ocrx_word' id='word_1_438' title='bbox 1501 4931 1744 5000; x_wconf 88' lang='lat' dir='ltr'><strong>sanguine</strong></span> <span class='ocrx_word' id='word_1_439' title='bbox 1768 4941 1813 4984; x_wconf 90' lang='lat' dir='ltr'><strong>et</strong></span> <span class='ocrx_word' id='word_1_440' title='bbox 1835 4932 2072 5000; x_wconf 84' lang='lat' dir='ltr'><strong>imposuit</strong></span> 
     </span>
    </p>
   </div>
   <div class='ocr_carea' id='block_1_53' title="bbox 404 5019 2069 5096">
    <p class='ocr_par' dir='ltr' id='par_1_53' title="bbox 404 5019 2069 5096">
     <span class='ocr_line' id='line_1_53' title="bbox 404 5019 2069 5096; baseline 0.002 -22"><span class='ocrx_word' id='word_1_441' title='bbox 404 5049 414 5058; x_wconf 65' lang='grc' dir='ltr'><strong>ι</strong></span> <span class='ocrx_word' id='word_1_442' title='bbox 490 5020 722 5074; x_wconf 83' lang='lat' dir='ltr'><strong>cornibus</strong></span> <span class='ocrx_word' id='word_1_443' title='bbox 757 5019 960 5082; x_wconf 86' lang='lat' dir='ltr'><strong>altaris,</strong></span> <span class='ocrx_word' id='word_1_444' title='bbox 989 5028 1032 5073; x_wconf 91' lang='lat' dir='ltr'><strong>et</strong></span> <span class='ocrx_word' id='word_1_445' title='bbox 1060 5019 1339 5088; x_wconf 73' lang='lat' dir='ltr'><strong>puri/tenvit</strong></span> <span class='ocrx_word' id='word_1_446' title='bbox 1377 5020 1566 5083; x_wconf 89' lang='lat' dir='ltr'><strong>altare,</strong></span> <span class='ocrx_word' id='word_1_447' title='bbox 1597 5030 1642 5072; x_wconf 88' lang='lat' dir='ltr'><strong>et</strong></span> <span class='ocrx_word' id='word_1_448' title='bbox 1671 5023 1964 5091; x_wconf 87' lang='lat' dir='ltr'><strong>sanguinem</strong></span> <span class='ocrx_word' id='word_1_449' title='bbox 1990 5027 2069 5096; x_wconf 81' lang='lat' dir='ltr'><strong>ef-</strong></span> 
     </span>
    </p>
   </div>
   <div class='ocr_carea' id='block_1_54' title="bbox 491 5109 2070 5184">
    <p class='ocr_par' dir='ltr' id='par_1_54' title="bbox 491 5109 2070 5184">
     <span class='ocr_line' id='line_1_54' title="bbox 491 5109 2070 5184; baseline 0.003 -20"><span class='ocrx_word' id='word_1_450' title='bbox 491 5112 620 5182; x_wconf 77' lang='lat' dir='ltr'><strong>fudit</strong></span> <span class='ocrx_word' id='word_1_451' title='bbox 645 5112 698 5164; x_wconf 88' lang='lat' dir='ltr'><strong>in</strong></span> <span class='ocrx_word' id='word_1_452' title='bbox 719 5109 876 5162; x_wconf 80' lang='lat' dir='ltr'><strong>basiat</strong></span> <span class='ocrx_word' id='word_1_453' title='bbox 899 5110 1095 5175; x_wconf 87' lang='lat' dir='ltr'><strong>altaris,</strong></span> <span class='ocrx_word' id='word_1_454' title='bbox 1117 5121 1162 5163; x_wconf 90' lang='lat' dir='ltr'><strong>et</strong></span> <span class='ocrx_word' id='word_1_455' title='bbox 1183 5111 1508 5179; x_wconf 82' lang='lat' dir='ltr'><strong>sanctiﬁcavit</strong></span> <span class='ocrx_word' id='word_1_456' title='bbox 1529 5110 1678 5178; x_wconf 88' lang='lat' dir='ltr'><strong>illud,</strong></span> <span class='ocrx_word' id='word_1_457' title='bbox 1699 5121 1755 5165; x_wconf 91' lang='lat' dir='ltr'><strong>ut</strong></span> <span class='ocrx_word' id='word_1_458' title='bbox 1775 5114 2070 5184; x_wconf 88' lang='lat' dir='ltr'><strong>propitiaret</strong></span> 
     </span>
    </p>
   </div>
   <div class='ocr_carea' id='block_1_55' title="bbox 490 5198 2067 5273">
    <p class='ocr_par' dir='ltr' id='par_1_55' title="bbox 490 5198 2067 5273">
     <span class='ocr_line' id='line_1_55' title="bbox 490 5198 2067 5273; baseline 0.004 -19"><span class='ocrx_word' id='word_1_459' title='bbox 490 5217 642 5270; x_wconf 87' lang='lat' dir='ltr'><strong>super</strong></span> <span class='ocrx_word' id='word_1_460' title='bbox 664 5200 810 5254; x_wconf 88' lang='lat' dir='ltr'><strong>illud.</strong></span> <span class='ocrx_word' id='word_1_461' title='bbox 839 5198 1037 5254; x_wconf 85' lang='lat' dir='ltr'><strong>Deinde</strong></span> <span class='ocrx_word' id='word_1_462' title='bbox 1061 5209 1321 5270; x_wconf 86' lang='lat' dir='ltr'><strong>postquam</strong></span> <span class='ocrx_word' id='word_1_463' title='bbox 1345 5202 1573 5270; x_wconf 66' lang='lat' dir='ltr'><strong>quaedam</strong></span> <span class='ocrx_word' id='word_1_464' title='bbox 1599 5219 1663 5256; x_wconf 69' lang='lat' dir='ltr'><strong>ea.</strong></span> <span class='ocrx_word' id='word_1_465' title='bbox 1684 5203 1762 5257; x_wconf 87' lang='lat' dir='ltr'><strong>Itis</strong></span> <span class='ocrx_word' id='word_1_466' title='bbox 1783 5217 2067 5273; x_wconf 86' lang='lat' dir='ltr'><strong>cremasset,</strong></span> 
     </span>
    </p>
   </div>
   <div class='ocr_carea' id='block_1_56' title="bbox 489 5291 2072 5365">
    <p class='ocr_par' dir='ltr' id='par_1_56' title="bbox 489 5291 2072 5365">
     <span class='ocr_line' id='line_1_56' title="bbox 489 5291 2072 5365; baseline 0.004 -20"><span class='ocrx_word' id='word_1_467' title='bbox 489 5291 593 5345; x_wconf 88' lang='lat' dir='ltr'><strong>alia</strong></span> <span class='ocrx_word' id='word_1_468' title='bbox 619 5292 742 5362; x_wconf 77' lang='lat' dir='ltr'><strong>foris</strong></span> <span class='ocrx_word' id='word_1_469' title='bbox 761 5333 776 5358; x_wconf 90' lang='lat'><strong>,</strong></span> <span class='ocrx_word' id='word_1_470' title='bbox 807 5292 911 5345; x_wconf 90' lang='lat' dir='ltr'><strong>alia</strong></span> <span class='ocrx_word' id='word_1_471' title='bbox 935 5292 1068 5344; x_wconf 89' lang='lat' dir='ltr'><strong>intus</strong></span> <span class='ocrx_word' id='word_1_472' title='bbox 1087 5332 1101 5355; x_wconf 92' lang='lat'><strong>,</strong></span> <span class='ocrx_word' id='word_1_473' title='bbox 1133 5292 1344 5345; x_wconf 73' lang='lat' dir='ltr'><strong>adduxit</strong></span> <span class='ocrx_word' id='word_1_474' title='bbox 1368 5310 1542 5348; x_wconf 88' lang='lat' dir='ltr'><strong>rursus</strong></span> <span class='ocrx_word' id='word_1_475' title='bbox 1554 5294 1769 5348; x_wconf 75' lang='lat' dir='ltr'><strong>arietem</strong></span> <span class='ocrx_word' id='word_1_476' title='bbox 1789 5335 1803 5356; x_wconf 90' lang='lat'><strong>,</strong></span> <span class='ocrx_word' id='word_1_477' title='bbox 1831 5306 1876 5349; x_wconf 90' lang='lat' dir='ltr'><strong>et</strong></span> <span class='ocrx_word' id='word_1_478' title='bbox 1905 5297 2072 5365; x_wconf 86' lang='lat' dir='ltr'><strong>ipsum</strong></span> 
     </span>
    </p>
   </div>
   <div class='ocr_carea' id='block_1_57' title="bbox 491 5381 2070 5447">
    <p class='ocr_par' dir='ltr' id='par_1_57' title="bbox 491 5381 2070 5447">
     <span class='ocr_line' id='line_1_57' title="bbox 491 5381 2070 5447; baseline 0.005 -15"><span class='ocrx_word' id='word_1_479' title='bbox 491 5381 761 5434; x_wconf 75' lang='lat' dir='ltr'><strong>immolavit</strong></span> <span class='ocrx_word' id='word_1_480' title='bbox 785 5382 838 5433; x_wconf 88' lang='lat' dir='ltr'><strong>in</strong></span> <span class='ocrx_word' id='word_1_481' title='bbox 865 5382 1231 5447; x_wconf 81' lang='lat' dir='ltr'><strong>holocaustum,</strong></span> <span class='ocrx_word' id='word_1_482' title='bbox 1256 5391 1301 5435; x_wconf 90' lang='lat' dir='ltr'><strong>et</strong></span> <span class='ocrx_word' id='word_1_483' title='bbox 1321 5381 1499 5435; x_wconf 84' lang='lat' dir='ltr'><strong>iterum</strong></span> <span class='ocrx_word' id='word_1_484' title='bbox 1523 5383 1736 5437; x_wconf 75' lang='lat' dir='ltr'><strong>adduxit</strong></span> <span class='ocrx_word' id='word_1_485' title='bbox 1760 5385 1916 5438; x_wconf 89' lang='lat' dir='ltr'><strong>alium</strong></span> <span class='ocrx_word' id='word_1_486' title='bbox 1938 5387 2070 5440; x_wconf 86' lang='lat' dir='ltr'><strong>arie-</strong></span> 
     </span>
    </p>
   </div>
   <div class='ocr_carea' id='block_1_58' title="bbox 490 5473 2072 5544">
    <p class='ocr_par' dir='ltr' id='par_1_58' title="bbox 490 5473 2072 5544">
     <span class='ocr_line' id='line_1_58' title="bbox 490 5473 2072 5544; baseline 0.005 -20"><span class='ocrx_word' id='word_1_487' title='bbox 490 5482 586 5525; x_wconf 89' lang='lat' dir='ltr'><strong>tem</strong></span> <span class='ocrx_word' id='word_1_488' title='bbox 613 5474 1054 5527; x_wconf 82' lang='lat' dir='ltr'><strong>consummationis</strong></span> <span class='ocrx_word' id='word_1_489' title='bbox 1082 5489 1100 5526; x_wconf 88' lang='lat'><strong><em>:</em></strong></span> <span class='ocrx_word' id='word_1_490' title='bbox 1125 5483 1171 5527; x_wconf 89' lang='lat' dir='ltr'><strong>et</strong></span> <span class='ocrx_word' id='word_1_491' title='bbox 1200 5490 1372 5527; x_wconf 89' lang='lat' dir='ltr'><strong>rursus</strong></span> <span class='ocrx_word' id='word_1_492' title='bbox 1400 5473 1599 5528; x_wconf 81' lang='lat' dir='ltr'><strong>Aarone</strong></span> <span class='ocrx_word' id='word_1_493' title='bbox 1622 5491 1734 5529; x_wconf 88' lang='lat' dir='ltr'><strong>cum</strong></span> <span class='ocrx_word' id='word_1_494' title='bbox 1763 5477 1882 5544; x_wconf 77' lang='lat' dir='ltr'><strong>[iliis</strong></span> <span class='ocrx_word' id='word_1_495' title='bbox 1908 5479 2072 5544; x_wconf 87' lang='lat' dir='ltr'><strong>impo-</strong></span> 
     </span>
    </p>
   </div>
   <div class='ocr_carea' id='block_1_59' title="bbox 493 5563 2070 5637">
    <p class='ocr_par' dir='ltr' id='par_1_59' title="bbox 493 5563 2070 5637">
     <span class='ocr_line' id='line_1_59' title="bbox 493 5563 2070 5637; baseline 0.007 -26"><span class='ocrx_word' id='word_1_496' title='bbox 493 5573 638 5615; x_wconf 79' lang='lat' dir='ltr'><strong>nente</strong></span> <span class='ocrx_word' id='word_1_497' title='bbox 662 5580 838 5615; x_wconf 88' lang='lat' dir='ltr'><strong>manus</strong></span> <span class='ocrx_word' id='word_1_498' title='bbox 859 5563 1038 5617; x_wconf 85' lang='lat' dir='ltr'><strong>occidit</strong></span> <span class='ocrx_word' id='word_1_499' title='bbox 1061 5579 1080 5617; x_wconf 88' lang='lat'><strong><em>:</em></strong></span> <span class='ocrx_word' id='word_1_500' title='bbox 1102 5580 1400 5634; x_wconf 72' lang='lat' dir='ltr'><strong>tumensque</strong></span> <span class='ocrx_word' id='word_1_501' title='bbox 1420 5566 1480 5616; x_wconf 86' lang='lat' dir='ltr'><strong>de</strong></span> <span class='ocrx_word' id='word_1_502' title='bbox 1502 5567 1742 5635; x_wconf 83' lang='lat' dir='ltr'><strong>sanguine</strong></span> <span class='ocrx_word' id='word_1_503' title='bbox 1765 5567 1893 5636; x_wconf 87' lang='lat' dir='ltr'><strong>ejus,</strong></span> <span class='ocrx_word' id='word_1_504' title='bbox 1921 5584 2070 5637; x_wconf 85' lang='lat' dir='ltr'><strong>super</strong></span> 
     </span>
    </p>
   </div>
   <div class='ocr_carea' id='block_1_60' title="bbox 492 5652 2067 5725">
    <p class='ocr_par' dir='ltr' id='par_1_60' title="bbox 492 5652 2067 5725">
     <span class='ocr_line' id='line_1_60' title="bbox 492 5652 2067 5725; baseline 0.008 -25"><span class='ocrx_word' id='word_1_505' title='bbox 492 5660 766 5705; x_wconf 70' lang='lat' dir='ltr'><strong>extremum</strong></span> <span class='ocrx_word' id='word_1_506' title='bbox 807 5652 1045 5706; x_wconf 77' lang='lat' dir='ltr'><strong>amicula:</strong></span> <span class='ocrx_word' id='word_1_507' title='bbox 1079 5655 1247 5707; x_wconf 80' lang='lat' dir='ltr'><strong>Aaron</strong></span> <span class='ocrx_word' id='word_1_508' title='bbox 1282 5656 1470 5708; x_wconf 64' lang='lat' dir='ltr'><strong>dextris</strong></span> <span class='ocrx_word' id='word_1_509' title='bbox 1491 5694 1506 5719; x_wconf 91' lang='lat'><strong>,</strong></span> <span class='ocrx_word' id='word_1_510' title='bbox 1537 5665 1580 5708; x_wconf 78' lang='lat' dir='ltr'><strong>et</strong></span> <span class='ocrx_word' id='word_1_511' title='bbox 1614 5672 1765 5725; x_wconf 87' lang='lat' dir='ltr'><strong>super</strong></span> <span class='ocrx_word' id='word_1_512' title='bbox 1794 5671 2067 5713; x_wconf 75' lang='lat' dir='ltr'><strong>extremum</strong></span> 
     </span>
    </p>
   </div>
   <div class='ocr_carea' id='block_1_61' title="bbox 1239 267 3049 328">
    <p class='ocr_par' dir='ltr' id='par_1_61' title="bbox 1239 267 3049 328">
     <span class='ocr_line' id='line_1_61' title="bbox 1239 267 3049 328; baseline -0.001 0"><span class='ocrx_word' id='word_1_513' title='bbox 1239 273 1296 328; x_wconf 87' lang='lat' dir='ltr'><strong>S.</strong></span> <span class='ocrx_word' id='word_1_514' title='bbox 1337 271 1613 328; x_wconf 79' lang='lat' dir='ltr'><strong>JOANNlS</strong></span> <span class='ocrx_word' id='word_1_515' title='bbox 1650 267 2125 326; x_wconf 78' lang='lat' dir='ltr'><strong>CIIRYSOSTOMI</strong></span> <span class='ocrx_word' id='word_1_516' title='bbox 2165 267 2480 324; x_wconf 81' lang='lat' dir='ltr'><strong>ARCHIEP.</strong></span> <span class='ocrx_word' id='word_1_517' title='bbox 2521 269 3049 326; x_wconf 79' lang='lat' dir='ltr'><strong>CONS&#39;I&#39;ANTINOP.</strong></span> 
     </span>
    </p>
   </div>
   <div class='ocr_carea' id='block_1_62' title="bbox 3653 275 3760 330">
    <p class='ocr_par' dir='ltr' id='par_1_62' title="bbox 3653 275 3760 330">
     <span class='ocr_line' id='line_1_62' title="bbox 3653 275 3760 330; baseline -0.009 0"><span class='ocrx_word' id='word_1_518' title='bbox 3653 275 3760 330; x_wconf 63' lang='lat'><strong>9‘52!</strong></span> 
     </span>
    </p>
   </div>
   <div class='ocr_carea' id='block_1_63' title="bbox 2189 379 3764 454">
    <p class='ocr_par' dir='ltr' id='par_1_63' title="bbox 2189 379 3764 454">
     <span class='ocr_line' id='line_1_63' title="bbox 2189 379 3764 454; baseline 0.004 -20"><span class='ocrx_word' id='word_1_519' title='bbox 2189 399 2369 437; x_wconf 88' lang='lat' dir='ltr'><strong>manus</strong></span> <span class='ocrx_word' id='word_1_520' title='bbox 2393 379 2612 449; x_wconf 64' lang='lat' dir='ltr'><strong>dextris,</strong></span> <span class='ocrx_word' id='word_1_521' title='bbox 2641 394 2687 438; x_wconf 87' lang='lat' dir='ltr'><strong>et</strong></span> <span class='ocrx_word' id='word_1_522' title='bbox 2723 400 2876 454; x_wconf 84' lang='lat' dir='ltr'><strong>super</strong></span> <span class='ocrx_word' id='word_1_523' title='bbox 2902 393 3176 439; x_wconf 77' lang='lat' dir='ltr'><strong>extremum</strong></span> <span class='ocrx_word' id='word_1_524' title='bbox 3213 385 3353 454; x_wconf 87' lang='lat' dir='ltr'><strong>pedis</strong></span> <span class='ocrx_word' id='word_1_525' title='bbox 3385 386 3548 438; x_wconf 72' lang='lat' dir='ltr'><strong>dextri</strong></span> <span class='ocrx_word' id='word_1_526' title='bbox 3568 428 3584 451; x_wconf 94' lang='lat'><strong>,</strong></span> <span class='ocrx_word' id='word_1_527' title='bbox 3613 391 3764 440; x_wconf 78' lang='lat' dir='ltr'><strong>simili</strong></span> 
     </span>
    </p>
   </div>
   <div class='ocr_carea' id='block_1_64' title="bbox 2189 474 3760 544">
    <p class='ocr_par' dir='ltr' id='par_1_64' title="bbox 2189 474 3760 544">
     <span class='ocr_line' id='line_1_64' title="bbox 2189 474 3760 544; baseline 0.001 -17"><span class='ocrx_word' id='word_1_528' title='bbox 2189 475 2339 529; x_wconf 66' lang='lat' dir='ltr'><strong>modo</strong></span> <span class='ocrx_word' id='word_1_529' title='bbox 2365 475 2482 544; x_wconf 77' lang='lat' dir='ltr'><strong>fecit</strong></span> <span class='ocrx_word' id='word_1_530' title='bbox 2503 484 2547 528; x_wconf 89' lang='lat' dir='ltr'><strong>et</strong></span> <span class='ocrx_word' id='word_1_531' title='bbox 2570 475 2688 544; x_wconf 82' lang='lat' dir='ltr'><strong>ﬁliis</strong></span> <span class='ocrx_word' id='word_1_532' title='bbox 2714 475 2869 528; x_wconf 89' lang='lat' dir='ltr'><strong>illius.</strong></span> <span class='ocrx_word' id='word_1_533' title='bbox 2899 474 3092 528; x_wconf 86' lang='lat' dir='ltr'><strong>Deinde</strong></span> <span class='ocrx_word' id='word_1_534' title='bbox 3113 491 3311 528; x_wconf 83' lang='lat' dir='ltr'><strong>sumens</strong></span> <span class='ocrx_word' id='word_1_535' title='bbox 3340 477 3570 543; x_wconf 68' lang='lat' dir='ltr'><strong>quedam</strong></span> <span class='ocrx_word' id='word_1_536' title='bbox 3591 477 3650 529; x_wconf 80' lang='lat' dir='ltr'><strong>de</strong></span> <span class='ocrx_word' id='word_1_537' title='bbox 3670 479 3760 528; x_wconf 73' lang='lat' dir='ltr'><strong>lio-</strong></span> 
     </span>
    </p>
   </div>
   <div class='ocr_carea' id='block_1_65' title="bbox 2187 564 3763 636">
    <p class='ocr_par' dir='ltr' id='par_1_65' title="bbox 2187 564 3763 636">
     <span class='ocr_line' id='line_1_65' title="bbox 2187 564 3763 636; baseline -0.001 -16"><span class='ocrx_word' id='word_1_538' title='bbox 2187 565 2285 620; x_wconf 84' lang='lat' dir='ltr'><strong>stia</strong></span> <span class='ocrx_word' id='word_1_539' title='bbox 2326 564 2559 633; x_wconf 87' lang='lat' dir='ltr'><strong>imposuit</strong></span> <span class='ocrx_word' id='word_1_540' title='bbox 2597 564 2826 619; x_wconf 89' lang='lat' dir='ltr'><strong>manibus</strong></span> <span class='ocrx_word' id='word_1_541' title='bbox 2867 564 3040 618; x_wconf 81' lang='lat' dir='ltr'><strong>Aaron</strong></span> <span class='ocrx_word' id='word_1_542' title='bbox 3082 575 3130 618; x_wconf 91' lang='lat' dir='ltr'><strong>et</strong></span> <span class='ocrx_word' id='word_1_543' title='bbox 3165 566 3386 634; x_wconf 73' lang='lat' dir='ltr'><strong>filiorum</strong></span> <span class='ocrx_word' id='word_1_544' title='bbox 3423 569 3567 636; x_wconf 88' lang='lat' dir='ltr'><strong>ejus,</strong></span> <span class='ocrx_word' id='word_1_545' title='bbox 3599 583 3660 618; x_wconf 85' lang='lat' dir='ltr'><strong>ac</strong></span> <span class='ocrx_word' id='word_1_546' title='bbox 3691 583 3763 620; x_wconf 82' lang='lat' dir='ltr'><strong>ste</strong></span> 
     </span>
    </p>
   </div>
   <div class='ocr_carea' id='block_1_66' title="bbox 2188 655 3763 728">
    <p class='ocr_par' dir='ltr' id='par_1_66' title="bbox 2188 655 3763 728">
     <span class='ocr_line' id='line_1_66' title="bbox 2188 655 3763 728; baseline 0.001 -20"><span class='ocrx_word' id='word_1_547' title='bbox 2188 655 2385 709; x_wconf 82' lang='lat' dir='ltr'><strong>obtulit.</strong></span> <span class='ocrx_word' id='word_1_548' title='bbox 2413 655 2480 709; x_wconf 84' lang='lat' dir='ltr'><strong>Et</strong></span> <span class='ocrx_word' id='word_1_549' title='bbox 2505 665 2705 725; x_wconf 85' lang='lat' dir='ltr'><strong>sumpto</strong></span> <span class='ocrx_word' id='word_1_550' title='bbox 2731 673 2904 710; x_wconf 88' lang='lat' dir='ltr'><strong>rursus</strong></span> <span class='ocrx_word' id='word_1_551' title='bbox 2931 657 3174 727; x_wconf 86' lang='lat' dir='ltr'><strong>sanguine</strong></span> <span class='ocrx_word' id='word_1_552' title='bbox 3198 666 3244 711; x_wconf 89' lang='lat' dir='ltr'><strong>et</strong></span> <span class='ocrx_word' id='word_1_553' title='bbox 3270 657 3334 710; x_wconf 90' lang='lat' dir='ltr'><strong>de</strong></span> <span class='ocrx_word' id='word_1_554' title='bbox 3357 657 3466 711; x_wconf 84' lang='lat' dir='ltr'><strong>oleo</strong></span> <span class='ocrx_word' id='word_1_555' title='bbox 3493 671 3763 728; x_wconf 79' lang='lat' dir='ltr'><strong>conspersit</strong></span> 
     </span>
    </p>
   </div>
   <div class='ocr_carea' id='block_1_67' title="bbox 2187 746 3762 819">
    <p class='ocr_par' dir='ltr' id='par_1_67' title="bbox 2187 746 3762 819">
     <span class='ocr_line' id='line_1_67' title="bbox 2187 746 3762 819; baseline 0.004 -21"><span class='ocrx_word' id='word_1_556' title='bbox 2187 762 2338 815; x_wconf 83' lang='lat' dir='ltr'><strong>super</strong></span> <span class='ocrx_word' id='word_1_557' title='bbox 2359 746 2529 799; x_wconf 81' lang='lat' dir='ltr'><strong>Aaron</strong></span> <span class='ocrx_word' id='word_1_558' title='bbox 2558 756 2602 799; x_wconf 87' lang='lat' dir='ltr'><strong>et</strong></span> <span class='ocrx_word' id='word_1_559' title='bbox 2626 747 2779 800; x_wconf 89' lang='lat' dir='ltr'><strong>stolas</strong></span> <span class='ocrx_word' id='word_1_560' title='bbox 2803 747 2961 813; x_wconf 89' lang='lat' dir='ltr'><strong>illius,</strong></span> <span class='ocrx_word' id='word_1_561' title='bbox 2988 757 3035 800; x_wconf 91' lang='lat' dir='ltr'><strong>et</strong></span> <span class='ocrx_word' id='word_1_562' title='bbox 3058 764 3209 818; x_wconf 89' lang='lat' dir='ltr'><strong>super</strong></span> <span class='ocrx_word' id='word_1_563' title='bbox 3231 749 3364 816; x_wconf 75' lang='lat' dir='ltr'><strong>filios</strong></span> <span class='ocrx_word' id='word_1_564' title='bbox 3392 751 3523 819; x_wconf 87' lang='lat' dir='ltr'><strong>ejus,</strong></span> <span class='ocrx_word' id='word_1_565' title='bbox 3545 761 3591 803; x_wconf 87' lang='lat' dir='ltr'><strong>et</strong></span> <span class='ocrx_word' id='word_1_566' title='bbox 3615 768 3762 818; x_wconf 82' lang='lat' dir='ltr'><strong>super</strong></span> 
     </span>
    </p>
   </div>
   <div class='ocr_carea' id='block_1_68' title="bbox 2187 836 3760 911">
    <p class='ocr_par' dir='ltr' id='par_1_68' title="bbox 2187 836 3760 911">
     <span class='ocr_line' id='line_1_68' title="bbox 2187 836 3760 911; baseline 0.005 -23"><span class='ocrx_word' id='word_1_567' title='bbox 2187 836 2342 889; x_wconf 85' lang='lat' dir='ltr'><strong>stolas</strong></span> <span class='ocrx_word' id='word_1_568' title='bbox 2376 852 2548 889; x_wconf 84' lang='lat' dir='ltr'><strong>eorum</strong></span> <span class='ocrx_word' id='word_1_569' title='bbox 2575 851 2594 890; x_wconf 89' lang='lat'><strong><em>:</em></strong></span> <span class='ocrx_word' id='word_1_570' title='bbox 2613 846 2658 890; x_wconf 92' lang='lat' dir='ltr'><strong>et</strong></span> <span class='ocrx_word' id='word_1_571' title='bbox 2682 837 3010 905; x_wconf 74' lang='lat' dir='ltr'><strong>sancti/ienuit</strong></span> <span class='ocrx_word' id='word_1_572' title='bbox 3037 854 3148 906; x_wconf 89' lang='lat' dir='ltr'><strong>eos,</strong></span> <span class='ocrx_word' id='word_1_573' title='bbox 3171 849 3218 891; x_wconf 89' lang='lat' dir='ltr'><strong>et</strong></span> <span class='ocrx_word' id='word_1_574' title='bbox 3245 841 3400 909; x_wconf 87' lang='lat' dir='ltr'><strong>jussit</strong></span> <span class='ocrx_word' id='word_1_575' title='bbox 3424 851 3478 893; x_wconf 91' lang='lat' dir='ltr'><strong>ut</strong></span> <span class='ocrx_word' id='word_1_576' title='bbox 3503 855 3760 911; x_wconf 79' lang='lat' dir='ltr'><strong>coquerent</strong></span> 
     </span>
    </p>
   </div>
   <div class='ocr_carea' id='block_1_69' title="bbox 2188 926 3760 1001">
    <p class='ocr_par' dir='ltr' id='par_1_69' title="bbox 2188 926 3760 1001">
     <span class='ocr_line' id='line_1_69' title="bbox 2188 926 3760 1001; baseline 0.004 -21"><span class='ocrx_word' id='word_1_577' title='bbox 2188 943 2364 980; x_wconf 85' lang='lat' dir='ltr'><strong>carnes</strong></span> <span class='ocrx_word' id='word_1_578' title='bbox 2392 927 2444 980; x_wconf 90' lang='lat' dir='ltr'><strong>in</strong></span> <span class='ocrx_word' id='word_1_579' title='bbox 2472 928 2600 980; x_wconf 89' lang='lat' dir='ltr'><strong>atrio</strong></span> <span class='ocrx_word' id='word_1_580' title='bbox 2631 926 2938 982; x_wconf 80' lang='lat' dir='ltr'><strong>tabernaculi</strong></span> <span class='ocrx_word' id='word_1_581' title='bbox 2967 929 3252 995; x_wconf 85' lang='lat' dir='ltr'><strong>testimonii,</strong></span> <span class='ocrx_word' id='word_1_582' title='bbox 3284 931 3484 1001; x_wconf 82' lang='lat' dir='ltr'><strong>illicque</strong></span> <span class='ocrx_word' id='word_1_583' title='bbox 3506 933 3576 986; x_wconf 86' lang='lat' dir='ltr'><strong>eis</strong></span> <span class='ocrx_word' id='word_1_584' title='bbox 3599 948 3760 988; x_wconf 72' lang='lat' dir='ltr'><strong>vesce-</strong></span> 
     </span>
    </p>
   </div>
   <div class='ocr_carea' id='block_1_70' title="bbox 2188 1020 3760 1094">
    <p class='ocr_par' dir='ltr' id='par_1_70' title="bbox 2188 1020 3760 1094">
     <span class='ocr_line' id='line_1_70' title="bbox 2188 1020 3760 1094; baseline 0.003 -22"><span class='ocrx_word' id='word_1_585' title='bbox 2188 1029 2363 1072; x_wconf 80' lang='lat' dir='ltr'><strong>rentur</strong></span> <span class='ocrx_word' id='word_1_586' title='bbox 2393 1034 2412 1073; x_wconf 88' lang='lat'><em>:</em></span> <span class='ocrx_word' id='word_1_587' title='bbox 2453 1029 2500 1072; x_wconf 90' lang='lat' dir='ltr'><strong>et</strong></span> <span class='ocrx_word' id='word_1_588' title='bbox 2533 1020 2595 1072; x_wconf 88' lang='lat' dir='ltr'><strong>ab</strong></span> <span class='ocrx_word' id='word_1_589' title='bbox 2631 1021 2758 1073; x_wconf 89' lang='lat' dir='ltr'><strong>ostio</strong></span> <span class='ocrx_word' id='word_1_590' title='bbox 2795 1021 3102 1074; x_wconf 85' lang='lat' dir='ltr'><strong>tabernaculi</strong></span> <span class='ocrx_word' id='word_1_591' title='bbox 3136 1023 3403 1076; x_wconf 89' lang='lat' dir='ltr'><strong>testimonii</strong></span> <span class='ocrx_word' id='word_1_592' title='bbox 3444 1041 3506 1077; x_wconf 88' lang='lat' dir='ltr'><strong>ne</strong></span> <span class='ocrx_word' id='word_1_593' title='bbox 3542 1027 3760 1094; x_wconf 66' lang='lat' dir='ltr'><strong>egi-alta-</strong></span> 
     </span>
    </p>
   </div>
   <div class='ocr_carea' id='block_1_71' title="bbox 2189 1109 3761 1181">
    <p class='ocr_par' dir='ltr' id='par_1_71' title="bbox 2189 1109 3761 1181">
     <span class='ocr_line' id='line_1_71' title="bbox 2189 1109 3761 1181; baseline 0.005 -21"><span class='ocrx_word' id='word_1_594' title='bbox 2189 1109 2313 1162; x_wconf 87' lang='lat' dir='ltr'><strong>mini</strong></span> <span class='ocrx_word' id='word_1_595' title='bbox 2331 1149 2347 1171; x_wconf 97' lang='lat'><strong>,</strong></span> <span class='ocrx_word' id='word_1_596' title='bbox 2379 1109 2578 1179; x_wconf 89' lang='lat' dir='ltr'><strong>inquit,</strong></span> <span class='ocrx_word' id='word_1_597' title='bbox 2609 1110 2714 1163; x_wconf 87' lang='lat' dir='ltr'><strong>dies</strong></span> <span class='ocrx_word' id='word_1_598' title='bbox 2742 1119 2930 1180; x_wconf 86' lang='lat' dir='ltr'><strong>septem</strong></span> <span class='ocrx_word' id='word_1_599' title='bbox 2949 1151 2964 1175; x_wconf 91' lang='lat'><strong>,</strong></span> <span class='ocrx_word' id='word_1_600' title='bbox 2993 1111 3151 1164; x_wconf 90' lang='lat' dir='ltr'><strong>donec</strong></span> <span class='ocrx_word' id='word_1_601' title='bbox 3188 1112 3293 1165; x_wconf 87' lang='lat' dir='ltr'><strong>dies</strong></span> <span class='ocrx_word' id='word_1_602' title='bbox 3325 1112 3628 1181; x_wconf 86' lang='lat' dir='ltr'><strong>impleatur,</strong></span> <span class='ocrx_word' id='word_1_603' title='bbox 3659 1115 3761 1168; x_wconf 84' lang='lat' dir='ltr'><strong>dies</strong></span> 
     </span>
    </p>
   </div>
   <div class='ocr_carea' id='block_1_72' title="bbox 2186 1203 3761 1276">
    <p class='ocr_par' dir='ltr' id='par_1_72' title="bbox 2186 1203 3761 1276">
     <span class='ocr_line' id='line_1_72' title="bbox 2186 1203 3761 1276; baseline 0.006 -21"><span class='ocrx_word' id='word_1_604' title='bbox 2186 1203 2518 1258; x_wconf 88' lang='lat' dir='ltr'><strong>ordinationis</strong></span> <span class='ocrx_word' id='word_1_605' title='bbox 2545 1215 2738 1259; x_wconf 67' lang='lat' dir='ltr'><strong>vestrm.</strong></span> <span class='ocrx_word' id='word_1_606' title='bbox 2769 1206 2976 1276; x_wconf 86' lang='lat' dir='ltr'><strong>Septem</strong></span> <span class='ocrx_word' id='word_1_607' title='bbox 3000 1208 3132 1261; x_wconf 88' lang='lat' dir='ltr'><strong>enim</strong></span> <span class='ocrx_word' id='word_1_608' title='bbox 3157 1208 3327 1263; x_wconf 87' lang='lat' dir='ltr'><strong>diebus</strong></span> <span class='ocrx_word' id='word_1_609' title='bbox 3347 1210 3560 1263; x_wconf 86' lang='lat' dir='ltr'><strong>initiabit</strong></span> <span class='ocrx_word' id='word_1_610' title='bbox 3583 1227 3761 1265; x_wconf 83' lang='lat' dir='ltr'><strong>ntanus</strong></span> 
     </span>
    </p>
   </div>
   <div class='ocr_carea' id='block_1_73' title="bbox 2185 1296 3760 1369">
    <p class='ocr_par' dir='ltr' id='par_1_73' title="bbox 2185 1296 3760 1369">
     <span class='ocr_line' id='line_1_73' title="bbox 2185 1296 3760 1369; baseline 0.005 -23"><span class='ocrx_word' id='word_1_611' title='bbox 2185 1303 2375 1348; x_wconf 77' lang='lat' dir='ltr'><strong>vestras</strong></span> <span class='ocrx_word' id='word_1_612' title='bbox 2393 1335 2409 1357; x_wconf 92' lang='lat'><strong>,</strong></span> <span class='ocrx_word' id='word_1_613' title='bbox 2434 1304 2488 1348; x_wconf 86' lang='lat' dir='ltr'><strong>ut</strong></span> <span class='ocrx_word' id='word_1_614' title='bbox 2521 1297 2818 1363; x_wconf 87' lang='lat' dir='ltr'><strong>propitietur</strong></span> <span class='ocrx_word' id='word_1_615' title='bbox 2843 1314 2936 1366; x_wconf 86' lang='lat' dir='ltr'><strong>pro</strong></span> <span class='ocrx_word' id='word_1_616' title='bbox 2960 1299 3096 1351; x_wconf 84' lang='lat' dir='ltr'><strong>vobis</strong></span> <span class='ocrx_word' id='word_1_617' title='bbox 3120 1296 3311 1369; x_wconf 84' lang='lat' dir='ltr'><strong>(Leuit.</strong></span> <span class='ocrx_word' id='word_1_618' title='bbox 3342 1299 3395 1352; x_wconf 94' lang='lat'><strong>7.</strong></span> <span class='ocrx_word' id='word_1_619' title='bbox 3424 1299 3526 1364; x_wconf 75' lang='lat'><strong>35;</strong></span> <span class='ocrx_word' id='word_1_620' title='bbox 3557 1301 3610 1354; x_wconf 91' lang='lat'><strong>8.</strong></span> <span class='ocrx_word' id='word_1_621' title='bbox 3637 1303 3689 1356; x_wconf 73' lang='grc'><strong>1.</strong></span> <span class='ocrx_word' id='word_1_622' title='bbox 3715 1314 3760 1354; x_wconf 86' lang='lat' dir='ltr'><strong>et</strong></span> 
     </span>
    </p>
   </div>
   <div class='ocr_carea' id='block_1_74' title="bbox 2186 1385 3762 1456">
    <p class='ocr_par' dir='ltr' id='par_1_74' title="bbox 2186 1385 3762 1456">
     <span class='ocr_line' id='line_1_74' title="bbox 2186 1385 3762 1456; baseline 0.006 -19"><span class='ocrx_word' id='word_1_623' title='bbox 2186 1385 2368 1455; x_wconf 85' lang='lat' dir='ltr'><strong>seqq.).</strong></span> <span class='ocrx_word' id='word_1_624' title='bbox 2394 1386 2526 1440; x_wconf 81' lang='lat' dir='ltr'><strong>Cum</strong></span> <span class='ocrx_word' id='word_1_625' title='bbox 2551 1386 2710 1456; x_wconf 81' lang='lat' dir='ltr'><strong>igitur</strong></span> <span class='ocrx_word' id='word_1_626' title='bbox 2733 1387 2874 1443; x_wconf 87' lang='lat' dir='ltr'><strong>dicat</strong></span> <span class='ocrx_word' id='word_1_627' title='bbox 2903 1388 2987 1443; x_wconf 91' lang='lat' dir='ltr'><strong>his</strong></span> <span class='ocrx_word' id='word_1_628' title='bbox 3013 1389 3174 1444; x_wconf 87' lang='lat' dir='ltr'><strong>rebus</strong></span> <span class='ocrx_word' id='word_1_629' title='bbox 3198 1390 3455 1444; x_wconf 88' lang='lat' dir='ltr'><strong>initiatum</strong></span> <span class='ocrx_word' id='word_1_630' title='bbox 3484 1391 3644 1447; x_wconf 90' lang='lat' dir='ltr'><strong>fuisse</strong></span> <span class='ocrx_word' id='word_1_631' title='bbox 3665 1395 3762 1447; x_wconf 79' lang='lat' dir='ltr'><strong>Aa-</strong></span> 
     </span>
    </p>
   </div>
   <div class='ocr_carea' id='block_1_75' title="bbox 2187 1477 3766 1550">
    <p class='ocr_par' dir='ltr' id='par_1_75' title="bbox 2187 1477 3766 1550">
     <span class='ocr_line' id='line_1_75' title="bbox 2187 1477 3766 1550; baseline 0.005 -20"><span class='ocrx_word' id='word_1_632' title='bbox 2187 1490 2305 1540; x_wconf 87' lang='lat' dir='ltr'><strong>ron,</strong></span> <span class='ocrx_word' id='word_1_633' title='bbox 2339 1477 2420 1530; x_wconf 89' lang='lat' dir='ltr'><strong>his</strong></span> <span class='ocrx_word' id='word_1_634' title='bbox 2451 1477 2807 1546; x_wconf 84' lang='lat' dir='ltr'><strong>puriﬁcatam,</strong></span> <span class='ocrx_word' id='word_1_635' title='bbox 2838 1477 2921 1533; x_wconf 92' lang='lat' dir='ltr'><strong>his</strong></span> <span class='ocrx_word' id='word_1_636' title='bbox 2948 1479 3353 1548; x_wconf 86' lang='lat' dir='ltr'><strong>sanctiﬁcatum,</strong></span> <span class='ocrx_word' id='word_1_637' title='bbox 3385 1496 3481 1550; x_wconf 88' lang='lat' dir='ltr'><strong>per</strong></span> <span class='ocrx_word' id='word_1_638' title='bbox 3508 1481 3622 1538; x_wconf 54' lang='lat' dir='ltr'><strong>hac</strong></span> <span class='ocrx_word' id='word_1_639' title='bbox 3649 1485 3766 1550; x_wconf 83' lang='lat' dir='ltr'><strong>pla-</strong></span> 
     </span>
    </p>
   </div>
   <div class='ocr_carea' id='block_1_76' title="bbox 2187 1568 3762 1643">
    <p class='ocr_par' dir='ltr' id='par_1_76' title="bbox 2187 1568 3762 1643">
     <span class='ocr_line' id='line_1_76' title="bbox 2187 1568 3762 1643; baseline 0.004 -22"><span class='ocrx_word' id='word_1_640' title='bbox 2187 1581 2337 1621; x_wconf 86' lang='lat' dir='ltr'><strong>casse</strong></span> <span class='ocrx_word' id='word_1_641' title='bbox 2367 1568 2533 1623; x_wconf 88' lang='lat' dir='ltr'><strong>Deum</strong></span> <span class='ocrx_word' id='word_1_642' title='bbox 2553 1609 2570 1635; x_wconf 94' lang='lat'><strong>,</strong></span> <span class='ocrx_word' id='word_1_643' title='bbox 2597 1568 2730 1622; x_wconf 89' lang='lat' dir='ltr'><strong>nihil</strong></span> <span class='ocrx_word' id='word_1_644' title='bbox 2757 1579 2935 1623; x_wconf 89' lang='lat' dir='ltr'><strong>autem</strong></span> <span class='ocrx_word' id='word_1_645' title='bbox 2965 1570 3151 1624; x_wconf 87' lang='lat' dir='ltr'><strong>horum</strong></span> <span class='ocrx_word' id='word_1_646' title='bbox 3177 1586 3316 1626; x_wconf 91' lang='lat' dir='ltr'><strong>nunc</strong></span> <span class='ocrx_word' id='word_1_647' title='bbox 3342 1572 3466 1639; x_wconf 87' lang='lat' dir='ltr'><strong>ﬁat,</strong></span> <span class='ocrx_word' id='word_1_648' title='bbox 3494 1589 3664 1643; x_wconf 81' lang='lat' dir='ltr'><strong>neque</strong></span> <span class='ocrx_word' id='word_1_649' title='bbox 3686 1575 3762 1628; x_wconf 82' lang='lat' dir='ltr'><strong>vi-</strong></span> 
     </span>
    </p>
   </div>
   <div class='ocr_carea' id='block_1_77' title="bbox 2187 1660 3764 1733">
    <p class='ocr_par' dir='ltr' id='par_1_77' title="bbox 2187 1660 3764 1733">
     <span class='ocr_line' id='line_1_77' title="bbox 2187 1660 3764 1733; baseline 0.004 -19"><span class='ocrx_word' id='word_1_650' title='bbox 2187 1660 2344 1714; x_wconf 82' lang='lat' dir='ltr'><strong>ctima</strong></span> <span class='ocrx_word' id='word_1_651' title='bbox 2383 1675 2554 1730; x_wconf 89' lang='lat' dir='ltr'><strong>neque</strong></span> <span class='ocrx_word' id='word_1_652' title='bbox 2583 1661 2971 1726; x_wconf 83' lang='lat' dir='ltr'><strong>holocaustum,</strong></span> <span class='ocrx_word' id='word_1_653' title='bbox 3005 1677 3174 1732; x_wconf 89' lang='lat' dir='ltr'><strong>neque</strong></span> <span class='ocrx_word' id='word_1_654' title='bbox 3211 1663 3481 1732; x_wconf 81' lang='lat' dir='ltr'><strong>sanguinis</strong></span> <span class='ocrx_word' id='word_1_655' title='bbox 3507 1666 3764 1733; x_wconf 74' lang='lat' dir='ltr'><strong>aSpersio,</strong></span> 
     </span>
    </p>
   </div>
   <div class='ocr_carea' id='block_1_78' title="bbox 2188 1749 3764 1819">
    <p class='ocr_par' dir='ltr' id='par_1_78' title="bbox 2188 1749 3764 1819">
     <span class='ocr_line' id='line_1_78' title="bbox 2188 1749 3764 1819; baseline 0.004 -15"><span class='ocrx_word' id='word_1_656' title='bbox 2188 1765 2360 1819; x_wconf 88' lang='lat' dir='ltr'><strong>neque</strong></span> <span class='ocrx_word' id='word_1_657' title='bbox 2388 1751 2491 1805; x_wconf 91' lang='lat' dir='ltr'><strong>olei</strong></span> <span class='ocrx_word' id='word_1_658' title='bbox 2518 1749 2753 1806; x_wconf 89' lang='lat' dir='ltr'><strong>inunctio</strong></span> <span class='ocrx_word' id='word_1_659' title='bbox 2773 1792 2789 1818; x_wconf 95' lang='lat'><strong>,</strong></span> <span class='ocrx_word' id='word_1_660' title='bbox 2821 1767 2920 1807; x_wconf 87' lang='lat' dir='ltr'><strong>nec</strong></span> <span class='ocrx_word' id='word_1_661' title='bbox 2943 1751 3080 1806; x_wconf 88' lang='lat' dir='ltr'><strong>adsit</strong></span> <span class='ocrx_word' id='word_1_662' title='bbox 3107 1752 3499 1808; x_wconf 85' lang='lat' dir='ltr'><strong>tabernaculum</strong></span> <span class='ocrx_word' id='word_1_663' title='bbox 3525 1757 3764 1810; x_wconf 80' lang='lat' dir='ltr'><strong>testimo-</strong></span> 
     </span>
    </p>
   </div>
   <div class='ocr_carea' id='block_1_79' title="bbox 2187 1843 3768 1914">
    <p class='ocr_par' dir='ltr' id='par_1_79' title="bbox 2187 1843 3768 1914">
     <span class='ocr_line' id='line_1_79' title="bbox 2187 1843 3768 1914; baseline 0.003 -17"><span class='ocrx_word' id='word_1_664' title='bbox 2187 1844 2258 1898; x_wconf 93' lang='lat' dir='ltr'><strong>nii</strong></span> <span class='ocrx_word' id='word_1_665' title='bbox 2278 1885 2294 1910; x_wconf 96' lang='lat'><strong>,</strong></span> <span class='ocrx_word' id='word_1_666' title='bbox 2322 1859 2494 1913; x_wconf 88' lang='lat' dir='ltr'><strong>neque</strong></span> <span class='ocrx_word' id='word_1_667' title='bbox 2529 1843 2595 1898; x_wconf 89' lang='lat' dir='ltr'><strong>ad</strong></span> <span class='ocrx_word' id='word_1_668' title='bbox 2623 1844 2938 1914; x_wconf 68' lang='lat' dir='ltr'><strong>praeﬁnitum</strong></span> <span class='ocrx_word' id='word_1_669' title='bbox 2976 1845 3180 1898; x_wconf 88' lang='lat' dir='ltr'><strong>dierum</strong></span> <span class='ocrx_word' id='word_1_670' title='bbox 3205 1860 3485 1901; x_wconf 91' lang='lat' dir='ltr'><strong>numerum</strong></span> <span class='ocrx_word' id='word_1_671' title='bbox 3522 1847 3768 1903; x_wconf 85' lang='lat' dir='ltr'><strong>sedeatur</strong></span> 
     </span>
    </p>
   </div>
   <div class='ocr_carea' id='block_1_80' title="bbox 2187 1936 3766 2009">
    <p class='ocr_par' dir='ltr' id='par_1_80' title="bbox 2187 1936 3766 2009">
     <span class='ocr_line' id='line_1_80' title="bbox 2187 1936 3766 2009; baseline 0.002 -19"><span class='ocrx_word' id='word_1_672' title='bbox 2187 1936 2327 1991; x_wconf 91' lang='lat' dir='ltr'><strong>intus</strong></span> <span class='ocrx_word' id='word_1_673' title='bbox 2351 1955 2364 1990; x_wconf 88' lang='lat'><strong>:</strong></span> <span class='ocrx_word' id='word_1_674' title='bbox 2392 1936 2632 2006; x_wconf 88' lang='lat' dir='ltr'><strong>profecto</strong></span> <span class='ocrx_word' id='word_1_675' title='bbox 2661 1936 2833 2005; x_wconf 88' lang='lat' dir='ltr'><strong>palam</strong></span> <span class='ocrx_word' id='word_1_676' title='bbox 2859 1947 2940 1991; x_wconf 85' lang='lat' dir='ltr'><strong>est</strong></span> <span class='ocrx_word' id='word_1_677' title='bbox 2965 1936 3316 2003; x_wconf 88' lang='lat' dir='ltr'><strong>sacerdotem,</strong></span> <span class='ocrx_word' id='word_1_678' title='bbox 3343 1938 3432 2006; x_wconf 88' lang='lat' dir='ltr'><strong>qni</strong></span> <span class='ocrx_word' id='word_1_679' title='bbox 3463 1955 3604 1993; x_wconf 90' lang='lat' dir='ltr'><strong>nunc</strong></span> <span class='ocrx_word' id='word_1_680' title='bbox 3629 1940 3766 2009; x_wconf 84' lang='lat' dir='ltr'><strong>apud</strong></span> 
     </span>
    </p>
   </div>
   <div class='ocr_carea' id='block_1_81' title="bbox 2188 2025 3766 2098">
    <p class='ocr_par' dir='ltr' id='par_1_81' title="bbox 2188 2025 3766 2098">
     <span class='ocr_line' id='line_1_81' title="bbox 2188 2025 3766 2098; baseline 0.001 -17"><span class='ocrx_word' id='word_1_681' title='bbox 2188 2026 2320 2081; x_wconf 83' lang='lat' dir='ltr'><strong>istos</strong></span> <span class='ocrx_word' id='word_1_682' title='bbox 2346 2037 2426 2081; x_wconf 91' lang='lat' dir='ltr'><strong>est</strong></span> <span class='ocrx_word' id='word_1_683' title='bbox 2446 2067 2462 2091; x_wconf 97' lang='lat'><strong>,</strong></span> <span class='ocrx_word' id='word_1_684' title='bbox 2494 2027 2758 2096; x_wconf 89' lang='lat' dir='ltr'><strong>impurutn</strong></span> <span class='ocrx_word' id='word_1_685' title='bbox 2789 2041 2852 2081; x_wconf 91' lang='lat' dir='ltr'><strong>ac</strong></span> <span class='ocrx_word' id='word_1_686' title='bbox 2876 2025 3132 2081; x_wconf 86' lang='lat' dir='ltr'><strong>nefarium</strong></span> <span class='ocrx_word' id='word_1_687' title='bbox 3161 2041 3313 2092; x_wconf 85' lang='lat' dir='ltr'><strong>esse,</strong></span> <span class='ocrx_word' id='word_1_688' title='bbox 3347 2027 3677 2098; x_wconf 86' lang='lat' dir='ltr'><strong>illegitimum</strong></span> <span class='ocrx_word' id='word_1_689' title='bbox 3702 2046 3766 2084; x_wconf 89' lang='lat' dir='ltr'><strong>ac</strong></span> 
     </span>
    </p>
   </div>
   <div class='ocr_carea' id='block_1_82' title="bbox 2188 2115 3761 2186">
    <p class='ocr_par' dir='ltr' id='par_1_82' title="bbox 2188 2115 3761 2186">
     <span class='ocr_line' id='line_1_82' title="bbox 2188 2115 3761 2186; baseline -0.001 -14"><span class='ocrx_word' id='word_1_690' title='bbox 2188 2117 2487 2185; x_wconf 86' lang='lat' dir='ltr'><strong>profanum,</strong></span> <span class='ocrx_word' id='word_1_691' title='bbox 2514 2116 2742 2186; x_wconf 91' lang='lat' dir='ltr'><strong>denique</strong></span> <span class='ocrx_word' id='word_1_692' title='bbox 2767 2115 2836 2170; x_wconf 91' lang='lat' dir='ltr'><strong>ad</strong></span> <span class='ocrx_word' id='word_1_693' title='bbox 2863 2116 2994 2170; x_wconf 92' lang='lat' dir='ltr'><strong>iram</strong></span> <span class='ocrx_word' id='word_1_694' title='bbox 3024 2116 3189 2171; x_wconf 90' lang='lat' dir='ltr'><strong>Deum</strong></span> <span class='ocrx_word' id='word_1_695' title='bbox 3218 2132 3528 2186; x_wconf 84' lang='lat' dir='ltr'><strong>provocare.</strong></span> <span class='ocrx_word' id='word_1_696' title='bbox 3557 2117 3761 2175; x_wconf 85' lang='lat' dir='ltr'><strong>Etenim</strong></span> 
     </span>
    </p>
   </div>
   <div class='ocr_carea' id='block_1_83' title="bbox 2185 2206 3760 2276">
    <p class='ocr_par' dir='ltr' id='par_1_83' title="bbox 2185 2206 3760 2276">
     <span class='ocr_line' id='line_1_83' title="bbox 2185 2206 3760 2276; baseline 0.002 -15"><span class='ocrx_word' id='word_1_697' title='bbox 2185 2206 2231 2261; x_wconf 90' lang='lat' dir='ltr'><strong>si</strong></span> <span class='ocrx_word' id='word_1_698' title='bbox 2269 2222 2376 2261; x_wconf 82' lang='lat' dir='ltr'><strong>non</strong></span> <span class='ocrx_word' id='word_1_699' title='bbox 2420 2216 2627 2276; x_wconf 89' lang='lat' dir='ltr'><strong>poterat</strong></span> <span class='ocrx_word' id='word_1_700' title='bbox 2669 2207 2825 2262; x_wconf 89' lang='lat' dir='ltr'><strong>aliter</strong></span> <span class='ocrx_word' id='word_1_701' title='bbox 2863 2207 3198 2272; x_wconf 87' lang='lat' dir='ltr'><strong>consecrari,</strong></span> <span class='ocrx_word' id='word_1_702' title='bbox 3228 2207 3331 2262; x_wconf 89' lang='lat' dir='ltr'><strong>nisi</strong></span> <span class='ocrx_word' id='word_1_703' title='bbox 3362 2208 3507 2264; x_wconf 90' lang='lat' dir='ltr'><strong>hisce</strong></span> <span class='ocrx_word' id='word_1_704' title='bbox 3540 2210 3722 2264; x_wconf 87' lang='lat' dir='ltr'><strong>ritibus</strong></span> <span class='ocrx_word' id='word_1_705' title='bbox 3744 2253 3760 2272; x_wconf 88' lang='lat'><strong>,</strong></span> 
     </span>
    </p>
   </div>
   <div class='ocr_carea' id='block_1_84' title="bbox 2187 2299 3761 2358">
    <p class='ocr_par' dir='ltr' id='par_1_84' title="bbox 2187 2299 3761 2358">
     <span class='ocr_line' id='line_1_84' title="bbox 2187 2299 3761 2358; baseline 0.001 -5"><span class='ocrx_word' id='word_1_706' title='bbox 2187 2299 2406 2353; x_wconf 89' lang='lat' dir='ltr'><strong>omnino</strong></span> <span class='ocrx_word' id='word_1_707' title='bbox 2433 2313 2652 2356; x_wconf 85' lang='lat' dir='ltr'><strong>necesse</strong></span> <span class='ocrx_word' id='word_1_708' title='bbox 2677 2307 2762 2354; x_wconf 90' lang='lat' dir='ltr'><strong>est</strong></span> <span class='ocrx_word' id='word_1_709' title='bbox 2801 2307 2968 2354; x_wconf 92' lang='lat' dir='ltr'><strong>totum</strong></span> <span class='ocrx_word' id='word_1_710' title='bbox 3015 2299 3368 2354; x_wconf 86' lang='lat' dir='ltr'><strong>sacerdotium</strong></span> <span class='ocrx_word' id='word_1_711' title='bbox 3409 2301 3621 2358; x_wconf 88' lang='lat' dir='ltr'><strong>illorum</strong></span> <span class='ocrx_word' id='word_1_712' title='bbox 3661 2317 3761 2355; x_wconf 90' lang='lat' dir='ltr'><strong>non</strong></span> 
     </span>
    </p>
   </div>
   <div class='ocr_carea' id='block_1_85' title="bbox 2186 2386 3761 2459">
    <p class='ocr_par' dir='ltr' id='par_1_85' title="bbox 2186 2386 3761 2459">
     <span class='ocr_line' id='line_1_85' title="bbox 2186 2386 3761 2459; baseline 0.001 -16"><span class='ocrx_word' id='word_1_713' title='bbox 2186 2388 2499 2443; x_wconf 88' lang='lat' dir='ltr'><strong>consistere.</strong></span> <span class='ocrx_word' id='word_1_714' title='bbox 2531 2386 2696 2442; x_wconf 83' lang='lat' dir='ltr'><strong>Vides</strong></span> <span class='ocrx_word' id='word_1_715' title='bbox 2721 2402 2752 2441; x_wconf 93' lang='lat' dir='ltr'><strong>a</strong></span> <span class='ocrx_word' id='word_1_716' title='bbox 2781 2403 2868 2443; x_wconf 90' lang='lat' dir='ltr'><strong>me</strong></span> <span class='ocrx_word' id='word_1_717' title='bbox 2905 2389 3094 2443; x_wconf 91' lang='lat' dir='ltr'><strong>merito</strong></span> <span class='ocrx_word' id='word_1_718' title='bbox 3119 2388 3336 2455; x_wconf 88' lang='lat' dir='ltr'><strong>dictum,</strong></span> <span class='ocrx_word' id='word_1_719' title='bbox 3368 2390 3508 2459; x_wconf 88' lang='lat' dir='ltr'><strong>quod</strong></span> <span class='ocrx_word' id='word_1_720' title='bbox 3542 2406 3647 2445; x_wconf 92' lang='lat' dir='ltr'><strong>non</strong></span> <span class='ocrx_word' id='word_1_721' title='bbox 3675 2407 3761 2445; x_wconf 89' lang='lat' dir='ltr'><strong>so-</strong></span> 
     </span>
    </p>
   </div>
   <div class='ocr_carea' id='block_1_86' title="bbox 2187 2479 3764 2549">
    <p class='ocr_par' dir='ltr' id='par_1_86' title="bbox 2187 2479 3764 2549">
     <span class='ocr_line' id='line_1_86' title="bbox 2187 2479 3764 2549; baseline 0.002 -16"><span class='ocrx_word' id='word_1_722' title='bbox 2187 2480 2297 2534; x_wconf 92' lang='lat' dir='ltr'><strong>lum</strong></span> <span class='ocrx_word' id='word_1_723' title='bbox 2324 2495 2354 2533; x_wconf 89' lang='lat' dir='ltr'><strong>a</strong></span> <span class='ocrx_word' id='word_1_724' title='bbox 2383 2480 2605 2534; x_wconf 85' lang='lat' dir='ltr'><strong>veritate</strong></span> <span class='ocrx_word' id='word_1_725' title='bbox 2627 2518 2645 2545; x_wconf 95' lang='lat'><strong>,</strong></span> <span class='ocrx_word' id='word_1_726' title='bbox 2676 2495 2858 2534; x_wconf 89' lang='lat' dir='ltr'><strong>verum</strong></span> <span class='ocrx_word' id='word_1_727' title='bbox 2888 2480 3047 2534; x_wconf 89' lang='lat' dir='ltr'><strong>etiam</strong></span> <span class='ocrx_word' id='word_1_728' title='bbox 3075 2479 3144 2535; x_wconf 89' lang='lat' dir='ltr'><strong>ab</strong></span> <span class='ocrx_word' id='word_1_729' title='bbox 3186 2480 3296 2549; x_wconf 88' lang='lat' dir='ltr'><strong>ipsa</strong></span> <span class='ocrx_word' id='word_1_730' title='bbox 3326 2481 3403 2535; x_wconf 90' lang='lat' dir='ltr'><strong>rei</strong></span> <span class='ocrx_word' id='word_1_731' title='bbox 3431 2481 3764 2536; x_wconf 88' lang='lat' dir='ltr'><strong>simulatione</strong></span> 
     </span>
    </p>
   </div>
   <div class='ocr_carea' id='block_1_87' title="bbox 2186 2571 2609 2638">
    <p class='ocr_par' dir='ltr' id='par_1_87' title="bbox 2186 2571 2609 2638">
     <span class='ocr_line' id='line_1_87' title="bbox 2186 2571 2609 2638; baseline -0.005 -14"><span class='ocrx_word' id='word_1_732' title='bbox 2186 2571 2370 2638; x_wconf 86' lang='lat' dir='ltr'><strong>procul</strong></span> <span class='ocrx_word' id='word_1_733' title='bbox 2399 2571 2609 2623; x_wconf 85' lang='lat' dir='ltr'><strong>absunt.</strong></span> 
     </span>
    </p>
   </div>
   <div class='ocr_carea' id='block_1_88' title="bbox 2257 2657 3764 2729">
    <p class='ocr_par' dir='ltr' id='par_1_88' title="bbox 2257 2657 3764 2729">
     <span class='ocr_line' id='line_1_88' title="bbox 2257 2657 3764 2729; baseline 0.002 -17"><span class='ocrx_word' id='word_1_734' title='bbox 2257 2657 2312 2712; x_wconf 87' lang='lat'><strong>6.</strong></span> <span class='ocrx_word' id='word_1_735' title='bbox 2342 2658 2546 2724; x_wconf 81' lang='lat' dir='ltr'><strong>Quanta</strong></span> <span class='ocrx_word' id='word_1_736' title='bbox 2572 2659 2636 2712; x_wconf 92' lang='lat' dir='ltr'><strong>sit</strong></span> <span class='ocrx_word' id='word_1_737' title='bbox 2662 2657 2929 2713; x_wconf 85' lang='lat' dir='ltr'><strong>sacerdotii</strong></span> <span class='ocrx_word' id='word_1_738' title='bbox 2955 2658 3193 2729; x_wconf 81' lang='lat' dir='ltr'><strong>dignitas.</strong></span> <span class='ocrx_word' id='word_1_739' title='bbox 3215 2690 3286 2699; x_wconf 95' lang='lat'><strong><em>—</em></strong></span> <span class='ocrx_word' id='word_1_740' title='bbox 3312 2658 3420 2714; x_wconf 82' lang='lat' dir='ltr'><strong>Nec</strong></span> <span class='ocrx_word' id='word_1_741' title='bbox 3447 2676 3514 2714; x_wconf 81' lang='lat' dir='ltr'><strong>ex</strong></span> <span class='ocrx_word' id='word_1_742' title='bbox 3543 2661 3626 2715; x_wconf 91' lang='lat' dir='ltr'><strong>his</strong></span> <span class='ocrx_word' id='word_1_743' title='bbox 3654 2671 3764 2715; x_wconf 83' lang='lat' dir='ltr'><strong>tan-</strong></span> 
     </span>
    </p>
   </div>
   <div class='ocr_carea' id='block_1_89' title="bbox 2188 2748 3765 2818">
    <p class='ocr_par' dir='ltr' id='par_1_89' title="bbox 2188 2748 3765 2818">
     <span class='ocr_line' id='line_1_89' title="bbox 2188 2748 3765 2818; baseline 0.001 -15"><span class='ocrx_word' id='word_1_744' title='bbox 2188 2757 2299 2803; x_wconf 91' lang='lat' dir='ltr'><strong>tum</strong></span> <span class='ocrx_word' id='word_1_745' title='bbox 2319 2789 2336 2814; x_wconf 89' lang='lat'><strong>,</strong></span> <span class='ocrx_word' id='word_1_746' title='bbox 2364 2764 2546 2804; x_wconf 90' lang='lat' dir='ltr'><strong>verum</strong></span> <span class='ocrx_word' id='word_1_747' title='bbox 2572 2748 2728 2804; x_wconf 90' lang='lat' dir='ltr'><strong>etiam</strong></span> <span class='ocrx_word' id='word_1_748' title='bbox 2757 2764 2823 2803; x_wconf 81' lang='lat' dir='ltr'><strong>ex</strong></span> <span class='ocrx_word' id='word_1_749' title='bbox 2850 2749 2967 2802; x_wconf 88' lang='lat' dir='ltr'><strong>aliis</strong></span> <span class='ocrx_word' id='word_1_750' title='bbox 2991 2748 3197 2803; x_wconf 88' lang='lat' dir='ltr'><strong>discere</strong></span> <span class='ocrx_word' id='word_1_751' title='bbox 3223 2748 3364 2814; x_wconf 91' lang='lat' dir='ltr'><strong>licet,</strong></span> <span class='ocrx_word' id='word_1_752' title='bbox 3388 2762 3584 2818; x_wconf 86' lang='lat' dir='ltr'><strong>quanta</strong></span> <span class='ocrx_word' id='word_1_753' title='bbox 3613 2750 3765 2804; x_wconf 79' lang='lat' dir='ltr'><strong>fuerit</strong></span> 
     </span>
    </p>
   </div>
   <div class='ocr_carea' id='block_1_90' title="bbox 2186 2837 3760 2909">
    <p class='ocr_par' dir='ltr' id='par_1_90' title="bbox 2186 2837 3760 2909">
     <span class='ocr_line' id='line_1_90' title="bbox 2186 2837 3760 2909; baseline 0.001 -15"><span class='ocrx_word' id='word_1_754' title='bbox 2186 2839 2467 2894; x_wconf 88' lang='lat' dir='ltr'><strong>sacerdotii</strong></span> <span class='ocrx_word' id='word_1_755' title='bbox 2497 2838 2744 2909; x_wconf 81' lang='lat' dir='ltr'><strong>dignitas.</strong></span> <span class='ocrx_word' id='word_1_756' title='bbox 2783 2837 3010 2893; x_wconf 89' lang='lat' dir='ltr'><strong>Proinde</strong></span> <span class='ocrx_word' id='word_1_757' title='bbox 3035 2853 3153 2892; x_wconf 92' lang='lat' dir='ltr'><strong>cum</strong></span> <span class='ocrx_word' id='word_1_758' title='bbox 3181 2838 3435 2893; x_wconf 89' lang='lat' dir='ltr'><strong>adversus</strong></span> <span class='ocrx_word' id='word_1_759' title='bbox 3463 2842 3637 2894; x_wconf 83' lang='lat' dir='ltr'><strong>Aaron</strong></span> <span class='ocrx_word' id='word_1_760' title='bbox 3675 2857 3760 2895; x_wconf 88' lang='lat' dir='ltr'><strong>se-</strong></span> 
     </span>
    </p>
   </div>
   <div class='ocr_carea' id='block_1_91' title="bbox 2186 2929 3763 3000">
    <p class='ocr_par' dir='ltr' id='par_1_91' title="bbox 2186 2929 3763 3000">
     <span class='ocr_line' id='line_1_91' title="bbox 2186 2929 3763 3000; baseline 0.001 -16"><span class='ocrx_word' id='word_1_761' title='bbox 2186 2930 2440 2986; x_wconf 88' lang='lat' dir='ltr'><strong>ditionem</strong></span> <span class='ocrx_word' id='word_1_762' title='bbox 2465 2929 2756 2984; x_wconf 87' lang='lat' dir='ltr'><strong>movissent</strong></span> <span class='ocrx_word' id='word_1_763' title='bbox 2781 2929 3021 2983; x_wconf 91' lang='lat' dir='ltr'><strong>homines</strong></span> <span class='ocrx_word' id='word_1_764' title='bbox 3045 2929 3256 2998; x_wconf 90' lang='lat' dir='ltr'><strong>quidam</strong></span> <span class='ocrx_word' id='word_1_765' title='bbox 3279 2930 3526 2984; x_wconf 84' lang='lat' dir='ltr'><strong>scelerati</strong></span> <span class='ocrx_word' id='word_1_766' title='bbox 3552 2931 3763 3000; x_wconf 81' lang='lat' dir='ltr'><strong>perditi-</strong></span> 
     </span>
    </p>
   </div>
   <div class='ocr_carea' id='block_1_92' title="bbox 2185 3020 3760 3093">
    <p class='ocr_par' dir='ltr' id='par_1_92' title="bbox 2185 3020 3760 3093">
     <span class='ocr_line' id='line_1_92' title="bbox 2185 3020 3760 3093; baseline -0.003 -17"><span class='ocrx_word' id='word_1_767' title='bbox 2185 3038 2321 3093; x_wconf 85' lang='lat' dir='ltr'><strong>que,</strong></span> <span class='ocrx_word' id='word_1_768' title='bbox 2347 3029 2600 3077; x_wconf 87' lang='lat' dir='ltr'><strong>conantes</strong></span> <span class='ocrx_word' id='word_1_769' title='bbox 2628 3035 2752 3076; x_wconf 88' lang='lat' dir='ltr'><strong>eum</strong></span> <span class='ocrx_word' id='word_1_770' title='bbox 2777 3035 2807 3074; x_wconf 89' lang='lat' dir='ltr'><strong>a</strong></span> <span class='ocrx_word' id='word_1_771' title='bbox 2835 3020 3130 3090; x_wconf 90' lang='lat' dir='ltr'><strong>principatu</strong></span> <span class='ocrx_word' id='word_1_772' title='bbox 3155 3020 3423 3090; x_wconf 89' lang='lat' dir='ltr'><strong>depellere</strong></span> <span class='ocrx_word' id='word_1_773' title='bbox 3441 3061 3457 3086; x_wconf 88' lang='lat'><strong>,</strong></span> <span class='ocrx_word' id='word_1_774' title='bbox 3490 3030 3544 3075; x_wconf 87' lang='lat' dir='ltr'><strong>et</strong></span> <span class='ocrx_word' id='word_1_775' title='bbox 3572 3021 3638 3076; x_wconf 88' lang='lat' dir='ltr'><strong>de</strong></span> <span class='ocrx_word' id='word_1_776' title='bbox 3666 3022 3760 3074; x_wconf 78' lang='lat' dir='ltr'><strong>lio.</strong></span> 
     </span>
    </p>
   </div>
   <div class='ocr_carea' id='block_1_93' title="bbox 2186 3112 3762 3181">
    <p class='ocr_par' dir='ltr' id='par_1_93' title="bbox 2186 3112 3762 3181">
     <span class='ocr_line' id='line_1_93' title="bbox 2186 3112 3762 3181; baseline -0.001 -13"><span class='ocrx_word' id='word_1_777' title='bbox 2186 3129 2316 3168; x_wconf 91' lang='lat' dir='ltr'><strong>nore</strong></span> <span class='ocrx_word' id='word_1_778' title='bbox 2353 3129 2474 3168; x_wconf 89' lang='lat' dir='ltr'><strong>cum</strong></span> <span class='ocrx_word' id='word_1_779' title='bbox 2519 3113 2608 3166; x_wconf 89' lang='lat' dir='ltr'><strong>illo</strong></span> <span class='ocrx_word' id='word_1_780' title='bbox 2649 3112 3005 3181; x_wconf 87' lang='lat' dir='ltr'><strong>disceptarent</strong></span> <span class='ocrx_word' id='word_1_781' title='bbox 3043 3129 3056 3165; x_wconf 92' lang='lat'>:</span> <span class='ocrx_word' id='word_1_782' title='bbox 3094 3113 3552 3166; x_wconf 87' lang='lat' dir='ltr'><strong>mansuetissimus</strong></span> <span class='ocrx_word' id='word_1_783' title='bbox 3594 3113 3762 3170; x_wconf 76' lang='lat' dir='ltr'><strong>Moses</strong></span> 
     </span>
    </p>
   </div>
   <div class='ocr_carea' id='block_1_94' title="bbox 2183 3200 3758 3273">
    <p class='ocr_par' dir='ltr' id='par_1_94' title="bbox 2183 3200 3758 3273">
     <span class='ocr_line' id='line_1_94' title="bbox 2183 3200 3758 3273; baseline -0.001 -16"><span class='ocrx_word' id='word_1_784' title='bbox 2183 3203 2404 3273; x_wconf 90' lang='lat' dir='ltr'><strong>cupiens</strong></span> <span class='ocrx_word' id='word_1_785' title='bbox 2430 3202 2531 3257; x_wconf 82' lang='lat' dir='ltr'><strong>illis</strong></span> <span class='ocrx_word' id='word_1_786' title='bbox 2553 3201 2710 3256; x_wconf 81' lang='lat' dir='ltr'><strong>rebus</strong></span> <span class='ocrx_word' id='word_1_787' title='bbox 2735 3201 2862 3270; x_wconf 90' lang='lat' dir='ltr'><strong>ipsis</strong></span> <span class='ocrx_word' id='word_1_788' title='bbox 2885 3200 3060 3256; x_wconf 85' lang='lat' dir='ltr'><strong>facere</strong></span> <span class='ocrx_word' id='word_1_789' title='bbox 3084 3201 3261 3267; x_wconf 87' lang='lat' dir='ltr'><strong>ﬁdem,</strong></span> <span class='ocrx_word' id='word_1_790' title='bbox 3284 3201 3422 3272; x_wconf 85' lang='lat' dir='ltr'><strong>quod</strong></span> <span class='ocrx_word' id='word_1_791' title='bbox 3450 3218 3554 3256; x_wconf 90' lang='lat' dir='ltr'><strong>non</strong></span> <span class='ocrx_word' id='word_1_792' title='bbox 3578 3213 3635 3256; x_wconf 91' lang='lat' dir='ltr'><strong>ut</strong></span> <span class='ocrx_word' id='word_1_793' title='bbox 3660 3203 3758 3256; x_wconf 63' lang='lat' dir='ltr'><strong>frao</strong></span> 
     </span>
    </p>
   </div>
   <div class='ocr_carea' id='block_1_95' title="bbox 2186 3294 3759 3366">
    <p class='ocr_par' dir='ltr' id='par_1_95' title="bbox 2186 3294 3759 3366">
     <span class='ocr_line' id='line_1_95' title="bbox 2186 3294 3759 3366; baseline -0.003 -14"><span class='ocrx_word' id='word_1_794' title='bbox 2186 3306 2319 3352; x_wconf 90' lang='lat' dir='ltr'><strong>trem</strong></span> <span class='ocrx_word' id='word_1_795' title='bbox 2340 3337 2355 3360; x_wconf 95' lang='lat'><strong>,</strong></span> <span class='ocrx_word' id='word_1_796' title='bbox 2383 3306 2474 3350; x_wconf 89' lang='lat' dir='ltr'><strong>aut</strong></span> <span class='ocrx_word' id='word_1_797' title='bbox 2495 3304 2808 3366; x_wconf 80' lang='lat' dir='ltr'><strong>cognatum,</strong></span> <span class='ocrx_word' id='word_1_798' title='bbox 2841 3301 2934 3348; x_wconf 91' lang='lat' dir='ltr'><strong>aut</strong></span> <span class='ocrx_word' id='word_1_799' title='bbox 2959 3294 3265 3348; x_wconf 89' lang='lat' dir='ltr'><strong>familiarem</strong></span> <span class='ocrx_word' id='word_1_800' title='bbox 3284 3335 3300 3360; x_wconf 95' lang='lat'><strong>,</strong></span> <span class='ocrx_word' id='word_1_801' title='bbox 3324 3295 3589 3350; x_wconf 80' lang='lat' dir='ltr'><strong>evexisset</strong></span> <span class='ocrx_word' id='word_1_802' title='bbox 3618 3295 3759 3352; x_wconf 89' lang='lat' dir='ltr'><strong>illum</strong></span> 
     </span>
    </p>
   </div>
   <div class='ocr_carea' id='block_1_96' title="bbox 2185 3386 3763 3455">
    <p class='ocr_par' dir='ltr' id='par_1_96' title="bbox 2185 3386 3763 3455">
     <span class='ocr_line' id='line_1_96' title="bbox 2185 3386 3763 3455; baseline -0.001 -13"><span class='ocrx_word' id='word_1_803' title='bbox 2185 3387 2253 3442; x_wconf 86' lang='lat' dir='ltr'><strong>ad</strong></span> <span class='ocrx_word' id='word_1_804' title='bbox 2280 3403 2399 3444; x_wconf 90' lang='lat' dir='ltr'><strong>eum</strong></span> <span class='ocrx_word' id='word_1_805' title='bbox 2441 3387 2697 3442; x_wconf 85' lang='lat' dir='ltr'><strong>honorem</strong></span> <span class='ocrx_word' id='word_1_806' title='bbox 2717 3427 2736 3453; x_wconf 90' lang='lat'><strong>,</strong></span> <span class='ocrx_word' id='word_1_807' title='bbox 2775 3387 2868 3441; x_wconf 89' lang='lat' dir='ltr'><strong>sed</strong></span> <span class='ocrx_word' id='word_1_808' title='bbox 2909 3386 2998 3441; x_wconf 90' lang='lat' dir='ltr'><strong>Dei</strong></span> <span class='ocrx_word' id='word_1_809' title='bbox 3041 3401 3230 3455; x_wconf 89' lang='lat' dir='ltr'><strong>parens</strong></span> <span class='ocrx_word' id='word_1_810' title='bbox 3257 3386 3429 3441; x_wconf 89' lang='lat' dir='ltr'><strong>edicto</strong></span> <span class='ocrx_word' id='word_1_811' title='bbox 3460 3386 3763 3442; x_wconf 85' lang='lat' dir='ltr'><strong>tradidisset</strong></span> 
     </span>
    </p>
   </div>
   <div class='ocr_carea' id='block_1_97' title="bbox 2182 3476 3761 3547">
    <p class='ocr_par' dir='ltr' id='par_1_97' title="bbox 2182 3476 3761 3547">
     <span class='ocr_line' id='line_1_97' title="bbox 2182 3476 3761 3547; baseline -0.001 -14"><span class='ocrx_word' id='word_1_812' title='bbox 2182 3479 2258 3533; x_wconf 90' lang='lat' dir='ltr'><strong>illi</strong></span> <span class='ocrx_word' id='word_1_813' title='bbox 2286 3478 2639 3532; x_wconf 87' lang='lat' dir='ltr'><strong>sacerdotium</strong></span> <span class='ocrx_word' id='word_1_814' title='bbox 2671 3476 2816 3542; x_wconf 89' lang='lat' dir='ltr'><strong>illud,</strong></span> <span class='ocrx_word' id='word_1_815' title='bbox 2843 3476 3003 3547; x_wconf 82' lang='lat' dir='ltr'><strong>jussit</strong></span> <span class='ocrx_word' id='word_1_816' title='bbox 3027 3487 3083 3530; x_wconf 91' lang='lat' dir='ltr'><strong>ut</strong></span> <span class='ocrx_word' id='word_1_817' title='bbox 3109 3492 3434 3545; x_wconf 82' lang='lat' dir='ltr'><strong>unaquaeque</strong></span> <span class='ocrx_word' id='word_1_818' title='bbox 3460 3477 3634 3531; x_wconf 89' lang='lat' dir='ltr'><strong>tribus</strong></span> <span class='ocrx_word' id='word_1_819' title='bbox 3657 3478 3761 3532; x_wconf 85' lang='lat' dir='ltr'><strong>vir-</strong></span> 
     </span>
    </p>
   </div>
   <div class='ocr_carea' id='block_1_98' title="bbox 2183 3568 3756 3640">
    <p class='ocr_par' dir='ltr' id='par_1_98' title="bbox 2183 3568 3756 3640">
     <span class='ocr_line' id='line_1_98' title="bbox 2183 3568 3756 3640; baseline 0 -18"><span class='ocrx_word' id='word_1_820' title='bbox 2183 3584 2300 3640; x_wconf 82' lang='lat' dir='ltr'><strong>gam</strong></span> <span class='ocrx_word' id='word_1_821' title='bbox 2329 3568 2563 3632; x_wconf 74' lang='lat' dir='ltr'><strong>aﬂ‘erret,</strong></span> <span class='ocrx_word' id='word_1_822' title='bbox 2592 3568 2730 3622; x_wconf 89' lang='lat' dir='ltr'><strong>idem</strong></span> <span class='ocrx_word' id='word_1_823' title='bbox 2760 3569 3008 3637; x_wconf 69' lang='lat' dir='ltr'><strong>prteccpit</strong></span> <span class='ocrx_word' id='word_1_824' title='bbox 3034 3568 3227 3622; x_wconf 88' lang='lat' dir='ltr'><strong>Aaroni</strong></span> <span class='ocrx_word' id='word_1_825' title='bbox 3260 3583 3415 3621; x_wconf 89' lang='lat' dir='ltr'><strong>:cum</strong></span> <span class='ocrx_word' id='word_1_826' title='bbox 3443 3569 3756 3634; x_wconf 87' lang='lat' dir='ltr'><strong>attulissent,</strong></span> 
     </span>
    </p>
   </div>
   <div class='ocr_carea' id='block_1_99' title="bbox 2182 3657 3757 3737">
    <p class='ocr_par' dir='ltr' id='par_1_99' title="bbox 2182 3657 3757 3737">
     <span class='ocr_line' id='line_1_99' title="bbox 2182 3657 3757 3737; baseline -0.003 -20"><span class='ocrx_word' id='word_1_827' title='bbox 2182 3677 2370 3717; x_wconf 88' lang='lat' dir='ltr'><strong>omnes</strong></span> <span class='ocrx_word' id='word_1_828' title='bbox 2398 3660 2634 3728; x_wconf 90' lang='lat' dir='ltr'><strong>accepit,</strong></span> <span class='ocrx_word' id='word_1_829' title='bbox 2665 3668 2719 3716; x_wconf 92' lang='lat' dir='ltr'><strong>et</strong></span> <span class='ocrx_word' id='word_1_830' title='bbox 2751 3661 2890 3714; x_wconf 89' lang='lat' dir='ltr'><strong>intus</strong></span> <span class='ocrx_word' id='word_1_831' title='bbox 2929 3659 3180 3728; x_wconf 86' lang='lat' dir='ltr'><strong>reposuit.</strong></span> <span class='ocrx_word' id='word_1_832' title='bbox 3215 3659 3291 3713; x_wconf 83' lang='lat' dir='ltr'><strong>Eo</strong></span> <span class='ocrx_word' id='word_1_833' title='bbox 3326 3657 3466 3712; x_wconf 76' lang='lat' dir='ltr'><strong>facto</strong></span> <span class='ocrx_word' id='word_1_834' title='bbox 3487 3659 3645 3737; x_wconf 79' lang='lat' dir='ltr'><strong>jussit</strong></span> <span class='ocrx_word' id='word_1_835' title='bbox 3667 3675 3757 3713; x_wconf 84' lang='lat' dir='ltr'><strong>ex-</strong></span> 
     </span>
    </p>
   </div>
   <div class='ocr_carea' id='block_1_100' title="bbox 2182 3750 3758 3822">
    <p class='ocr_par' dir='ltr' id='par_1_100' title="bbox 2182 3750 3758 3822">
     <span class='ocr_line' id='line_1_100' title="bbox 2182 3750 3758 3822; baseline 0 -16"><span class='ocrx_word' id='word_1_836' title='bbox 2182 3753 2409 3822; x_wconf 90' lang='lat' dir='ltr'><strong>spectari</strong></span> <span class='ocrx_word' id='word_1_837' title='bbox 2434 3752 2668 3806; x_wconf 90' lang='lat' dir='ltr'><strong>divinum</strong></span> <span class='ocrx_word' id='word_1_838' title='bbox 2693 3750 2975 3820; x_wconf 85' lang='lat' dir='ltr'><strong>judicium,</strong></span> <span class='ocrx_word' id='word_1_839' title='bbox 3002 3750 3140 3819; x_wconf 88' lang='lat' dir='ltr'><strong>quod</strong></span> <span class='ocrx_word' id='word_1_840' title='bbox 3169 3765 3263 3820; x_wconf 86' lang='lat' dir='ltr'><strong>per</strong></span> <span class='ocrx_word' id='word_1_841' title='bbox 3285 3751 3458 3820; x_wconf 82' lang='lat' dir='ltr'><strong>virgas</strong></span> <span class='ocrx_word' id='word_1_842' title='bbox 3487 3751 3604 3804; x_wconf 88' lang='lat' dir='ltr'><strong>illas</strong></span> <span class='ocrx_word' id='word_1_843' title='bbox 3622 3762 3758 3806; x_wconf 88' lang='lat' dir='ltr'><strong>esset</strong></span> 
     </span>
    </p>
   </div>
   <div class='ocr_carea' id='block_1_101' title="bbox 2183 3841 3756 3913">
    <p class='ocr_par' dir='ltr' id='par_1_101' title="bbox 2183 3841 3756 3913">
     <span class='ocr_line' id='line_1_101' title="bbox 2183 3841 3756 3913; baseline -0.001 -17"><span class='ocrx_word' id='word_1_844' title='bbox 2183 3843 2578 3912; x_wconf 87' lang='lat' dir='ltr'><strong>proferendum.</strong></span> <span class='ocrx_word' id='word_1_845' title='bbox 2612 3841 2808 3897; x_wconf 89' lang='lat' dir='ltr'><strong>Deinde</strong></span> <span class='ocrx_word' id='word_1_846' title='bbox 2832 3856 2952 3896; x_wconf 89' lang='lat' dir='ltr'><strong>cum</strong></span> <span class='ocrx_word' id='word_1_847' title='bbox 2980 3842 3139 3896; x_wconf 91' lang='lat' dir='ltr'><strong>simul</strong></span> <span class='ocrx_word' id='word_1_848' title='bbox 3165 3842 3400 3895; x_wconf 90' lang='lat' dir='ltr'><strong>onmium</strong></span> <span class='ocrx_word' id='word_1_849' title='bbox 3435 3843 3756 3913; x_wconf 89' lang='lat' dir='ltr'><strong>reliquorum</strong></span> 
     </span>
    </p>
   </div>
   <div class='ocr_carea' id='block_1_102' title="bbox 2184 3931 3754 4004">
    <p class='ocr_par' dir='ltr' id='par_1_102' title="bbox 2184 3931 3754 4004">
     <span class='ocr_line' id='line_1_102' title="bbox 2184 3931 3754 4004; baseline -0.001 -17"><span class='ocrx_word' id='word_1_850' title='bbox 2184 3935 2342 4004; x_wconf 69' lang='lat' dir='ltr'><strong>virga:</strong></span> <span class='ocrx_word' id='word_1_851' title='bbox 2380 3942 2661 3988; x_wconf 86' lang='lat' dir='ltr'><strong>manerent</strong></span> <span class='ocrx_word' id='word_1_852' title='bbox 2689 3934 2740 3988; x_wconf 91' lang='lat' dir='ltr'><strong>in</strong></span> <span class='ocrx_word' id='word_1_853' title='bbox 2779 3933 2966 3988; x_wconf 88' lang='lat' dir='ltr'><strong>eodem</strong></span> <span class='ocrx_word' id='word_1_854' title='bbox 3014 3931 3226 3998; x_wconf 89' lang='lat' dir='ltr'><strong>habitu,</strong></span> <span class='ocrx_word' id='word_1_855' title='bbox 3258 3933 3370 3986; x_wconf 90' lang='lat' dir='ltr'><strong>sola</strong></span> <span class='ocrx_word' id='word_1_856' title='bbox 3411 3933 3555 4003; x_wconf 81' lang='lat' dir='ltr'><strong>virga</strong></span> <span class='ocrx_word' id='word_1_857' title='bbox 3586 3937 3754 3996; x_wconf 81' lang='lat' dir='ltr'><strong>Aaron</strong></span> 
     </span>
    </p>
   </div>
   <div class='ocr_carea' id='block_1_103' title="bbox 2181 4020 3750 4095">
    <p class='ocr_par' dir='ltr' id='par_1_103' title="bbox 2181 4020 3750 4095">
     <span class='ocr_line' id='line_1_103' title="bbox 2181 4020 3750 4095; baseline -0.001 -18"><span class='ocrx_word' id='word_1_858' title='bbox 2181 4023 2536 4092; x_wconf 83' lang='lat' dir='ltr'><strong>germinavit,</strong></span> <span class='ocrx_word' id='word_1_859' title='bbox 2583 4021 2902 4092; x_wconf 85' lang='lat' dir='ltr'><strong>frondesque</strong></span> <span class='ocrx_word' id='word_1_860' title='bbox 2939 4021 3186 4091; x_wconf 85' lang='lat' dir='ltr'><strong>produxit</strong></span> <span class='ocrx_word' id='word_1_861' title='bbox 3224 4036 3286 4075; x_wconf 89' lang='lat' dir='ltr'><strong>ac</strong></span> <span class='ocrx_word' id='word_1_862' title='bbox 3323 4020 3527 4076; x_wconf 87' lang='lat' dir='ltr'><strong>fructus</strong></span> <span class='ocrx_word' id='word_1_863' title='bbox 3556 4021 3750 4095; x_wconf 76' lang='lat' dir='ltr'><strong>(Nam.</strong></span> 
     </span>
    </p>
   </div>
   <div class='ocr_carea' id='block_1_104' title="bbox 2183 4111 3751 4185">
    <p class='ocr_par' dir='ltr' id='par_1_104' title="bbox 2183 4111 3751 4185">
     <span class='ocr_line' id='line_1_104' title="bbox 2183 4111 3751 4185; baseline -0.003 -16"><span class='ocrx_word' id='word_1_864' title='bbox 2183 4113 2297 4185; x_wconf 80' lang='lat' dir='ltr'><strong>l7),</strong></span> <span class='ocrx_word' id='word_1_865' title='bbox 2323 4123 2378 4168; x_wconf 93' lang='lat' dir='ltr'><strong>ut</strong></span> <span class='ocrx_word' id='word_1_866' title='bbox 2405 4113 2773 4183; x_wconf 75' lang='lat' dir='ltr'><strong>intelligerent,</strong></span> <span class='ocrx_word' id='word_1_867' title='bbox 2803 4121 3004 4166; x_wconf 65' lang='lat' dir='ltr'><strong>natura:</strong></span> <span class='ocrx_word' id='word_1_868' title='bbox 3031 4111 3309 4165; x_wconf 90' lang='lat' dir='ltr'><strong>Dominum</strong></span> <span class='ocrx_word' id='word_1_869' title='bbox 3332 4112 3481 4166; x_wconf 87' lang='lat' dir='ltr'><strong>illum</strong></span> <span class='ocrx_word' id='word_1_870' title='bbox 3502 4112 3751 4182; x_wconf 84' lang='lat' dir='ltr'><strong>delegisse</strong></span> 
     </span>
    </p>
   </div>
   <div class='ocr_carea' id='block_1_105' title="bbox 2180 4201 3748 4271">
    <p class='ocr_par' dir='ltr' id='par_1_105' title="bbox 2180 4201 3748 4271">
     <span class='ocr_line' id='line_1_105' title="bbox 2180 4201 3748 4271; baseline -0.003 -13"><span class='ocrx_word' id='word_1_871' title='bbox 2180 4206 2356 4260; x_wconf 89' lang='lat' dir='ltr'><strong>denuo</strong></span> <span class='ocrx_word' id='word_1_872' title='bbox 2376 4245 2391 4269; x_wconf 91' lang='lat'><strong>,</strong></span> <span class='ocrx_word' id='word_1_873' title='bbox 2424 4205 2716 4258; x_wconf 86' lang='lat' dir='ltr'><strong>litterarum</strong></span> <span class='ocrx_word' id='word_1_874' title='bbox 2745 4203 2859 4256; x_wconf 89' lang='lat' dir='ltr'><strong>vice</strong></span> <span class='ocrx_word' id='word_1_875' title='bbox 2887 4201 3023 4255; x_wconf 88' lang='lat' dir='ltr'><strong>foliis</strong></span> <span class='ocrx_word' id='word_1_876' title='bbox 3052 4216 3224 4255; x_wconf 91' lang='lat' dir='ltr'><strong>nsum.</strong></span> <span class='ocrx_word' id='word_1_877' title='bbox 3255 4201 3464 4255; x_wconf 84' lang='lat' dir='ltr'><strong>Etenim</strong></span> <span class='ocrx_word' id='word_1_878' title='bbox 3494 4205 3584 4271; x_wconf 87' lang='lat' dir='ltr'><strong>qui</strong></span> <span class='ocrx_word' id='word_1_879' title='bbox 3617 4203 3748 4256; x_wconf 89' lang='lat' dir='ltr'><strong>initio</strong></span> 
     </span>
    </p>
   </div>
   <div class='ocr_carea' id='block_1_106' title="bbox 2179 4291 3746 4361">
    <p class='ocr_par' dir='ltr' id='par_1_106' title="bbox 2179 4291 3746 4361">
     <span class='ocr_line' id='line_1_106' title="bbox 2179 4291 3746 4361; baseline -0.003 -11"><span class='ocrx_word' id='word_1_880' title='bbox 2179 4296 2389 4350; x_wconf 89' lang='lat' dir='ltr'><strong>diccbat</strong></span> <span class='ocrx_word' id='word_1_881' title='bbox 2414 4312 2428 4349; x_wconf 91' lang='lat'><strong>:</strong></span> <span class='ocrx_word' id='word_1_882' title='bbox 2452 4292 2703 4347; x_wconf 87' lang='lat' dir='ltr'><strong>Germinet</strong></span> <span class='ocrx_word' id='word_1_883' title='bbox 2731 4302 2864 4345; x_wconf 88' lang='lat' dir='ltr'><strong>terra</strong></span> <span class='ocrx_word' id='word_1_884' title='bbox 2892 4291 3093 4344; x_wconf 81' lang='lat' dir='ltr'><strong>herbam</strong></span> <span class='ocrx_word' id='word_1_885' title='bbox 3118 4293 3361 4361; x_wconf 86' lang='lat' dir='ltr'><strong>graminis</strong></span> <span class='ocrx_word' id='word_1_886' title='bbox 3391 4291 3544 4361; x_wconf 81' lang='lat' dir='ltr'><strong>(Gen.</strong></span> <span class='ocrx_word' id='word_1_887' title='bbox 3571 4294 3622 4346; x_wconf 82' lang='grc'><strong>1.</strong></span> <span class='ocrx_word' id='word_1_888' title='bbox 3649 4293 3746 4359; x_wconf 82' lang='grc' dir='ltr'><strong>Η).</strong></span> 
     </span>
    </p>
   </div>
   <div class='ocr_carea' id='block_1_107' title="bbox 2179 4380 3744 4455">
    <p class='ocr_par' dir='ltr' id='par_1_107' title="bbox 2179 4380 3744 4455">
     <span class='ocr_line' id='line_1_107' title="bbox 2179 4380 3744 4455; baseline -0.004 -15"><span class='ocrx_word' id='word_1_889' title='bbox 2179 4387 2399 4455; x_wconf 87' lang='lat' dir='ltr'><strong>ejusque</strong></span> <span class='ocrx_word' id='word_1_890' title='bbox 2438 4384 2543 4437; x_wconf 90' lang='lat' dir='ltr'><strong>vim</strong></span> <span class='ocrx_word' id='word_1_891' title='bbox 2573 4382 2638 4435; x_wconf 92' lang='lat' dir='ltr'><strong>ad</strong></span> <span class='ocrx_word' id='word_1_892' title='bbox 2669 4380 3089 4435; x_wconf 81' lang='lat' dir='ltr'><strong>fructificaudum</strong></span> <span class='ocrx_word' id='word_1_893' title='bbox 3115 4383 3401 4436; x_wconf 86' lang='lat' dir='ltr'><strong>excitavit:</strong></span> <span class='ocrx_word' id='word_1_894' title='bbox 3434 4382 3574 4438; x_wconf 91' lang='lat' dir='ltr'><strong>idem</strong></span> <span class='ocrx_word' id='word_1_895' title='bbox 3608 4393 3660 4437; x_wconf 86' lang='lat' dir='ltr'><strong>et</strong></span> <span class='ocrx_word' id='word_1_896' title='bbox 3689 4382 3744 4435; x_wconf 80' lang='lat' dir='ltr'><strong>il-</strong></span> 
     </span>
    </p>
   </div>
   <div class='ocr_carea' id='block_1_108' title="bbox 2179 4471 3746 4544">
    <p class='ocr_par' dir='ltr' id='par_1_108' title="bbox 2179 4471 3746 4544">
     <span class='ocr_line' id='line_1_108' title="bbox 2179 4471 3746 4544; baseline -0.003 -14"><span class='ocrx_word' id='word_1_897' title='bbox 2179 4476 2268 4530; x_wconf 92' lang='lat' dir='ltr'><strong>lud</strong></span> <span class='ocrx_word' id='word_1_898' title='bbox 2299 4475 2495 4544; x_wconf 88' lang='lat' dir='ltr'><strong>lignum</strong></span> <span class='ocrx_word' id='word_1_899' title='bbox 2523 4471 2663 4544; x_wconf 91' lang='lat' dir='ltr'><strong>quod</strong></span> <span class='ocrx_word' id='word_1_900' title='bbox 2691 4482 2806 4527; x_wconf 87' lang='lat' dir='ltr'><strong>erat</strong></span> <span class='ocrx_word' id='word_1_901' title='bbox 2829 4471 3033 4526; x_wconf 89' lang='lat' dir='ltr'><strong>aridum</strong></span> <span class='ocrx_word' id='word_1_902' title='bbox 3063 4482 3116 4527; x_wconf 92' lang='lat' dir='ltr'><strong>et</strong></span> <span class='ocrx_word' id='word_1_903' title='bbox 3142 4472 3531 4543; x_wconf 84' lang='lat' dir='ltr'><strong>infrugiferum,</strong></span> <span class='ocrx_word' id='word_1_904' title='bbox 3564 4474 3680 4529; x_wconf 84' lang='lat' dir='ltr'><strong>fecit</strong></span> <span class='ocrx_word' id='word_1_905' title='bbox 3701 4483 3746 4526; x_wconf 88' lang='lat' dir='ltr'><strong>ut</strong></span> 
     </span>
    </p>
   </div>
   <div class='ocr_carea' id='block_1_109' title="bbox 2177 4568 3743 4640">
    <p class='ocr_par' dir='ltr' id='par_1_109' title="bbox 2177 4568 3743 4640">
     <span class='ocr_line' id='line_1_109' title="bbox 2177 4568 3743 4640; baseline 0.002 -19"><span class='ocrx_word' id='word_1_906' title='bbox 2177 4568 2375 4638; x_wconf 80' lang='lat' dir='ltr'><strong>absque</strong></span> <span class='ocrx_word' id='word_1_907' title='bbox 2402 4577 2541 4623; x_wconf 88' lang='lat' dir='ltr'><strong>terra</strong></span> <span class='ocrx_word' id='word_1_908' title='bbox 2569 4577 2624 4623; x_wconf 89' lang='lat' dir='ltr'><strong>et</strong></span> <span class='ocrx_word' id='word_1_909' title='bbox 2646 4570 2760 4624; x_wconf 89' lang='lat' dir='ltr'><strong>sine</strong></span> <span class='ocrx_word' id='word_1_910' title='bbox 2789 4569 2964 4625; x_wconf 76' lang='lat' dir='ltr'><strong>radice</strong></span> <span class='ocrx_word' id='word_1_911' title='bbox 2989 4571 3304 4640; x_wconf 80' lang='lat' dir='ltr'><strong>germinaret</strong></span> <span class='ocrx_word' id='word_1_912' title='bbox 3331 4588 3345 4624; x_wconf 89' lang='lat'>:</span> <span class='ocrx_word' id='word_1_913' title='bbox 3371 4581 3591 4640; x_wconf 89' lang='lat' dir='ltr'><strong>eratque</strong></span> <span class='ocrx_word' id='word_1_914' title='bbox 3615 4571 3743 4624; x_wconf 82' lang='lat' dir='ltr'><strong>dein-</strong></span> 
     </span>
    </p>
   </div>
   <div class='ocr_carea' id='block_1_110' title="bbox 2176 4659 3740 4729">
    <p class='ocr_par' dir='ltr' id='par_1_110' title="bbox 2176 4659 3740 4729">
     <span class='ocr_line' id='line_1_110' title="bbox 2176 4659 3740 4729; baseline 0.001 -17"><span class='ocrx_word' id='word_1_915' title='bbox 2176 4673 2303 4727; x_wconf 87' lang='lat' dir='ltr'><strong>ceps</strong></span> <span class='ocrx_word' id='word_1_916' title='bbox 2334 4659 2476 4729; x_wconf 64' lang='lat' dir='ltr'><strong>virga</strong></span> <span class='ocrx_word' id='word_1_917' title='bbox 2506 4659 2592 4713; x_wconf 89' lang='lat' dir='ltr'><strong>illa</strong></span> <span class='ocrx_word' id='word_1_918' title='bbox 2621 4671 2990 4729; x_wconf 85' lang='lat' dir='ltr'><strong>argumentum</strong></span> <span class='ocrx_word' id='word_1_919' title='bbox 3021 4670 3076 4716; x_wconf 88' lang='lat' dir='ltr'><strong>et</strong></span> <span class='ocrx_word' id='word_1_920' title='bbox 3113 4663 3472 4716; x_wconf 89' lang='lat' dir='ltr'><strong>testimonium</strong></span> <span class='ocrx_word' id='word_1_921' title='bbox 3507 4674 3608 4716; x_wconf 88' lang='lat' dir='ltr'><strong>tam</strong></span> <span class='ocrx_word' id='word_1_922' title='bbox 3639 4664 3740 4716; x_wconf 88' lang='lat' dir='ltr'><strong>illo-</strong></span> 
     </span>
    </p>
   </div>
   <div class='ocr_carea' id='block_1_111' title="bbox 2179 4750 3738 4826">
    <p class='ocr_par' dir='ltr' id='par_1_111' title="bbox 2179 4750 3738 4826">
     <span class='ocr_line' id='line_1_111' title="bbox 2179 4750 3738 4826; baseline 0.003 -24"><span class='ocrx_word' id='word_1_923' title='bbox 2179 4765 2295 4802; x_wconf 88' lang='lat' dir='ltr'><strong>rum</strong></span> <span class='ocrx_word' id='word_1_924' title='bbox 2321 4750 2554 4813; x_wconf 73' lang='lat' dir='ltr'><strong>malitim,</strong></span> <span class='ocrx_word' id='word_1_925' title='bbox 2575 4765 2731 4818; x_wconf 88' lang='lat' dir='ltr'><strong>quam</strong></span> <span class='ocrx_word' id='word_1_926' title='bbox 2752 4751 2911 4805; x_wconf 91' lang='lat' dir='ltr'><strong>divini</strong></span> <span class='ocrx_word' id='word_1_927' title='bbox 2926 4750 3130 4822; x_wconf 89' lang='lat' dir='ltr'><strong>judicii,</strong></span> <span class='ocrx_word' id='word_1_928' title='bbox 3150 4768 3254 4807; x_wconf 91' lang='lat' dir='ltr'><strong>non</strong></span> <span class='ocrx_word' id='word_1_929' title='bbox 3278 4755 3530 4810; x_wconf 86' lang='lat' dir='ltr'><strong>emittens</strong></span> <span class='ocrx_word' id='word_1_930' title='bbox 3552 4755 3738 4826; x_wconf 81' lang='lat' dir='ltr'><strong>quidem</strong></span> 
     </span>
    </p>
   </div>
   <div class='ocr_carea' id='block_1_112' title="bbox 2178 4842 3731 4914">
    <p class='ocr_par' dir='ltr' id='par_1_112' title="bbox 2178 4842 3731 4914">
     <span class='ocr_line' id='line_1_112' title="bbox 2178 4842 3731 4914; baseline 0.001 -19"><span class='ocrx_word' id='word_1_931' title='bbox 2178 4857 2388 4910; x_wconf 89' lang='lat' dir='ltr'><strong>vocem,</strong></span> <span class='ocrx_word' id='word_1_932' title='bbox 2405 4842 2497 4897; x_wconf 90' lang='lat' dir='ltr'><strong>sed</strong></span> <span class='ocrx_word' id='word_1_933' title='bbox 2522 4842 2636 4912; x_wconf 91' lang='lat' dir='ltr'><strong>ipso</strong></span> <span class='ocrx_word' id='word_1_934' title='bbox 2655 4854 2870 4912; x_wconf 89' lang='lat' dir='ltr'><strong>aspectu</strong></span> <span class='ocrx_word' id='word_1_935' title='bbox 2889 4845 3073 4914; x_wconf 86' lang='lat' dir='ltr'><strong>quavis</strong></span> <span class='ocrx_word' id='word_1_936' title='bbox 3096 4845 3216 4900; x_wconf 87' lang='lat' dir='ltr'><strong>tuba</strong></span> <span class='ocrx_word' id='word_1_937' title='bbox 3239 4846 3432 4901; x_wconf 86' lang='lat' dir='ltr'><strong>clarius</strong></span> <span class='ocrx_word' id='word_1_938' title='bbox 3453 4848 3731 4911; x_wconf 78' lang='lat' dir='ltr'><strong>exhortans,</strong></span> 
     </span>
    </p>
   </div>
   <div class='ocr_carea' id='block_1_113' title="bbox 2179 4933 3728 5008">
    <p class='ocr_par' dir='ltr' id='par_1_113' title="bbox 2179 4933 3728 5008">
     <span class='ocr_line' id='line_1_113' title="bbox 2179 4933 3728 5008; baseline 0.003 -23"><span class='ocrx_word' id='word_1_939' title='bbox 2179 4948 2246 4987; x_wconf 91' lang='lat' dir='ltr'><strong>ne</strong></span> <span class='ocrx_word' id='word_1_940' title='bbox 2272 4933 2394 5002; x_wconf 91' lang='lat' dir='ltr'><strong>quid</strong></span> <span class='ocrx_word' id='word_1_941' title='bbox 2423 4933 2604 4987; x_wconf 89' lang='lat' dir='ltr'><strong>talium</strong></span> <span class='ocrx_word' id='word_1_942' title='bbox 2633 4935 2922 4989; x_wconf 89' lang='lat' dir='ltr'><strong>facinorum</strong></span> <span class='ocrx_word' id='word_1_943' title='bbox 2951 4935 3000 4990; x_wconf 93' lang='lat' dir='ltr'><strong>in</strong></span> <span class='ocrx_word' id='word_1_944' title='bbox 3030 4945 3300 5005; x_wconf 89' lang='lat' dir='ltr'><strong>posterum</strong></span> <span class='ocrx_word' id='word_1_945' title='bbox 3321 4938 3728 5008; x_wconf 82' lang='lat' dir='ltr'><strong>aggrederentur.</strong></span> 
     </span>
    </p>
   </div>
   <div class='ocr_carea' id='block_1_114' title="bbox 2175 5022 3731 5098">
    <p class='ocr_par' dir='ltr' id='par_1_114' title="bbox 2175 5022 3731 5098">
     <span class='ocr_line' id='line_1_114' title="bbox 2175 5022 3731 5098; baseline 0.001 -21"><span class='ocrx_word' id='word_1_946' title='bbox 2175 5022 2283 5077; x_wconf 87' lang='lat' dir='ltr'><strong>Nec</strong></span> <span class='ocrx_word' id='word_1_947' title='bbox 2327 5023 2427 5078; x_wconf 87' lang='lat' dir='ltr'><strong>hoc</strong></span> <span class='ocrx_word' id='word_1_948' title='bbox 2464 5023 2622 5077; x_wconf 90' lang='lat' dir='ltr'><strong>modo</strong></span> <span class='ocrx_word' id='word_1_949' title='bbox 2652 5033 2888 5092; x_wconf 90' lang='lat' dir='ltr'><strong>tantum,</strong></span> <span class='ocrx_word' id='word_1_950' title='bbox 2916 5025 3010 5080; x_wconf 92' lang='lat' dir='ltr'><strong>sed</strong></span> <span class='ocrx_word' id='word_1_951' title='bbox 3052 5026 3157 5080; x_wconf 88' lang='lat' dir='ltr'><strong>alio</strong></span> <span class='ocrx_word' id='word_1_952' title='bbox 3193 5026 3423 5097; x_wconf 89' lang='lat' dir='ltr'><strong>quodam</strong></span> <span class='ocrx_word' id='word_1_953' title='bbox 3452 5035 3731 5098; x_wconf 75' lang='lat' dir='ltr'><strong>arguments</strong></span> 
     </span>
    </p>
   </div>
   <div class='ocr_carea' id='block_1_115' title="bbox 2179 5113 3731 5174">
    <p class='ocr_par' dir='ltr' id='par_1_115' title="bbox 2179 5113 3731 5174">
     <span class='ocr_line' id='line_1_115' title="bbox 2179 5113 3731 5174; baseline -0.001 -7"><span class='ocrx_word' id='word_1_954' title='bbox 2179 5115 2317 5168; x_wconf 89' lang='lat' dir='ltr'><strong>Deus</strong></span> <span class='ocrx_word' id='word_1_955' title='bbox 2343 5113 2637 5169; x_wconf 88' lang='lat' dir='ltr'><strong>declaravit</strong></span> <span class='ocrx_word' id='word_1_956' title='bbox 2676 5130 2796 5169; x_wconf 91' lang='lat' dir='ltr'><strong>eum</strong></span> <span class='ocrx_word' id='word_1_957' title='bbox 2841 5115 3192 5171; x_wconf 90' lang='lat' dir='ltr'><strong>sacerdotem.</strong></span> <span class='ocrx_word' id='word_1_958' title='bbox 3225 5117 3437 5172; x_wconf 87' lang='lat' dir='ltr'><strong>Etenim</strong></span> <span class='ocrx_word' id='word_1_959' title='bbox 3469 5135 3589 5174; x_wconf 91' lang='lat' dir='ltr'><strong>cum</strong></span> <span class='ocrx_word' id='word_1_960' title='bbox 3614 5113 3731 5170; x_wconf 80' lang='lat' dir='ltr'><strong>muhi</strong></span> 
     </span>
    </p>
   </div>
   <div class='ocr_carea' id='block_1_116' title="bbox 2178 5207 3732 5279">
    <p class='ocr_par' dir='ltr' id='par_1_116' title="bbox 2178 5207 3732 5279">
     <span class='ocr_line' id='line_1_116' title="bbox 2178 5207 3732 5279; baseline -0.001 -19"><span class='ocrx_word' id='word_1_961' title='bbox 2178 5217 2318 5261; x_wconf 88' lang='lat' dir='ltr'><strong>mota</strong></span> <span class='ocrx_word' id='word_1_962' title='bbox 2359 5207 2614 5262; x_wconf 89' lang='lat' dir='ltr'><strong>adversus</strong></span> <span class='ocrx_word' id='word_1_963' title='bbox 2653 5207 2802 5260; x_wconf 93' lang='lat' dir='ltr'><strong>illum</strong></span> <span class='ocrx_word' id='word_1_964' title='bbox 2846 5208 3104 5263; x_wconf 89' lang='lat' dir='ltr'><strong>seditione</strong></span> <span class='ocrx_word' id='word_1_965' title='bbox 3129 5219 3444 5277; x_wconf 85' lang='lat' dir='ltr'><strong>appeterent</strong></span> <span class='ocrx_word' id='word_1_966' title='bbox 3472 5211 3629 5279; x_wconf 85' lang='lat' dir='ltr'><strong>ipsius</strong></span> <span class='ocrx_word' id='word_1_967' title='bbox 3653 5207 3732 5258; x_wconf 77' lang='lat' dir='ltr'><strong>lio-</strong></span> 
     </span>
    </p>
   </div>
   <div class='ocr_carea' id='block_1_117' title="bbox 2176 5291 3743 5368">
    <p class='ocr_par' dir='ltr' id='par_1_117' title="bbox 2176 5291 3743 5368">
     <span class='ocr_line' id='line_1_117' title="bbox 2176 5291 3743 5368; baseline -0.004 -17"><span class='ocrx_word' id='word_1_968' title='bbox 2176 5312 2360 5353; x_wconf 87' lang='lat' dir='ltr'><strong>uorem</strong></span> <span class='ocrx_word' id='word_1_969' title='bbox 2394 5315 2406 5351; x_wconf 93' lang='lat'>:</span> <span class='ocrx_word' id='word_1_970' title='bbox 2438 5297 2760 5366; x_wconf 89' lang='lat' dir='ltr'><strong>principatus</strong></span> <span class='ocrx_word' id='word_1_971' title='bbox 2789 5298 2930 5351; x_wconf 88' lang='lat' dir='ltr'><strong>enim</strong></span> <span class='ocrx_word' id='word_1_972' title='bbox 2963 5313 3050 5353; x_wconf 89' lang='lat' dir='ltr'><strong>res</strong></span> <span class='ocrx_word' id='word_1_973' title='bbox 3087 5309 3168 5350; x_wconf 91' lang='lat' dir='ltr'><strong>est</strong></span> <span class='ocrx_word' id='word_1_974' title='bbox 3199 5314 3294 5367; x_wconf 90' lang='lat' dir='ltr'><strong>pro</strong></span> <span class='ocrx_word' id='word_1_975' title='bbox 3331 5314 3435 5367; x_wconf 80' lang='lat' dir='ltr'><strong>qua</strong></span> <span class='ocrx_word' id='word_1_976' title='bbox 3479 5291 3743 5368; x_wconf 77' lang='lat' dir='ltr'><strong>depugnari</strong></span> 
     </span>
    </p>
   </div>
   <div class='ocr_carea' id='block_1_118' title="bbox 2175 5388 3750 5460">
    <p class='ocr_par' dir='ltr' id='par_1_118' title="bbox 2175 5388 3750 5460">
     <span class='ocr_line' id='line_1_118' title="bbox 2175 5388 3750 5460; baseline -0.006 -16"><span class='ocrx_word' id='word_1_977' title='bbox 2175 5390 2330 5455; x_wconf 89' lang='lat' dir='ltr'><strong>solet,</strong></span> <span class='ocrx_word' id='word_1_978' title='bbox 2362 5400 2416 5444; x_wconf 91' lang='lat' dir='ltr'><strong>et</strong></span> <span class='ocrx_word' id='word_1_979' title='bbox 2443 5406 2561 5460; x_wconf 76' lang='lat' dir='ltr'><strong>qua:</strong></span> <span class='ocrx_word' id='word_1_980' title='bbox 2588 5390 2851 5458; x_wconf 85' lang='lat' dir='ltr'><strong>expetitur</strong></span> <span class='ocrx_word' id='word_1_981' title='bbox 2874 5406 2903 5443; x_wconf 91' lang='lat' dir='ltr'><strong>a</strong></span> <span class='ocrx_word' id='word_1_982' title='bbox 2937 5389 3111 5443; x_wconf 89' lang='lat' dir='ltr'><strong>multis</strong></span> <span class='ocrx_word' id='word_1_983' title='bbox 3143 5407 3156 5442; x_wconf 91' lang='lat'><strong>:</strong></span> <span class='ocrx_word' id='word_1_984' title='bbox 3185 5390 3342 5458; x_wconf 85' lang='lat' dir='ltr'><strong>jussit</strong></span> <span class='ocrx_word' id='word_1_985' title='bbox 3374 5403 3424 5442; x_wconf 90' lang='lat' dir='ltr'><strong>ut</strong></span> <span class='ocrx_word' id='word_1_986' title='bbox 3461 5391 3616 5443; x_wconf 89' lang='lat' dir='ltr'><strong>illatis</strong></span> <span class='ocrx_word' id='word_1_987' title='bbox 3636 5388 3750 5440; x_wconf 88' lang='lat' dir='ltr'><strong>thu-</strong></span> 
     </span>
    </p>
   </div>
   <div class='ocr_carea' id='block_1_119' title="bbox 2177 5480 3755 5551">
    <p class='ocr_par' dir='ltr' id='par_1_119' title="bbox 2177 5480 3755 5551">
     <span class='ocr_line' id='line_1_119' title="bbox 2177 5480 3755 5551; baseline -0.004 -17"><span class='ocrx_word' id='word_1_988' title='bbox 2177 5481 2382 5545; x_wconf 90' lang='lat' dir='ltr'><strong>ribulis,</strong></span> <span class='ocrx_word' id='word_1_989' title='bbox 2413 5491 2465 5534; x_wconf 90' lang='lat' dir='ltr'><strong>et</strong></span> <span class='ocrx_word' id='word_1_990' title='bbox 2496 5481 2742 5551; x_wconf 73' lang='lat' dir='ltr'><strong>imposito</strong></span> <span class='ocrx_word' id='word_1_991' title='bbox 2773 5480 3133 5550; x_wconf 77' lang='lat' dir='ltr'><strong>thytniamatc,</strong></span> <span class='ocrx_word' id='word_1_992' title='bbox 3165 5481 3370 5533; x_wconf 72' lang='lat' dir='ltr'><strong>ch-litus</strong></span> <span class='ocrx_word' id='word_1_993' title='bbox 3395 5486 3755 5551; x_wconf 74' lang='lat' dir='ltr'><strong>exspectarent</strong></span> 
     </span>
    </p>
   </div>
   <div class='ocr_carea' id='block_1_120' title="bbox 2176 5569 3752 5640">
    <p class='ocr_par' dir='ltr' id='par_1_120' title="bbox 2176 5569 3752 5640">
     <span class='ocr_line' id='line_1_120' title="bbox 2176 5569 3752 5640; baseline -0.006 -17"><span class='ocrx_word' id='word_1_994' title='bbox 2176 5571 2512 5624; x_wconf 80' lang='lat' dir='ltr'><strong>sententiam.</strong></span> <span class='ocrx_word' id='word_1_995' title='bbox 2563 5574 2734 5640; x_wconf 78' lang='lat' dir='ltr'><strong>Atque</strong></span> <span class='ocrx_word' id='word_1_996' title='bbox 2779 5570 2880 5623; x_wconf 90' lang='lat' dir='ltr'><strong>illis</strong></span> <span class='ocrx_word' id='word_1_997' title='bbox 2926 5569 3259 5623; x_wconf 85' lang='lat' dir='ltr'><strong>adolentihus</strong></span> <span class='ocrx_word' id='word_1_998' title='bbox 3297 5579 3436 5623; x_wconf 88' lang='lat' dir='ltr'><strong>terra</strong></span> <span class='ocrx_word' id='word_1_999' title='bbox 3482 5569 3752 5623; x_wconf 76' lang='lat' dir='ltr'><strong>dehiscens</strong></span> 
     </span>
    </p>
   </div>
   <div class='ocr_carea' id='block_1_121' title="bbox 2177 5661 3757 5731">
    <p class='ocr_par' dir='ltr' id='par_1_121' title="bbox 2177 5661 3757 5731">
     <span class='ocr_line' id='line_1_121' title="bbox 2177 5661 3757 5731; baseline -0.001 -17"><span class='ocrx_word' id='word_1_1000' title='bbox 2177 5675 2362 5715; x_wconf 87' lang='lat' dir='ltr'><strong>omnes</strong></span> <span class='ocrx_word' id='word_1_1001' title='bbox 2387 5661 2678 5729; x_wconf 75' lang='lat' dir='ltr'><strong>absorbuit,</strong></span> <span class='ocrx_word' id='word_1_1002' title='bbox 2703 5662 2790 5731; x_wconf 90' lang='lat' dir='ltr'><strong>qui</strong></span> <span class='ocrx_word' id='word_1_1003' title='bbox 2819 5675 2938 5714; x_wconf 89' lang='lat' dir='ltr'><strong>cum</strong></span> <span class='ocrx_word' id='word_1_1004' title='bbox 2968 5661 3090 5730; x_wconf 82' lang='lat' dir='ltr'><strong>ipsis</strong></span> <span class='ocrx_word' id='word_1_1005' title='bbox 3117 5671 3502 5714; x_wconf 87' lang='lat' dir='ltr'><strong>consenserant</strong></span> <span class='ocrx_word' id='word_1_1006' title='bbox 3525 5676 3539 5712; x_wconf 86' lang='lat'><strong><em>:</em></strong></span> <span class='ocrx_word' id='word_1_1007' title='bbox 3563 5672 3757 5725; x_wconf 70' lang='lat' dir='ltr'><strong>eosque</strong></span> 
     </span>
    </p>
   </div>
  </div>
