1995 3099
261 153 310 180 915

240 195 243 197 ⁸
261 208 343 236 nihilo
353 207 462 235 meliora
472 210 498 232 et
507 205 646 239 speluncas
658 205 788 231 latronum
799 202 928 230 coluislis.
942 201 1045 228 Etenim

260 254 283 280 si
297 257 358 280 tunc
370 258 431 279 cum
443 255 533 277 essent
545 249 698 282 Cbcrubint,
714 253 773 275 eum
789 255 848 284 ιιι-ρει
863 268 871 278 ,
887 255 947 274 cum
960 246 1047 273 adhuc

260 298 373 333 Spiritus
388 295 494 322 ﬂoreret
503 294 597 328 gratia,
608 294 691 320 dixit:
705 292 811 319 Fecistis
825 292 889 318 illud
901 291 1047 325 speluncam

258 340 394 367 latronum
410 336 518 371 (Matth.
533 338 578 364 21.
592 337 649 370 l5),
665 341 723 367 aut,
738 336 844 362 domum
857 334 1044 368 negotiationis

262 383 352 416 {.loan.
367 383 394 409 ‘2.
408 382 464 416 26),
476 386 588 416 propter
600 381 757 415 iniquitates
770 388 802 407 ac
817 379 904 407 caedes
915 379 1023 406 illorum
1037 387 1043 405 :

261 435 332 454 nunc
343 431 487 462 postquam
505 427 567 454 illos
576 426 663 453 sancti
680 425 801 460 Spiritus
811 425 934 452 deseruit
948 424 1044 460 gratia,

261 478 415 508 cunctaque
423 474 467 500 illa
476 473 643 500 venerabilia
653 476 680 500 et
688 471 743 500 Deo
750 476 826 508 grata
835 472 942 499 sublata
952 476 1016 499 sunt
1025 472 1045 505 ¹;

261 527 321 546 ctnn
333 520 442 555 impiam
455 520 534 547 istam
547 519 706 554 religionem
716 518 855 546 celebrant
866 527 872 550 ',
883 518 947 553 quid
959 518 1047 553 appel-

261 565 342 593 lando
361 573 515 601 synagogas
528 573 622 592 eorum
636 572 734 591 nomen
753 564 821 598 ipsis
840 563 952 598 dignum
971 564 1046 591 inve-

263 611 338 638 nias?
352 611 456 637 Etenim
463 611 485 638 si
496 611 551 644 jam
564 614 620 637 tum
628 614 688 637 erat
699 610 830 644 spelunca
839 610 974 637 latronum
985 617 1046 637 cum

263 661 364 683 statmn
378 665 457 684 sntun
472 656 623 688 obtineret;
647 662 718 682 nunc
734 655 757 681 si
777 655 901 688 lupanar,
916 655 939 682 si
956 658 1048 681 trans-

265 702 416 737 gressionis
435 702 534 733 locum,
551 702 574 728 si
590 701 745 728 daemonum
756 700 949 731 diversorium.
960 701 982 727 si
994 701 1049 727 dia-

262 748 317 775 boli
336 748 581 783 propugnaculum,
602 747 624 774 si
643 747 796 774 animarum
813 746 924 773 exitium
936 746 1049 778 dixeris,

263 793 285 820 si
297 793 381 821 totius
394 794 555 827 perditionis
574 792 752 827 prazcipitium
775 799 807 818 ac
821 791 989 823 barathrum,
1002 792 1050 819 dc-

263 839 346 874 nique
371 839 502 873 quidquid
531 838 721 872 appellaveris,
744 837 835 864 minus
852 845 931 872 quam
948 845 997 872 pro
1012 838 1050 865 rei

264 885 397 920 dignitate
411 884 523 911 dixeris.
535 884 677 918 Templum
688 883 767 918 cupis
777 883 890 910 videre?
905 883 943 910 Ne
955 891 1052 910 curras

264 929 298 957 ad
314 937 490 965 synagogam.
508 929 556 956 sed
570 934 599 956 tu
616 933 676 956 esto
694 929 834 963 templum.
850 928 966 956 Unicum
983 934 1052 956 tetu-

265 975 339 1010 plum
369 975 453 1002 diruit
483 974 555 1002 Deus
574 973 769 1009 Jerosolymis,
798 979 824 1001 et
847 974 1052 1001 innumerabilia

264 1021 350 1047 erexit
375 1021 421 1047 illo
447 1020 526 1053 longe
550 1019 757 1047 venerabiliora.
782 1019 842 1052 Vos,
867 1020 964 1054 inquit,
990 1026 1054 1047 tent-

263 1066 334 1100 plum
346 1067 409 1093 estis
429 1067 475 1093 Dei
489 1067 595 1094 rit-entia
612 1066 649 1101 (2.
667 1066 727 1094 Cor.
746 1068 771 1094 6.
790 1066 845 1101 16).
859 1066 1051 1095 llancdomtun

269 1120 382 1144 exorna,
395 1120 503 1139 omnem
524 1112 602 1148 exige
617 1113 808 1147 cogitationem
830 1113 941 1147 malam,
956 1117 986 1140 ut
1003 1113 1052 1140 fias

265 1159 413 1193 pretiosum
430 1158 582 1186 membrum
594 1158 707 1190 Christi,
725 1163 753 1185 ut
766 1159 814 1186 tias
826 1159 954 1193 templum
968 1159 1054 1193 Spiri-

266 1208 330 1237 tus;
350 1204 450 1231 deinde
466 1208 491 1232 et
503 1205 572 1232 alios
589 1204 671 1231 redde
682 1205 760 1231 tales.
778 1204 811 1231 Et
822 1205 894 1232 sicut
906 1213 967 1232 cum
977 1205 1053 1233 vides

268 1257 417 1284 pauperes,
432 1258 486 1277 non
502 1250 582 1277 facile
599 1250 808 1285 praetereurris;
824 1250 859 1277 ita
878 1258 941 1278 cum
954 1251 1053 1281 videris

267 1294 385 1328 aliquem
395 1294 428 1321 ad
438 1302 603 1330 synagogam
613 1300 778 1327 currentem,
787 1303 820 1322 ne
829 1296 996 1328 dissimules,
1005 1297 1052 1324 sed

267 1340 357 1367 verbis
369 1347 418 1367 cett
439 1340 516 1367 freno
529 1341 647 1376 quodam
663 1341 813 1368 cohibitum
826 1342 941 1370 reducas
956 1342 988 1369 ad
1002 1342 1052 1370 Ec-

267 1384 388 1413 clesiatn.
399 1384 462 1412 lltec
472 1385 612 1421 estmajor
620 1386 792 1422 eleemosyna
803 1394 884 1421 quam
898 1387 955 1422 illa,
963 1391 1058 1420 ettuaﬂ

304 1430 312 1443 '
331 1428 371 1452 Alii
382 1435 388 1453 :
401 1427 498 1456 Sublato
507 1432 569 1460 sunt,
585 1433 632 1455 Deo
640 1429 785 1454 cunctantes
794 1428 900 1459 impiam,
914 1431 961 1451 etc.

614 148 642 175 S.
661 145 800 174 JO.\NNlS
819 144 1054 173 CHRYSOSTOMI
1074 144 1231 173 ARClllEP.
1252 145 1516 174 CONSTANTINOP.

1797 159 1836 186 916

1097 201 1140 235 jus
1155 201 1256 229 lucrum
1267 210 1345 237 quant
1358 204 1450 230 decem
1468 204 1548 230 millia
1564 204 1720 234 talentorum:
1734 211 1783 244 quid
1793 214 1838 242 dim

1102 248 1193 275 decem
1213 249 1292 276 millia
1308 250 1431 276 talenta?
1457 250 1541 285 majus
1560 258 1634 285 quam
1657 253 1693 281 hic
1706 259 1840 290 aspeclahilig

1100 295 1213 321 mundus
1236 296 1386 323 universus.
1411 296 1546 331 Siquidem
1562 296 1638 324 homo
1659 304 1695 326 est
1707 304 1754 327 toto
1766 305 1842 331 mundn

1099 340 1259 374 pretiosior:
1285 341 1364 375 hujus
1383 342 1454 369 enirn
1475 349 1553 368 causa
1568 347 1594 369 et
1613 343 1698 371 caelum
1717 350 1740 372 et
1756 351 1812 375 rem
1823 356 1841 376 ει

1099 393 1173 413 mare
1187 386 1292 413 camilla
1305 391 1365 413 sunt
1380 406 1388 417 ,
1410 391 1437 413 et
1451 387 1490 413 sol
1510 392 1537 414 et
1551 387 1640 414 stellm.
1655 389 1774 423 Perpende
1784 393 1844 427 igitur

1099 438 1196 468 quanta
1212 433 1246 460 sit
1260 433 1373 468 dignitas
1385 433 1453 468 ejus,
1467 433 1543 468 cujus
1553 434 1627 460 saluti
1641 436 1777 469 consulitur,
1790 443 1843 467 etne

1099 478 1291 513 contempseris
1303 478 1371 505 illius
1382 486 1484 505 curam.
1505 478 1570 506 Nam
1584 479 1679 506 etiamsi
1692 483 1795 515 pecunia:
1805 485 1845 511 vixn

1100 523 1254 550 immensam
1267 523 1443 550 dinumeravit
1455 524 1549 558 aliquis
1560 544 1566 556 ,
1584 524 1645 551 nihil
1666 526 1712 552 tale
1730 529 1843 561 przestitit,

1099 569 1175 604 quale
1185 570 1207 596 is
1215 569 1259 604 qui
1269 574 1357 597 servat
1365 570 1520 602 aniutam,et
1530 570 1636 597 abducit
1644 575 1675 598 ab
1681 579 1761 599 errore
1770 573 1796 600 ad
1804 574 1843 608 pie-

1100 620 1189 642 tatem.
1198 614 1247 648 Qui
1254 614 1358 642 dederit
1365 616 1484 650 pauperi,
1492 615 1587 642 famem
1599 616 1686 643 solvit:
1696 618 1734 652 qui
1742 618 1848 652 iudaizan-

1100 662 1304 688 temcorrcxerit
1318 682 1324 692 ,
1341 662 1503 696 impietatem
1515 663 1648 689 exstinxit.
1669 663 1710 690 Ille
1728 668 1847 698 paupertati

1099 708 1220 735 solatium
1229 707 1360 734 adhibuit:
1373 707 1415 734 hic
1424 707 1587 741 iniquitatem
1599 707 1704 735 inhibuit
1713 717 1719 734 :
1733 708 1769 735 ille
1776 716 1848 743 corpus

1100 753 1223 780 liberavit
1231 761 1247 779 a
1256 752 1405 785 dolore,hic
1415 753 1494 780 etiam
1504 753 1618 779 anitnam
1629 752 1718 787 eripuit
1726 761 1738 780 a
1746 754 1846 788 gebenaa.

1099 799 1208 827 Ostendi
1221 800 1421 831 tbesaurum,ne
1430 798 1558 826 deseratis
1571 799 1682 826 lucrum.
1694 799 1746 826 Non
1755 805 1789 826 est
1798 800 1849 834 quod

1100 846 1142 873 hic
1153 851 1333 880 paupertatem
1346 845 1499 878 causcutini,
1509 850 1607 873 nonest
1616 845 1683 880 quod
1692 845 1850 872 mendicitatem

1100 891 1267 926 praetentis:
1280 891 1360 918 verba
1373 896 1475 918 tantum
1491 891 1646 918 insumenda
1660 895 1734 924 sunt,
1748 892 1850 918 sermonis

1099 937 1179 963 modo
1198 937 1226 963 fit
1248 937 1377 971 impensa.
1398 936 1436 963 Ne
1448 936 1603 972 pigritemur
1613 936 1689 970 igitur
1704 956 1712 969 ,
1737 936 1776 962 sed
1797 936 1851 962 omni

1099 982 1187 1009 studio
1199 990 1230 1009 ac
1244 982 1387 1016 cupiditate
1399 990 1525 1009 vertemur
1541 981 1636 1009 fratres
1647 986 1745 1008 nostros
1755 1002 1761 1012 ,
1783 982 1852 1016 eisque

1100 1028 1141 1054 vel
1162 1027 1250 1054 invitis
1266 1028 1291 1054 in
1307 1027 1414 1054 domum
1430 1032 1546 1054 nostram
1562 1027 1699 1061 pertractis
1711 1046 1719 1059 ,
1744 1026 1851 1061 prandium

1099 1080 1271 1107 apponamns,
1282 1073 1315 1099 ad
1328 1080 1427 1099 mensa:
1436 1073 1652 1099 commuttionem
1663 1072 1720 1098 illos
1727 1072 1855 1098 aseiscamns

1101 1118 1189 1152 hodie,
1201 1124 1238 1151 ut,
1251 1119 1293 1146 ubi
1308 1123 1399 1145 nostro
1414 1118 1439 1145 in
1455 1123 1599 1153 conspectu
1615 1118 1736 1154 jejunium
1747 1118 1854 1149 solverint,

1099 1164 1216 1198 satisque
1238 1163 1430 1190 declaraverint
1445 1184 1452 1195 ,
1479 1163 1612 1198 [idemque
1633 1163 1733 1198 plenam
1755 1164 1857 1193 fecerint.

1100 1209 1171 1244 quod
1195 1209 1220 1235 iu
1243 1209 1337 1236 melius
1362 1209 1473 1236 correcti
1501 1209 1572 1240 sint,
1590 1214 1616 1235 et
1631 1209 1679 1236 sibi
1694 1209 1752 1243 ipsis
1766 1212 1788 1234 et
1800 1207 1858 1234 nobis

1100 1261 1199 1283 :eterna
1213 1255 1281 1283 bona
1302 1255 1443 1282 concilient
1457 1275 1465 1288 ,
1489 1256 1573 1290 gratia
1598 1263 1629 1282 ac
1653 1255 1763 1282 bonitate
1775 1253 1858 1281 Domini

1101 1300 1184 1328 nostri
1195 1300 1259 1327 Jesu
1272 1300 1441 1335 Cbristi,pcr
1453 1308 1532 1335 quem
1552 1304 1580 1327 ct
1604 1308 1663 1327 cum
1684 1308 1733 1335 quo
1752 1298 1812 1326 Patri
1822 1306 1859 1324 tua

1100 1353 1160 1373 cum
1178 1346 1275 1380 Spiritu
1289 1350 1381 1373 sancto
1393 1345 1476 1380 gloria
1489 1366 1497 1379 ,
1514 1353 1587 1373 nunc
1600 1350 1627 1373 et
1638 1353 1738 1380 semper
1751 1344 1808 1372 etin
1823 1350 1861 1369 se-

1101 1391 1160 1419 cula
1176 1391 1346 1425 saeculorum,
1359 1391 1455 1418 Amen.

814 1469 1863 1481 Μ

658 1512 767 1566 ΑΒ
778 1507 1062 1565 VERSUS
1111 1506 1466 1560 JU'D/EOS.

923 1606 1233 1633 οέὶθεέκβιῦθδ-ο-

532 1674 626 1693 ORATIO
645 1673 753 1693 SEPTIMA
759 1685 766 1691 .

290 1711 317 1737 1.
337 1710 404 1738 Num
416 1718 463 1738 vos
478 1718 575 1746 pugnae
588 1711 666 1746 hujus
679 1718 738 1738 cum
750 1710 849 1738 Judreis
862 1715 990 1746 suscepta:
1004 1718 1048 1738 sa-

255 1755 333 1782 tietas
352 1755 437 1789 cepit?
457 1756 497 1782 Au
512 1755 590 1783 vultis
606 1759 634 1782 ut
646 1762 739 1782 rursus
752 1755 831 1782 hodie
845 1763 949 1791 quoque
963 1760 1048 1782 mate—

257 1800 324 1828 riam
336 1801 455 1828 eamdem
468 1802 629 1829 tractemus?
640 1803 803 1837 Quamquam
814 1802 884 1829 enim
896 1802 975 1829 multa
986 1807 1049 1830 sunt

253 1846 308 1880 jam
321 1846 401 1879 dicta,
414 1852 530 1875 attamen
545 1847 660 1875 arbitror
672 1855 718 1875 vos
727 1848 766 1875 sic
775 1847 883 1875 aﬂ‘cctos
897 1853 924 1875 ut
936 1849 1048 1882 cupiatis

254 1892 347 1919 iisdem
362 1893 396 1920 de
412 1894 490 1921 rebus
504 1894 598 1921 iterum
612 1894 716 1921 audire.
728 1894 832 1922 Etenim
845 1895 888 1929 qui
903 1902 954 1922 non
968 1896 1047 1922 satia-

254 1942 298 1964 tur
312 1946 401 1965 amore
416 1946 477 1972 erga
492 1938 592 1972 Jesum,
606 1939 627 1966 is
643 1947 692 1967 nec
706 1947 832 1974 umquam
848 1940 985 1967 satiabitur
999 1949 1046 1974 pti-

253 1990 303 2017 gna
319 1982 446 2010 adversus
460 1991 507 2010 eos
522 1989 653 2019 suscepta,
670 1984 714 2020 qui
727 1985 818 2012 Jesum
833 1985 955 2013 oderunt.
973 1986 1045 2012 Prat-

252 2032 322 2055 terea
336 2033 424 2056 autem
439 2029 514 2056 nobis
529 2029 572 2056 hic
585 2037 674 2057 sermo
689 2030 855 2057 necessarius
872 2034 914 2057 est
930 2040 936 2057 :
950 2038 1044 2064 super-

250 2078 312 2101 sunt
326 2075 396 2102 enim
416 2075 503 2102 adlmc
522 2074 650 2102 festorum
671 2075 823 2103 Judatorum
844 2076 970 2110 reliquias.
992 2076 1044 2103 Sed

250 2119 472 2154 quemadmodum
488 2120 590 2147 illorum
604 2121 674 2147 tuba:
684 2121 766 2148 multo
777 2120 960 2148 sceleratiores
970 2127 1046 2149 erant

254 2164 286 2191 iis
302 2172 360 2199 quae
376 2170 470 2192 sonant
485 2166 510 2192 in
525 2166 645 2198 theatris,
660 2172 683 2193 et
697 2166 797 2202 jejunia
810 2167 903 2201 quavis
916 2167 1044 2194 ebrietate

254 2214 282 2236 et
304 2212 497 2238 comessatioue
521 2218 595 2239 erant
620 2213 735 2247 turpiora
752 2222 758 2239 :
774 2214 808 2241 ita
830 2218 858 2240 et
877 2214 1043 2241 tabernacula

254 2263 313 2290 qua:
331 2263 400 2284 nunc
413 2257 482 2291 apud
498 2257 557 2283 illos
572 2258 685 2292 figuntur
698 2278 704 2290 .
719 2259 802 2286 nihilo
816 2264 878 2286 sunt
892 2259 1042 2286 honestiora

252 2300 415 2332 diversoriis,
430 2301 454 2328 in
468 2302 563 2336 quibus
577 2307 664 2330 scorta
679 2308 817 2331 versantur
828 2312 858 2331 ac
870 2304 993 2331 libicinm.
1005 2305 1044 2331 Ne

250 2347 310 2381 quis
334 2352 422 2374 autem
446 2348 594 2375 orationem
617 2348 686 2376 hanc
707 2349 824 2377 audaciae
844 2350 960 2378 damnet.
977 2351 1042 2378 Nam

251 2400 332 2420 ausus
344 2397 385 2420 est
396 2398 532 2420 extremus
545 2401 701 2429 summaque
713 2395 837 2430 iniquitas
849 2403 926 2423 secus
938 2396 971 2423 de
985 2396 1043 2423 istis

249 2438 365 2473 opinari.
374 2439 440 2466 Cum
455 2440 524 2466 enim
537 2439 665 2467 adversus
677 2441 758 2467 Deum
771 2442 930 2469 contendant
942 2450 972 2469 ac
983 2443 1042 2477 Spi-

250 2483 310 2509 ritui
326 2488 418 2510 sancto
434 2485 573 2517 resistant,
587 2493 635 2512 cur
650 2494 703 2512 non
719 2486 796 2513 talem
810 2487 843 2513 de
858 2488 909 2514 illis
924 2487 1041 2515 feramus

248 2529 427 2556 sententiam?
441 2529 503 2557 Erat
522 2530 584 2557 olim
605 2530 656 2558 hoc
676 2530 771 2558 festum
794 2532 945 2559 venerabile
957 2553 964 2563 ,
981 2540 1040 2560 cum

247 2574 320 2608 juxta
341 2574 426 2610 legem
445 2576 537 2608 ﬁeret,
560 2576 658 2611 Deique
675 2577 769 2612 jussu;
792 2586 862 2605 nunc
880 2583 967 2606 autem
988 2587 1039 2606 non

249 2621 380 2655 amplius;
394 2628 453 2648 natu
470 2626 521 2648 tota
537 2622 606 2649 illius
619 2622 733 2657 dignitas
746 2623 850 2650 sublata
863 2627 913 2656 est,
926 2631 957 2651 eo
970 2625 1040 2659 quod

249 2672 341 2695 contra
358 2668 403 2695 Dei
426 2672 541 2695 mentem
562 2669 719 2696 celebratur.
734 2669 836 2703 Quique
852 2670 966 2697 maxime
982 2670 1039 2697 vio-

254 2713 309 2740 lant
323 2713 406 2748 legem
422 2714 561 2749 priscaque
575 2714 651 2748 fcsta,
668 2715 685 2742 ii
699 2716 816 2743 maxime
830 2717 947 2743 omnium
960 2722 1036 2747 sunt,

247 2758 291 2791 qui
305 2766 375 2786 nunc
391 2759 512 2786 videntur
525 2767 555 2787 ea
566 2759 711 2788 celebrare.
723 2761 758 2788 At
769 2768 816 2788 nos
826 2762 939 2789 maxime
953 2762 1038 2797 legem

247 2810 404 2831 veneramur
413 2824 421 2836 ,
436 2805 480 2838 qui
494 2813 552 2832 eam
566 2805 639 2833 velut
652 2805 786 2833 hominem
800 2807 875 2834 senio
888 2807 1038 2834 confectum

246 2847 385 2881 quiescere
397 2849 519 2883 sinimus,
534 2857 583 2876 nec
595 2851 619 2877 in
634 2850 746 2878 stadium
763 2853 951 2886 protrahimus,
963 2858 1037 2887 post-

1103 1672 1215 1700 eaquam
1232 1665 1357 1698 incanuit,
1372 1673 1456 1700 neque
1469 1666 1558 1693 alieno
1573 1671 1696 1702 tempore
1707 1670 1800 1693 certare
1810 1671 1869 1691 cout-

1101 1711 1232 1745 pellimns.
1243 1711 1317 1738 Nunc
1328 1712 1397 1738 enim
1405 1712 1589 1747 neeesselegis
1599 1717 1703 1747 tempus
1711 1733 1718 1744 .
1729 1719 1773 1739 nec
1780 1714 1868 1737 vetuste

1100 1757 1245 1791 religionis,
1258 1757 1323 1784 satis
1333 1762 1395 1784 ante
1404 1757 1648 1785 demonstravimus
1660 1767 1666 1785 :
1679 1766 1726 1793 age
1734 1758 1804 1792 igitur
1813 1755 1868 1790 quod

1102 1806 1226 1836 superest
1238 1802 1316 1830 hodie
1328 1803 1501 1830 excutiamus.
1513 1803 1584 1831 Salis
1596 1804 1704 1838 quidem
1716 1807 1777 1832 erat,
1789 1807 1813 1827 ut
1822 1808 1869 1826 cum

1098 1856 1132 1874 ex
1154 1848 1290 1883 prophetis
1311 1849 1433 1876 omnibus
1459 1849 1690 1877 demonstrassem
1703 1870 1710 1882 ,
1732 1848 1796 1883 quod
1816 1852 1872 1873 nunc

1099 1899 1176 1921 extra
1187 1894 1377 1930 Jerosolymam
1393 1895 1444 1922 tale
1456 1895 1591 1929 quippiam
1607 1895 1706 1927 facere,
1719 1891 1870 1927 transgressio

1098 1940 1164 1974 legis
1177 1940 1211 1966 sit
1224 1945 1251 1967 et
1269 1940 1401 1974 impietas,
1415 1941 1485 1967 omni
1502 1941 1594 1968 labore
1608 1941 1722 1968 levarer.
1734 1940 1795 1966 Nam
1807 1937 1826 1964 si
1837 1943 1872 1962 ve-

1099 1993 1155 2011 rum
1166 1989 1246 2018 esset,
1259 1985 1328 2020 quod
1338 1986 1378 2012 isti
1385 1993 1490 2020 semper
1500 1986 1736 2021 ubiquejaetantes
1744 1983 1871 2013 mussitant.

1098 2030 1212 2057 futurutn
1233 2036 1260 2057 ut
1274 2031 1406 2058 civitatein
1420 2031 1507 2058 denuo
1521 2032 1657 2066 recipiant
1669 2052 1678 2065 ,
1693 2039 1727 2058 ne
1739 2031 1775 2058 sic
1786 2028 1873 2064 quidem

1097 2077 1200 2111 possint
1213 2085 1227 2103 a
1242 2077 1347 2104 violata:
1361 2078 1424 2112 legis
1439 2077 1549 2105 crimine
1564 2078 1675 2105 liberari
1692 2085 1699 2104 :
1713 2082 1820 2103 attamen
1833 2081 1872 2101 nos

1097 2130 1129 2149 ex
1142 2123 1285 2150 abundanti
1299 2123 1349 2150 hoc
1364 2131 1469 2158 quoque
1484 2123 1747 2155 demonstravimus,
1760 2120 1823 2157 quod
1836 2127 1872 2146 nec

1096 2168 1189 2195 civitas
1202 2168 1236 2195 sit
1250 2168 1430 2201 instauranda,
1445 2176 1529 2203 neque
1542 2170 1664 2203 priscum
1678 2168 1821 2203 reipublicae
1831 2170 1871 2191 sta-

1097 2220 1151 2241 tum
1169 2215 1221 2241 sint
1236 2215 1377 2249 recepturi.

1130 2260 1233 2288 Judaici
1247 2261 1309 2287 ritus
1322 2261 1445 2295 abrogati.
1457 2274 1492 2280 ——-
1503 2261 1557 2288 lloc
1576 2265 1671 2287 autem
1693 2260 1871 2287 demonstratov

1095 2308 1195 2342 reliqua
1210 2308 1297 2335 omnia
1312 2307 1337 2334 in
1352 2307 1474 2335 confesso
1487 2312 1558 2339 sunt,
1574 2307 1706 2334 videlicet
1719 2303 1786 2341 quod
1800 2308 1869 2336 neque

1094 2354 1284 2380 sacrificiorum
1298 2353 1374 2386 ritus,
1387 2360 1473 2387 neque
1487 2352 1720 2383 holocaustorum,
1733 2356 1813 2384 neque
1823 2346 1871 2380 legi!

1094 2399 1133 2426 vis
1145 2420 1152 2431 ,
1169 2407 1220 2427 nec
1231 2400 1281 2426 alia
1299 2406 1360 2434 pars
1375 2399 1427 2425 ulla
1440 2404 1525 2426 status
1540 2399 1611 2425 illius
1625 2398 1774 2425 consistere
1785 2392 1870 2430 polrril-

1094 2446 1210 2472 Primum
1224 2446 1294 2473 enim
1308 2445 1433 2480 prwcepit
1447 2445 1499 2477 lex,
1514 2449 1543 2472 ttt
1559 2450 1600 2471 Ier
1618 2445 1646 2472 in
1660 2451 1732 2471 anno
1745 2448 1818 2469 omne
1830 2446 1870 2464 ιιιτι

1094 2492 1223 2518 sculinum
1238 2491 1394 2518 ascenderet
1408 2492 1432 2518 in
1448 2491 1571 2526 templum
1586 2490 1690 2524 (Exod.
1704 2489 1749 2515 25.
1763 2488 1816 2520 l7).
1827 2483 1869 2510 Ca-

1093 2541 1178 2564 tertuu
1194 2537 1297 2571 dejecto
1317 2537 1415 2570 templo
1429 2557 1436 2568 ,
1451 2537 1501 2563 hoc
1516 2535 1571 2563 fieri
1588 2536 1694 2570 nequit.
1712 2535 1808 2561 Rursus
1820 2535 1868 2564 pm

1093 2586 1210 2615 ceperat,
1227 2586 1255 2608 ut
1268 2582 1312 2616 qui
1328 2582 1457 2616 profluvio
1470 2581 1577 2609 seminis
1594 2581 1745 2610 laboraret,
1760 2577 1802 2613 qui
1814 2576 1868 2608 lepra

1092 2627 1289 2654 contaminatus
1309 2632 1379 2654 05501
1393 2647 1401 2659 ,
1416 2634 1473 2661 quae
1489 2631 1629 2653 menstruo
1649 2626 1722 2652 “(illi
1740 2626 1869 2650 teneretur.

1091 2680 1149 2707 qute
1164 2673 1327 2706 peperisset,
1343 2672 1450 2699 oll‘erret
1462 2672 1589 2699 sacrificia
1606 2671 1616 2706 (
1630 2670 1712 2697 Leuit.
1732 2669 1763 2696 l5
1776 2669 1794 2703 ).
1809 2663 1871 2699 Atqui

1091 2725 1141 2745 nec
1156 2716 1206 2745 hoe
1221 2717 1277 2745 fieri
1290 2723 1378 2753 potest
1391 2739 1398 2749 ,
1413 2725 1472 2745 cum
1488 2717 1557 2745 desit
1571 2716 1654 2744 locus
1666 2736 1674 2749 ,
1694 2723 1743 2742 nec
1757 2717 1834 2742 exstet
1844 2710 1874 2736 ιιι-

1092 2768 1159 2791 tare.
1174 2764 1258 2792 Jussit
1270 2764 1328 2791 cani
1342 2772 1432 2792 sacros
1447 2764 1568 2799 hymnos,
1582 2767 1613 2790 et
1627 2763 1681 2790 hoc
1696 2767 1758 2789 ante
1771 2759 1873 2787 declm‘

1091 2809 1176 2836 vimus
1191 2814 1245 2835 tum
1260 2809 1310 2836 loci
1326 2809 1427 2836 ratione
1442 2810 1526 2837 vetari
1538 2830 1545 2842 ,
1561 2813 1618 2835 tum
1634 2816 1649 2835 a
1665 2806 1802 2843 prophetis
1812 2804 1874 2830 dam-

1090 2854 1146 2881 nari
1161 2875 1168 2888 ,
1193 2855 1378 2882 accusantibus
1401 2855 1459 2882 illos
1482 2862 1513 2882 ac
1536 2855 1714 2883 dicentibus.
1737 2851 1803 2888 quod
1823 2847 1874 2875 ‘0'.“
