3990 6198
249 341 355 400 915

246 458 391 523 τότε,
421 457 511 510 ὅτε
547 453 618 510 τά
650 456 921 529 χερουϐἰμ
956 451 1048 531 ἦν,
1077 456 1165 510 ὅτε
1201 456 1235 531 ἡ
1265 458 1518 525 κιϐωτὸς,
1558 457 1711 534 [661]
1741 460 1829 515 ὅτε

251 542 329 595 ἔτι
382 537 699 609 Πνεύματος
750 538 979 610 ἐπήνθει
1005 538 1185 612 χάρις,
1225 539 1320 594 νῦν
1346 540 1446 611 μὲν
1484 542 1697 611 ἔλεγεν,
1748 544 1828 597 ὅτι

261 620 622 691 Ἐποιήσατε
655 622 845 676 αὑτὸν
868 621 1177 692 σπήλαιον
1209 622 1480 692 λῃστῶν,
1509 623 1603 677 νῦν
1626 625 1683 679 δὲ
1703 666 1717 690 ,
1747 626 1830 679 ὅτι

246 701 431 759 Οἶκον
461 704 769 773 ἐμπορίου,
794 703 883 771 διά
908 703 1010 767 τάς
1039 703 1382 776 παρανομίας
1407 706 1586 760 αὑτῶν
1608 708 1702 762 καὶ
1732 708 1829 763 τὰς

247 785 562 859 μιαιφονίας
580 803 593 816 ’
626 785 723 839 νῦν
746 786 834 840 ὅτε
859 787 1057 852 αὐτοὺς
1090 788 1124 858 η
1147 786 1240 841 τοῦ
1290 787 1606 862 Πνεύματος
1634 792 1799 858 ἐγκατ
1824 822 1833 832 -

240 871 399 925 έλιπε
427 870 605 941 χάρις,
626 869 720 921 καὶ
747 869 923 923 πάντα
953 871 1134 924 ἐκεῖνα
1162 870 1428 943 ἀνῄρηται
1448 870 1516 925 τά
1544 872 1734 942 σεμνὰ,
1752 872 1827 946 τῷ

240 951 367 1025 θεῷ
395 951 822 1024 φιλονεικοῦντες
848 966 896 1020 ι,
931 954 1030 1026 τὴν
1064 954 1377 1026 παράνομον
1408 954 1615 1027 ταύτην
1642 956 1827 1010 ἐπιτε-

243 1037 399 1090 λοῦσι
428 1035 704 1109 λατρείαν,
736 1036 787 1090 τί
812 1035 877 1090 ἀν
906 1055 989 1100 τις
1015 1036 1328 1108 προσειπὼν
1372 1037 1473 1103 τάς
1506 1040 1827 1109 συναγωγάς

242 1120 427 1175 αὑτῶν
454 1120 483 1163 ιι
507 1161 523 1185 ,
559 1119 717 1185 ἀξίαν
767 1119 919 1187 ἔσται
960 1120 1213 1192 εὑρηκὼς
1246 1122 1595 1195 ἐπωνυμίαν;
1625 1124 1687 1176 El
1716 1123 1825 1195 γὰρ

239 1204 367 1258 τότε
408 1204 671 1275 σπήλαιον
724 1203 938 1276 λῃστῶν
971 1200 1060 1277 ἧν,
1096 1206 1185 1259 ὅτε
1216 1205 1296 1259 ἐτι
1326 1207 1394 1260 τά
1426 1208 1527 1277 τῆς
1551 1206 1825 1272 πολιτείας

240 1286 490 1358 ἐκράτει,
512 1286 607 1339 νῦν
640 1285 741 1339 κᾶν
777 1290 1046 1357 πορνεῖον,
1080 1288 1183 1341 κᾶν
1231 1289 1579 1363 παρανομίας
1602 1290 1822 1362 χωρίον,

239 1369 351 1423 κᾶν
378 1370 649 1441 δαιμόνων
700 1369 1071 1440 καταγώγιον,
1114 1370 1218 1425 κᾶν
1261 1370 1507 1425 διαϐόλου
1543 1374 1824 1444 φρούριον,

239 1452 349 1508 κᾶν
370 1452 555 1524 ψυχῶν
587 1452 829 1525 ὄλεθρον,
856 1453 961 1508 κᾶν
1004 1454 1281 1519 ἀπωλείας
1316 1454 1534 1527 ἀπάσης
1578 1455 1822 1528 κρημνὸν

238 1537 343 1591 καὶ
371 1536 666 1609 βάραθρον,
698 1537 803 1591 κᾶν
830 1536 1007 1592 ὁτιοῦν
1030 1555 1116 1603 τις
1142 1539 1412 1610 προσείπῃ
1436 1578 1451 1602 ,
1482 1537 1700 1593 ἔλαττον
1722 1540 1822 1611 τῆς

236 1620 400 1685 ἀξίας
418 1621 552 1692 ἐρεῖ.
587 1620 731 1674 Ναὸν
759 1621 1043 1692 ἐπιθυμεῖς
1075 1621 1232 1687 ἰδεῖν;
1270 1621 1343 1693 μὴ
1378 1622 1589 1695 δράμης
1618 1623 1699 1687 εἰς
1722 1622 1820 1696 τὴν

240 1702 590 1776 συναγωγὴν,
619 1703 756 1758 ἀλλά
779 1703 936 1774 γενοῦ
963 1706 1027 1759 σὺ
1057 1706 1205 1769 ναός.
1236 1704 1373 1759 Ἕνα
1404 1705 1620 1761 καθεῖλε
1638 1706 1765 1761 ναδν
1791 1708 1820 1761 ό

235 1787 378 1851 Θεὸς
400 1788 457 1842 ἐν
482 1786 894 1860 Ἱεροσολύμοις,
920 1788 1015 1842 καὶ
1044 1787 1271 1859 μυρίους
1292 1788 1586 1859 ἀνέστησεν
1610 1790 1819 1843 ἐκείνου

239 1869 427 1942 πολλῷ
477 1870 862 1943 σεμνοτέρουςο
922 1870 1119 1941 Ὑμεῖς
1162 1870 1273 1944 γὰρ
1312 1871 1459 1937 ναὸς
1501 1871 1648 1925 Θεοῦ
1682 1871 1824 1926 ἐστε

235 1951 480 2020 ὧντος,
508 1952 659 2026 φησί.
697 1950 1055 2007 Καλλώπισον
1103 1954 1310 2025 ταύτην
1345 1953 1445 2025 τὴν
1486 1954 1682 2018 οἰκίαν,
1717 1955 1825 2007 ἀπο

232 2034 435 2089 έλασον
468 2034 641 2097 πάντα
659 2034 920 2106 λογισμὸν
959 2035 1214 2107 πονηρὸν,
1263 2037 1349 2089 ἵνα
1381 2036 1513 2109 γένῃ
1541 2035 1701 2107 μέλος
1727 2036 1819 2091 τοῦ

234 2115 481 2188 Χριστοῦ
508 2116 709 2189 τίμιον,
739 2117 826 2170 ἵνα
850 2117 984 2192 γένῃ
1010 2118 1136 2182 ναὸς
1164 2118 1258 2172 τοῦ
1286 2118 1425 2172 Πνεύ
1437 2135 1605 2189 ματος
1623 2134 1637 2149 ⁸
1661 2119 1817 2189 ποίη-

233 2215 342 2252 σον
372 2199 468 2253 καί
510 2200 731 2273 ἐτέρους
769 2201 1064 2266 τοιούτους.
1118 2202 1229 2255 Καὶ
1271 2201 1525 2273 καθάπερ
1579 2202 1819 2272 πένητας

230 2280 479 2352 δρῶντες
507 2283 607 2335 οὑκ
636 2283 702 2337 ἂν
726 2284 1137 2355 παραδράμοιτε
1167 2283 1386 2355 ῥᾳδίως,
1416 2282 1559 2337 οὑτω
1590 2280 1685 2336 καὶ
1725 2281 1816 2338 τὸν

233 2365 336 2418 ἐπὶ
365 2365 464 2435 τὴν
490 2368 814 2439 συναγωγὴν
844 2367 1104 2441 τρέχοντα
1133 2367 1346 2438 βλέπων
1368 2408 1384 2433 ,
1437 2366 1512 2439 μὴ
1558 2366 1814 2439 παρέϐης,

231 2445 355 2498 ἀλλ’
387 2448 575 2519 ὥσπερ
606 2448 806 2520 χαλινῷ
833 2468 939 2504 τινι
975 2449 1052 2520 τῷ
1084 2450 1227 2521 λόγῳ
1273 2450 1560 2520 κατασχὼν
1600 2451 1681 2513 εἰς
1713 2448 1816 2521 τὴν

244 2528 581 2600 Ἐκκλησίαν
613 2532 946 2601 ἐπανάγαγε.
971 2533 1119 2601 Αὕτη
1147 2531 1347 2586 πλείων
1367 2531 1584 2603 ἐκείνης
1607 2532 1642 2602 ἡ
1671 2530 1820 2602 ἐλεηο

229 2611 469 2686 μοσύνη,
509 2614 606 2670 καὶ
629 2615 838 2689 μυρίων
868 2615 1148 2669 ταλάντων
1184 2612 1369 2686 μεῖζον
1397 2613 1460 2668 τδ
1481 2613 1689 2686 κέρδος.
1702 2611 1815 2666 Καὶ

296 2776 451 2846 {Alii
490 2782 658 2844 σεμνά,
680 2781 749 2845 τῷ
774 2783 882 2845 θεῷ
912 2778 1491 2846 φιιλονεικοῦντις,ληοιαι
1509 2777 1679 2829 non“:
1716 2776 1809 2839 qui

226 2840 1106 2943 ’τι
1133 2842 1263 2907 φίλαν
1285 2840 1372 2902 τὴν
1389 2857 1445 2893 πο

352 2904 506 2955 Deest
523 2904 679 2955 αὐτῶν
698 2904 749 2955 in‘
770 2918 948 2965 uatem
979 2904 1099 2956 mss.

1354 342 1720 399 ADVERSUS
1767 343 2082 404 JUD‘EOS.
2129 344 2241 402 VII.

3405 353 3507 411 9N

1929 462 1983 514 τί
2011 461 2155 531 λέγω
2203 460 2418 534 μυρίων
2443 458 2755 523 ταλάντωνς
2790 458 2884 511 καὶ
2910 456 3006 510 τοῦ
3058 457 3267 528 κόσμου
3306 462 3510 527 παντὸς

1928 544 2023 598 τοῦ
2043 543 2389 613 φαινομένου,
2419 541 2540 596 ἐπεὶ
2560 541 2655 595 καὶ
2683 541 2712 594 ὁ
2735 538 3021 610 ἄνθρωπος
3039 538 3132 593 τοῦ
3152 540 3357 613 κόσμου
3377 560 3513 600 παν-

1927 627 2019 692 τὸς
2048 623 2372 697 τιμιώτερος
2393 641 2407 656 ’
2447 622 2536 678 διά
2567 622 2677 695 γὰρ
2711 622 2874 678 αὐτὸν
2904 622 2999 676 καὶ
3036 623 3267 693 οὐρανὸς
3304 628 3399 680 καὶ
3434 628 3509 700 γῆ

1928 710 2024 763 καὶ
2059 709 2303 763 θάλασσα
2329 708 2543 776 γέγονε,
2576 707 2670 760 καὶ¹
2695 705 2965 777 ἣλιοςκαὶ
2999 705 3250 777 ἀστέρες.
3293 708 3510 781 Ἐννόη-

1928 810 2022 847 σον
2048 792 2227 846 τοίνυν
2254 794 2316 845 τὸ
2337 790 2552 861 ἀξίωμα
2579 787 2674 842 τοῦ
2710 788 3015 860 σωζομένου
3038 830 3053 855 ,
3103 790 3200 843 καὶ
3236 789 3311 861 μὴ
3341 807 3511 845 καταο

1927 877 2202 948 φρονήσῃς
2226 874 2390 928 αὑτοῦ
2422 874 2519 945 τῆς
2539 871 2881 943 ἐπιμελείας.
2914 871 3036 926 Κᾶν
3074 871 3185 943 γάρ
3230 873 3403 946 μυρία
3425 890 3509 941 τις

1926 958 2211 1032 καταϐάλῃ
2240 959 2517 1030 χρήματα,
2545 955 2696 1009 οὐδὲν
2709 954 2950 1009 τοιοῦτον
2985 956 3299 1027 ἐργάζεται,
3334 957 3456 1011 ὅσον
3478 960 3509 1013 ό

1926 1040 2103 1112 ψυχὴν
2129 1039 2429 1106 διασώζων,
2448 1038 2542 1093 καὶ
2563 1038 2774 1108 πλάνης
2791 1037 3042 1107 ἀπάγων,
3073 1039 3169 1092 καί
3195 1038 3332 1109 πρὸς
3353 1040 3508 1097 εὐσέ-

1929 1122 2083 1177 ϐειαν
2103 1123 2480 1197 χειραγωγῶν.
2526 1123 2585 1175 '0
2606 1121 2796 1190 πένητι
2815 1120 2938 1184 δοὺς
2960 1121 3115 1192 λιμὸν
3138 1122 3345 1186 ἔλυσεν.
3362 1125 3391 1177 ό
3414 1124 3507 1180 τὸν

1939 1206 2292 1272 Ἰουδαῖζοντα
2312 1204 2607 1275 διορθώσας
2628 1205 2885 1259 ἀσέϐειαν
2909 1205 3112 1260 ἀνεῖλεν
3131 1222 3145 1236 ·
3180 1206 3383 1270 ἐκεῖνος
3406 1225 3506 1261 πε-

1923 1289 2043 1344 νίαν
2066 1290 2515 1361 παρεμυθήσατο,
2531 1284 2686 1352 οὗτος
2713 1289 3059 1359 παρανομίαν
3078 1288 3304 1361 ἔστησεν
3324 1308 3338 1323 ’
3361 1292 3506 1347 ἐκεῖ-

1922 1390 2012 1435 νος
2030 1373 2092 1426 τδ
2123 1374 2283 1444 σῶμα
2314 1372 2507 1442 ὀδύνης
2538 1371 2869 1442 ἀπήλλαξεν,
2901 1363 3057 1434 οὗτος
3076 1373 3170 1426 καὶ
3197 1372 3295 1444 τὴν
3324 1373 3502 1446 ψυχὴν

1920 1455 2024 1525 τῆς
2051 1456 2276 1527 γεέννης
2318 1456 2650 1526 ἐξήρπασεν.
2686 1452 2904 1517 Ἔδειξα
2949 1453 3043 1507 τὸν
3079 1453 3372 1525 θησαυρὸν,
3426 1458 3500 1527 μὴ

1922 1538 2165 1608 προδῶτε
2193 1539 2255 1592 τὸ
2276 1538 2487 1610 κέρδος.
2524 1538 2638 1591 Οὑκ
2671 1535 2816 1589 ἔστιν
2850 1535 3083 1590 ἐνταῦθα
3114 1538 3305 1592 πενίαν
3327 1540 3492 1594 αἰτιά-

1923 1619 2137 1684 σασθαι,
2175 1621 2277 1674 οὑκ
2321 1621 2436 1673 ἔστι
2470 1619 2742 1690 πτωχείαν
2782 1618 3151 1690 προϐαλέσθαι
3174 1639 3186 1650 ·
3236 1621 3501 1692 ῥημάτων

1920 1703 2068 1757 ἐστὶν
2094 1705 2130 1775 ἡ
2176 1704 2408 1776 δαπάνη,
2436 1704 2611 1771 λόγων
2640 1703 2757 1756 ἐστί
2782 1702 2844 1754 τὸ
2867 1702 3149 1773 ἀνάλωμα.
3193 1705 3285 1776 Μὴ
3322 1705 3501 1760 τοίνυν

1919 1786 2367 1859 κατοκνήσωμεν,
2419 1786 2557 1849 ἀλλ’,
2608 1787 2709 1855 ὅση
2761 1786 2962 1856 σπουδὴ
2998 1797 3023 1825 ε
3057 1789 3152 1842 καὶ
3200 1788 3497 1860 προθυμία.

1919 1873 2045 1935 τοὺς
2073 1870 2336 1940 ἀδελφοὺς
2362 1870 2715 1941 θηρεύσωμεν
2739 1869 3206 1941 τοὺςὴμετέρους,
3231 1872 3327 1925 καὶ
3341 1871 3503 1927 ἄκον-

1920 1971 2022 2018 τας
2049 1955 2131 2017 εἰς
2157 1955 2259 2018 τάς
2310 1954 2489 2018 οἰκίας
2519 1953 2619 2017 τάς
2667 1952 2877 2006 ἑαυτῶν
2903 1953 3101 2017 αὑτοὺς
3150 1953 3498 2020 ἑλκύσαντες.

1921 2036 2144 2109 ἄριστον
2175 2036 2545 2108 παραϐῶμεν,
2571 2036 2667 2090 καὶ
2698 2035 2979 2109 τραπέζης
3015 2036 3200 2112 αὑτοῖς
3240 2040 3501 2110 κοινωνή-

1922 2138 2105 2193 σωμεν
2150 2121 2409 2193 σήμερον,
2444 2121 2531 2174 ἵνα
2560 2122 2648 2173 ἐπ’
2696 2120 2851 2191 ὕψεσι
2900 2123 3023 2184 ταῖς
3047 2122 3348 2193 ἡμετέραις
3398 2122 3497 2194 τὴν

1918 2202 2173 2274 νηστείαν
2197 2202 2476 2267 λύσαντες,
2504 2202 2597 2256 καὶ
2633 2202 3006 2274 πληροφορίαν
3039 2205 3170 2275 ἡμῖν
3195 2205 3287 2258 καὶ
3313 2204 3496 2259 πίστιν

1919 2285 2107 2356 ἱκανὴν
2132 2285 2506 2356 παρασχόντες
2536 2284 2638 2354 τῆς
2672 2285 2849 2356 καλῆς
2887 2284 3090 2357 ταύτης
3121 2285 3493 2357 διορθώσεως,

1917 2368 2011 2422 καί⁵
2041 2369 2254 2431 ἑαυτοῖς
2279 2369 2374 2421 καὶ
2395 2368 2526 2439 ἡμῖν
2560 2368 2670 2422 τῶν
2699 2367 2936 2422 αἰωνίων
2964 2368 3187 2439 ἀγαθῶν
3227 2369 3494 2438 γένωνται

1915 2449 2185 2522 πρόξενοι,
2216 2450 2399 2522 χάριτι
2427 2451 2521 2505 καὶ
2556 2449 2940 2523 φιλανθρωπίᾳ
2968 2451 3064 2519 τοῦ
3092 2452 3297 2524 Κυρίου
3335 2452 3495 2524 ἡμῶν

1928 2531 2104 2602 Ἰησοῦ
2131 2533 2389 2607 Χριστοῦ,
2419 2532 2486 2586 δι’
2516 2527 2577 2586 οὗ
2606 2534 2701 2587 καὶ
2730 2533 2846 2603 μεθ’
2875 2529 2937 2588 οὗ
2961 2532 3041 2604 τῷ
3081 2535 3257 2607 Πατρί
3283 2537 3319 2606 η
3342 2534 3493 2600 δόξα,

1918 2611 2036 2685 ἅμα
2061 2613 2139 2686 τῷ
2164 2615 2304 2684 ἀγίῳ
2351 2614 2664 2686 Πνεύματι,
2713 2615 2809 2669 νῦν
2860 2616 2957 2671 καὶ
2992 2617 3100 2681 ἀεὶ,
3141 2618 3236 2672 καὶ
3262 2620 3341 2682 εἰς
3367 2618 3495 2683 τοὺς

1840 2769 1845 2774 .
1920 2696 2121 2762 αἰῶνας
2144 2698 2252 2752 τῶν
2279 2698 2509 2753 αἰώνων.
2563 2699 2754 2770 Ἀμήν.

1982 2838 2133 2908 f_S_ex
2158 2853 2272 2890 mss.
2296 2840 2448 2908 fui
2474 2840 2607 2908 πάσῃ
2651 2842 2853 2908 σπουδῇ.
2914 2840 3194 2908 (Legebam-
3234 2856 3492 2908 perperam

1924 2899 2029 2954 ἀλλ’
2050 2902 2141 2966 ὅσῃ
2166 2901 2351 2965 σπουδῇ
2373 2903 2453 2950 καὶ
2474 2899 2745 2968 προθὶμίᾳ.)

1293 3208 1592 3309 ΚΑΤΑ
1663 3205 2225 3315 ΙΟΥΔΑΙΩΝ.
2280 3201 2428 3275 πείθει]

776 3495 962 3563 Λόγος
995 3493 1269 3564 ἕϐδομος.

294 3654 526 3729 α’ῘΑρα
544 3658 702 3730 κόρον
717 3656 940 3713 ἐλάϐετε
950 3658 1047 3728 τῆς
1072 3657 1209 3729 πρὸς
1235 3656 1518 3721 Ἰουδαίους
1543 3658 1719 3729 μάχης
1739 3659 1804 3731 ;ῆ

211 3742 487 3816 βούλεσθε
521 3740 615 3795 καὶ
636 3741 873 3811 σήμερον
895 3740 994 3812 τῆς
1016 3740 1187 3811 αὑτῆς
1212 3740 1519 3807 ὑποθέσεως
1542 3740 1808 3814 ἁψώμεθα

212 3825 431 3889 πάλινς
468 3825 531 3877 Εἰ
562 3823 672 3894 γάρ
725 3823 819 3877 καὶ
854 3822 1023 3876 πολλά
1058 3822 1130 3877 τὰ
1168 3822 1478 3894 ἔμπροσθεν
1518 3823 1806 3896 εἰρημένα,

204 3909 343 3964 ἀλλ’
371 3909 526 3979 ὅμως
549 3909 693 3979 ὑμᾶς
716 3905 1001 3977 ἐπιθυμεῖν
1017 3901 1169 3977 οἶμαι
1191 3908 1291 3977 τῆς
1304 3907 1473 3978 αὑτῆς
1491 3908 1810 3978 ἀκροάσεως

210 3992 415 4047 πάλιν.
456 3991 516 4043 '0
544 3990 651 4062 γάρ
685 3990 782 4061 τῆς
810 3991 891 4053 εἰς
918 3989 1011 4042 τὸν
1034 3988 1269 4060 Χριστὸν
1294 3990 1514 4061 ἀγάπης
1542 3991 1641 4043 οὐκ
1669 3990 1806 4061 ἔχων

208 4076 415 4145 κόρον,
464 4073 584 4128 οὐδὲ
634 4074 733 4144 τῆς
777 4072 915 4144 πρὸς
942 4073 1068 4137 τοὺς
1101 4071 1395 4144 μισοῦντας
1427 4074 1587 4128 αὑτὸν
1628 4074 1808 4147 μάχης

203 4159 457 4231 λήψεται
480 4156 643 4228 κόρον
660 4156 810 4210 ποτέ.
838 4154 1019 4227 Χωρὶς
1046 4155 1104 4209 δὲ
1128 4154 1356 4223 τούτων,
1375 4155 1470 4211 καὶ
1484 4155 1658 4220 άλλως
1675 4158 1807 4229 ἡμῖν

196 4244 524 4310 ἀναγκαῖος
547 4231 744 4303 οὑτοςό
772 4238 955 4307 λόγος’
979 4238 1060 4292 ἔτι
1088 4237 1197 4310 γὰρ
1212 4237 1442 4309 λείψανα
1466 4238 1575 4293 τῶν
1603 4239 1807 4312 ἑορτῶν

198 4324 409 4381 αὐτῶν
437 4323 844 4378 ὑπολέλειπται.
890 4320 1028 4385 Ἀλλ’
1054 4319 1243 4391 ῶσπερ
1279 4321 1458 4376 αὑτῶν
1489 4323 1546 4377 αἰ
1579 4321 1808 4391 σάλπιγ-

198 4426 324 4479 γες
346 4407 456 4461 τῶν
482 4409 542 4460 ἐν
556 4409 668 4469 τοῖς
693 4405 940 4476 θεάτροις
958 4399 1098 4476 ἦσαν
1125 4402 1604 4476 παρανομώτεραι,
1628 4405 1721 4459 καὶ
1749 4406 1807 4459 αἰ

199 4490 473 4562 νηστείαι
516 4487 685 4559 μέθης
715 4487 808 4542 καὶ
834 4487 1021 4558 κώμου
1050 4486 1252 4551 παντὸς
1271 4481 1411 4560 ἦσαν
1432 4488 1804 4560 αἰσχρότεραι,

193 4572 370 4628 οὕτω
398 4574 493 4625 καὶ
530 4572 586 4625 αί
618 4570 816 4642 σκηναὶ
846 4572 903 4624 αἰ
922 4568 1018 4625 νῦν
1048 4571 1178 4642 παρ’
1210 4569 1393 4625 αὑτῶν
1437 4569 1801 4643 πηγνύμεναι,

188 4656 335 4711 τῶν
356 4652 687 4723 πανδοχείων
712 4652 817 4706 τῶν
852 4654 1056 4723 πόρνας
1085 4653 1318 4723 ἐχόντων
1342 4652 1439 4707 καὶ
1476 4652 1805 4725 αὐλητρίδας

184 4736 379 4797 οὐδὲν
406 4737 631 4807 ἄμεινον
650 4734 969 4789 διάκεινται.
1007 4736 1114 4789 Καὶ
1139 4735 1326 4808 μηδεὶς
1354 4736 1559 4807 τόλμαν
1586 4754 1808 4807 καταγι-

182 4819 483 4878 νωσκέτω
504 4817 600 4874 τοῦ
625 4818 814 4887 λόγου·
839 4818 1013 4889 τόλμα
1044 4820 1153 4890 γὰρ
1181 4818 1383 4897 ἐσχάτη
1427 4819 1522 4874 καὶ
1562 4837 1806 4893 παρανο-

182 4905 328 4980 μία
358 4904 420 4958 τὸ
445 4902 521 4975 μὴ
548 4902 720 4966 οὕτως
740 4901 1065 4957 ὑποπτεύειν
1086 4902 1215 4974 περὶ
1241 4902 1485 4958 ἐκείνων.
1510 4903 1681 4959 ὀταν
1696 4904 1804 4977 γὰρ

172 4987 302 5062 τῷ
330 4988 453 5059 Θεῷ
503 4985 956 5059 φιλονεικοῦντες,
998 4986 1093 5039 καὶ
1132 4985 1211 5056 τῷ
1238 4986 1514 5058 Πνεύματι
1544 4986 1624 5060 τῷ
1661 4989 1805 5060 ἁγίῳ

167 5072 642 5135 ἀντιπίπτοντος
671 5070 975 5143 πράττωσι,
1006 5068 1124 5132 πῶς
1148 5069 1208 5122 ού
1237 5069 1345 5143 χρὴ
1385 5070 1640 5143 τοιαύτην
1674 5074 1804 5144 περὶ

166 5155 405 5216 αὐτῶν
424 5155 607 5226 ψῆφον
632 5154 915 5225 ἐκφέρειν;
946 5148 1054 5206 Ἤν
1082 5168 1213 5207 ποτε
1244 5153 1416 5226 σεμνὴ
1453 5153 1591 5225 αῦτη
1623 5157 1656 5225 ἡ
1678 5156 1802 5227 ἐορ-

163 5245 311 5315 τὴ,
340 5241 432 5295 ὅτε
456 5239 606 5305 ,κατά
622 5238 786 5310 νόμον
802 5237 1031 5307 ἐγίνετο,
1060 5235 1267 5291 καὶτοῦ
1297 5234 1433 5291 Θεοῦ
1464 5237 1800 5304 κελεύοντος,

160 5325 339 5386 νυνὶ
367 5324 426 5377 δέ
453 5322 650 5377 οὐκέτι
669 5339 681 5352 ’
702 5322 765 5376 τὸ
791 5320 899 5393 γάρ
924 5320 1142 5391 ἀξίωμα
1164 5319 1333 5391 αὑτῆς
1360 5320 1506 5375 ἀπαν
1530 5320 1801 5393 ἀνῄρηται

159 5411 297 5483 αῖ)
328 5407 484 5479 παρά
514 5406 739 5478 γνώμην
758 5403 850 5459 τοῦ
878 5402 1013 5457 Θεοῦ
1043 5402 1308 5471 γίνεσθαι.
1337 5403 1446 5456 Καὶ
1480 5404 1530 5457 οἱ
1556 5406 1799 5475 μάλιστα

160 5490 645 5563 θαιθυδρίζοντες
664 5489 873 5544 καὶτὸν
906 5486 1069 5560 νόμον
1088 5487 1183 5541 καὶ
1209 5487 1308 5550 τὰς
1351 5486 1544 5559 ἐορτάς
1569 5486 1665 5553 τὰς
1696 5505 1803 5557 πα-

158 5577 405 5640 λαιάς.
438 5570 587 5631 οὗτοι
628 5574 865 5649 μάλιστα
908 5573 1128 5626 πάντων
1154 5568 1290 5623 εἰσὶν
1320 5569 1367 5623 οἰ
1386 5568 1672 5634 δοκοῦντες
1702 5571 1799 5627 νῦν

156 5661 487 5725 ἐπιτελεῖν
507 5676 519 5691 ο
551 5659 601 5712 οἰ
635 5658 692 5712 δὲ
733 5657 967 5729 μάλιστα
996 5655 1089 5708 τὸν
1110 5652 1272 5725 νόμον
1308 5652 1574 5725 τιμῶντες
1613 5656 1797 5727 ἡμεῖς,

158 5749 242 5804 οι
281 5744 548 5813 καθάπερ
576 5740 925 5813 γεγηρακότα
954 5739 1237 5811 ἄνθρωπον
1272 5737 1667 5803 ἀναπαύοντος,
1707 5744 1800 5796 καὶ

538 5855 809 5916 ΡΑτιιοι..
860 5859 976 5918 Gn.
1020 5860 1307 5921 XLVIII.

1914 3494 2013 3562 οὑχ
2061 3489 2313 3551 έλκοντες
2363 3488 2445 3550 εἰς
2489 3484 2558 3540 τά
2606 3484 2906 3558 σκάμματα
2940 3486 3081 3558 μετά
3124 3487 3223 3558 τὴν
3276 3490 3488 3553 πολιᾶν,

1908 3575 2030 3629 οὐδὲ
2046 3572 2199 3644 παρά
2214 3569 2405 3643 καιρὸν
2420 3568 2781 3636 ἀγωνίζεσθαι
2797 3569 3216 3639 ἀναγκάζοντες.
3239 3572 3359 3626 Ὀτι
3380 3573 3492 3644 γάρ

1907 3658 2008 3712 οὑκ
2027 3656 2140 3709 ἔστι
2157 3654 2322 3725 νόμου
2342 3652 2532 3725 καιρὸς
2553 3650 2807 3718 νῦν,οῠτε
2823 3655 2922 3724 τῆς
2938 3653 3173 3716 «ama;
3191 3653 3488 3719 πολιτείας,

1912 3739 2112 3802 ἱκανῶς
2138 3737 2239 3809 μὲν
2260 3736 2355 3789 καὶ
2375 3735 2686 3808 ἔμπροσθεν
2714 3735 3079 3807 ἀπεδείξαμεν
3096 3753 3111 3768 ν
3142 3737 3276 3808 φέρε
3308 3738 3373 3809 δὴ
3395 3742 3491 3794 καί

1907 3822 1976 3875 τά
1997 3820 2223 3891 λείψανα
2248 3836 2315 3887 γυ
2324 3818 2621 3890 μνάσωμεν
2642 3820 2709 3890 τη
2718 3836 2785 3889 με
2794 3835 2906 3891 ρον.
2934 3820 3132 3890 Ἤρκει
3164 3821 3261 3888 μὲν
3275 3816 3369 3875 οὖν
3382 3822 3491 3875 δεί-

1910 3903 2076 3971 ξαντα
2129 3902 2217 3957 διά
2237 3901 2347 3956 τῶν
2376 3900 2669 3974 προφητῶν
2709 3903 2965 3957 ἀπάντων
2988 3942 3004 3969 ,
3034 3903 3124 3957 ὅτι
3144 3902 3206 3956 τὸ
3237 3907 3411 3958 ποιεῖν
3432 3923 3488 3961 τι

1908 3986 2147 4042 τοιοῦτον
2175 3985 2279 4051 ἔξω
2311 3984 2419 4039 τῶν
2458 3984 2847 4059 Ἰεροσολύμων
2887 3987 3203 4059 παρανομία
3245 3987 3329 4054 τίς
3370 3990 3488 4047 ἐστι

1909 4071 2003 4127 καὶ
2030 4069 2256 4124 ἀσέϐεια
2278 4111 2294 4136 ,
2330 4068 2671 4140 ἀπηλλάχθαι
2723 4071 3085 4141 πραγμάτων.
3137 4071 3201 4124 Εἰ
3235 4071 3345 4144 γάρ
3391 4076 3490 4130 καὶ

1909 4152 2107 4227 ἀληθές
2135 4147 2223 4224 ἧν,
2258 4149 2286 4205 δ
2313 4150 2588 4223 πανταχοῦ
2623 4152 3001 4223 κομπάζοντες
3038 4153 3125 4206 ἀεὶ
3166 4154 3486 4225 ψιθυρίζου-

1910 4254 2014 4301 σιν,
2048 4237 2130 4291 ὃτι
2170 4236 2269 4308 τὴν
2302 4235 2457 4289 πόλιν
2512 4235 2883 4307 ἀπολήψονται
2933 4235 3115 4301 πάλιν,
3144 4236 3265 4289 οὐδὲ
3314 4236 3488 4303 οὕτως

1907 4318 2248 4391 ἀπηλλάχθαι
2292 4317 2401 4371 τῶν
2436 4317 2534 4387 τῆς
2579 4317 2924 4389 παρανομίας
2963 4318 3326 4390 ἐγκλημάτων
3364 4320 3486 4374 ἐδύ-

1906 4417 2084 4455 ναντο.
2115 4400 2262 4472 Πλὴν
2291 4400 2407 4454 ἀλλ’
2433 4401 2595 4471 ἡμεῖς
2621 4403 2684 4454 ἐκ
2702 4399 3018 4471 περιουσίας
3052 4402 3147 4455 καὶ
3177 4401 3335 4456 τοῦτο
3382 4403 3489 4457 ἀπ-

1907 4483 2208 4555 εδείξαμεν,
2234 4484 2313 4537 ὅτι
2345 4481 2469 4536 οὕτε
2497 4483 2858 4555 ἀναστήσεται
2892 4482 3078 4539 λοιπὸν
3105 4486 3139 4557 η
3161 4484 3335 4549 πόλις,
3360 4483 3485 4539 οὕτε

1907 4566 2272 4638 ἀπολήψονται
2291 4566 2391 4639 τὴν
2418 4565 2626 4620 ἑαυτῶν
2652 4566 2945 4621 πολιτείαν.

1978 4746 2180 4803 Τούτου
2222 4750 2279 4804 δέ
2330 4749 2775 4822 ἀποδειχθέντος,
2828 4751 2924 4804 καὶ
2970 4750 3040 4804 τά
3079 4750 3243 4805 λοιπά
3272 4751 3486 4807 ἃπαντα

1908 4832 2342 4906 συνωμολόγητο,
2375 4828 2486 4887 οἷον
2511 4833 2586 4899 ὡς
2615 4831 2739 4887 οὔτε
2773 4832 2965 4895 θυσίας
3006 4828 3172 4896 εἶδος.
3202 4831 3326 4887 οὗτε
3364 4833 3485 4887 0105-

1906 4914 2253 4978 καυτώσεως.
2277 4916 2376 4989 οὐχ
2401 4918 2433 4988 ἠ
2464 4915 2557 4971 τοῦ
2578 4916 2743 4989 νόμου
2766 4914 3016 4989 δύναμις,
3049 4915 3148 4968 οὑκ
3166 4914 3292 4969 ἀλλο
3311 4931 3365 4970 τι
3382 4914 3485 4986 τῆς

1907 4996 2180 5063 πολιτείας
2210 5000 2426 5073 ἐκείνης
2452 5000 2641 5072 στῆναι
2666 5000 2970 5073 δυνήσεται.
2999 4997 3221 5069 Πρῶτον
3254 4997 3353 5068 μιν
3375 4997 3485 5069 γὰρ

1905 5080 2191 5135 ἐκέλευσεν
2217 5082 2247 5134 δ
2286 5081 2449 5154 νόμος
2483 5083 2603 5155 τρίς
2625 5082 2718 5136 τοῦ
2758 5081 3006 5136 ἐνιαυτοῦ
3054 5082 3161 5139 πᾶν
3198 5080 3484 5151 ἀρσενικὸν

1905 5164 1987 5227 εἰς
2022 5164 2113 5218 τδν
2147 5164 2274 5219 ναὸν
2319 5166 2629 5219 ἀναϐαίνειν
2656 5183 2669 5197 ·
2704 5163 2795 5218 τοῦ
2820 5165 2876 5219 δέ
2910 5163 3039 5219 ναοῦ
3064 5162 3480 5235 καταλυθέντος,

1906 5246 2167 5302 ἀδύνατον
2194 5245 2351 5301 τοῦτο
2376 5247 2649 5315 γενέσθαι.
2674 5247 2829 5302 Μετά
2848 5246 3020 5302 ταῦτα
3037 5246 3198 5302 πάλιν
3220 5246 3483 5301 ἐπέταττε

1904 5328 1994 5382 τὸν
2024 5330 2313 5401 γονορῤυῆ,
2339 5331 2429 5383 τὸν
2457 5330 2676 5403 λεπρδν,
2705 5330 2804 5402 τὴν
2830 5332 2888 5383 ἐν
2911 5326 3270 5400 καταμηνίοις
3290 5330 3483 5397 γυναί-

1907 5427 1998 5468 κα.
2028 5409 2127 5480 τὴν
2164 5410 2327 5481 λεχῶ,
2357 5411 2546 5477 θυσίας
2570 5413 2864 5485 ἀναφέρειν
2882 5426 2896 5441 ·
2937 5411 3207 5467 καὶτοῦτο
3238 5411 3295 5465 δέ
3319 5410 3483 5465 πάλιν

1904 5492 2187 5557 ἀδύνατον,
2216 5493 2314 5547 οὑκ
2340 5493 2490 5559 δντος
2516 5495 2610 5549 τοῦ
2642 5496 2832 5559 τόπου,
2862 5496 2981 5550 οὑδὲ
3004 5494 3099 5549 τοῦ
3141 5493 3327 5565 βωμοῦ
3358 5510 3483 5564 φαι-

1904 5575 2150 5646 νομένου.
2194 5576 2511 5631 Ἐκέλευσεν
2543 5578 2690 5649 ᾄδειν
2724 5580 2902 5651 ἱεροὺς
2929 5578 3159 5651 ὕμνους*
3200 5578 3297 5632 καὶ
3325 5575 3483 5631 τοῦτο

1906 5657 2216 5729 ἔμπροσθεν
2252 5660 2615 5733 ἀπεδείξαμεν
2634 5662 2743 5716 ἀπὸ
2775 5661 2871 5716 τοῦ
2901 5664 3069 5717 τόπου
3111 5660 3481 5731 κωλυόμενον,

1906 5741 2002 5794 καὶ
2036 5742 2163 5805 τοὺς
2206 5746 2489 5817 προφήτας
2531 5745 2916 5814 ἐγκαλοῦντας,
2965 5746 3060 5801 καὶ
3096 5744 3354 5814 λέγοντας
3398 5740 3486 5798 δτι

3062 5858 3142 5920 25
