3990 6198
286 273 388 331 917

283 388 523 455 legerent
566 382 737 453 legem
762 420 777 446 ,
824 388 877 436 ct
914 379 1238 435 advocarent
1279 378 1686 435 confessionem.
1727 380 1858 436 Cum

283 479 446 548 igitur
484 490 552 530 ne
591 474 691 544 legi
731 472 942 543 quidem
981 471 1067 527 lex
1103 471 1332 541 potuerit
1367 482 1518 526 extra
1557 473 1820 527 civitatem
1844 514 1857 537 ,

281 565 550 637 quomodo
589 566 760 635 legem
800 578 1012 618 servare
1050 571 1333 633 potuerunt
1371 571 1517 618 extra
1551 563 1860 617 civitatem?

279 658 431 715 lianc
457 659 525 713 ob
549 671 760 712 causam
803 664 857 710 et
884 655 1154 725 minitans
1175 654 1274 708 illis
1303 653 1428 708 dicit
1453 694 1468 719 ,
1506 652 1625 706 Non
1655 654 1860 707 visitabo

274 754 418 820 filias
442 759 649 816 vestras,
681 764 795 801 cum
821 756 1052 817 stuprum
1068 744 1387 811 admiserint,
1415 760 1573 808 neque
1595 760 1750 796 nurus
1775 759 1858 797 vc-

272 857 435 910 stras,
456 856 573 896 cum
600 839 859 894 moechatur
881 838 1070 907 fuerint
1095 835 1245 908 (Osee
1293 837 1345 890 4.
1379 834 1489 906 id).
1520 835 1654 902 Quid
1679 844 1856 889 autem

275 932 381 990 hoc
408 933 536 989 est?
565 931 801 988 Recitata
831 929 996 986 veteri
1036 931 1150 1000 lege
1179 929 1412 984 conabor
1454 928 1603 983 vobis
1636 928 1858 984 reddere

273 1023 579 1079 dilucidius.
625 1022 754 1090 Qua:
797 1020 955 1091 igitur
1000 1021 1086 1074 illa
1130 1020 1255 1074 lex?
1294 1019 1357 1074 Si
1393 1020 1611 1085 mulier,
1653 1020 1852 1089 inquit,

273 1113 607 1184 prtevaricata
635 1112 785 1183 fuerit
810 1128 842 1164 a
868 1112 972 1164 viro
997 1127 1112 1177 suo,
1143 1125 1352 1180 eumque
1376 1112 1628 1182 negligens
1676 1111 1855 1182 despe-

271 1208 445 1273 xerit,
485 1205 840 1274 dormieritque
876 1202 1060 1271 aliquis
1098 1219 1214 1256 cum
1252 1203 1342 1257 illa
1378 1204 1512 1256 coitu
1543 1203 1778 1270 seminis,
1811 1215 1857 1257 et

273 1299 480 1353 latuerit
508 1296 680 1351 oculos
709 1295 822 1359 viri,
853 1311 942 1348 nec
971 1294 1108 1347 testis
1132 1294 1282 1363 fuerit
1311 1293 1548 1348 adversus
1575 1293 1738 1361 illam,
1771 1311 1858 1349 nec

269 1391 430 1459 fuerit
471 1389 783 1459 deprehensa
815 1403 834 1441 :
862 1403 924 1440 ac
948 1400 1101 1456 super
1122 1385 1287 1457 ipsum
1315 1385 1516 1457 quidem
1544 1388 1727 1440 venerit
1752 1389 1858 1457 spi-

270 1482 403 1535 ritus
426 1480 709 1550 zelotypus,
734 1479 848 1548 ipsa
872 1493 986 1531 vero
1012 1493 1110 1530 non
1141 1478 1289 1550 fuerit
1314 1480 1650 1531 contaminata
1669 1479 1850 1550 (Nunt.

270 1573 331 1630 5.
363 1573 448 1629 12.
479 1572 590 1642 ll).
632 1572 829 1626 Sensus
859 1571 1050 1625 horum
1081 1569 1361 1625 verborum
1388 1570 1476 1625 hic
1500 1579 1582 1626 est
1612 1589 1624 1626 :
1653 1570 1706 1626 Si
1734 1588 1854 1626 mu-

269 1670 393 1735 lier,
426 1666 617 1738 inquit,
649 1664 909 1720 moecham
937 1663 1115 1728 fuerit,
1143 1673 1197 1720 et
1225 1664 1306 1716 vir
1329 1662 1520 1718 haheat
1542 1664 1684 1718 illam
1705 1664 1854 1719 adul-

274 1761 396 1817 terii
438 1768 737 1829 suspectam
763 1799 778 1824 ,
809 1765 901 1812 aut
942 1772 1048 1812 non
1089 1755 1248 1812 fuerit
1288 1756 1550 1812 mmchata
1574 1799 1588 1824 ,
1634 1758 1728 1814 sed
1767 1759 1853 1815 illc

265 1853 569 1924 suspicetur
595 1870 609 1906 :
632 1859 685 1906 et
711 1851 756 1906 si
785 1865 891 1905 non
929 1849 1090 1904 fuerit
1124 1850 1309 1916 testis,
1347 1865 1446 1904 nec
1485 1860 1667 1906 uterus
1698 1866 1851 1906 coar-

259 1962 440 2016 guens
471 1963 486 1998 :
515 1944 674 1999 Ducet
693 1986 707 2010 ,
737 1944 939 2015 inquit,
967 1943 1112 1998 illam
1138 1943 1207 1998 ad
1230 1946 1574 2013 sacerdotem,
1606 1955 1652 1999 et
1677 1945 1850 2013 offeret

258 2039 460 2092 donum
487 2036 646 2104 illius,
676 2036 1004 2090 hordeaceam
1029 2035 1248 2106 farinam
1276 2033 1476 2107 (Nunt.
1504 2036 1558 2092 5.
1590 2037 1716 2109 15).
1744 2037 1850 2093 Cur

267 2132 351 2184 ita
393 2128 604 2184 tandem
643 2142 749 2182 non
789 2127 1118 2197 siligineam,
1153 2142 1257 2182 non
1287 2126 1545 2183 triticeam
1585 2128 1808 2184 farinam
1831 2173 1846 2196 ,

265 2219 372 2274 sed
403 2219 787 2274 hordeaceam?
812 2218 1071 2287 Quoniam
1098 2219 1151 2274 id
1178 2219 1320 2290 quod
1345 2219 1648 2292 gerebatur,
1679 2222 1848 2280 luctus

257 2321 420 2378 erat,
451 2322 506 2367 et
533 2314 793 2370 incusatio
816 2315 1155 2385 suspicioque
1181 2329 1341 2386 prava
1359 2357 1374 2380 ,
1407 2313 1575 2370 forma
1601 2316 1846 2373 sacrificii

254 2404 610 2460 domesticam
630 2407 982 2462 Calamitatem
1012 2407 1335 2476 imitabatur,
1355 2423 1525 2480 eoque
1545 2409 1702 2467 dicit:
1725 2410 1845 2466 Non

247 2495 491 2562 e/Iundes
529 2513 678 2567 super
718 2497 861 2552 illam
897 2498 1097 2566 oleum,
1141 2515 1300 2570 neque
1339 2500 1563 2571 impones
1601 2499 1680 2555 illi
1708 2501 1841 2557 thus.

252 2585 460 2640 Deinde
497 2587 659 2658 (nam
687 2588 1084 2644 contrahendus
1109 2599 1192 2644 est
1217 2590 1432 2662 sermo)
1459 2591 1672 2646 adducet
1701 2593 1844 2646 illaut

253 2681 510 2735 sacerdos
558 2693 827 2753 sumetque
841 2697 1020 2750 puram
1043 2698 1228 2751 aquam
1253 2683 1305 2736 in
1332 2699 1446 2737 vase
1468 2684 1614 2752 ﬁctili
1635 2730 1650 2751 ,
1683 2696 1727 2739 et
1758 2704 1845 2764 sus

247 2778 360 2821 utet
377 2770 438 2824 de
458 2779 611 2838 terra,
632 2787 745 2841 qua:
762 2781 832 2826 est
847 2772 899 2825 in
926 2773 1225 2841 pavimento,
1248 2785 1594 2846 sumptumque
1613 2778 1843 2849 conjitiet

245 2862 312 2912 in
345 2876 563 2930 aquam,
591 2871 868 2932 statuetque
895 2862 1152 2919 mulierem
1175 2905 1193 2932 ,
1226 2876 1272 2918 et
1301 2866 1557 2935 adjurabit
1587 2869 1727 2922 illaut
1751 2911 1765 2935 ,
1795 2880 1841 2924 et

245 2951 388 3003 dicet
411 2967 430 3002 :
447 2951 494 3004 si
519 2969 618 3006 non
644 2970 695 3008 es
749 2963 1079 3026 transgressa,
1103 2971 1192 3009 nec
1217 2956 1413 3027 polluta
1434 2959 1540 3012 uiro
1567 2968 1672 3023 tuo,
1701 2961 1840 3015 salva

241 3050 362 3093 esto
387 3040 450 3094 ab
477 3058 609 3111 aqua
637 3043 1026 3115 redargutionis.
1075 3044 1222 3110 Quod
1261 3047 1306 3099 si
1345 3057 1653 3118 transgressa
1689 3065 1743 3104 es
1779 3068 1840 3106 ac

242 3133 473 3200 polluta,
493 3143 536 3187 et
557 3135 740 3204 aliquis
762 3145 921 3189 tecum
942 3137 1204 3190 concubuit
1220 3147 1401 3208 prwtcr
1419 3141 1653 3194 maritum
1675 3153 1832 3208 tuum,

242 3226 340 3279 det
359 3224 609 3279 Dominus
636 3236 684 3280 te
704 3227 755 3280 in
776 3229 1162 3286 exsecrationem
1184 3245 1242 3281 ac
1262 3229 1635 3285 detestationem
1659 3232 1710 3285 in
1730 3249 1776 3285 m
1785 3248 1830 3286 e-

236 3317 338 3370 dio
357 3314 535 3386 pepuli
555 3315 661 3386 (Ib.
679 3333 726 3371 υ.
757 3319 844 3372 15.
873 3293 1025 3387 sqq.).
1050 3317 1184 3385 Quid
1213 3327 1313 3385 est,
1338 3319 1389 3373 in
1407 3321 1826 3376 exsecrationem

238 3423 315 3460 ac
343 3407 790 3462 detestationem?
820 3407 886 3463 Ut
916 3409 1124 3476 dicant,
1155 3425 1224 3465 ne
1263 3411 1392 3465 mihi
1427 3411 1661 3477 accidat,
1693 3414 1832 3484 quod

203 3491 209 3496 ’
238 3499 446 3552 accidit
471 3498 547 3552 illi
572 3499 780 3553 mulieri
815 3517 826 3552 :
859 3498 928 3554 Ut
966 3500 1142 3555 reddat
1173 3499 1423 3557 Dominus
1464 3513 1657 3558 uterum
1695 3515 1834 3560 tuum

232 3591 542 3660 diruptam,
575 3600 622 3644 et
663 3592 968 3662 ingredietur
1009 3609 1139 3664 aqua
1178 3604 1468 3662 exsecrata,
1495 3606 1548 3650 ut
1576 3598 1833 3669 dirumpat

237 3691 471 3735 rentrem
499 3692 660 3747 tuum,
686 3692 732 3735 et
759 3683 888 3736 dicet
909 3685 1107 3751 mulier,
1138 3685 1248 3752 ﬁat,
1277 3687 1389 3754 ﬁat.
1420 3686 1488 3740 Et
1507 3689 1620 3753 erit,
1651 3690 1694 3742 si
1721 3694 1832 3761 fue-

232 3776 308 3826 rit
339 3774 558 3842 polluta,
591 3774 896 3844 ingredietur
923 3792 1056 3846 aqua
1080 3776 1476 3848 redargutionis,
1508 3789 1554 3833 et
1581 3779 1832 3852 dirumpet

233 3875 471 3919 ventrem
500 3866 638 3919 illius
662 3907 676 3932 ,
708 3876 753 3920 et
779 3867 874 3922 erit
903 3868 1083 3922 mulier
1110 3870 1445 3925 exsecrabilis.
1481 3871 1631 3938 Quod
1658 3875 1704 3928 si
1729 3891 1830 3930 non

234 3958 404 4027 fuerit
435 3957 628 4026 polluta
654 3958 833 4012 mulier
853 3998 868 4023 ,
897 3959 989 4012 erit
1013 3960 1228 4014 innocua
1246 4003 1261 4028 ,
1290 3971 1336 4015 et
1357 3965 1721 4030 proseminabit
1746 3982 1828 4020 se-

231 4065 358 4102 men
383 4045 542 4118 (1b.).
560 4048 818 4115 Quoniam
843 4050 1000 4121 igitur
1021 4067 1142 4107 cum
1169 4053 1222 4108 in
1239 4055 1593 4124 captivitatem
1614 4055 1827 4114 abducti

230 4149 430 4195 essent
455 4181 470 4205 ,
503 4140 632 4195 nihil
664 4141 851 4196 horum
884 4143 994 4198 fieri
1029 4154 1270 4214 poterat,
1302 4161 1420 4201 cum
1452 4163 1550 4202 nec
1574 4149 1827 4219 templum

225 4242 392 4288 esset
423 4249 522 4288 nec
548 4249 639 4289 ara
661 4277 676 4302 ,
709 4249 808 4290 nec
837 4235 1228 4291 tabernaculum
1256 4237 1514 4293 haberent
1541 4255 1640 4295 nec
1667 4241 1828 4296 ofl'er-

227 4335 437 4380 rentur
463 4326 650 4382 hostia:
679 4345 692 4379 :
723 4327 978 4383 Dominus
1007 4329 1336 4383 comminans
1365 4331 1495 4384 dixit
1520 4349 1532 4383 :
1558 4330 1680 4385 Non
1707 4334 1828 4387 visi-

219 4415 360 4468 mbo
387 4415 524 4484 filias
551 4429 738 4472 vestras
755 4459 769 4483 ,
801 4435 914 4471 cum
937 4431 1167 4488 stuprum
1192 4420 1484 4474 admiserint
1510 4437 1529 4475 :
1554 4439 1641 4476 nec
1668 4440 1826 4478 nurus

218 4517 452 4574 vestras,
476 4525 587 4561 cum
612 4510 870 4564 mwcltata:
894 4512 1077 4580 fuerint
1099 4510 1250 4584 (Osee
1297 4514 1348 4567 4.
1376 4513 1485 4582 ll).

313 4600 371 4654 2.
416 4599 712 4656 Sacerdotes
741 4610 878 4671 apud
901 4602 1110 4658 Judwos
1129 4622 1233 4658 esse
1257 4623 1356 4659 non
1387 4617 1612 4676 possunt.
1635 4639 1706 4648 —
1734 4609 1824 4662 Vi-

212 4694 340 4748 des
375 4693 548 4764 legem
588 4710 618 4748 a
661 4695 778 4749 loco
815 4695 921 4749 vim
961 4695 1196 4752 habere?
1233 4699 1310 4752 Ex
1349 4698 1448 4753 hoc
1487 4701 1822 4769 perspicuum

210 4792 325 4839 est
354 4800 422 4838 ne
460 4785 791 4840 sacerdotem
819 4787 1034 4856 quidem
1063 4802 1182 4843 esse
1211 4803 1366 4857 posse
1385 4831 1399 4854 ,
1432 4805 1553 4846 cum
1581 4791 1718 4846 desit
1746 4793 1824 4846 ci-

208 4876 397 4929 vitas.
431 4875 884 4942 Quemadmodum
929 4879 1070 4934 enim
1104 4879 1218 4934 fieri
1248 4896 1354 4936 non
1391 4890 1600 4950 potest,
1631 4891 1690 4938 ut
1717 4883 1820 4938 lm—

201 4974 456 5036 perator
494 4966 597 5033 sit,
629 4967 672 5021 si
705 4983 808 5023 non
837 4969 906 5023 sit
939 4971 1204 5025 exercitus
1225 5014 1239 5036 ,
1268 4987 1371 5026 non
1411 4973 1650 5028 diadema
1673 5015 1687 5040 ,
1717 4990 1822 5029 non

195 5071 474 5128 purpura
499 5098 514 5123 ,
542 5072 646 5113 non
678 5059 779 5113 alia
819 5075 937 5129 qua:
967 5076 1186 5130 regnum
1221 5063 1548 5118 constituunt
1577 5083 1590 5120 :
1626 5067 1696 5120 ita
1725 5081 1823 5121 nec

187 5147 511 5203 Sacrificus
539 5163 656 5204 esse
681 5158 854 5222 potest
883 5152 1086 5207 sublata
1118 5153 1308 5219 hostia,
1332 5155 1491 5210 vetita
1520 5157 1785 5213 oblatione
1803 5201 1816 5224 ,

189 5239 441 5295 sanctis
462 5243 802 5308 conculcatis,
833 5252 942 5298 toto
967 5259 1142 5300 rerum
1172 5255 1310 5300 statu
1337 5247 1553 5301 abolito.
1581 5248 1710 5304 Nam
1740 5251 1820 5304 his

187 5351 282 5387 re.
299 5329 401 5384 bus
431 5333 709 5387 constabat
737 5335 1112 5389 sacerdotium.
1144 5334 1452 5392 Sufflciebat
1482 5338 1637 5408 igitur
1666 5340 1818 5395 nobis

175 5422 286 5478 ad
329 5422 718 5490 probationem,
743 5435 800 5479 ut
824 5425 950 5490 dixi,
979 5427 1120 5496 quod
1148 5442 1318 5497 neque
1343 5429 1620 5496 sacrificia,
1645 5447 1816 5502 neque

173 5513 662 5570 holocautomata
685 5555 700 5579 ,
733 5531 902 5586 neque
930 5518 1144 5588 reliqua:
1181 5519 1572 5589 purificationes
1592 5563 1607 5589 ,
1643 5539 1814 5594 neque

175 5615 492 5678 pr'u‘lcrca
542 5609 826 5679 quidquam
872 5612 1066 5680 politiae
1116 5613 1352 5668 Judaica:
1393 5615 1681 5670 rediturum
1721 5618 1809 5671 sit.

162 5704 292 5755 Su
305 5709 541 5765 perorat,
560 5710 617 5754 ut
642 5701 1096 5759 demonstraretur
1123 5721 1407 5776 numquam
1443 5706 1556 5763 fore
1589 5717 1645 5762 ιιι
1676 5719 1807 5764 tem-

1489 267 1850 325 ADVERSUS
1887 269 2187 327 JUDA‘JOS.
2232 270 2340 326 Vll.

3440 272 3542 343 eis

1970 381 2110 450 plum
2152 382 2489 440 instauratur.
2531 385 2662 442 Nam
2702 391 2839 446 sicut
2880 393 2970 447 illo
3012 411 3115 450 non
3155 406 3329 455 stante
3368 403 3546 457 omnia

1966 487 2106 527 nunc
2135 483 2255 528 sunt
2285 475 2554 547 abrogata,
2588 489 2642 535 ct
2668 481 2713 536 si
2739 484 2863 553 quid
2890 486 3131 542 videatur
3161 489 3272 546 fieri
3301 535 3316 560 ,
3343 491 3543 550 facinus

1964 571 2046 615 est
2077 563 2331 620 adversus
2361 566 2530 638 legem
2567 588 2577 622 :
2609 571 2679 625 ita
2709 583 2986 644 postquam
3016 577 3434 638 demonstratum
3463 596 3544 641 est

1965 669 2249 724 numquam
2283 657 2394 714 fore
2432 670 2489 713 ut
2531 663 2784 733 templum
2823 666 3004 722 redeat
3032 669 3098 724 ad
3127 671 3408 742 pristinum
3434 687 3543 732 sta-

1966 754 2074 799 tum
2098 788 2112 812 ,
2141 748 2328 803 eadem
2369 765 2527 820 Opera
2562 762 2615 807 et
2653 755 2780 810 illud
2808 755 3225 818 demonstratum
3253 775 3369 833 est,
3399 771 3543 838 quod

1965 851 2136 906 neque
2167 841 2346 895 creteri
2377 843 2507 900 ritus
2534 855 2585 900 et
2615 849 2787 904 cultus
2815 850 2881 905 ad
2910 853 3187 922 pristinum
3216 866 3411 915 statum
3437 863 3543 918 sint

1963 929 2222 999 redituri,
2263 948 2369 988 non
2409 938 2659 994 sacerdos
2695 940 2902 998 futurus
2939 947 3237 1018 quispiam,
3279 967 3384 1007 non
3425 971 3537 1011 rex.

1962 1017 2175 1077 Etenim
2215 1024 2259 1078 si
2300 1041 2405 1082 non
2443 1029 2637 1086 licebat
2677 1035 2842 1090 cuivis
2870 1051 2935 1092 ex
2967 1038 3199 1108 ipsorum
3229 1048 3542 1116 cognatione

1961 1115 2202 1180 quamvis
2237 1116 2449 1187 plebeio
2471 1161 2487 1188 ,
2530 1123 2730 1180 servire
2762 1125 3072 1198 alienigenis
3097 1172 3113 1198 ,
3159 1115 3327 1188 multo
3373 1139 3542 1210 magis

1961 1200 2040 1257 fas
2070 1218 2176 1258 non
2200 1216 2312 1262 erat
2339 1209 2509 1279 ipsum
2550 1229 2728 1284 regem
2757 1217 3066 1289 alienigenis
3091 1223 3299 1294 subjici.
3342 1226 3540 1284 Verum

1959 1296 2207 1363 quoniam
2244 1299 2329 1355 hic
2363 1304 2730 1361 contendimus
2764 1323 3124 1382 conamurque
3157 1330 3262 1370 non
3297 1328 3535 1389 tantum,

1961 1394 2015 1438 ut
2045 1386 2148 1442 illis
2179 1389 2486 1449 obturemus
2513 1410 2592 1462 os,
2621 1412 2804 1454 verum
2831 1403 2990 1458 etiam
3019 1414 3074 1460 ut
3101 1416 3329 1462 vestram
3354 1413 3537 1467 carita~

1961 1482 2067 1531 tem
2095 1481 2399 1538 erudiamus
2429 1502 2442 1539 :
2471 1502 2567 1557 age
2595 1487 2694 1542 hoc
2718 1489 2889 1560 ipsum
2917 1494 3128 1552 aliunde
3152 1498 3541 1558 demonstrabi-

1963 1582 2101 1635 mus,
2130 1570 2373 1628 videlicet
2401 1577 2540 1645 quod
2569 1579 2670 1633 illis
2696 1590 2748 1635 et
2775 1583 3151 1642 sacriﬁciorum
3177 1599 3229 1643 et
3253 1592 3536 1648 sacerdotii

1959 1657 2076 1712 finis
2098 1663 2184 1725 sit,
2212 1665 2345 1721 adeo
2372 1663 2428 1722 ut
2453 1685 2740 1742 numquam
2759 1677 2986 1746 amplius
3011 1680 3078 1734 ad
3110 1682 3381 1750 pristinam
3408 1700 3534 1740 con-

1956 1754 2290 1810 suetudinem
2323 1758 2435 1814 htec
2463 1762 2570 1816 sint
2596 1765 2848 1821 reditura.
2882 1770 3011 1835 Quis
3041 1773 3197 1843 igitur
3227 1775 3341 1831 hare
3365 1777 3536 1832 dicit?

1955 1843 2313 1904 Admirandus
2333 1849 2423 1907 ille
2442 1868 2503 1908 ac
2524 1870 2745 1926 magnus
2768 1860 3020 1930 propheta
3043 1864 3226 1922 David.
3250 1869 3536 1926 Declarans

1955 1933 2099 1988 enim
2144 1936 2271 1992 illud
2312 1943 2691 2000 sacrificiorum
2735 1965 2900 2018 genus
2939 1968 3057 2009 esse
3096 1957 3450 2028 ejiciendum,
3481 1974 3536 2018 et

1953 2025 2097 2080 aliud
2139 2029 2530 2098 inducendum,
2559 2037 2790 2108 loquitur
2825 2043 2875 2096 in
2907 2043 3049 2100 hunc
3076 2049 3337 2105 modum:
3368 2025 3535 2108 Multa

1951 2116 2436 2188 fecistitu,Domine
2461 2126 2600 2184 Deus
2612 2145 2774 2200 meus,
2792 2135 3041 2189 mirabilia
3071 2148 3175 2207 tua,
3203 2154 3248 2195 et
3276 2145 3534 2214 cogitatio-

1952 2209 2097 2264 nibus
2126 2214 2226 2267 tuis
2251 2231 2351 2270 non
2378 2228 2449 2272 est
2475 2221 2560 2291 qui
2583 2223 2759 2277 similis
2782 2226 2846 2279 sit
2872 2228 2959 2281 tibi
2985 2245 3004 2282 :
3029 2234 3322 2287 annuntiavi
3337 2276 3351 2300 ,
3382 2248 3430 2291 et
3456 2239 3533 2293 lo-

1951 2313 2134 2367 quutus
2153 2321 2265 2359 sum
2287 2306 2505 2377 (Psalm.
2529 2311 2617 2367 39.
2645 2313 2719 2384 6).
2747 2315 2879 2372 Vide
2900 2323 3171 2390 propheta:
3194 2328 3529 2395 sapientiam.

1951 2390 2051 2447 Ubi
2068 2392 2306 2462 dixisset,
2324 2397 2489 2454 Multa
2505 2403 2668 2471 fecisti
2691 2415 2769 2474 tu,
2797 2407 3010 2483 Domine
3037 2412 3171 2469 Deus
3189 2390 3346 2484 meus,
3375 2423 3530 2475 mira-

1948 2481 2069 2536 bilia
2097 2493 2203 2552 tua,
2232 2491 2557 2558 stupefactus
2583 2482 2934 2556 admiratione
2959 2504 3122 2560 divini
3150 2481 3367 2576 Opificii,
3397 2513 3528 2569 nihil

1948 2572 2013 2628 de
2034 2576 2336 2634 conditione
2359 2597 2535 2638 rerum
2558 2587 2709 2643 nobis
2733 2593 3161 2666 conSpicuarum,
3182 2601 3319 2669 cadi,
3346 2613 3524 2669 terrae,

1947 2666 2143 2735 maris,
2173 2679 2226 2724 et
2250 2685 2400 2741 aqua:
2420 2715 2435 2742 ,
2463 2685 2518 2730 et
2543 2677 2676 2747 ignis
2696 2721 2709 2744 ,
2742 2697 2846 2735 non
2878 2683 2946 2739 de
2971 2691 3247 2758 stupendis
3274 2666 3376 2748 illis
3404 2666 3526 2764 pro;

1949 2754 2123 2826 digiis,
2147 2775 2264 2830 quae
2290 2764 2595 2822 acciderunt
2621 2769 2670 2822 in
2699 2771 2950 2844 Egypto,
2976 2754 3080 2832 non
3104 2779 3170 2836 de
3195 2754 3526 2840 caneris-hn-

1941 2845 2175 2916 jusmodi
2223 2853 2493 2909 miraculis
2521 2858 2572 2923 ¹,
2603 2860 2695 2914 sed
2737 2878 2858 2932 qure
2899 2866 3026 2921 dicit
3068 2885 3187 2925 csse
3230 2875 3526 2933 miracula?

1946 2937 2270 3007 Sacriﬁcium
2307 2954 2355 2996 et
2393 2945 2692 3003 oblationem
2733 2955 2938 3008 noluisti
2977 2957 3100 3027 (Ib.
3131 2977 3178 3015 υ.
3211 2964 3306 3033 7).
3348 2967 3482 3034 Quid
3507 3011 3523 3037 ,

1945 3031 2187 3099 obsecro,
2211 3035 2341 3089 dicis
2359 3038 2384 3090 .9
2406 3041 2483 3092 An
2510 3041 2636 3094 illud
2661 3046 2975 3114 stupendum
2998 3061 3079 3105 est
3104 3068 3166 3108 ac
3189 3056 3524 3114 mirandum?

1941 3120 2282 3194 Nequaquam
2308 3168 2322 3193 ,
2371 3128 2571 3199 inquit;
2609 3148 2712 3187 non
2742 3137 2882 3190 enim
2913 3141 3010 3194 hoc
3038 3143 3205 3197 solum
3237 3147 3396 3214 vidit,
3428 3154 3522 3207 sed

1942 3213 2143 3269 ett-litus
2174 3216 2394 3272 edoctus
2423 3223 2780 3292 prospiciebat
2818 3230 2986 3284 oculis
3025 3235 3347 3303 propheticis
3377 3213 3520 3295 futu-

1943 3319 2060 3358 rum
2092 3314 2148 3359 ut
2186 3318 2369 3376 gentes
2407 3311 2828 3382 adducerentur,
2861 3328 2916 3373 et
2953 3325 3219 3390 quomodo
3255 3329 3341 3396 qui
3376 3331 3521 3400 prius

1941 3406 2095 3450 erant
2130 3398 2325 3455 addicti
2365 3401 2504 3470 diis,
2543 3405 2896 3480 eolebantque
2935 3411 3170 3483 lapides,
3214 3398 3520 3479 miseriores

1939 3487 2070 3556 ipsis
2115 3491 2281 3546 brutis
2323 3505 2540 3562 repente
2581 3499 2751 3553 visum
2796 3504 3130 3573 reciperent,
3175 3513 3520 3586 omniumque

1941 3579 2221 3635 Dominum
2249 3597 2632 3654 agnoscerent,
2663 3605 2724 3644 ac
2761 3593 2948 3655 relicto
2979 3597 3186 3667 impuro
3214 3602 3516 3662 daemonum

1940 3673 2084 3727 cultu
2112 3689 2243 3744 pure
2263 3676 2499 3748 citraque
2518 3683 2824 3750 sanguinem
2849 3686 3013 3741 Deum
3039 3693 3294 3748 colerent.
3323 3695 3516 3753 Simul-

1939 3776 2042 3831 que
2081 3763 2398 3835 intelligens,
2439 3769 2580 3838 quod
2621 3787 2725 3826 non
2772 3774 2844 3828 illi
2885 3777 3077 3845 solum,
3114 3782 3206 3835 sed
3253 3795 3301 3839 ct
3344 3787 3512 3845 Judaei

1938 3852 2290 3923 simpliciores
2310 3857 2492 3913 relicta
2519 3859 2834 3930 hostiarum,
2855 3865 3357 3943 holocautomatum,
3379 3881 3512 3936 alio-

1937 3959 2159 4016 rumque
2188 3951 2541 4019 corporalium
2569 3955 2762 4012 rituum
2791 3959 3159 4020 observatione
3184 3968 3248 4021 ad
3275 3980 3510 4030 nostram

1937 4045 1991 4091 et
2010 4038 2107 4108 ipsi
2130 4041 2516 4113 philosophiam
2542 4047 2950 4120 adducerentur,
2977 4056 3237 4129 simulque
3257 4075 3510 4132 reputans

1937 4129 2256 4186 ineffabilem
2287 4133 2381 4189 Dei
2407 4150 2532 4206 erga
2556 4153 2723 4208 genus
2753 4143 3039 4198 humanum
3069 4149 3362 4219 caritatem,
3391 4170 3509 4224 qua:

1934 4231 2150 4290 superat
2175 4239 2386 4280 omnem
2416 4227 2734 4285 intellectum
2759 4275 2773 4299 ,
2806 4243 2862 4287 et
2883 4238 3133 4292 attonitus
3159 4241 3509 4302 admiratione

1933 4320 2093 4366 tanta:
2133 4316 2442 4371 mutationis
2480 4318 2668 4375 futura:
2692 4363 2706 4387 ,
2747 4335 2801 4377 ct
2842 4340 2998 4394 quam
3057 4331 3366 4388 mirabiliter
3407 4336 3506 4395 ista

1936 4403 2076 4457 Deus
2103 4405 2154 4458 in
2179 4405 2338 4460 alium
2364 4409 2603 4464 ordinem
2631 4413 2979 4470 translaturus
3001 4432 3161 4486 esset,
3185 4430 3238 4476 ct
3266 4423 3510 4483 homines

1933 4510 1998 4549 ex
2025 4496 2354 4553 (Ιιεηιοιιὶὺυε
2378 4500 2612 4556 facturus
2639 4506 2855 4574 angelos
2874 4547 2890 4572 ,
2922 4523 2984 4562 ac
3011 4510 3129 4564 vitae
3153 4527 3321 4582 genus
3350 4517 3509 4572 indu-

1847 4600 1850 4603 ·
1930 4594 2112 4641 cturus
2138 4589 2284 4642 caelis
2311 4589 2548 4660 dignum.

2005 4679 2324 4748 Sacriﬁcium
2377 4701 2466 4752 per
2491 4701 2674 4756 corpus
2700 4687 2904 4748 Christi.
2936 4723 3004 4733 ——
3025 4694 3156 4751 Tum
3196 4699 3337 4769 quod
3390 4702 3504 4758 hrc

1930 4772 2106 4826 omnia
2153 4783 2333 4829 essent
2379 4775 2554 4832 futura
2582 4789 2761 4837 vetere
2811 4786 3071 4842 sacrificio
3097 4790 3316 4856 abolito,
3347 4806 3402 4849 et
3425 4797 3504 4851 al-

1933 4871 2046 4918 tero
2086 4865 2136 4918 in
2177 4866 2319 4922 illius
2371 4869 2544 4924 locum
2569 4871 2729 4928 ducto
2773 4891 2869 4945 per
2911 4894 3103 4950 corpus
3126 4880 3368 4937 Christi:
3400 4884 3499 4938 ad-

1930 4956 2151 5010 miratus
2179 4967 2356 5013 autem
2389 4976 2451 5014 ac
2489 4964 2816 5032 stupefactus
2842 4966 3048 5024 dicebat
3080 4990 3092 5025 :
3130 4973 3297 5028 Multa
3347 4989 3400 5031 tu
3429 4981 3504 5047 fe-

1927 5047 2038 5100 cisti
2071 5047 2210 5103 Deus
2237 5052 2488 5105 mirabilia
2514 5065 2620 5107 tua.
2647 5056 2714 5109 Et
2761 5058 2899 5126 quod
2930 5075 2993 5113 ex
3038 5077 3260 5130 persona
3307 5068 3502 5126 Christi

1930 5149 2094 5196 totum
2125 5142 2225 5197 hoc
2255 5145 2558 5200 vaticinium
2607 5147 2833 5203 ediderit
2882 5151 3079 5207 docens
3101 5196 3115 5219 ,
3173 5173 3294 5211 cum
3327 5160 3500 5216 dixis-

1926 5243 2043 5287 set:
2096 5232 2422 5303 Sacri/icium
2480 5247 2527 5290 ct
2573 5239 2873 5304 oblationem
2931 5246 3137 5300 noluisti
3163 5287 3179 5312 ,
3227 5251 3496 5322 subjecit,

1921 5322 2115 5394 Corpus
2161 5337 2330 5381 autem
2373 5329 2627 5399 adaptasti
2677 5332 2835 5397 mihi;
2879 5336 2946 5391 de
3000 5354 3225 5408 corpore
3281 5344 3500 5415 loquens

1919 5415 2184 5470 dominico
2217 5456 2232 5481 ,
2277 5420 2544 5474 communi
2586 5435 2683 5490 pro
2725 5431 2835 5478 toto
2873 5427 3003 5482 orbe
3036 5430 3327 5497 sacriﬁcio,
3360 5439 3500 5504 quod

1928 5516 2141 5561 nostras
2167 5509 2468 5576 purificavit
2493 5512 2697 5565 animas
2720 5555 2734 5578 ,
2767 5525 2982 5585 peccata
3007 5519 3250 5578 dissolvit
3288 5526 3328 5590 ’,
3359 5543 3496 5581 tuorb

1979 5597 2150 5675 trahi:
2180 5599 2424 5675 .utrpcttlis
2444 5603 2573 5675 {sed
2593 5615 2702 5675 qua:
2725 5605 3024 5660 mirabiliora
3053 5619 3184 5675 sunt;
3204 5613 3293 5665 illa
3315 5615 3494 5675 dicens,

1914 5658 2052 5723 addit
2071 5671 2092 5723 _:
2118 5659 2414 5723 Sacri/ictum
2431 5658 2477 5712 ct
2499 5658 2798 5720 oblttlionem.
2825 5679 2917 5718 etc.

1979 5722 1998 5751 ί
2034 5721 2217 5785 Aliquot
2237 5721 2370 5773 viss:
2400 5733 2451 5774 et
2473 5731 2666 5788 peccata
2683 5729 2850 5779 induit.
