3990 6198
516 314 617 370 919

515 441 621 485 teni
664 418 954 483 exstinxit,
1008 412 1167 468 caelos
1213 406 1456 478 aperuit,
1493 401 1816 469 multamque
1862 410 1925 449 ac
1971 406 2086 447 ma-

515 533 673 591 gnam
714 526 863 585 spem
908 506 1063 564 nobis
1115 499 1390 565 ostendit,
1427 503 1726 561 creteraque
1774 483 2095 558 praeparavit

518 608 719 674 nuntia,
778 616 899 673 quae
924 595 1140 670 quidem
1188 598 1243 646 et
1281 588 1474 645 Paulus
1517 582 1702 637 videns
1744 574 2091 657 exclamavit.

518 649 719 674 ..........,
781 649 897 673 γ-
927 649 1077 670 γη-

515 702 701 760 dicens
730 715 744 752 :
777 694 821 750 0
857 686 1074 745 altitudo
1116 682 1410 739 divitiarum
1436 685 1481 732 et
1518 671 1782 745 sapientia:
1805 678 1851 723 et
1878 649 2099 719 scientia:

517 792 639 850 Dei!
657 803 809 860 quam
828 778 1173 839 inscrutabilia
1193 782 1307 830 sunt
1318 768 1517 844 judicia
1529 768 1713 838 ejus,et
1730 754 2097 827 investigabiles

769 870 945 944 (llam.
966 865 1024 919 11
1042 903 1054 916 .
1078 862 1167 932 55)
1195 860 1209 914 l
1239 840 1362 912 litec
1386 855 1543 924 igitur
1558 847 1734 905 omnia
1767 840 2101 917 prospiciens

517 967 727 1026 dicebat
755 933 789 1019 ε’
810 960 977 1017 Multa
1012 956 1173 1028 fecisti
1217 963 1291 1019 tu,
1324 948 1538 1004 Domine
1576 943 1713 997 Deus
1752 952 1915 1002 meus,
1942 933 2102 988 mira-

521 1065 641 1119 bilia
667 1071 775 1115 tua.
824 1052 1024 1111 Deinde
1063 1064 1184 1107 cum
1222 1062 1287 1102 ex
1341 1054 1566 1114 persona
1592 1032 1789 1091 Christi
1829 1028 2051 1084 dixisset
2082 1041 2097 1079 :

525 1152 950 1211 Holocautomata
976 1153 1023 1199 et
1040 1157 1131 1213 pro
1164 1144 1366 1209 peccato
1392 1149 1493 1188 non
1520 1124 1763 1201 probasti,
1800 1116 2099 1191 subjunxit:

521 1209 665 1302 Tunc
688 1244 816 1311 dixi,
847 1255 959 1297 ecce
982 1209 1123 1292 venio
1154 1231 1322 1305 (Psal.
1347 1227 1435 1283 39.
1464 1226 1517 1280 7.
1545 1220 1623 1294 8).
1652 1218 1831 1282 Tunc;
1856 1209 2104 1284 quando?

524 1340 657 1395 Cum
682 1331 1012 1408 perfectioris
1041 1303 1297 1384 doctrina:
1328 1329 1538 1389 tempus
1559 1324 1659 1371 est.
1691 1311 1824 1368 Nam
1864 1303 2108 1376 imperfe-

524 1433 689 1490 ctiora
727 1445 756 1483 a
788 1424 956 1482 servis
984 1422 1099 1492 ejus
1136 1423 1289 1474 erant
1314 1409 1562 1469 discenda
1587 1447 1606 1475 ,
1643 1399 1950 1461 sublimiora
1976 1407 2108 1450 vero

525 1535 580 1581 et
636 1523 927 1583 humanam
995 1508 1299 1584 superantia
1366 1512 1643 1563 naturain,
1693 1494 1760 1549 ab
1818 1492 1932 1561 ipso
1977 1484 2109 1557 legis

529 1629 767 1675 auctore.
794 1612 918 1668 ideo
943 1620 998 1665 et
1026 1578 1221 1663 Paulus
1247 1599 1457 1657 dicebat
1489 1612 1501 1648 :
1535 1586 1874 1659 Multifnriam
1911 1578 2111 1635 multis-

530 1728 625 1783 que
673 1706 836 1763 modis
892 1702 1015 1757 olim
1070 1696 1211 1752 Deus
1267 1693 1503 1762 loquutus
1555 1679 1778 1755 patribus
1828 1671 2009 1728 nostris
2058 1669 2112 1722 in

1326 1782 1332 1783 '
1374 1780 1383 1783 ‘
1506 1775 1516 1783 ‘
1661 1781 1669 1783 λ
1835 1774 1848 1783 ι
1894 1779 1920 1783 η
1941 1760 2030 1783 ‘LE-
2060 1758 2111 1783 2..

532 1758 788 1875 ένοῃιιειὶε
816 1812 835 1850 :
858 1790 1092 1849 extremis
1121 1786 1255 1840 hisce
1283 1758 1455 1835 diebus
1499 1775 1735 1844 loquutus
1776 1774 1848 1821 est
1891 1760 2031 1816 nobis
2059 1758 2113 1812 in

532 1896 672 1951 Filio
695 1934 711 1959 ,
765 1904 911 1960 quem
966 1881 1221 1939 constituit
1257 1871 1488 1930 heredem
1517 1863 1740 1921 onmium
1767 1901 1783 1925 ,
1842 1872 1932 1924 per
1968 1866 2114 1925 quem

533 1949 650 2060 iecit
692 1949 739 2042 et
775 1949 960 2040 siccata
991 1975 1173 2047 (Hebr.
1206 1972 1257 2026 1.
1305 1969 1357 2023 1.
1396 1963 1477 2031 2).
1508 1961 1583 2016 Ac
1609 1966 1795 2012 rursus
1834 1949 2069 2060 Joannes
2094 1959 2116 1996 ς

534 2035 647 2137 [Lex
675 2093 762 2150 per
807 2035 1009 2128 Moschi
1034 2067 1157 2122 data
1197 2070 1304 2126 est,
1333 2054 1498 2130 gratia
1541 2061 1587 2105 et
1613 2047 1797 2102 veritas
1826 2056 1914 2113 per
1937 2035 2115 2092 Iesum

538 2135 795 2230 Christum
825 2167 963 2237 [acta
989 2169 1060 2217 est
1090 2156 1267 2230 (Joan.
1297 2154 1351 2207 1.
1383 2144 1493 2220 17).
1524 2145 1705 2214 Itaque
1755 2135 1871 2190 lucc
1911 2140 2122 2237 summa

538 2264 672 2335 legis
712 2220 837 2317 laus
869 2267 985 2322 est,
1024 2220 1167 2324 qubd
1194 2262 1256 2305 ea
1309 2250 1552 2300 naturam
1593 2234 1878 2289 humanam
1919 2227 1997 2283 illi
2026 2220 2121 2276 do-

539 2356 672 2413 ctori
700 2347 1037 2425 praeparavit.
1068 2339 1266 2400 Deinde
1294 2352 1359 2392 ne
1388 2341 1604 2406 putares
1629 2326 1771 2382 hunc
1788 2334 1907 2377 esse
1933 2327 2125 2370 recen-

541 2458 649 2505 tem
695 2408 902 2507 Deum,
945 2446 1039 2495 aut
1099 2430 1297 2504 aliquid
1343 2439 1512 2496 nuper
1560 2422 1832 2476 inventum
1890 2408 2121 2470 all‘erre,

696 2500 835 2607 quid
864 2500 995 2587 dicit
1025 2546 1039 2583 :
1072 2525 1146 2580 ln‘
1162 2500 1325 2592 capite
1373 2516 1487 2572 libri
1533 2511 1777 2580 scriptum
1827 2512 1898 2558 est
1947 2500 2009 2552 de
2046 2511 2126 2550 me

547 2590 845 2704 ξρξᾷιῖδθ.
876 2622 958 2693 8).
982 2620 1100 2676 iam
1137 2590 1264 2671 oliui
1307 2623 1483 2665 meum
1536 2603 1825 2658 adventum
1863 2590 2127 2662 prmdixe-

549 2679 673 2780 iunt
721 2716 1035 2791 prophetat,
1071 2716 1126 2764 et
1172 2707 1228 2761 in
1255 2702 1405 2758 initio
1438 2698 1696 2752 librorum
1743 2702 1876 2744 mea:
1938 2679 2131 2739 divini-

551 2817 675 2873 tatis
719 2807 1077 2881 cognitionem
1120 2801 1293 2856 obiter
1338 2788 1642 2849 hominibus
1669 2775 2055 2853 aperncrunt‘.

621 2864 881 2973 illaque
933 2911 1053 2954 cum
1086 2894 1228 2949 Deus
1279 2887 1410 2944 dicit
1454 2882 1606 2938 initio
1653 2872 1851 2933 conditi
1899 2864 2126 2924 mundi:

555 2999 828 3057 Faciamus
858 2990 1107 3046 hominem
1136 2982 1204 3037 ad
1254 2975 1654 3036 similitudinem
1706 2973 1929 3020 nostram
1978 2956 2126 3030 (Gen.

557 3098 610 3152 1.
654 3091 767 3163 26),
797 3082 1127 3157 mnigmatice
1152 3075 1305 3131 nobis
1344 3067 1460 3124 Filii
1486 3062 1815 3120 divinitatem
1845 3054 2033 3125 aperit,
2065 3049 2130 3102 ad

557 3143 1000 3260 quemlloquitiir.
1032 3174 1161 3227 Post
1188 3167 1304 3221 lucc
1337 3159 1615 3216 declarans
1650 3153 1786 3205 hanc
1824 3148 1945 3201 vita:
1972 3143 2131 3197 ratio-

1182 3259 1185 3260 ⁷
1439 3251 1449 3260 ⁹
1670 3241 1723 3260 ἀι
1770 3239 1871 3260 1--ι-
1924 3246 2131 3260 nutu...”

561 3239 685 3336 :iem
716 3239 835 3331 non.
867 3284 987 3326 esse
1031 3259 1192 3335 priori
1222 3251 1541 3311 contrariam
1572 3287 1589 3312 ,
1632 3241 1726 3299 sed
1770 3239 1873 3293 hoc
1921 3246 2133 3304 quoque

1206 295 1273 381 IS.
1315 288 1591 350 JOANNIS
1627 278 2102 342 CIIRYSOSTORH

2229 276 2459 335 (cruce.
2482 276 3032 348 consummes.

2188 391 2312 463 (qui
2359 405 2588 461 namque
2617 389 2721 445 hoc
2749 389 3030 445 conveniat
3055 388 3104 445 in
3135 405 3248 446 eum
3273 432 3286 457 ,
3310 393 3387 463 qui
3422 399 3685 473 earumque;

3590 292 3674 349 920

2200 483 2398 552 quique
2435 491 2624 536 cuncta
2666 480 2966 552 complet)?
3003 480 3096 536 sed
3136 497 3227 553 per
3252 498 3442 539 carnem
3470 489 3591 543 nobis
3626 491 3685 545 la-

2204 584 2321 627 ctus
2350 583 2433 628 est
2470 575 2810 644 conSpicuus.
2859 573 3123 630 Caeterum
3166 575 3397 644 quoniam
3422 593 3515 632 non
3557 582 3692 638 solum

2205 666 2461 721 adversus
2509 666 2725 723 iudicas
2772 677 2855 722 est
2889 666 3058 722 nobis
3120 681 3322 738 pugna,
3370 685 3528 724 verum
3569 674 3693 730 etiam

2205 757 2461 858 adversus
2488 757 2755 824 Gentiles,
2787 774 2849 814 ac
2874 759 3070 814 multos
3091 759 3360 815 haereticos
3383 778 3396 815 :
3422 777 3508 832 age
3529 765 3698 834 profun-

2207 847 2411 903 diorem
2442 865 2659 905 sensum
2687 849 2971 920 quemdam
3002 849 3085 904 hic
3104 850 3247 905 vobis
3270 852 3567 921 aperiamus,
3592 871 3700 925 qua-

2200 956 2496 1011 lrainusque
2536 942 2659 1013 quid
2704 942 2918 998 tandem
2968 942 3069 998 sibi
3118 942 3271 1007 velit,
3307 943 3437 1014 quod
3462 959 3565 999 eum
3595 947 3702 1002 Pau-

2200 1031 2293 1105 llus
2320 1035 2727 1090 innumerabilia
2770 1035 2984 1091 haberet
3016 1035 3306 1090 testimonia
3328 1077 3342 1101 ,
3371 1053 3479 1106 quae
3511 1039 3705 1095 docerent

2211 1137 2424 1180 cessare
2465 1126 2632 1195 legem
2676 1135 2989 1196 veteresque
3040 1125 3212 1192 ritus,
3265 1126 3408 1196 hujus
3464 1130 3704 1185 meminit:

2214 1232 2389 1320 neque
2450 1218 2592 1273 enim
2643 1225 2848 1274 temere
2900 1233 3074 1288 neque
3128 1216 3338 1273 fortuito
3382 1218 3429 1274 id
3472 1218 3602 1288 fecit,
3642 1222 3708 1277 scd

2217 1308 2427 1363 ratione
2478 1324 2542 1365 ac
2583 1309 2843 1379 sapientia
2886 1308 3114 1379 quadam
3145 1308 3411 1365 ineffabili.
3436 1309 3566 1378 Quod
3605 1311 3710 1365 enim

2214 1400 2319 1454 alia
2358 1416 2567 1473 quoque
2611 1401 2857 1458 habuerit
2885 1402 3187 1457 testimonia
3212 1443 3227 1470 ,
3257 1411 3361 1455 tum
3402 1403 3610 1473 majora,
3634 1412 3711 1459 tum

2218 1494 2620 1553 vehementiora
2650 1537 2666 1560 ,
2693 1496 2738 1550 si
2781 1495 3036 1550 voluisset
3068 1494 3331 1550 adducere
3351 1536 3368 1563 ,
3396 1511 3559 1551 omnes
3589 1496 3710 1551 confi-

2219 1587 2493 1641 teinmtur.
2541 1586 2703 1641 Isaias
2731 1586 2873 1642 enim
2917 1586 2991 1640 ait
3018 1587 3034 1618 ¹
3073 1604 3088 1641 :
3140 1585 3259 1640 Non
3298 1596 3368 1640 est
3406 1587 3515 1640 mihi
3546 1588 3718 1642 volutum

2220 1676 2275 1730 in
2320 1678 2489 1742 vobis,
2537 1676 2716 1749 plenus
2771 1694 2883 1731 sum
2900 1676 3410 1739 orholocautomatibus
3451 1676 3658 1742 arietum;
3684 1685 3719 1731 α

2218 1772 2424 1842 adipem
2479 1788 2727 1843 agnorunt
2768 1781 2815 1825 et
2866 1770 3167 1841 sanguinem
3218 1778 3474 1823 taurorum
3514 1778 3553 1823 et
3604 1769 3726 1821 hirco.

2216 1879 2340 1916 mm
2378 1863 2496 1916 nolo
2525 1903 2541 1928 ,
2592 1879 2751 1933 neque
2791 1862 2836 1916 si
2880 1863 3117 1914 veneritis
3160 1860 3213 1913 in
3257 1868 3553 1931 conspectuin
3587 1876 3724 1912 tttcu'tl.

2198 1954 2358 2021 .Quis
2386 1956 2520 2009 enim
2551 1953 2814 2026 acquisivit
2839 1953 2946 2007 hac
2986 1952 3048 2007 de
3077 1950 3311 2006 manibus
3345 1950 3541 2007 vestris?
3563 1949 3611 2003 Si
3628 1949 3732 2003 obtu-

2216 2047 2389 2102 leritis
2430 2048 2556 2102 mihi
2604 2047 2975 2117 similaginem,
3022 2047 3223 2117 frustra
3274 2042 3503 2114 facietis:
3539 2042 3730 2095 incensum

2220 2137 2542 2194 abominatio
2570 2138 2694 2191 mihi
2713 2148 2793 2195 est
2821 2135 2972 2206 (Isai.
3007 2134 3059 2189 1.
3095 2134 3301 2205 11-15).
3333 2132 3400 2189 Et
3424 2131 3536 2188 alibi
3560 2146 3733 2186 rursum:

2228 2227 2358 2283 Non
2407 2246 2539 2282 nunc
2574 2228 2814 2282 advocavi
2862 2225 3118 2289 tc,Jacob
3141 2266 3156 2292 ,
3189 2241 3346 2295 neque
3393 2222 3632 2278 molestiam
3674 2220 3735 2273 tibi

2229 2320 2459 2384 exhibui,
2478 2318 2645 2374 Israel
2669 2360 2683 2386 ,
2714 2335 2814 2373 non
2841 2317 3143 2389 glori/iecisti
3175 2333 3253 2368 me
3270 2315 3323 2368 in
3352 2313 3605 2382 sacriﬁciis,
3626 2326 3739 2381 neque

2227 2410 2450 2467 serviisti
2474 2412 2598 2465 mihi
2628 2411 2678 2464 in
2723 2410 2869 2464 donis
2892 2409 3019 2473 tuis;
3060 2424 3224 2479 neque
3263 2407 3350 2460 tibi
3384 2406 3593 2460 molestus
3626 2405 3685 2475 fni
3706 2404 3741 2455 is

2231 2509 2420 2575 thure,
2469 2522 2627 2576 neque
2663 2505 2856 2578 parasti
2894 2503 3021 2558 mihi
3068 2511 3285 2573 argento
3329 2500 3533 2570 sumtum
3559 2496 3647 2571 (id.
3680 2496 3744 2548 l5.

2224 2601 2316 2657 22.
2340 2573 2448 2671 ‘23)
2475 2615 2491 2653 :
2515 2573 2775 2654 J—eremias
2799 2601 2977 2649 autem
3010 2608 3025 2645 :
3056 2588 3143 2643 Ad
3158 2587 3283 2659 quid
3313 2584 3431 2638 mihi
3468 2580 3567 2633 thus
3594 2593 3617 2630 ε
3639 2573 3743 2629 Saba

2227 2692 2403 2762 o/Iers,
2429 2669 2494 2743 iet
2512 2690 2899 2747 cinnamomum
2919 2690 2964 2735 et
2988 2690 3128 2734 terra
3162 2673 3473 2748 longinqua?
3497 2669 3745 2724 Ilolocauto-

2229 2758 2370 2839 mata
2394 2791 2557 2837 vestra
2594 2792 2697 2830 non
2714 2775 3085 2828 delectaverunt
3135 2785 3217 2822 me
3252 2767 3470 2840 (Jerem.
3499 2760 3547 2816 6.
3568 2758 3671 2827 20).
3692 2758 3748 2810 Ac

2229 2898 2444 2944 rursus,
2478 2875 2907 2931 Holocautomata
2927 2878 3101 2922 vestra
3124 2880 3242 2920 una
3264 2876 3379 2916 cum
3417 2858 3601 2925 reliquis
3631 2851 3751 2908 sacri-

2231 2979 2361 3048 ficiis
2399 2975 2571 3028 vestris
2620 2968 2873 3037 colligite,
2917 2973 2964 3020 et
3003 2959 3258 3016 comedite
3302 2972 3472 3012 carnes
3525 2949 3673 3024 (Idem
3712 2945 3751 2999 7.

2230 3045 2294 3128 2!
2312 3071 2352 3144 ).
2383 3071 2450 3126 Et
2472 3068 2605 3122 alius
2624 3065 2841 3133 insuper
2869 3055 3261 3129 prophetarum
3316 3052 3392 3105 sic
3440 3050 3509 3103 ait
3537 3064 3551 3101 :
3580 3045 3705 3115 Aufer
3730 3057 3756 3094 s

2231 3183 2310 3221 me
2345 3163 2602 3232 strepitum
2641 3155 2927 3211 cantionum
2958 3162 3193 3214 tuarum,
3234 3155 3281 3201 et
3329 3144 3565 3214 psalmum
3598 3151 3761 3207 organo-

2227 3271 2340 3312 rum
2370 3227 2571 3309 tuorum
2605 3267 2705 3306 non
2731 3248 2940 3303 audiam
2964 3244 3161 3313 (Amos
3191 3244 3249 3299 5.
3280 3239 3405 3305 25).
3426 3237 3612 3292 Rursus
3634 3227 3758 3292 alibi,

562 3369 797 3425 voluisse
824 3364 989 3417 Deum
1014 3398 1028 3422 ,
1072 3364 1130 3407 ut
1177 3349 1268 3405 illo
1301 3341 1565 3400 sacriﬁcio
1608 3335 1880 3404 antiquato
1912 3328 1973 3425 in
2013 3323 2142 3425 ejus
2214 3364 2350 3405 cum
2390 3345 2558 3401 mde
2601 3343 2840 3397 dicere",
2875 3356 2889 3393 ε
2935 3337 3014 3391 An
3045 3335 3271 3406 accipiet
3308 3330 3546 3386 Dom-nu,
3578 3327 3623 3379 επ
3655 3322 3764 3375 mo.

568 3455 926 3520 vehementia,
993 3461 1097 3501 non
1161 3436 1541 3497 contrarietas,
1588 3428 1704 3497 (aut
1772 3421 1983 3498 pugna)
2054 3415 2144 3473 ubi

570 3551 790 3605 dixisset
814 3564 852 3598 .:
888 3544 949 3596 In
993 3537 1156 3606 cajite
1183 3533 1296 3588 libri
1331 3530 1572 3599 scriptum
1611 3533 1681 3578 est
1710 3527 1774 3577 de
1811 3536 1890 3575 me
1914 3560 1930 3586 ,
1958 3517 2139 3587 subje-

570 3647 644 3700 cit
686 3655 699 3694 :
757 3637 824 3693 Ut
858 3635 1073 3704 [acerem
1116 3630 1422 3684 voluntatem
1479 3632 1639 3686 tuam,
1667 3617 1843 3679 Deus,
1908 3612 2043 3668 volui
2095 3616 2142 3664 et

570 3734 733 3802 legem
774 3701 913 3783 tuam
947 3726 1002 3779 in
1055 3721 1218 3776 medio
1270 3716 1455 3772 ventris
1501 3713 1598 3771 mei
1626 3709 1798 3785 (Psal.
1826 3707 1914 3763 59.
1951 3706 2005 3760 8.
2062 3701 2141 3776 ll).

571 3827 700 3884 Post
727 3835 1035 3891 exponens,
1092 3831 1211 3885 quae
1272 3809 1483 3866 tandem
1534 3813 1678 3862 esset
1712 3801 1958 3856 voluntas
2000 3798 2139 3863 Dei,

573 3915 934 3990 praetermissa
953 3909 1224 3968 mentione
1267 3903 1592 3963 hostiarum,
1639 3896 2143 3954 holocautomatmn,

573 4007 932 4072 oblationum,
970 4001 1209 4056 laborum
1253 4010 1318 4050 ac
1362 3991 1614 4050 sudorum
1640 4028 1655 4053 ,
1705 3986 1815 4040 ait:
1845 3980 2147 4037 Annuntiavi

572 4101 821 4175 iustitiam
845 4097 900 4150 in
926 4090 1150 4150 Ecclesia
1178 4102 1362 4159 magna
1382 4082 1486 4156 (Ib.
1510 4097 1558 4135 v.
1600 4079 1712 4149 1ο).
1737 4074 1874 4142 Quid
1903 4082 1986 4129 est
2023 4073 2144 4135 hoc,

576 4163 883 4249 iinnuntiavi
917 4183 1174 4257 justitiam
1209 4179 1263 4232 in
1314 4174 1545 4231 Ecclesia
1571 4169 1789 4240 magna?
1824 4166 1939 4221 Non
1979 4163 2145 4228 diuit,

574 4286 697 4343 dedi
723 4281 882 4347 :sed,
926 4273 1238 4333 annuntiavi.
1266 4268 1403 4339 Quid
1445 4264 1658 4322 tandem
1711 4259 1905 4332 igitur?
1929 4258 2042 4313 Non
2083 4271 2149 4310 ex

576 4374 868 4436 benefactis
891 4414 905 4438 ,
959 4384 1059 4426 nec
1096 4364 1397 4428 laboribus,
1443 4374 1543 4415 nec
1570 4354 1911 4427 pensatione,
1940 4347 2032 4405 sed
2082 4360 2150 4401 ex

576 4471 689 4525 sola
726 4466 891 4537 gratia
928 4456 1235 4531 justilicavit
1276 4467 1443 4525 genus
1469 4458 1728 4506 nostrum.
1756 4442 1904 4512 Quod
1931 4451 1985 4497 et
2014 4440 2150 4494 Pau-

581 4565 662 4616 lus
699 4531 974 4612 declarans
1003 4551 1128 4605 dicit
1156 4565 1169 4600 :
1202 4546 1348 4599 Nunc
1376 4553 1544 4596 autem
1580 4540 1763 4607 absque
1810 4536 1917 4605 lege
1949 4531 2151 4602 justitia

587 4652 679 4706 Dei
712 4647 1032 4717 manifestata
1061 4648 1131 4694 est
1155 4636 1330 4709 (Rom.
1359 4635 1414 4691 '5.
1454 4627 1810 4699 ‘21):justitia
1848 4632 2023 4679 autem
2058 4620 2150 4675 Dei

584 4758 679 4814 per
701 4714 861 4795 fidem
892 4733 1015 4790 Jesu
1043 4727 1240 4785 Christi
1268 4766 1283 4791 ,
1316 4738 1421 4778 non
1451 4736 1545 4790 per
1581 4719 1744 4773 ullum
1789 4714 2037 4771 sudorem
2059 4719 2151 4765 aut

586 4803 845 4889 laborem.
873 4825 940 4882 Et
966 4824 1066 4877 hoc
1088 4824 1362 4885 assumpto
1384 4811 1687 4867 testimonio
1706 4808 1847 4863 hunc
1865 4807 1916 4859 in
1938 4803 2150 4858 modum

588 4925 838 4997 loquitur.
884 4916 1126 4975 Umbram
1171 4911 1306 4966 enim
1334 4905 1521 4960 habens
1549 4904 1631 4957 lea:
1659 4905 1942 4972 futurorum
1990 4903 2149 4951 bono-

584 5036 733 5086 rum,
761 5033 862 5071 non
888 5015 1057 5085 ipsam,
1098 5023 1267 5063 rerum
1310 5003 1578 5072 imaginem
1597 5041 1613 5066 ,
1644 4995 1857 5067 singulis
1876 4992 2021 5049 annis
2065 4992 2156 5044 iis-

588 5111 702 5167 dem
743 5107 948 5170 hostiis,
975 5117 1102 5172 quas
1139 5112 1336 5168 semper
1378 5092 1632 5159 olferunt,
1663 5100 1935 5154 numquam
1994 5090 2152 5154 potest

590 5199 879 5257 accedemes
918 5192 1164 5265 perfectos
1188 5186 1413 5245 reddere.
1448 5181 1574 5237 Ideo
1597 5178 1880 5251 ingrediens
1908 5173 2154 5227 mundum

588 5292 712 5347 dicit
738 5305 758 5345 :
778 5285 1082 5356 sacriﬁcium
1111 5290 1158 5336 et
1192 5278 1490 5335 oblationem
1518 5270 1743 5335 noluisti,
1772 5283 1954 5338 corpus
1993 5271 2156 5316 autem

590 5380 845 5453 adaptasti
871 5376 994 5432 mihi
1023 5371 1205 5446 (Hebr.
1237 5369 1322 5425 10.
1354 5366 1514 5436 1.5);
1536 5360 1838 5435 signiﬁcans
1863 5358 2154 5427 ingressum

596 5450 872 5542 Uni‘geniti
899 5473 954 5525 in
985 5464 1278 5529 mundum,
1322 5474 1419 5531 per
1463 5457 1640 5513 carnis
1688 5450 2153 5523 dispensationem.

595 5564 682 5618 Sic
714 5561 853 5615 enim
883 5555 948 5612 ad
977 5548 1076 5611 nos
1103 5554 1249 5610 venit
1273 5592 1290 5619 ,
1334 5565 1439 5606 non
1465 5549 1639 5604 locum
1658 5545 1777 5601 loco
1800 5550 2155 5607 commutans,

665 5717 683 5745 ⁸
713 5718 811 5767 Sex
835 5721 958 5769 Mss,
981 5724 1175 5773 aperus._

2228 3438 2613 3496 cautomatibus.
2647 3436 2691 3489 si
2739 3433 2924 3487 dedero
2969 3429 3318 3500 primogenita
3359 3441 3467 3479 mea
3509 3436 3588 3491 pro
3624 3412 3763 3483 impie-

2229 3542 2332 3588 tate
2343 3548 2471 3595 mea,
2496 3530 2713 3595 fructum
2735 3524 2918 3579 ventris
2943 3522 3041 3576 mei
3073 3539 3172 3591 pro
3201 3527 3407 3590 peccato
3427 3514 3595 3570 animle
3613 3507 3629 3579 (
3646 3504 3765 3560 Hicin

2228 3627 2290 3684 6.
2317 3625 2431 3697 7)?
2460 3620 2723 3690 Propheta
2753 3619 3037 3686 increpans
3060 3615 3189 3670 illos
3208 3655 3227 3679 ,
3254 3611 3466 3667 dicebat
3496 3625 3509 3662 :
3535 3597 3767 3658 Annuntia-

2230 3728 2340 3775 sum
2370 3690 2443 3771 est
2487 3714 2605 3778 tibi,
2653 3713 2819 3772 homo,
2862 3706 2983 3779 quid
3012 3707 3079 3760 sit
3109 3705 3327 3766 bonum,
3351 3697 3544 3770 etquid
3581 3690 3772 3748 Dominus

2235 3809 2374 3865 Deus
2399 3815 2591 3878 qua’rat
2616 3806 2703 3858 abs
2733 3812 2798 3869 te,
2828 3810 2883 3855 at
2919 3800 3109 3868 diligas
3142 3792 3559 3853 misericordiam,
3587 3796 3629 3840 et
3654 3781 3772 3856 facile

2222 3900 2484 3975 judicium
2509 3908 2554 3952 et
2573 3896 2856 3967 justitiam,
2909 3900 2964 3946 ut
3015 3898 3237 3959 paratus
3295 3888 3366 3941 sis
3414 3880 3655 3936 ambulare
3695 3877 3778 3941 post

2236 3961 2512 4048 Dominum
2559 3961 2724 4041 Deum
2765 3994 2908 4039 tuum
2938 3981 2957 4053 (
2981 3981 3063 4035 Ib.
3096 3999 3148 4036 v.
3184 3982 3219 4036 8
3244 3981 3287 4050 ).
3336 3974 3498 4032 David
3522 3980 3700 4040 quoque
3723 3961 3777 4014 sic

2238 4082 2444 4137 dicebat
2479 4097 2491 4132 :
2524 4077 2644 4133 Non
2687 4076 2934 4145 accipiant
2978 4072 3041 4125 de
3090 4072 3255 4126 domo
3301 4080 3390 4124 tua
3426 4064 3629 4125 vitulos,
3666 4064 3781 4120 nequ

2251 4177 2313 4229 de
2352 4174 2582 4247 gregibus
2620 4172 2719 4225 tuis
2756 4170 2921 4223 hircos
2952 4165 2969 4237 (
2991 4164 3145 4219 Psal.
3203 4162 3301 4219 49.
3344 4160 3438 4230 9).
3457 4159 3652 4226 Quare,
3694 4158 3778 4202 cum

2255 4277 2335 4322 tot
2359 4241 2539 4337 posset
2565 4263 2758 4318 all‘erre
2785 4257 3082 4315 testimonia
3103 4296 3121 4320 ,
3168 4270 3269 4326 per
3322 4266 3445 4323 quae
3471 4248 3609 4306 Deus
3631 4241 3783 4296 videtur

2241 4362 2330 4417 illa
2374 4357 2635 4414 sacrificia
2686 4355 2946 4423 rejicerc,
3002 4348 3368 4411 neomcnias,
3426 4342 3666 4399 sabbata,
3704 4330 3779 4383 ἀίοε

2241 4452 2425 4513 festos,
2472 4447 2719 4502 omnibus
2769 4444 2874 4498 illis
2918 4441 3163 4505 omissis,
3195 4439 3364 4509 hujus
3384 4435 3542 4492 unius
3564 4416 3783 4485 meminit?

2240 4546 2355 4603 Non
2412 4552 2613 4598 temere
2660 4539 2711 4594 id
2760 4537 2990 4600 factum,
3050 4549 3239 4600 neque
3302 4530 3554 4586 fortuito;
3596 4517 3674 4572 sed
3712 4515 3783 4577 13'“

2242 4650 2457 4693 causam
2496 4632 2754 4689 dicemus.
2795 4627 2942 4683 Mulli
2980 4625 3278 4687 inﬁdeles,
3323 4630 3381 4677 et
3409 4635 3476 4675 ex
3505 4599 3787 4672 ιυιιεεῑεῑιτείε

2244 4734 2538 4801 pugnantes
2566 4723 2821 4777 adversus
2847 4735 2971 4782 nos,
3007 4717 3204 4772 dicunt
3248 4723 3492 4768 veterem
3540 4700 3785 4770 religionum

2242 4822 2570 4891 antiquatam
2626 4830 2783 4878 esse,
2827 4827 2930 4866 non
2984 4808 3131 4877 quod
3169 4808 3290 4876 ipsa
3337 4809 3483 4860 esset
3510 4787 3785 4866 imperfecta.

2246 4927 2418 4982 neque
2441 4908 2582 4981 quod
2611 4905 2820 4962 inducta
2843 4904 2911 4956 sit
2932 4900 3102 4969 major
3121 4940 3134 4962 ,
3161 4874 3355 4952 nostra
3383 4890 3625 4947 videlicet
3642 4874 3782 4944 religio

2245 5004 2340 5060 sed
2386 4967 2604 5073 prdplcr
2643 4967 3036 5066 improbitatem
3076 5004 3311 5052 eorum,
3365 4984 3459 5056 qui
3513 4990 3619 5035 tum
3660 4967 3784 5060 θπενῗ

2249 5052 2340 5060 ⁵⁷⁷*
2389 5052 2438 5073 Ι”“
2462 5052 2474 5053 "
2490 5052 2513 5070 r
2530 5052 2537 5054 '
2560 5052 2570 5054 ‘
2722 5052 2734 5066 ι
3387 5052 3402 5056 ν

2249 5095 2378 5149 bant
2425 5088 2705 5148 sacrilicia.
2738 5085 2955 5141 llesaias
2985 5082 3176 5148 itaque
3219 5078 3363 5133 dicit
3393 5092 3408 5129 :
3443 5073 3506 5129 Si
3545 5052 3786 5149 extende?

2247 5201 2429 5241 manus
2453 5192 2670 5245 vestras,
2698 5187 2916 5232 avertam
2955 5171 3134 5228 oculos
3163 5184 3316 5225 meos
3347 5185 3382 5222 α
3433 5163 3587 5221 vobis.
3616 5156 3670 5213 Si
3701 5141 3787 5202 Μ’

2324 5456 2340 5486 ί
2367 5459 2416 5502 tn
2440 5453 2598 5503 tribus
2619 5456 2725 5498 Mss.
2751 5447 2819 5495 sic
2856 5443 3033 5505 legitur
3058 5453 3069 5487 :
3108 5437 3305 5505 Isaias._
3336 5446 3509 5487 eorum
3554 5425 3707 5505 hastu?

2324 5468 2340 5486 ⁸
2370 5468 2416 5502 ιη
2440 5468 2598 5503 ιιῚυιιε
2622 5468 2725 5498 MSS.
2751 5468 2819 5495 Mt:
2857 5468 3024 5505 ll'gluu
3058 5476 3069 5487 ο
3108 5468 3295 5490 suasua.
3336 5468 3509 5487 cm“...
3768 5474 3776 5481 .

2252 5515 2429 5566 inth
2450 5514 2715 5563 ostmdms.
2746 5505 2863 5558 dicit
2900 5513 3161 5568 personant
3208 5498 3305 5550 Dei
3326 5509 3504 5568 gerens
3548 5505 3564 5542 :
3594 5481 3700 5568 Quid
3726 5468 3810 5525 ut"

2256 5557 2426 5645 nfelic-
2446 5557 2843 5645 uestiui-immite
2866 5557 3004 5645 sum;
3034 5557 3349 5613 holocausta'
3361 5558 3586 5645 (triennii;
3617 5557 3698 5645 etc;

2636 5643 2643 5645 λ
2868 5644 2917 5645 rw
2960 5641 3027 5645 -νι-
3054 5625 3426 5645 -»—-----—.—:-.-:.
3445 5636 3458 5645 .
3497 5629 3560 5645 [In
3578 5625 3683 5645 ,ιρηη

2319 5605 2421 5687 ξ’ῗέ
2437 5605 2652 5686 ἑῖξῖιῖἷιὶ
2674 5605 3037 5695 militiast.
3046 5605 3815 5695 ᾖιῐδιῑέξῆιῑίέξζηοιδςπιιιαηιςιπ

2257 5683 2413 5751 vestrii
2440 5683 2550 5749 cum
2590 5683 2786 5758 reliquis
2828 5686 3098 5752 sacriﬁciis-
3128 5685 3315 5736 Μηνὶ-ς
3354 5683 3487 5734 οιιὶυύ
3499 5694 3517 5740 ;
3559 5684 3603 5726 et
