3990 6198
250 315 357 378 *ΞΓ

249 423 617 512 ιὲριῐσαυιτὶιὶί
641 434 1027 491 obsecrationem
1047 475 1060 499 ,
1103 448 1201 486 non
1232 429 1502 484 exaudiam
1552 442 1673 481 vos:
1705 439 1829 478 mox

246 544 463 585 causam
503 527 724 592 addens,
757 525 1130 598 prosequitur:
1155 521 1342 575 Manus
1366 521 1497 574 enim
1519 529 1692 572 vestrae
1713 534 1832 570 san-

250 621 405 691 guine
435 618 597 689 plena:
626 615 780 688 (lsai.
812 617 864 670 1.
911 614 1025 686 15).
1049 614 1160 669 Hoc
1198 621 1375 668 autem
1406 625 1512 665 non
1546 617 1630 664 est
1669 607 1824 661 sacri-

253 715 371 769 ﬁcia
397 727 687 776 accusare,
744 710 840 766 sed
892 708 1227 764 oﬂ'ercntium
1273 704 1603 775 iniquitatem
1648 700 1831 756 erimi-

248 804 391 859 nari.
448 802 514 856 Et
551 800 674 856 ideo
702 815 808 855 non
857 809 1074 868 accepta
1127 797 1310 852 habuit
1356 794 1650 858 sacriﬁcia,
1684 790 1824 861 quod

243 911 320 951 ea
352 893 599 948 manibus
644 891 865 961 impuris
931 890 1204 945 offerrent.
1238 889 1470 944 Rursum
1513 883 1679 940 David
1705 898 1827 937 cum

244 987 475 1040 dixisset
507 1002 521 1037 :
559 983 679 1038 Non
707 984 958 1054 accipiam
993 983 1057 1035 de
1107 982 1258 1036 domo
1305 989 1393 1033 tua
1429 979 1610 1032 vitulos
1632 1016 1647 1041 ,
1673 989 1832 1042 neque

241 1077 310 1128 de
332 1076 564 1147 gregibus
593 1077 691 1129 tuis
712 1075 880 1130 hircos
896 1072 1064 1146 (Psal.
1090 1070 1268 1136 49.9).
1297 1069 1494 1139 adjecit
1523 1087 1536 1122 :
1564 1066 1830 1121 Peccatori

242 1176 414 1220 autem
440 1167 569 1220 dixit
598 1163 766 1228 Deus,
794 1168 975 1230 Quare
991 1171 1048 1215 tu
1075 1177 1284 1214 enarras
1315 1160 1555 1224 ‘iustitias
1582 1174 1717 1212 meas
1737 1199 1751 1221 ,
1783 1167 1831 1211 et

241 1257 466 1311 assumis
515 1263 863 1310 testamentum
900 1267 1065 1305 meum
1095 1268 1185 1321 per
1224 1266 1281 1304 os
1316 1251 1498 1304 tuum?
1534 1248 1610 1302 Tu
1664 1259 1832 1301 autem

242 1350 403 1404 odisti
440 1349 802 1416 disciplinam,
844 1353 888 1399 et
928 1344 1154 1416 abjecisti
1188 1359 1442 1398 sermones
1481 1358 1617 1396 meos
1646 1351 1832 1394 retroro

242 1458 382 1494 sttui.
412 1440 471 1495 Si
501 1439 700 1493 videbas
727 1439 926 1508 furem,
954 1435 1188 1490 currebas
1213 1451 1329 1488 cum
1362 1451 1448 1501 eo,
1477 1445 1522 1489 et
1541 1452 1656 1489 cum
1682 1435 1832 1489 adul-

243 1532 369 1584 teris
425 1534 707 1598 portionem
761 1539 899 1582 tuam
947 1529 1168 1598 ponebas
1212 1542 1234 1580 .'
1277 1544 1334 1580 os
1379 1537 1520 1582 tuum
1557 1528 1831 1582 abundavit

242 1621 444 1674 malitia
463 1663 478 1686 ,
517 1631 564 1674 et
589 1619 764 1690 lingua
813 1630 901 1673 tua
925 1618 1218 1673 contexebat
1258 1620 1403 1674 dolos
1435 1635 1454 1673 :
1473 1620 1650 1674 sedens
1673 1663 1688 1686 ,
1730 1621 1828 1673 ad-

243 1727 419 1765 versus
472 1712 684 1778 fratrem
729 1720 872 1763 tuum
920 1709 1266 1774 obtrectabas,
1297 1720 1343 1763 et
1380 1711 1621 1765 adversus
1665 1711 1829 1780 ﬁlium

241 1803 430 1856 matris
469 1812 572 1856 tua?
612 1801 831 1871 ponebas
882 1800 1245 1868 offendiculum
1291 1801 1465 1872 (Paul.
1500 1805 1592 1858 49.
1626 1801 1826 1874 1020).

241 1893 403 1949 Unde
429 1891 766 1962 perspicuum
807 1899 887 1947 est
913 1934 929 1958 ,
957 1892 1098 1961 quod
1127 1907 1232 1946 non
1286 1893 1372 1948 hic
1401 1893 1618 1948 omnino
1646 1892 1831 1961 rejecit

238 1984 544 2049 sacriﬁcia,
597 1983 690 2038 sed
763 1984 1012 2053 quoniam
1077 1982 1520 2051 mwchabantur,
1579 1984 1826 2053 quoniam

239 2077 590 2142 furabantur,
620 2075 872 2145 quoniam
928 2073 1180 2128 fratribus
1234 2073 1639 2129 insidiabantur.
1672 2075 1828 2130 Certe

235 2185 371 2222 eum
416 2168 773 2239 unusquisque
821 2166 1200 2236 prophetarum
1230 2209 1244 2235 ,
1293 2167 1582 2236 inquiunt,
1614 2177 1828 2222 accuset

233 2259 527 2314 etl‘erentes
611 2258 868 2314 sacriﬁcia
899 2299 916 2324 ,
985 2260 1062 2314 sic
1132 2259 1217 2314 illa
1298 2260 1462 2315 Deum
1561 2261 1826 2329 respuisse

235 2351 397 2404 dicit.

319 2443 367 2494 4.
403 2440 656 2496 Probatur
709 2446 868 2513 legem
915 2443 1166 2497 sublatam
1192 2443 1349 2513 fuisse
1371 2460 1476 2498 non
1526 2444 1587 2498 ob
1619 2454 1825 2513 peccata

231 2534 540 2589 Iudaeorum
563 2577 578 2602 ,
608 2536 695 2590 sed
719 2537 858 2606 quod
901 2537 1194 2608 imperfecta
1219 2546 1365 2590 esset.
1382 2567 1457 2578 -—-
1479 2537 1605 2592 llaec
1634 2537 1824 2592 adver-

233 2627 371 2682 sarii
396 2629 570 2683 nostri
616 2629 826 2696 dicunt,
855 2629 948 2685 sed
978 2630 1174 2685 Paulus
1199 2629 1302 2685 illis
1327 2631 1532 2700 plagam
1556 2631 1684 2685 satis
1713 2647 1824 2686 ma-

229 2735 397 2790 gnam
441 2720 665 2786 inﬁixit,
698 2731 753 2777 et
777 2721 988 2778 abunde
1013 2722 1224 2777 illorum
1271 2723 1613 2792 impudentia:
1656 2723 1820 2778 silen-

231 2809 376 2863 tium
435 2811 717 2880 imposuit,
768 2811 868 2867 hoc
926 2812 1251 2867 testimonio.
1301 2813 1435 2868 Cum
1480 2817 1622 2868 enim
1663 2815 1824 2870 vellet

229 2901 565 2968 ostendere,
609 2904 773 2957 Deum
820 2903 988 2974 ipsam
1038 2903 1345 2958 Iudaeorum
1397 2906 1708 2975 religionem
1764 2916 1823 2960 ut

229 2993 684 3063 imperiectiorcm
729 2997 1018 3064 rejecisse,
1089 2997 1396 3066 irritamque
1445 2997 1669 3062 fecisse,
1720 2998 1821 3053 hoc

228 3085 535 3155 assumpsit
576 3087 976 3155 testimonium,
1031 3087 1084 3142 in
1128 3102 1234 3157 quo
1272 3089 1538 3142 accusatio
1587 3088 1820 3143 oﬁ'eren-

227 3178 370 3231 tium
420 3179 563 3232 nulla
612 3188 725 3246 est,
767 3180 860 3234 sed
910 3179 1078 3249 ipsius
1145 3179 1416 3249 religionis
1485 3179 1820 3248 imperfectio

225 3269 377 3323 nuda
423 3285 520 3340 per
541 3285 598 3325 se
625 3269 942 3325 declaratur.
973 3270 1236 3340 Propheta
1288 3271 1429 3324 enim
1463 3272 1605 3326 nulla
1655 3272 1705 3325 in
1760 3287 1820 3328 re

223 3376 495 3416 accusans
534 3361 782 3431 Iudaeos,
819 3363 1131 3433 simpliciter
1176 3362 1253 3417 sic
1292 3362 1522 3433 loquitur
1554 3381 1567 3418 :
1601 3363 1820 3432 Sacrifi-

223 3455 370 3507 cium
420 3463 466 3508 et
497 3453 800 3509 oblationem
841 3455 1081 3522 noluisti,
1113 3471 1299 3524 corpus
1341 3466 1510 3510 autem
1563 3456 1821 3528 adaptasti

223 3546 360 3598 mihi
383 3585 400 3611 ,
431 3546 836 3600 holocautomata
865 3557 911 3602 et
930 3564 1021 3617 pro
1047 3559 1250 3616 peccato
1278 3565 1376 3602 non
1398 3549 1619 3620 probasti
1644 3547 1814 3620 (Psal.

220 3638 321 3694 45.
349 3641 430 3708 7).
465 3634 628 3706 ldque
671 3652 944 3707 exponens
992 3638 1186 3692 Paulus
1224 3639 1337 3693 ait:
1371 3638 1527 3693 Tollit
1553 3640 1724 3710 prius,
1764 3647 1818 3692 ut

223 3728 486 3796 posterius
508 3737 698 3781 statuat
716 3728 896 3798 (Hebr.
918 3730 1004 3783 10.
1027 3730 1104 3799 9).
1132 3729 1261 3784 Nam
1290 3740 1634 3802 posteaquam
1661 3731 1813 3799 dixit,

223 3820 558 3886 Sacriﬁcium
610 3831 656 3875 et
685 3821 985 3876 oblationem
1047 3825 1300 3878 noluisti:
1329 3825 1522 3880 deinde
1573 3824 1809 3891 addidit,

221 3911 433 3980 Corpus
462 3921 626 3965 autent
653 3914 908 3984 adaptasti
932 3915 1087 3969 mihi:
1113 3925 1390 3986 postquam
1418 3917 1649 3972 ostendit
1675 3918 1816 3973 aliud

224 4001 512 4056 inductum
559 4003 876 4058 sacrificium
902 4047 916 4070 ,
950 4006 1146 4059 nullam
1198 4016 1453 4076 praeterea
1490 4023 1637 4077 Spem
1668 4007 1817 4064 dedit

223 4093 468 4149 futurum
497 4137 512 4161 ,
563 4104 620 4149 ut
671 4096 796 4150 illud
844 4098 1230 4152 restitueretur.
1290 4100 1352 4152 Et
1400 4099 1501 4153 hoc
1532 4101 1702 4169 ipsum
1736 4101 1817 4153 iu-

222 4195 536 4255 tcrpretans
567 4187 761 4242 Paulus
786 4230 800 4253 ,
831 4189 964 4242 dixit
993 4206 1006 4242 :
1043 4189 1143 4241 Per
1187 4189 1489 4243 oblationem
1521 4193 1652 4244 hanc
1695 4209 1818 4245 san-

217 4277 442 4342 ctiﬁcati
471 4293 646 4330 sumus
668 4277 718 4331 in
745 4279 1000 4333 uoluntate
1037 4279 1224 4335 Christi
1257 4280 1360 4350 (Ib.
1387 4298 1433 4334 υ.
1460 4282 1570 4351 10).
1601 4282 1662 4337 Si
1683 4284 1814 4336 enim

216 4368 444 4438 sanguis
478 4378 738 4423 taurorum
766 4382 811 4424 et
856 4371 1148 4437 hircorum,
1190 4382 1235 4425 et
1263 4373 1391 4427 cinis
1442 4376 1614 4428 vitula:
1637 4393 1814 4447 asper-

217 4476 320 4514 sus
371 4461 657 4528 inquinatos
711 4464 994 4531 sanctificat
1039 4465 1108 4516 ad
1152 4465 1318 4518 carnis
1363 4466 1763 4520 emundationem
1795 4483 1815 4522 :

215 4562 426 4620 quanto
452 4554 614 4623 magis
642 4555 850 4624 sanguis
901 4554 1028 4609 Jesu
1079 4553 1300 4621 Christi,
1332 4558 1415 4625 qui
1449 4574 1536 4626 per
1569 4558 1814 4628 Spiritum

211 4652 464 4696 sanctum
494 4644 672 4698 obtulit
714 4647 1034 4714 semetipsum
1079 4647 1497 4712 immaculatum,
1527 4649 1816 4704 emundabit

206 4734 592 4788 conscientia»:
650 4744 871 4789 nostram
917 4737 979 4790 ab
1022 4739 1255 4808 aperibus
1281 4739 1490 4792 mortuis
1536 4739 1720 4810 (Hebr.
1757 4739 1812 4794 9.

213 4824 325 4879 13.
359 4823 473 4894 ii)?
497 4824 679 4895 Itaque
708 4826 848 4896 quod
878 4827 1002 4881 illud
1022 4829 1338 4884 sacriﬁcium
1365 4830 1696 4899 antiquatum
1723 4832 1811 4895 sit,
1843 4834 1891 4880 Γ·
1921 4839 2206 4894 Nunquam
2264 4837 2477 4882 creatus
2523 4837 2622 4884 est'
2663 4831 2913 4888 sacerdos
2953 4876 2968 4900 ,

205 4927 286 4972 et
333 4917 472 4970 aliud
504 4919 552 4970 iu
604 4919 720 4988 ejus
759 4921 932 4974 locum
982 4921 1284 4989 inductum,
1311 4922 1559 4992 quodque
1594 4925 1815 4993 posthac

205 5007 363 5065 illud
406 5024 510 5063 non
542 5011 612 5062 sit
649 5011 1032 5066 restituendum
1059 5014 1188 5066 satis
1212 5055 1224 5077 ,
1254 5029 1319 5068 ex
1360 5014 1442 5068 his
1481 5014 1816 5070 demonstra-

209 5109 350 5153 tum
383 5109 484 5153 est.
518 5101 630 5169 Age
655 5101 764 5170 jam
791 5113 1062 5172 superest,
1114 5110 1169 5156 ut
1204 5103 1346 5172 quod
1395 5104 1592 5159 dudum
1639 5106 1812 5160 conati

197 5194 854 5261 sumusdcmonstrarc,
903 5197 1040 5249 illius
1107 5196 1386 5250 sacerdotii
1445 5199 1577 5251 ritus
1641 5215 1813 5268 neque

190 5289 342 5361 jam
395 5301 690 5354 apparere,
739 5303 910 5357 neque
954 5287 1130 5341 denuo
1189 5287 1487 5356 redituros,
1539 5289 1814 5344 evidenter

196 5383 338 5437 hoc
367 5378 646 5449 palamque
680 5395 710 5434 e
749 5379 1037 5449 Scripturis
1060 5381 1186 5449 ipsis
1216 5379 1503 5434 dilucidum
1537 5382 1809 5446 iaciamus,

203 5485 405 5541 pauca
436 5471 586 5540 prius
602 5471 750 5526 vobis
773 5471 972 5541 praefati
994 5513 1008 5537 ,
1045 5487 1148 5541 quo
1177 5473 1264 5526 ﬁat
1294 5471 1601 5528 evidentior
1625 5489 1809 5527 eorum

195 5579 355 5632 qua:
385 5562 631 5617 dicentur
661 5564 950 5618 enarratio.
983 5564 1248 5618 Abraham
1270 5578 1516 5618 reversus
1543 5580 1572 5618 e
1595 5563 1812 5619 Perside

193 5655 419 5727 genuit
447 5652 594 5708 Isaac
618 5697 632 5718 ,
654 5655 801 5710 lsaac
843 5656 1034 5710 deinde
1047 5655 1412 5724 Jacoh,.lacob
1436 5655 1716 5711 duodecim
1745 5655 1809 5711 ﬁ-

197 5753 371 5812 hos,
404 5763 469 5802 ex
521 5748 708 5820 quibus
740 5748 988 5821 profectu:
1029 5759 1149 5804 sunt
1173 5749 1450 5806 duodecim
1483 5749 1688 5817 tribus,
1721 5750 1804 5806 vel

1441 304 1798 368 ADVERSUS
1832 302 2132 361 JUDIEOS.
2176 305 2286 361 γη.

3420 306 3526 360 93?.

1941 423 2118 491 potius
2163 423 2438 480 tredecim.
2497 425 2934 496 Quandoquidem
3006 425 3121 482 loco
3167 424 3366 495 Joseph
3419 425 3525 479 duo

1941 517 2106 585 ipsius
2128 517 2220 572 lilii
2250 517 2504 587 Ephraim
2533 529 2586 574 et
2631 519 2900 575 Manasses
2925 521 3245 576 exstiterunt
3290 521 3521 576 tribuum

1941 607 2226 676 principes.
2269 608 2338 663 Et
2363 609 2810 678 quemadmodum
2852 612 3135 682 unicuique
3179 611 3407 668 ﬁliorum
3434 612 3521 668 Ja~

1938 697 2038 750 eob
2068 697 2234 752 tribus
2259 700 2576 768 cognomine
2621 701 2976 770 respondebat
2995 743 3010 767 ,
3039 703 3246 766 Ruben,
3278 704 3518 767 Simeon,

1939 786 2084 850 Levi,
2117 787 2275 852 Juda,
2314 789 2678 861 Nephthalim,
2707 790 2821 848 Gad
2846 835 2860 860 ,
2901 795 3057 860 Aser,
3083 793 3355 862 Benjamin
3393 811 3405 846 :
3441 809 3519 849 suc

1937 878 2038 932 sub
2061 879 2256 950 Joseph
2283 880 2389 934 duo
2430 883 2570 936 illius
2601 882 2716 948 ﬁlii,
2745 883 2986 939 Manasse
3014 892 3067 938 et
3109 883 3360 953 Ephraim
3387 925 3402 950 ,
3435 900 3518 937 co.

1936 985 2166 1039 gnomen
2212 971 2465 1028 indebant
2519 974 2758 1030 tribubus
2797 985 2888 1030 :et
2916 975 3319 1045 appellabantur
3356 977 3518 1030 altera

1938 1061 2148 1130 quidem
2179 1062 2431 1131 Ephraim
2458 1105 2474 1129 ,
2526 1065 2694 1120 altera
2715 1081 2844 1122 vero
2895 1066 3157 1122 Manasse.
3191 1067 3386 1120 Harum
3425 1067 3523 1120 ita.

1936 1168 2040 1221 que
2070 1152 2345 1220 tredecim,
2375 1162 2584 1210 caetera
2612 1156 2826 1226 quidem
2857 1172 3046 1212 omnes
3065 1173 3220 1227 agros
3255 1158 3522 1222 habebant

1936 1259 2000 1300 ac
2039 1257 2330 1316 proventus
2357 1249 2572 1315 multos,
2607 1259 2662 1304 et
2688 1251 3117 1320 agricolabantur
3156 1268 3360 1316 onmcs,
3399 1255 3524 1308 relic

1939 1351 2148 1406 quaque
2187 1340 2365 1393 omnia
2436 1342 2761 1396 exercebant
2812 1342 2878 1397 ad
2925 1344 3123 1398 victum
3183 1347 3521 1414 pertinentia.

1935 1425 2198 1481 Caeterum
2238 1431 2404 1484 tribus
2461 1431 2585 1486 Levi
2633 1434 2743 1486 sola
2798 1433 3055 1490 honorata
3097 1438 3434 1505 sacerdmio,
3488 1456 3518 1492 a

1935 1520 2162 1590 negotiis
2190 1521 2255 1575 ad
2298 1522 2492 1578 victum
2545 1526 2929 1595 pertinentilms
2967 1529 3185 1584 liberata
3217 1541 3332 1586 erat
3356 1574 3370 1597 ,
3427 1550 3521 1587 ne-

1933 1627 2037 1682 que
2079 1613 2324 1669 colebant
2371 1633 2528 1699 agros
2557 1661 2569 1682 ,
2603 1635 2776 1690 neque
2803 1622 3098 1678 tractabant
3139 1636 3314 1691 artes,
3352 1643 3520 1696 neque

1935 1713 2193 1771 praetcrea
2224 1707 2512 1778 quidquam
2555 1710 2710 1780 hujus
2762 1716 2972 1782 generis
3024 1719 3381 1782 exercebant,
3427 1722 3520 1774 sed

1934 1794 2032 1848 soli
2064 1797 2364 1852 sacerdotio
2407 1801 2667 1856 vacabant
2688 1844 2706 1867 ,
2736 1819 2798 1857 ac
2829 1804 3067 1861 decimas
3125 1810 3456 1880 accipiebant
3489 1828 3518 1864 a

1935 1894 2048 1942 toto
2093 1889 2286 1958 populo
2333 1900 2443 1945 tum
2491 1893 2626 1959 \ini,
2665 1903 2774 1949 tum
2822 1895 3102 1962 frumenti,
3148 1908 3256 1952 tum
3310 1901 3516 1966 hordei,

1933 1979 2097 2034 etde
2140 1982 2262 2037 aliis
2328 1983 2491 2039 rebus
2541 1986 2792 2041 omnibus
2851 1988 3114 2044 decimam
3165 1992 3272 2046 illis
3318 1997 3517 2063 portio-

1932 2085 2054 2124 nem
2083 2071 2280 2128 dabant
2309 2091 2496 2132 omnes
2524 2120 2539 2144 ,
2567 2088 2621 2134 et
2649 2079 2734 2134 hic
2758 2091 2873 2139 erat
2921 2082 3024 2137 illis
3063 2094 3372 2154 proventus.
3412 2087 3520 2142 Nec

1931 2160 2012 2216 fas
2043 2171 2159 2218 erat
2187 2180 2253 2220 ex
2283 2167 2389 2222 ulla
2420 2168 2520 2222 alia
2553 2169 2692 2224 tribu
2723 2172 3054 2228 sacerdotem
3088 2191 3340 2247 umquam
3373 2177 3507 2234 ﬁeri.

1931 2255 2010 2309 Ex
2064 2256 2162 2312 hac
2195 2260 2337 2313 enim
2370 2261 2508 2316 tribu
2542 2261 2720 2318 factus
2753 2273 2835 2320 est
2875 2266 3100 2331 Aaron,
3134 2269 3386 2324 nimirum
3444 2272 3512 2325 de

1932 2348 2070 2401 tribu
2105 2348 2270 2414 Levi,
2325 2367 2388 2405 ac
2431 2368 2525 2422 per
2552 2356 2948 2411 successionem
2993 2358 3134 2414 illius
3189 2362 3388 2430 posteri
3423 2379 3511 2418 sa-

1929 2439 2227 2494 cerdotium
2288 2444 2674 2513 accipiebant,
2751 2463 2924 2518 neque
2968 2451 3193 2522 quisque
3267 2471 3512 2526 umquam

1928 2530 2178 2586 sacerdos
2214 2547 2280 2588 ex
2319 2533 2426 2589 alia
2472 2537 2609 2592 tribu
2655 2548 2867 2596 creatus
2905 2549 3009 2596 est.
3066 2543 3131 2597 lli
3178 2545 3358 2615 itaque
3412 2549 3512 2603 Le-

1930 2619 2055 2675 vita:
2083 2621 2318 2678 decimas
2368 2624 2436 2680 ab
2481 2625 2587 2682 illis
2615 2629 2968 2698 accipiebant,
2999 2641 3052 2687 et
3089 2633 3170 2688 sic
3203 2635 3506 2692 alebantur.

1875 2763 1880 2767 .
1925 2711 2034 2767 Sed
2084 2723 2211 2770 ante
2278 2715 2443 2772 Jacoh
2485 2719 2584 2773 sub
2638 2719 2832 2790 Isaae,
2869 2725 2970 2780 sub
3035 2725 3342 2796 Abraham,
3393 2745 3510 2793 cum

1926 2804 2164 2860 nondum
2199 2815 2342 2862 esset
2391 2807 2598 2877 Moses,
2628 2811 2862 2868 nondum
2888 2815 3083 2886 scripta
3115 2816 3231 2884 lex,
3277 2819 3511 2878 nomiqu

1928 2894 2220 2951 Leviticum
2255 2899 2616 2956 sacerdotium
2648 2914 2792 2958 esset
2843 2906 3107 2974 proditum
3131 2951 3146 2973 ,
3198 2926 3304 2966 non
3335 2913 3510 2968 taber-

1926 2989 2195 3054 naculum,
2225 3005 2330 3045 non
2374 2993 2634 3062 templum
2670 3004 2857 3063 esset,
2890 3013 2998 3052 non
3051 3001 3219 3056 tribus
3244 3002 3506 3071 discretio,

1926 3093 2031 3132 non
2061 3077 2354 3134 Jerusalem
2399 3090 2672 3149 exstaret,
2701 3099 2823 3139 cum
2866 3088 3044 3144 nullus
3075 3093 3296 3148 omnino
3326 3094 3376 3148 in
3403 3095 3500 3150 .iu-

1925 3166 2072 3222 daeos
2116 3184 2297 3224 rerum
2345 3171 2698 3242 principatum
2740 3189 3093 3246 occupasset,
3149 3180 3505 3255 fuitquidam

1924 3258 2277 3316 Melchisech
2313 3262 2565 3318 sacerdos
2593 3264 2686 3320 Dei
2719 3265 2985 3322 altissimi.
3021 3269 3120 3326 ilic
3159 3272 3506 3332 Melchiscdee

1923 3360 2038 3406 erat
2085 3368 2178 3408 rex
2221 3353 2360 3408 idem
2391 3364 2444 3410 ct
2467 3357 2719 3413 sacerdos
2751 3378 2764 3412 :
2791 3369 2948 3431 typus
2996 3363 3138 3418 enim
3157 3365 3362 3422 iuturus
3386 3381 3504 3426 erat

1923 3443 2150 3510 Christi,
2200 3446 2351 3516 cujus
2379 3458 2432 3504 et
2466 3446 2739 3519 Scriptura
2768 3454 3046 3510 manifeste
3077 3459 3336 3514 meminit.
3367 3462 3502 3518 Cum

1922 3536 2064 3590 enim
2119 3537 2386 3593 Abraham
2432 3541 2624 3596 Persas
2686 3543 2937 3612 adortus,
2983 3547 3162 3604 fratris
3228 3551 3335 3607 ﬁlio
3406 3555 3504 3610 Lot

1921 3642 1986 3682 ex
2023 3629 2234 3686 illorum
2272 3633 2514 3687 manibus
2553 3644 2778 3704 erepto,
2827 3641 3077 3696 onmibus
3125 3645 3312 3714 spoliis
3354 3648 3499 3702 dire-

1921 3719 2026 3788 ptis
2053 3720 2250 3776 redirct
2279 3762 2293 3788 ,
2331 3723 2571 3778 hostibus
2611 3726 2807 3781 virtute
2853 3729 3111 3797 devictis,
3145 3734 3284 3790 hunc
3306 3737 3355 3790 iu
3389 3754 3504 3791 mo-

1921 3809 2046 3863 dum
2095 3810 2163 3866 de
2211 3811 2567 3868 Melchisedec
2629 3815 2866 3886 loquitur
2910 3819 3180 3892 Scriptura
3213 3841 3226 3877 :
3257 3823 3322 3878 Et
3369 3827 3503 3883 Mcl-

1919 3899 2148 3954 chisedec
2194 3919 2286 3956 rex
2327 3901 2500 3958 Salem
2554 3905 2733 3960 obtulit
2791 3926 2974 3978 panem
3029 3929 3090 3966 ac
3137 3916 3342 3983 vinum;
3394 3933 3502 3976 erat

1920 3992 2052 4045 enim
2099 3994 2334 4050 sacerdos
2377 3994 2471 4049 Dei
2520 3996 2790 4063 altissimi;
2835 4011 2884 4054 et
2937 4003 3188 4059 benedixit
3238 4008 3456 4066 Abraha:
3485 4055 3500 4078 ,

1920 4083 2145 4151 dixitque
2169 4102 2189 4140 :
2222 4087 2508 4141 benedictus
2551 4105 2602 4143 es
2646 4089 2906 4146 Abraham
2944 4093 3054 4149 Deo
3101 4098 3350 4154 altissimo
3371 4143 3384 4166 ,
3415 4107 3500 4172 qui

1919 4176 2104 4229 creavit
2146 4177 2325 4231 etclam
2364 4188 2410 4231 et
2436 4189 2619 4232 terram
2643 4223 2658 4247 ,
2692 4192 2737 4234 et
2788 4181 3076 4238 benedictus
3120 4184 3267 4242 Deus
3311 4191 3502 4246 altissi-

1920 4283 2050 4332 mus,
2100 4270 2188 4338 qui
2226 4271 2436 4324 tradidit
2483 4273 2712 4327 inimicos
2743 4284 2858 4328 tuos
2905 4276 2956 4330 in
3008 4295 3189 4334 manus
3249 4291 3383 4336 tuas.
3432 4283 3501 4339 Et

1918 4360 2055 4413 dedit
2070 4361 2144 4416 illi
2169 4361 2387 4416 decimas
2401 4381 2465 4418 ea:
2487 4367 2712 4420 omnibus
2728 4367 2979 4422 Abraham
2999 4370 3150 4440 (Gen.
3178 4373 3200 4428 1
3218 4373 3264 4429 ι.
3288 4376 3493 4449 18ο20).

1919 4453 1974 4509 Si
2015 4457 2134 4523 quis
2165 4456 2324 4525 igitur
2352 4457 2730 4526 prophetarum
2768 4462 2976 4516 exstitit
3000 4502 3015 4528 ,
3046 4465 3135 4534 qui
3163 4465 3330 4532 dicat,
3357 4469 3500 4538 quod

1919 4556 2040 4616 post
2079 4548 2347 4602 Abraham
2377 4591 2392 4616 ,
2445 4562 2666 4621 postque
2697 4554 3052 4610 sacerdotium
3106 4558 3232 4614 illud
3253 4601 3269 4628 ,
3299 4571 3353 4616 et
3382 4562 3496 4618 haec

1919 4641 2175 4694 sacriﬁcia
2213 4650 2372 4712 atque
2413 4645 2710 4702 oblationes
2734 4687 2748 4712 ,
2789 4649 3090 4705 exoriturus
3121 4663 3267 4709 esset
3309 4671 3490 4712 sacer-

1919 4730 2016 4785 dos
2055 4731 2188 4786 alius
2214 4772 2229 4798 ,
2259 4748 2364 4787 non
2413 4751 2478 4789 ex
2523 4736 2608 4790 illa
2653 4738 2793 4793 tribu
2823 4781 2838 4804 ,
2864 4740 2958 4796 sed
2997 4756 3063 4797 ex
3093 4745 3230 4810 alia,
3277 4760 3342 4801 ex
3383 4763 3486 4817 qua

3022 4849 3126 4888 non
3197 4840 3493 4895 sccnndum

1918 4918 2160 4974 ordinem
2209 4920 2472 4987 Aaronis,
2527 4921 2620 4975 sed
2668 4923 2959 4978 secundum
2983 4926 3228 4981 ordinem
3281 4929 3500 4984 Melchi—

1918 5010 2076 5064 sedcc
2123 5029 2135 5064 :
2176 5010 2521 5066 manifestum
2563 5021 2676 5076 est,
2729 5015 2870 5084 quod
2926 5023 3078 5069 vetus
3135 5019 3494 5076 sacerdotium

1917 5103 2167 5166 cessavit,
2194 5102 2335 5158 aliud
2365 5113 2540 5156 autem
2587 5118 2778 5158 novum
2827 5106 2876 5159 in
2922 5106 3066 5160 illius
3111 5108 3283 5163 locum
3341 5111 3465 5166 indu

1918 5202 2058 5247 ctum
2081 5203 2183 5247 est.
2208 5193 2338 5246 Nam
2381 5194 2424 5247 si
2478 5194 2711 5247 futurum
2754 5205 2888 5260 erat,
2932 5206 3164 5251 utvetus
3204 5199 3330 5254 illud
3361 5202 3499 5255 obti-

1919 5293 2111 5349 neret,
2154 5300 2259 5339 non
2311 5284 2606 5339 secundum
2653 5285 2892 5341 ordinem
2951 5289 3304 5348 Melchisedec
3334 5335 3347 5356 ,
3405 5295 3502 5349 srd

1918 5375 2207 5432 secundum
2241 5375 2484 5431 ordinem
2514 5377 2691 5431 Aaron
2723 5381 2956 5447 oportuit
3005 5381 3131 5435 dici.
3157 5383 3288 5450 Quis
3339 5387 3502 5456 igitur

1918 5468 2020 5523 hoc
2062 5469 2227 5523 dicit?
2278 5469 2374 5524 llic
2425 5470 2538 5540 ipse
2588 5469 2675 5540 qui
2726 5469 2793 5525 de
2853 5471 3128 5529 sacriﬁciis
3183 5475 3431 5546 loquutus
3477 5520 3494 5546 ,

1917 5559 1983 5614 de
2012 5559 2221 5614 Christo
2240 5559 2510 5616 disserens
2536 5561 2635 5615 hoc
2661 5577 2873 5632 quoque
2911 5563 3108 5619 alicubi
3149 5565 3285 5622 dixit
3317 5591 3329 5620 -.
3360 5569 3500 5623 him

1916 5653 2164 5708 Dominus
2217 5652 2428 5708 Domino
2480 5670 2624 5713 meo:
2655 5650 2786 5706 Sede
2812 5672 2841 5707 α
2886 5656 3073 5711 dextris
3123 5660 3241 5714 meis
3294 5660 3490 5728 (Psat.

1921 5751 2035 5805 109.
2072 5749 2136 5813 i).
