3990 6198
486 317 590 373 923

535 433 610 486 ‘5.
653 425 853 483 Deinde
893 437 959 477 ne
995 421 1112 492 quis
1141 417 1208 474 de
1234 417 1528 487 vulgarium
1561 415 1835 469 hominum
1883 413 2063 482 aliquo

485 523 845 592 suspicaretur
869 514 999 569 illud
1024 527 1142 568 esse
1163 511 1382 577 dictum,
1410 525 1514 564 non
1543 509 1670 563 dicit
1695 508 1795 562 hoc
1824 507 2061 569 llesaias,

489 628 659 683 neque
681 608 939 664 Ieremias
957 647 972 670 ,
1005 619 1174 674 neque
1203 603 1478 673 quisquam
1507 601 1642 656 alius
1669 600 1925 670 propheta
1957 598 2062 668 pri-

488 714 620 757 vatm
648 698 965 755 conditionis
989 738 1002 761 ,
1027 695 1120 750 sed
1151 695 1262 764 ipse
1293 709 1416 759 rex,
1456 703 1512 747 ut
1539 692 1891 762 intclligcres,
1924 690 2064 759 quod

488 811 592 848 non
623 792 789 860 possit
832 803 929 842 rex
972 785 1240 840 hominem
1266 785 1536 853 appellare
1578 796 1731 836 suum
1763 781 2059 845 Dominum,

483 883 579 938 sed
612 884 773 936 Deum
818 880 1012 932 solum.
1053 877 1182 930 Nam
1211 877 1255 930 si
1289 875 1525 944 privatus
1555 873 1742 927 luisset
1765 913 1780 937 ,
1823 871 2066 925 fortassis

487 976 678 1045 aliquis
717 972 994 1041 impudens
1033 969 1285 1030 dixisset,
1335 967 1477 1020 illum
1516 966 1584 1019 de
1626 964 1840 1017 homine
1882 963 2062 1032 loqui;

487 1081 628 1122 nunc
654 1079 774 1118 cum
802 1079 894 1118 rex
932 1061 1085 1115 fuerit
1103 1098 1120 1126 ,
1150 1059 1416 1112 hominem
1445 1072 1552 1110 non
1587 1052 1927 1125 appellaverit
1956 1052 2061 1107 Do-

493 1161 695 1214 nziuum
722 1171 896 1210 suum.
925 1152 1200 1221 Quomodo
1224 1152 1364 1206 enim
1403 1151 1446 1204 si
1488 1149 1555 1204 de
1598 1149 1843 1218 quopiam
1875 1146 2064 1216 vulga-

492 1252 632 1305 rium
665 1247 938 1302 hominum
965 1243 1080 1298 haec
1103 1245 1352 1312 loquutus
1379 1241 1563 1294 fuisset
1591 1238 1751 1292 David
1773 1279 1788 1300 ,
1819 1237 2062 1302 dixisset,

483 1341 626 1412 quod
655 1341 812 1395 etiam
839 1353 867 1391 a
893 1336 1094 1392 dextris
1115 1333 1444 1390 consedisset
1462 1331 1736 1386 inell'abilis
1757 1344 1818 1384 ac
1846 1343 2067 1384 summa:

484 1435 626 1489 illius
653 1428 983 1498 majestatis?
1013 1427 1125 1482 lloc
1151 1427 1292 1481 enim
1323 1424 1670 1494 impos~ihile.
1705 1421 1778 1476 De
1810 1424 1910 1475 hoc
1939 1414 2088 1474 vero

483 1527 589 1578 ait:
623 1523 764 1577 Dixit
795 1521 1037 1574 Dominus
1078 1517 1291 1571 Domino
1317 1531 1446 1582 meo,
1483 1515 1664 1570 Sedea
1691 1511 1879 1566 dextris
1909 1511 2029 1564 meis
2047 1549 2063 1575 ,

485 1617 641 1670 donec
689 1630 873 1684 ponam
902 1611 1128 1664 inimicos
1177 1619 1289 1662 tuos
1341 1605 1610 1662 scabellunt
1640 1604 1822 1674 pedum
1867 1612 2067 1656 tuorum

486 1706 656 1775 (I'sal.
688 1703 808 1758 109.
844 1704 892 1756 l.
921 1698 1012 1771 2).
1045 1699 1243 1754 Deinde
1274 1714 1340 1752 ne
1371 1703 1586 1767 putares
1605 1710 1724 1749 eum
1753 1693 2066 1748 imbecillem

491 1813 613 1852 esse
639 1796 916 1864 minusque
947 1800 1212 1861 potentem
1235 1831 1250 1854 ,
1277 1787 1461 1842 Tecum
1481 1827 1497 1853 ,
1527 1789 1721 1856 inquit,
1753 1786 2067 1856 principatus

488 1897 559 1942 est
583 1887 634 1940 in
653 1886 825 1938 diebus
847 1882 1080 1953 potentia:
1103 1891 1200 1934 tute
1221 1881 1239 1949 (
1260 1876 1342 1931 Ib.
1375 1894 1422 1932 υ.
1451 1878 1484 1931 '5
1501 1877 1540 1947 ).
1567 1875 1892 1930 Manifestius
1910 1874 2068 1929 etiam

487 1976 765 2032 declarans
789 2015 803 2038 ,
848 1971 1051 2026 addidit
1080 1987 1094 2024 :
1125 1968 1366 2023 Exutero
1386 1978 1506 2022 ante
1523 1964 1982 2035 Luciferumgenui
2003 1973 2069 2018 te.

483 2069 625 2122 Ante
651 2065 953 2120 Luciferum
990 2070 1166 2117 autem
1194 2061 1369 2115 nullus
1397 2059 1670 2113 hominum
1709 2057 1802 2111 fuit
1841 2059 2068 2127 genitus.

493 2159 572 2213 Tu
594 2161 828 2212 sacerdos
853 2156 905 2209 in
924 2164 1166 2209 eeternunt
1189 2150 1464 2206 secundum
1494 2150 1721 2204 ordinent
1744 2147 2073 2202 Melchisedec

490 2254 608 2324 (Ib.
643 2269 690 2306 υ.
721 2253 788 2318 ις
816 2249 973 2304 IIebr.
1002 2250 1055 2304 5.
1087 2248 1120 2303 6
1145 2249 1185 2319 ).
1211 2246 1327 2302 Non
1348 2245 1487 2301 dixit
1513 2245 1804 2301 secundum
1829 2244 2071 2298 ordinem

483 2351 686 2401 Aaron.
717 2343 945 2399 Proinde
972 2352 1284 2412 percontare
1320 2337 1562 2394 Iudaeum
1589 2381 1604 2404 ,
1649 2338 1695 2392 si
1719 2337 2070 2393 sacerdotium

484 2448 636 2493 vetus
662 2451 770 2491 non
788 2445 904 2490 erat
930 2431 1328 2503 antiquandam,
1355 2445 1512 2502 quam
1541 2429 1612 2484 ob
1627 2443 1849 2486 causam
1872 2427 2074 2483 induxit

483 2531 644 2583 alium
670 2525 998 2582 sacerdotem
1023 2521 1311 2578 secundum
1332 2521 1570 2576 ordinem
1600 2518 1969 2572 Melchisedec.
1991 2517 2072 2571 Ad

485 2622 628 2675 hunc
674 2619 832 2688 igitur
855 2617 1025 2685 ipsum
1073 2613 1247 2667 locum
1298 2611 1616 2680 perveniens
1665 2609 1896 2674 Paulus,
1948 2607 2071 2662 vide

484 2710 753 2781 quomodo
782 2708 928 2762 illum
971 2704 1352 2760 evidentiorem
1402 2701 1712 2756 reddiderit.
1759 2700 1891 2756 Cum
1923 2701 2066 2754 enim

484 2802 704 2858 dixisset
732 2799 802 2855 de
825 2797 1060 2859 Christo,
1087 2792 1533 2866 quemadmodum
1563 2799 1617 2846 et
1652 2791 1773 2846 alibi
1807 2791 2068 2860 loquitur,

489 2897 565 2950 'I'u
586 2894 818 2950 sacerdos
841 2893 895 2946 in
913 2900 1154 2946 (sternunt
1170 2886 1442 2942 secundum
1467 2886 1694 2939 ordinent
1714 2883 2072 2938 Melchisedec:

485 2985 790 3056 sulijunxit:
822 2983 900 3037 De
925 2997 1022 3050 quo
1042 2982 1230 3033 multus
1251 2977 1391 3031 nobis
1420 2993 1600 3041 sermo,
1629 2984 1674 3029 et
1702 2984 1946 3030 enarrata
1965 2973 2072 3044 dif-

487 3079 635 3146 [icilis
661 3076 786 3151 (Id.
812 3077 866 3132 5.
902 3075 960 3130 Η
989 3074 1027 3143 ).
1075 3071 1275 3126 Deinde
1303 3085 1425 3124 cum
1470 3069 1794 3138 inerepasset
1839 3066 2073 3136 discipu-

488 3169 568 3225 los
588 3209 603 3234 ,
644 3177 704 3223 ut
734 3166 911 3237 paucis
940 3164 1113 3219 dicam
1136 3201 1151 3227 ,
1179 3162 1284 3223 ait,
1311 3161 1430 3228 quis
1461 3159 1548 3214 ille
1589 3159 1659 3213 sit
1687 3157 2070 3222 Melchisedec;

488 3275 542 3314 et
563 3259 774 3314 adducit
795 3256 1091 3320 historiam.
1116 3253 1185 3306 ita
1213 3266 1469 3306 narrans:
1499 3249 1596 3302 Ilic
1621 3249 1836 3302 occurrit
1856 3247 2074 3301 Abrahae

489 3350 753 3407 revertenti
778 3366 809 3402 α
850 3347 1134 3400 concisione
1158 3359 1330 3412 regum
1350 3379 1367 3407 ,
1399 3341 1743 3408 benedixitque
1768 3337 1866 3401 illi,
1897 3340 1978 3392 cui
2025 3346 2073 3391 et

487 3444 706 3496 decimas
731 3440 795 3492 de
822 3435 1052 3490 omnibus
1091 3432 1375 3501 impartitus
1420 3442 1490 3483 est
1542 3429 1797 3482 Abraham
1843 3427 1970 3498 (Id.
2017 3429 2072 3483 7.

489 3537 542 3587 1.
581 3532 672 3597 9.).
721 3529 848 3583 Post
884 3525 1130 3595 aperiens
1174 3521 1650 3576 considerationem
1689 3519 1900 3588 ﬁgura}:
1945 3518 2072 3572 Con-

489 3620 802 3692 templamini
830 3627 995 3670 autem
1036 3623 1255 3684 quantas
1293 3613 1358 3666 sit
1397 3613 1488 3666 iste
1512 3653 1527 3677 ,
1577 3610 1784 3680 inquit,
1811 3611 1894 3663 cui
1921 3611 2072 3664 etiam

493 3715 713 3768 decimas
747 3711 811 3763 de
835 3708 1064 3762 omnibus
1089 3704 1375 3774 impartitus
1405 3711 1476 3756 est
1505 3701 1758 3755 Abraham
1787 3700 2074 3770 patriarcha

491 3806 615 3877 (Id.
662 3815 712 3854 υ.
763 3803 858 3872 4).
908 3800 1018 3854 lloc
1067 3807 1245 3852 autem
1289 3810 1392 3848 non
1420 3794 1536 3848 sine
1573 3807 1732 3847 causa
1761 3792 1932 3857 dixit,
1979 3790 2075 3846 sed

491 3895 774 3951 ostendere
803 3891 1040 3959 cupiens,
1065 3887 1231 3941 multo
1262 3886 1429 3954 majus
1457 3898 1574 3938 esse
1599 3883 1950 3936 sacerdotium
1976 3897 2073 3935 nco

489 4001 657 4044 strum
683 4000 838 4055 quam
867 3981 1196 4036 Iuda-orum.
1224 3978 1395 4046 Atque
1422 3977 1473 4030 in
1502 3976 1630 4044 ipsis
1658 3974 1794 4044 typis
1824 3974 1967 4043 prius
1992 3989 2077 4027 re-

489 4097 605 4137 rum
632 4075 942 4134 excellentia
967 4073 1282 4127 declaratur.
1314 4069 1442 4123 Nam
1467 4065 1732 4120 Abraham
1771 4067 1930 4119 Isaaci
1964 4073 2076 4118 erat

489 4183 672 4242 pater,
719 4185 848 4223 avus
875 4165 1056 4221 Jacobi
1079 4205 1092 4228 ,
1127 4177 1352 4232 proavus
1384 4159 1510 4214 Levi
1538 4200 1553 4225 ,
1599 4157 1859 4228 siquidem
1897 4155 2075 4211 Jacobi

491 4264 630 4317 tilius
672 4268 790 4316 erat
815 4257 964 4314 Levi.
1009 4257 1081 4310 Ex
1113 4253 1239 4308 Levi
1285 4250 1637 4306 sacerdotium
1683 4248 1819 4318 apud
1863 4247 2077 4302 Juda'os

487 4353 712 4423 sumpsit
732 4349 1008 4418 originem.
1036 4345 1231 4400 V'erum
1255 4343 1340 4397 hic
1361 4340 1626 4396 Abraham
1656 4339 1958 4408 progenitor
1979 4339 2077 4393 Le-

488 4445 713 4498 vitarum
739 4455 800 4493 ac
821 4437 1160 4492 Iudaicorum
1189 4433 1524 4488 sacerdotum
1556 4431 1654 4485 sub
1683 4429 2034 4484 Melchisedec
2055 4471 2070 4496 ,

489 4531 582 4600 qui
609 4539 793 4600 typum
817 4527 1032 4597 gerebat
1060 4524 1225 4578 nostri
1253 4523 1556 4587 sacerdotii,
1593 4523 1710 4575 laici
1743 4522 1914 4576 locum
1939 4521 2078 4574 obti-

490 4623 626 4687 nuit,
652 4620 808 4688 idque
835 4617 1033 4686 duplici
1079 4615 1237 4670 modo
1284 4615 1608 4668 declaravit:
1660 4615 1884 4682 primum
1933 4614 2075 4682 quod

486 4716 570 4771 illi
609 4713 818 4769 dederit
855 4711 1128 4765 decimas:
1162 4722 1284 4760 nam
1315 4707 1432 4760 laici
1473 4705 1842 4761 sacerdotibus
1871 4705 2077 4761 dabant

485 4809 759 4871 decimas;
788 4803 980 4860 deinde
1001 4800 1139 4872 quod
1168 4799 1586 4853 benedictionem
1613 4800 1872 4868 acceperit
1889 4799 1955 4853 ab
1974 4814 2072 4853 eo:

486 4901 682 4956 etenim
716 4897 835 4952 laici
875 4911 904 4949 a
941 4891 1303 4949 sacerdotibus
1343 4889 1761 4945 benedictionem
1791 4890 2071 4958 accipiunt.

488 4993 720 5047 Rursum
765 4987 1044 5046 considera
1085 5027 1100 5052 ,
1161 4991 1356 5054 quanta
1414 4982 1482 5036 sit
1541 4981 1852 5036 excellentia
1904 4981 2074 5035 nostri

488 5081 801 5144 sacerdotii,
847 5076 1057 5148 quando
1097 5074 1362 5130 Abraham
1395 5072 1687 5142 patriarcha
1729 5071 2031 5126 Iudaeorum
2054 5114 2072 5139 ,

488 5174 790 5244 progenitor
815 5170 1114 5225 Levitarum
1137 5207 1152 5234 ,
1184 5166 1509 5236 comperitur
1538 5165 1957 5220 bent-dictionem
1985 5181 2074 5220 ac-

486 5270 663 5332 cipere
688 5281 718 5318 a
748 5260 1112 5321 Melchisedcc,
1145 5259 1325 5328 illique
1350 5257 1476 5312 dare
1505 5256 1737 5311 decimas
1759 5244 1908 5313 (ϐεη.
1943 5257 2070 5327 14).

489 5358 621 5411 Mm
655 5366 937 5423 utrumque
981 5359 1160 5406 narrat
1191 5350 1351 5404 Vetus
1375 5349 1772 5404 Testamentum
1856 5349 2072 5418 etquod

487 5444 839 5502 lli-lchisedec
879 5441 1208 5498 benedixerit
1244 5440 1509 5505 Abrahae,
1549 5449 1603 5494 et
1646 5439 1786 5509 quod
1835 5439 2073 5494 decimas

486 5539 554 5591 ah
583 5552 649 5591 eo
679 5536 958 5605 acceperit.
1007 5535 1098 5589 llis
1145 5534 1304 5603 igitur
1333 5533 1459 5602 ipsis
1498 5533 1551 5586 in
1578 5534 1803 5587 medium
1834 5533 2074 5586 adductis

501 5627 697 5680 l‘aulus
718 5629 960 5682 dicebat:
1001 5627 1342 5690 Considerate,
1373 5635 1588 5694 quantus
1625 5636 1699 5678 est
1742 5627 1833 5679 iste
1854 5625 1879 5677 1’
1909 5626 2072 5691 Quis?

491 5710 854 5782 Hrlrhiscdec,
884 5717 1082 5785 inquit,
1134 5717 1214 5766 cui
1255 5715 1405 5772 etiam
1457 5714 1672 5766 decimas
1709 5715 1964 5768 Abraham
2007 5732 2069 5769 ea:

1194 305 1248 360 S.
1290 299 1565 358 IOANNIS
1602 293 2074 354 CHRYSOSTOMI
2115 293 2430 351 ARClllEP.
2471 294 3002 354 CONSTANTINOP.

3632 306 3725 361 9?.l

2176 411 2441 482 prtecipuis
2495 410 2666 476 dedit,
2725 411 2947 480 ipsorum
3010 411 3320 481 patriarcha.
3384 414 3452 469 Et
3493 417 3680 487 quidem
3697 423 3731 472 ii

2167 502 2249 572 qui
2277 509 2392 555 sunt
2421 517 2482 554 ea:
2509 502 2628 570 ﬁliis
2675 500 2794 556 Levi
2812 542 2827 568 ,
2873 503 3208 557 sacerdotium
3246 506 3576 575 accipientes.
3608 526 3732 562 nian-

2169 597 2343 646 datum
2399 592 2612 659 habent,
2655 603 2708 646 ut
2751 593 2969 647 decimas
3010 594 3260 664 accipiant
3302 606 3333 648 α
3374 600 3598 667 populo,
3659 599 3742 653 hoc

2167 695 2239 739 est
2301 701 2334 738 a
2395 683 2634 754 fratribus
2681 685 2820 750 suis,
2867 702 3170 755 quantquam
3227 690 3436 756 egressis
3494 707 3520 742 e
3577 690 3744 744 lumbis

2169 777 2382 830 Abrahaz
2411 778 2430 849 (
2462 777 2617 831 Hebr.
2649 779 2701 831 7.
2729 778 2782 832 4.
2811 778 2905 845 5).
2934 777 3084 844 Quod
3113 789 3288 834 autem
3315 779 3476 844 dicit,
3519 781 3622 835 tale
3648 791 3743 836 est.

2180 869 2379 924 Levita:
2402 911 2417 933 ,
2451 869 2619 938 inquit
2645 909 2661 935 ,
2707 871 2794 939 qui
2826 870 2966 940 apud
2994 869 3208 926 Iudaeos
3240 880 3364 926 sunt
3411 873 3742 935 sacerdotes.

2172 961 2475 1016 mandatum
2506 970 2828 1030 acceperunt
2847 962 2996 1029 juxta
3024 963 3216 1031 legem,
3246 974 3301 1016 ut
3330 964 3570 1019 decimas
3608 966 3724 1020 acci-

2175 1061 2362 1121 pereut
2386 1051 2452 1105 ab
2477 1051 2596 1105 aliis
2621 1051 2839 1105 Iudaeis.
2871 1051 3104 1106 Tametsi
3133 1067 3320 1106 omnes
3342 1055 3600 1123 progeniti
3627 1061 3750 1108 suns

2175 1156 2238 1195 ex
2274 1141 2539 1195 Abraham
2560 1183 2574 1206 ,
2607 1151 2710 1194 tam
2742 1141 2937 1196 Levitze
2961 1185 2976 1209 ,
3007 1157 3166 1212 quam
3211 1144 3445 1212 reliquus
3482 1145 3742 1214 ‘populus,

2175 1233 2520 1286 nihilominus
2547 1232 2781 1287 decimas
2815 1233 3078 1302 accipiunt
3106 1249 3135 1286 a
3165 1233 3414 1288 fratribus
3450 1235 3583 1288 suis.
3629 1235 3742 1290 Mel-

2176 1325 2424 1381 chisedec
2450 1340 2594 1389 vero,
2623 1325 2711 1394 qui
2741 1339 2844 1378 non
2875 1324 3016 1379 ducit
3045 1326 3300 1395 originem
3342 1325 3408 1380 ab
3438 1326 3578 1391 illis,
3610 1325 3716 1395 (ue-

2171 1435 2275 1489 que
2301 1419 2444 1475 enim
2465 1434 2532 1474 ex
2553 1419 2818 1473 Abraham
2842 1421 3150 1489 progenitus
3169 1430 3303 1484 erat,
3334 1437 3503 1491 neque
3529 1437 3591 1476 ex
3616 1422 3747 1476 trihu

2171 1510 2422 1576 Levitica,
2451 1509 2544 1565 sed
2565 1525 2628 1564 ex
2650 1510 2754 1564 alio
2776 1525 2967 1580 genere
2990 1512 3008 1580 )
3035 1511 3318 1566 decimavit
3337 1511 3622 1574 Abraham,
3651 1514 3746 1567 hoc

2172 1602 2497 1656 estdecimas
2513 1601 2714 1671 accepit
2747 1601 2812 1654 ab
2835 1601 3120 1656 Abraham.
3145 1601 3252 1657 Nec
3268 1602 3319 1656 id
3353 1603 3544 1667 solum,
3571 1619 3746 1658 verum

2173 1703 2226 1748 et
2266 1694 2405 1748 aliud
2423 1693 2670 1764 quiddam
2692 1693 3037 1749 fecitzeidem
3063 1695 3153 1764 qui
3191 1695 3569 1764 promissiones
3595 1695 3750 1750 habe-

2175 1785 2281 1848 bat,
2307 1784 2549 1839 videlicet
2563 1785 2883 1852 Abrahamo,
2900 1785 3185 1839 benedixit.
3205 1785 3270 1840 Et
3285 1786 3410 1855 quid
3422 1786 3544 1852 hoc,
3562 1787 3751 1856 inquis,

2173 1876 2464 1944 signiﬁcat?
2487 1876 2639 1942 Quod
2663 1876 2747 1930 hic
2769 1877 2857 1930 illo
2883 1877 3049 1931 ntulto
3065 1877 3136 1930 sit.
3165 1875 3406 1932 inferior.
3436 1878 3706 1945 Quomodo
3723 1880 3754 1932 ἲ

2175 1967 2314 2021 Citra
2331 1984 2522 2021 omnem
2539 1968 2922 2022 controuersiam
2939 1969 3070 2037 quod
3087 1969 3250 2022 minus
3265 1978 3336 2022 est
3350 1986 3381 2021 a
3401 1970 3594 2038 majore
3607 1971 3752 2024 ἔκηεν

2175 2060 2439 2114 dictionem
2469 2061 2650 2131 accipit
2677 2059 2835 2130 (Ibid.
2850 2076 2898 2113 υ.
2921 2061 2997 2131 7).
3040 2061 3219 2131 Itaque
3236 2061 3336 2116 nisi
3351 2061 3618 2116 Abraham
3636 2078 3752 2132 pro-

2173 2152 2379 2222 genitor
2397 2150 2699 2206 chitarum
2722 2151 2909 2207 fuisset
2929 2151 3145 2208 inferior
3158 2152 3533 2217 Melchisedec,
3566 2169 3750 2222 nequa~

2174 2259 2332 2312 quam
2357 2244 2430 2297 illi
2453 2243 2540 2297 hic
2561 2243 2938 2310 benedixisset,
2963 2259 3132 2313 neque
3155 2244 3276 2298 huic
3297 2244 3388 2300 ille
3411 2245 3642 2303 decimas
3665 2245 3751 2300 de-

2174 2336 2359 2391 disset.
2393 2336 2592 2391 Deinde
2619 2336 2801 2390 volens
2825 2335 3132 2400 ostendere,
3159 2352 3254 2405 per
3285 2335 3637 2392 Melchisedec
3657 2335 3755 2392 hoc

2176 2426 2474 2491 advenisse,
2523 2427 2750 2496 subjecit
2788 2427 2972 2482 dicens
3016 2444 3030 2482 :
3063 2425 3195 2480 Etut
3211 2428 3282 2481 ita
3320 2427 3517 2496 loquar,
3539 2426 3638 2482 hoc
3655 2437 3753 2490 est,

2175 2517 2582 2587 propemodum,
2605 2535 2693 2587 per
2717 2519 2970 2572 Abraham
2988 2519 3136 2573 etiam
3147 2523 3254 2590 ipse
3273 2518 3411 2583 Levi,
3435 2520 3522 2589 qui
3544 2522 3756 2573 decium

2177 2610 2378 2678 accipit,
2391 2609 2662 2663 decimatas
2681 2618 2752 2662 est
2774 2603 2883 2675 (Ib.
2904 2621 2950 2659 υ.
2971 2603 3047 2672 9).
3065 2601 3205 2668 Quid
3224 2617 3331 2672 est,
3349 2607 3642 2663 decimatas
3659 2606 3761 2659 est?

2179 2697 2932 2756 Decimasdeditblelcbisedec
2945 2707 2999 2752 et
3016 2697 3126 2766 ipse
3137 2698 3282 2762 Levi,
3299 2699 3389 2767 qui
3407 2700 3758 2754 nondumerat

2175 2792 2384 2862 genitus
2404 2807 2499 2861 per
2517 2799 2717 2860 patre
2735 2790 2918 2858 ipsius,
2943 2790 3127 2858 inquit.
3152 2789 3329 2843 Adhuc
3355 2792 3486 2843 enim
3500 2791 3554 2844 in
3583 2791 3760 2844 luitibis

2179 2885 2336 2952 patris
2350 2893 2454 2936 erat
2472 2899 2584 2936 cum
2601 2891 2878 2936 occurreret
2889 2880 3104 2934 Abralue
3124 2879 3180 2933 Μ
3182 2881 3473 2934 elchisedcc.
3487 2880 3620 2934 Nam
3643 2881 3759 2934 ideo

2178 2975 2279 3030 hoc
2307 2990 2570 3045 occupans
2607 2973 2773 3037 dixit,
2810 2971 2878 3026 Ut
2916 2972 2988 3025 ita
3030 2973 3228 3042 loquar.
3261 2972 3369 3027 Cur
3413 2973 3526 3027 haec
3561 2974 3760 3032 diceret

2180 3067 2420 3134 subjicit:
2451 3066 2509 3120 Si
2535 3066 2895 3118 consummatio
2924 3064 3078 3134 igitur
3122 3074 3226 3118 erat
3253 3081 3342 3132 pcr
3367 3063 3649 3118 Leviticum
3672 3082 3759 3119 sa-

2179 3159 2456 3212 cerdotium
2477 3173 2496 3211 :
2524 3156 2740 3227 papulas
2783 3155 2913 3210 enim
2941 3154 3033 3210 sub
3067 3155 3156 3209 illo
3185 3156 3344 3225 legem
3383 3156 3611 3224 accepit;
3640 3156 3761 3224 quid

2181 3265 2308 3319 Opus
2331 3258 2437 3302 erat
2466 3247 2647 3302 deinde
2671 3247 2943 3301 secundum
2965 3247 3189 3299 ordinent
3219 3245 3550 3299 Melchisedec
3575 3247 3759 3299 exoriri

2181 3340 2338 3394 alium
2366 3340 2678 3394 sacerdotem
2709 3339 2797 3408 qui
2822 3354 2922 3391 non
2949 3338 3148 3391 dicatur
3166 3339 3319 3408 juxta
3339 3338 3562 3391 ordinent
3587 3337 3758 3390 Aaron

2181 3431 2356 3504 (Ibid.
2387 3447 2433 3486 υ.
2471 3433 2530 3486 ll
2555 3431 2612 3502 )?
2641 3431 2776 3496 Quid
2815 3439 2992 3485 autem
3035 3439 3118 3485 est
3164 3429 3304 3499 quod
3329 3429 3493 3482 dicit?
3529 3428 3582 3484 Si
3639 3443 3760 3494 res,

2179 3524 2366 3592 inquit,
2398 3531 2549 3577 erant
2575 3521 2847 3590 periectze,
2882 3536 2999 3590 qu:e
3025 3519 3344 3591 gerebantur
3364 3519 3501 3588 apud
3526 3518 3759 3584 Judams,

2180 3629 2351 3682 neque
2389 3613 2470 3667 lex
2499 3621 2613 3667 erat
2642 3612 2826 3666 umbra
2870 3610 3164 3666 futurorum
3201 3611 3460 3665 bonorum
3485 3652 3500 3676 ,
3529 3613 3622 3666 s-sd
3647 3612 3763 3680 ipsa

2182 3715 2348 3760 totum
2374 3704 2666 3769 eiliciebat,
2696 3719 2795 3758 nec
2822 3701 3052 3757 futurum
3082 3710 3226 3768 erat,
3255 3710 3311 3755 ut
3334 3702 3578 3767 cuiquam
3609 3699 3756 3754 alteri

2183 3797 2438 3861 cederet,
2470 3812 2641 3866 neque
2672 3804 2727 3849 ut
2757 3795 3112 3850 sacerdotium
3140 3795 3284 3863 prius
3312 3802 3546 3846 cessaret
3568 3834 3584 3857 ,
3625 3793 3755 3844 alte-

2181 3905 2403 3959 rumque
2430 3888 2788 3954 induceretur,
2816 3903 2912 3942 cur
2942 3886 3196 3956 propheta
3223 3885 3388 3940 dixit:
3421 3884 3500 3937 Tu
3528 3901 3578 3937 es
3604 3899 3755 3936 sacer-

2181 3979 2273 4032 dos
2299 3980 2349 4032 in
2379 3989 2616 4032 ceternnm
2649 3978 2921 4032 secundum
2946 3978 3170 4032 ordinent
3210 3967 3538 4030 IIelchisedec
3565 3977 3581 4043 (
3609 3974 3754 4029 Psal.

2183 4072 2304 4126 l09.
2337 4071 2453 4142 4)?
2481 4071 2766 4125 Dicendum
2811 4071 2951 4125 enim
3000 4078 3152 4135 erat,
3200 4068 3488 4122 secundum
3518 4068 3753 4121 ordinem

2183 4168 2379 4219 Aaron.
2420 4163 2620 4218 Idcirco
2657 4163 2774 4218 ait:
2814 4164 2858 4218 si
2905 4163 3288 4218 consummatio
3333 4178 3429 4231 per
3469 4160 3752 4216 Leviiicum

2181 4256 2534 4312 sacerdotium
2567 4265 2681 4310 erat
2704 4297 2718 4320 ,
2748 4255 2873 4324 quid
2904 4255 3096 4310 deinde
3151 4269 3285 4324 Opus
3313 4264 3427 4308 erat
3470 4250 3747 4307 secundum

2182 4349 2422 4404 ordinem
2460 4348 2813 4403 lllelchisedec
2851 4349 3044 4402 exoriri
3074 4347 3406 4402 sacerdotem
3437 4347 3595 4401 alium
3619 4387 3632 4409 ,
3657 4343 3743 4412 qui

2181 4455 2285 4495 non
2334 4440 2599 4494 diceretur
2645 4439 2933 4494 secundum
2979 4438 3217 4493 ordinem
3268 4439 3490 4492 Aaron?
3533 4437 3606 4490 Ex
3648 4434 3744 4487 hoc

2189 4533 2328 4587 enim
2363 4533 2561 4600 liquet,
2613 4531 2738 4586 illud
2769 4531 3118 4586 sacerdotium
3169 4532 3322 4586 linem
3355 4531 3646 4601 accepisse,
3691 4535 3742 4580 et

2181 4621 2322 4676 aliud
2359 4623 2408 4676 in
2450 4623 2589 4676 illius
2617 4622 2788 4676 locum
2835 4621 3104 4676 induetum
3130 4637 3249 4676 esse
3283 4623 3449 4675 multo
3477 4623 3651 4676 melius
3676 4631 3734 4669 ac

2181 4713 2474 4767 sublimius.
2502 4715 2611 4767 llcc
2630 4721 2803 4768 autem
2829 4715 3016 4776 cvirto,
3041 4713 3198 4767 simul
3222 4723 3273 4768 et
3296 4715 3423 4768 illud
3448 4716 3496 4768 in
3515 4711 3735 4768 confesso

2181 4811 2283 4868 est,
2309 4803 2465 4855 alium
2497 4804 2652 4857 etiam
2685 4801 2802 4855 vita-
2821 4812 3012 4856 statum
3043 4803 3341 4857 sacerdot‘o
3360 4812 3726 4870 congruentem.

2181 4894 2336 4946 simul
2385 4893 2733 4948 inducendum
2778 4893 2938 4947 fuisse
2960 4935 2976 4956 ,
3011 4909 3213 4946 necnon
3247 4896 3414 4961 legem
3445 4895 3722 4950 meliorem.

2180 4984 2427 5038 nimirum
2477 4995 2732 5037 nostram.
2779 4983 2930 5050 Quod
2977 4998 3106 5038 sane
3133 4983 3506 5038 demonstrans
3562 4981 3718 5038 Paulus

2180 5075 2424 5129 dicebat:
2453 5073 2723 5128 Translata
2767 5075 2898 5128 enim
2925 5075 3206 5128 sacerdotio
3235 5116 3249 5139 ,
3296 5076 3566 5129 necessario
3599 5073 3645 5139 ﬁt
3679 5075 3714 5118 el

2181 5166 2304 5236 legis
2329 5167 2593 5219 translatio
2612 5207 2626 5228 ,
2671 5176 2717 5219 et
2745 5167 2920 5220 horum
2964 5166 3192 5218 conditor
3216 5175 3287 5219 est
3315 5184 3445 5220 unus
3485 5163 3646 5236 (Hebr.
3669 5158 3708 5210 'l.

2181 5259 2248 5313 12
2269 5259 2312 5329 ).
2344 5258 2476 5326 Quia
2503 5258 2642 5311 enim
2677 5257 2928 5326 pleraque
2956 5257 3140 5326 legalia
3168 5257 3310 5311 circa
3348 5255 3610 5312 sacerdotii
3631 5249 3705 5304 Ini-

2179 5352 2392 5405 nisteria
2419 5350 2800 5414 consistebant,
2851 5351 2996 5418 prius
3022 5361 3200 5404 autem
3225 5350 3574 5405 sacerdotium
3610 5357 3704 5414 pm-

2179 5441 2410 5509 lligatum
2441 5450 2520 5495 est
2544 5483 2560 5506 ,
2611 5441 2862 5495 nimirum
2902 5441 3007 5494 alio
3034 5440 3086 5494 in
3132 5441 3271 5494 illius
3299 5443 3469 5496 vicem
3515 5439 3707 5495 indutu).

2180 5534 2561 5602 legislationcm
2592 5535 2750 5588 etiam
2797 5535 3069 5588 meliorem
3117 5532 3167 5588 in
3200 5535 3339 5590 illius
3367 5535 3530 5590 locum
3570 5524 3713 5585 induci

2177 5627 2431 5694 Oportuit.
2464 5626 2705 5682 Posthacc
2747 5625 3054 5690 declarans,
3082 5628 3148 5682 de
3173 5643 3279 5697 quo
3309 5628 3422 5682 hace
3449 5628 3594 5688 dicat,
3618 5622 3712 5673 ait:

2184 5715 2260 5769 De
2284 5734 2383 5786 quo
2402 5719 2531 5771 enim
2559 5718 2792 5772 dicantur
2812 5719 2940 5786 hac,
2964 5720 3168 5774 alterius
3191 5719 3348 5774 tribus
3369 5723 3592 5789 particeps
3611 5715 3713 5780 {mh
