4018 6190
480 210 667 315 ὀεδ

559 377 693 449 γὰρ,
716 375 805 431 ότι
845 375 914 440 ἐξ
951 372 1136 429 Ἰούδα
1165 371 1575 451 ἀναέἐταλκεν
1617 378 1652 431 ὁ
1683 375 1897 443 Κύριος
1927 369 2132 444 ήμῶν,

560 466 647 529 είς
676 460 759 531 ἢν
785 459 994 531 φυλὴν
1021 458 1203 514 οὐδὲν
1232 459 1365 527 περὶ
1388 460 1720 528 ἱερωσύνης
1746 456 1968 526 Μωσῆς
1994 455 2133 511 ἐλά-

556 551 772 616 λησεν.
797 545 962 597 Ὅταν
987 537 1079 596 οὖν
1120 542 1374 613 φαίνηται
1411 543 1441 595 6
1466 542 1700 615 Χριστὸς
1734 538 1793 607 ἐξ
1818 541 2031 610 ἐκείνης
2058 539 2134 594 ὢν

557 630 658 700 τῆς
685 626 877 697 φυλῆς,
904 625 1145 696 δηλονότι
1170 624 1271 695 τῆς
1308 623 1496 689 Ἰούδα,
1527 625 1623 680 zeal
1664 625 1843 696 ἱερεὺς
1870 626 2010 678 κατά
2036 624 2135 693 τὴν

555 710 709 774 τάξιν
737 708 1088 780 Μελχισεδὲκ,
1124 710 1152 761 6
1176 707 1232 760 δὲ
1258 707 1589 778 Μελχισεδὲκ
1613 708 1746 761 πολὺ
1766 708 1859 762 τοῦ
1883 705 2135 778 Ἀϐραὰμ

558 791 883 863 σεμνότερος
912 788 1008 846 ὤν’
1036 790 1374 860 πανταχόθεν
1421 790 1884 862 συνωμολόγηται,
1926 789 2008 843 ὅτι
2040 790 2135 842 καὶ

556 879 719 951 ἐτέρα
744 878 861 933 ἀνθ’
891 877 1083 948 ἐτέρας
1113 877 1392 947 εἰσάγεται
1423 878 1688 950 ἱερωσύνη
1717 878 1851 932 πολὺ
1873 878 1972 948 τῆς
1994 895 2132 949 προ-

552 966 719 1037 τέρας
749 965 1075 1035 ὑψηλοτέρα.
1106 964 1171 1017 Εἰ
1201 964 1311 1036 γάρ
1348 966 1377 1018 6
1422 962 1592 1029 τύπος
1620 964 1882 1030 τοιοῦτος,
1913 964 2008 1019 zeal
2034 964 2134 1035 τῆς

559 1052 857 1125 ἱερωσύνης
909 1055 1009 1123 τῆς
1054 1051 1349 1121 Ἰουδαϊκῆς
1376 1051 1755 1123 λαμπρότερος
1803 1046 1905 1123 ἦν,
1951 1050 2131 1122 πολλῷ

559 1141 759 1212 μᾶλλον
798 1139 934 1210 αύτὴ
973 1141 1006 1210 ἢ
1053 1138 1312 1209 ἀλήθεια·
1364 1139 1504 1210 ὅπερ
1569 1135 2132 1220 οὖνοκατασκευάζων

553 1229 726 1298 ἔλεγε·
757 1229 1198 1297 Περισσότερον
1214 1226 1305 1280 ἔτι
1328 1226 1672 1293 κατάδηλόν
1696 1227 1886 1293 ἐστιν,
1910 1230 1962 1282 εί
1984 1229 2134 1283 κατὰ

552 1317 671 1385 τὴν
690 1317 1010 1386 ὁμοιότητα
1038 1312 1414 1382 Μελχισεδὲκ
1449 1312 1763 1367 ἀνίσταται
1783 1315 1974 1383 ἱερεὺς
2011 1315 2135 1370 ἓτε-

548 1417 679 1469 ρος,
711 1400 780 1464 ὃς
810 1399 881 1452 οὐ
912 1396 1062 1451 κατὰ
1102 1398 1292 1466 νόμον
1338 1394 1596 1465 ἐντολῆς
1626 1397 1943 1466 σαρκικῆς,
1971 1396 2134 1453 ἀλλὰ

552 1483 706 1539 κατὰ
725 1482 982 1553 δύναμιν
1006 1480 1154 1551 ζωῆς
1179 1482 1581 1537 ἀκαταλύτου.
1599 1482 1664 1534 Τί
1686 1483 1853 1549 ἐστιν,
1874 1486 1957 1538 Οὺ
1984 1484 2134 1538 κατὰ

552 1570 743 1637 νόμον
779 1564 1033 1633 ἐντολῆς
1086 1563 1412 1634 σαρκικῆς,
1464 1566 1627 1620 ἀλλὰ
1675 1565 1826 1620 κατά
1876 1565 2135 1636 δύναμιν

555 1649 705 1720 ζωῆς
745 1649 1124 1704 ἀκαταλύτου
1143 1665 1163 1713 ;
1192 1647 1314 1700 Ὅτι
1354 1646 1462 1701 τῶν
1486 1648 1923 1720 προσταγμάτων
1964 1649 2129 1705 αὐτοῦ

554 1732 707 1787 οὐδὲν
725 1728 793 1804 ἦν
816 1729 1095 1802 σαρκικόν.
1115 1728 1189 1783 Οὐ
1212 1728 1322 1801 γὰρ
1347 1728 1596 1800 πρόϐατα
1618 1730 1766 1784 θύειν
1788 1731 1882 1784 καὶ
1899 1732 2132 1804 μόσχους

555 1815 836 1881 ἐπέταξεν,
867 1813 1003 1867 ἀλλά
1029 1812 1118 1867 διά
1156 1813 1258 1883 τῆς
1287 1811 1429 1866 κατά
1465 1812 1642 1885 ψυχὴν
1666 1814 1867 1885 ἀρετῆς
1892 1815 1981 1868 τὸν
2001 1816 2132 1870 Θεὸν

555 1898 898 1971 θεραπεύειν·
926 1898 1020 1967 zeal
1043 1896 1249 1950 τούτων
1278 1896 1344 1951 τὰ
1368 1896 1616 1951 ἐπαθλαα
1634 1897 1779 1970 ζωὴν
1808 1901 1942 1970 ημῖν
1968 1898 2131 1970 ἔθηκε

552 1986 653 2056 τὴν
678 1983 931 2037 οὐδέποτε
962 1978 1401 2050 καταλυομένην.
1429 1979 1540 2032 Kal
1578 1980 1738 2034 πάλιν
1765 1982 2134 2052 νεκρωθέντας

552 2068 701 2140 ἡμᾶς
733 2065 836 2119 ὑπὸ
870 2064 976 2119 τῶν
1019 2063 1300 2134 ἁμαρτιῶν
1335 2060 1506 2117 ἐλθὼν
1537 2063 1821 2137 ἀνέστησε,
1847 2068 1942 2121 zeal
1971 2067 2134 2133 ἐζωο-

555 2150 768 2221 ποίησε,
803 2147 1021 2205 διπλοῦν
1054 2147 1280 2201 θάνατον
1295 2145 1481 2211 λύσας,
1497 2148 1587 2202 τὸν
1602 2149 1701 2219 μὲν
1722 2150 1818 2222 τῆς
1839 2151 2130 2223 ἁμαρτίας,

552 2236 645 2289 τὸν
672 2233 730 2288 δὲ
758 2233 867 2305 τῆς
891 2230 1114 2304 σαρκός.
1165 2230 1318 2283 Ἐπεὶ
1361 2224 1453 2284 οὖν
1481 2230 1706 2285 τοιαῦτα
1733 2234 1973 2303 κομίζων
2003 2237 2133 2306 ἡμῖν

549 2312 713 2389 ἦλθεν
746 2315 947 2385 ἀγαθὰ,
976 2313 1067 2368 διὰ
1095 2312 1253 2366 τοῦτό
1275 2330 1438 2385 φησιν
1460 2331 1475 2345 ⁸
1518 2316 1601 2368 Οὐ
1628 2315 1778 2369 κατὰ
1814 2318 2004 2386 νόμον
2035 2319 2134 2372 ἐν·

551 2401 740 2470 τολῆς
769 2397 1100 2469 σαρκικῆς,
1133 2397 1295 2454 ἀλλά
1326 2398 1478 2452 κατὰ
1517 2398 1776 2470 δύναμιν
1808 2398 1958 2471 ζωῆς
1986 2403 2132 2457 dm-

550 2484 832 2540 ταλύτου.

562 2652 567 2655 _
623 2616 687 2664 ε’.
718 2608 857 2679 Ἤδη
887 2606 987 2678 μὲν
1005 2599 1097 2659 οῦν
1123 2607 1219 2659 zeal
1238 2604 1397 2659 τοῦτο
1418 2607 1605 2660 λοιπὸν
1636 2607 2130 2672 συναποδέδεικται,

552 2692 636 2748 ὅτι
666 2692 765 2762 τῆς
795 2684 1098 2762 ἱερωσύνης
1131 2690 1519 2760 μετατεθείσης
1538 2730 1554 2754 ,
1589 2692 1683 2745 καὶ
1715 2691 1880 2762 νόμου
1910 2693 2136 2763 μετάθε-

557 2792 641 2830 σιν
670 2775 731 2841 te
768 2773 1015 2844 ἀνάγκης
1060 2772 1205 2837 εἰκὸς
1233 2768 1303 2844 ἦν
1348 2773 1624 2841 γενέσθαι.
1673 2773 1811 2827 Ἀλλ’
1855 2775 2005 2845 ὅμως
2042 2776 2135 2829 zeal

553 2857 712 2913 τοῦτο
732 2857 862 2911 αὐτὸ
886 2856 1064 2928 ῥητῶς
1092 2854 1221 2926 ἐνῆν
1246 2854 1547 2922 ἀποδεῖξαι,
1569 2856 1664 2910 zeal
1697 2858 1822 2920 τοὺς
1850 2860 2136 2929 προφήτας

553 2942 715 2998 πάλιν
745 2942 1089 3014 παραγαγεῖν
1127 2939 1407 3012 μάρτυρας
1435 2939 1712 3008 λέγοντας,
1757 2941 1838 2994 ὅτι
1873 2942 1966 2995 καὶ
1996 2944 2025 2996 6
2051 2943 2137 2996 νό-

557 3044 658 3099 μος
705 3023 1167 3098 μετατεθήσεται,
1220 3023 1317 3077 zeal
1345 3025 1379 3094 ή
1423 3022 1672 3078 πολιτεία
1712 3024 1803 3078 ἐπὶ
1837 3025 1897 3078 τὸ
1926 3024 2136 3095 βέλτιον

556 3106 1201 3180 μετασχηματισθήσεται
1235 3103 1288 3171 δ,
1319 3105 1413 3160 zeal
1456 3107 1538 3160 ὅτι
1570 3106 1823 3178 βασιλεὺς
1848 3107 2023 3172 οὐδεὶς
2045 3110 2136 3163 οὐ·

547 3194 742 3250 δέποτε
770 3194 951 3249 λοιπὸν
971 3194 1337 3265 ἀναστήσεται
1372 3194 1641 3258 Ἰουδαῖος.

639 3341 856 3413 Ἐπειδὴ
901 3340 958 3394 δὲ
990 3339 1228 3394 τοσαῦτα
1264 3339 1371 3412 χρὴ
1402 3341 1580 3409 λέγειν
1617 3341 1719 3396 ὅσα
1754 3343 1976 3397 δυνατὸν
2006 3345 2137 3399 ὐπο-

553 3424 802 3497 δέχεσθαι
835 3423 926 3476 τὸν
959 3423 1254 3493 ἀκροατὴν,
1292 3423 1385 3476 zeal
1430 3422 1506 3494 μὴ
1556 3422 1732 3477 πάντα
1769 3425 1861 3495 ὑφ’
1890 3427 1968 3492 ἐν,
1999 3429 2135 3499 μηδέ

552 3507 786 3578 ἀθρόως,
809 3507 888 3569 εἰς
909 3505 1094 3575 ἕτερον
1116 3506 1298 3559 ἐκεῖνα
1319 3507 1746 3578 ταμιευσάμενοι
1767 3510 1979 3580 καιρὸν,
1997 3511 2136 3576 τέως

553 3587 787 3643 ἐνταῦθα
841 3586 1221 3658 καταλύσομεν
1267 3588 1358 3642 τὸν
1405 3587 1562 3659 λόγον
1582 3628 1598 3655 ,
1647 3592 2136 3662 παρακαλέσαντες

555 3671 710 3742 ὑμῶν
736 3670 833 3742 τὴν
879 3672 1100 3744 ἀγάπην
1122 3713 1137 3737 ,
1173 3671 1481 3743 μεμνῆσθαι
1510 3672 1621 3728 τῶν
1649 3676 1987 3748 εἰρημένων,
2038 3677 2135 3733 zeal

553 3758 665 3819 τοῖς
692 3754 1002 3826 ἔμπροσθεν
1033 3754 1272 3825 λεχθεῖσι
1298 3755 1473 3810 ταῦτα
1498 3757 1750 3828 συνάψαι·
1775 3761 1869 3813 καὶ
1891 3760 1920 3813 δ
1947 3761 2136 3833 πρότε-

557 3855 649 3909 ρον
678 3836 962 3907 ἐδεόμεθα,
985 3836 1144 3892 τοῦτο
1160 3838 1465 3911 δεησόμεθα
1486 3842 1581 3895 καὶ
1595 3840 1712 3906 νῦν,
1734 3844 1859 3907 τοὺς
1873 3843 2135 3915 ἀδελφοὺς

553 3918 937 3974 ἀνασώσασθαι
965 3920 1092 3984 τοὺς
1131 3920 1447 3994 ὑμετέρους,
1482 3923 1577 3976 zeal
1612 3925 1814 3997 πολλὴν
1852 3927 1993 3999 ὑπὲρ
2026 3927 2134 3981 τῶν

554 4001 917 4084 ὴμελημένων
961 4002 1139 4075 μελῶν
1184 4005 1514 4077 ποιήσασθαι
1557 4008 1835 4079 πρόνοιαν·
1880 4010 1981 4064 Διά
2025 4011 2136 4084 γὰρ

551 4083 710 4139 τοῦτο
758 4085 998 4140 τοιοῦτον
1043 4088 1206 4158 ἡμεῖς
1251 4088 1627 4161 ἀναδεχόμεθα
1669 4090 1862 4156 πόνον,
1916 4093 2014 4164 οὐχ
2045 4083 2132 4148 ἵνα

553 4168 741 4232 ἁπλῶς
766 4169 1031 4240 εἴπωμεν,
1061 4169 1170 4223 οὐδ’
1207 4170 1294 4223 ἴνα
1345 4171 1554 4241 κρότων
1589 4173 1684 4226 καὶ
1730 4172 1973 4246 θορύϐων
1997 4178 2133 4230 ἀπος

550 4251 864 4323 λαύσωμεν,
886 4251 1000 4306 ἀλλ’
1023 4252 1109 4307 ἴνα
1138 4253 1573 4327 ἐπαναγάγωμεν
1603 4256 1740 4328 πρὸς
1763 4257 1861 4330 τὴν
1884 4257 1983 4330 τῆς
2010 4260 2136 4333 άλη-

548 4335 705 4400 θείας
730 4336 847 4390 ὁδὸν
881 4338 1009 4400 τοὺς
1054 4338 1487 4411 ἀπορραγέντας.
1532 4340 1643 4393 Kal
1666 4342 1757 4412 Δμή
1804 4360 1894 4413 μοι
1932 4344 2136 4413 λεγέτω

550 4436 655 4483 τις,
676 4420 760 4473 ὅτι
788 4419 980 4474 Κοινδν
1002 4420 1153 4475 οὐδὲν
1181 4421 1289 4492 ἔχω
1316 4422 1451 4494 πρὸς
1475 4425 1700 4489 ἐκεῖνον,
1719 4425 1927 4492 γένοιτό
1958 4445 2047 4498 μοι
2070 4428 2137 4483 τὰ

552 4502 794 4573 ἐμαυτοῦ
840 4504 1184 4575 κατορθῶσαι
1235 4506 1556 4577 πράγματα.
1598 4508 1788 4574 Οὐδεὶς
1833 4511 1894 4564 τὸ
1940 4511 2133 4566 ἐαυτοῦ

551 4583 896 4655 κατορθῶσαι
930 4585 1154 4639 δύναται
1191 4589 1360 4659 χωρὶς
1386 4589 1487 4660 τῆς
1517 4589 1611 4643 τοῦ
1650 4590 1876 4663 πλησίον
1916 4594 2136 4666 ἀγάπης

553 4668 650 4722 zeal
684 4668 976 4739 σωτηρίας.
1007 4670 1107 4723 Διά
1135 4669 1295 4724 τοῦτο
1323 4673 1418 4726 καὶ
1446 4674 1476 4726 6
1503 4672 1711 4740 Παῦλός
1740 4694 1892 4746 φησι,
1911 4678 2137 4747 Μηδεὶς

550 4751 617 4804 τὸ
645 4749 863 4806 ἑαυτοῦ
882 4749 1150 4829 ζητείτω,
1176 4752 1336 4808 ἀλλὰ
1374 4752 1440 4807 τὸ
1467 4756 1574 4810 τοῦ
1600 4756 1805 4825 ἐτέρου
1833 4759 2094 4829 ἕκαστος
2115 4801 2132 4828 ,

550 4833 728 4900 εἰδὼς,
754 4835 835 4889 ὅτι
864 4826 923 4887 τὸ
949 4834 1141 4890 ἐαυτοῦ
1166 4837 1222 4889 ἐν
1250 4836 1330 4908 τῷ
1364 4837 1459 4892 τοῦ
1489 4839 1710 4911 πλησίον
1729 4846 1906 4898 κεῖται
1929 4826 2135 4918 συμιρέέ

555 4933 719 4988 ροντι.
765 4917 1061 4987 ’Υγιαίνεις
1086 4919 1172 4986 σὺ,
1201 4919 1314 4973 ἀλλ’
1339 4922 1369 4976 6
1396 4922 1623 4992 ἀδελφός
1655 4942 1748 4979 σου
1781 4927 2015 4983 ἀσθενεῖ.
2036 4932 2133 4983 Ἂν

550 5000 728 5081 τοίνυν
752 4996 810 5085 εῦ
840 5005 1062 5074 φρονῇς,
1092 5003 1334 5075 περὶτοῦ
1359 5006 1656 5077 κάμνοντος
1682 5008 1943 5079 μειζόνως
1963 5012 2134 5085 ἀλγή-

551 5076 686 5149 σεις,
719 5084 810 5138 zeal
834 5087 1047 5159 μιμήσῃ
1082 5089 1175 5140 καὶ
1203 5088 1261 5140 ἐν
1292 5076 1466 5161 τούτῳ
1489 5090 1580 5145 τὸν
1606 5093 1873 5165 μακάριον
1902 5076 2127 5162 ἐκεῖνον,

548 5169 641 5223 τὸν
676 5168 922 5238 λέγονται
970 5171 1067 5237 Τίς
1108 5171 1386 5241 ἀσθενεῖ,
1435 5175 1534 5228 καὶ
1575 5178 1687 5231 οὐκ
1737 5177 2010 5244 ἀσθενῶ;
2040 5182 2131 5248 τίς

548 5250 1029 5318 σκανδαλίζεται,
1054 5255 1153 5308 καὶ
1176 5257 1290 5311 οὐκ
1312 5258 1428 5328 ἐγὼ
1452 5262 1751 5333 πυροῦμαι
1773 5282 1792 5328 ;
1818 5264 1879 5317 Εἰ
1904 5267 2014 5337 γὰρ
2037 5268 2131 5321 δύο

550 5339 976 5405 καταϐάλλοντες
997 5341 1150 5416 {672]
1184 5342 1424 5413 ὀϐολοὺς,
1451 5347 1546 5401 καὶ
1581 5348 1924 5416 δαπανῶντες
1951 5352 2129 5423 ὀλίγον

612 5548 638 5618 ξ
659 5543 857 5618 Alii-zeal
883 5549 1067 5618 τούτων
1091 5550 1151 5600 τὰ
1175 5551 1368 5618 ἔπαθλα.
1391 5554 1566 5606 llorel.
1606 5565 1659 5608 et
1681 5561 1828 5612 Savil.
1866 5565 2004 5618 ἆθλα.

553 5606 814 5734 μαιξιῗξξιι.
838 5612 1052 5660 πολιτεία
1083 5616 1470 5678 μετενεχθήσιται
1493 5618 1570 5668 ἐπὶ
1592 5606 1656 5669 τδ

727 5692 849 5730 una.

727 5692 849 5730 εισα,

1262 254 1319 312 s.
1359 256 1645 315 JOANNIS
1682 234 2172 313 cuanosmm
2210 254 2531 316 ARCHIEP.
2570 230 3115 319 COSSTANTINOP.
3602 286 3703 348 θεῖς’

2241 372 2502 461 ἀργύριον
2526 378 2607 442 εἰς
2642 378 2901 452 πένητας,
2938 381 3221 453 χαίρομεν·
3268 380 3327 438 ἃν
3357 388 3505 461 ψυχὰς
3526 399 3652 456 arum
3673 415 3698 445 σ

2238 458 2575 557 ξρνηθωμεν,
2603 463 2777 557 πόσην
2807 463 2907 557 μὲν
2939 466 3326 557 καρπωσόμεθά
3360 458 3547 548 ἡδονήν;
3572 484 3699 557 πόσης

2239 541 2296 639 δὲ
2324 543 2463 639 κατὰ
2624 546 2797 639 αἰῶνα
2840 546 2956 639 τόν-
2987 547 3245 639 μέλλρντα
3286 541 3602 639 ἀπολαύσομεν

2238 627 2505 717 ἀμοιϐῆςξ
2539 629 2650 682 Kal
2681 629 2792 717 γάρ
2819 631 2914 717 zeal
2939 631 3199 717 ἐνταῦθα,
3226 636 3397 717 ὁσάκις
3425 640 3479 695 ἂν
3503 627 3711 717 ὠντύχῷ.

2241 725 2360 798 μεν,
2388 710 2589 798 πολλὴν
2626 712 2887 798 δεξόμεθα
2913 715 3013 785 τὴν
3056 715 3372 790 εὐφροσύνην
3408 723 3500 777 ἀπδ
3522 726 3600 798 τῆς
3622 710 3710 785 ὢν.

2237 791 2461 877 τυχίας,
2503 795 2612 847 τῶν
2655 796 3093 868 κατορθωμάτων
3140 791 3615 877 ἀναμιμνησκόμενοι
3637 813 3714 866 τῶν

2239 876 2358 927 κατ’
2386 876 2600 943 αὐτοὺς,
2630 880 2725 932 zeal
2758 879 2850 932 ἐπὶ
2874 880 2967 934 τοῦ
2994 880 3232 955 βήματος
3259 883 3437 950 αὖτοὺς
3459 876 3557 943 ἐκεῖ
3570 891 3715 948 θεασά-

2243 972 2394 1048 μενοι
2409 957 2522 1048 ’τοῦ
2546 959 2801 1048 φοϐεροῦ,
2854 963 3097 1048 μεγάλης
3147 967 3423 1038 μεθέξομεν
3449 972 3532 1041 τῆς
3555 978 3718 1048 mpm.

2241 1041 2382 1105 σίας.
2409 1043 2520 1096 Kal
2553 1044 2805 1117 καθάπερ
2826 1047 2876 1098 οἱ
2904 1045 3212 1113 ἀδικοῦντες
3243 1051 3331 1104 zeal
3357 1041 3718 1126 πλεονεκτοῦντες

2238 1126 2332 1179 zeal
2360 1126 2717 1198 ἁρπάζοντες,
2753 1129 2847 1183 zeal
2879 1130 3045 1202 μυρία
3093 1134 3201 1196 τοῖς
3229 1133 3436 1205 πλησίον
3465 1137 3718 1206 διατιθέντες

2239 1208 2419 1273 κακὰ,
2467 1210 2793 1277 ἀπελθόντες
2835 1212 2985 1279 ἐκεῖ,
3032 1215 3127 1268 zeal
3159 1218 3282 1279 τοὺς
3321 1217 3478 1271 ταῦτα
3518 1221 3721 1287 παθόντας

2242 1290 2440 1356 ἰδόντες
2473 1292 2715 1362 (ὄψονται
2736 1294 2866 1368 γὰρ,
2895 1297 3077 1366 φησὶν,
3103 1297 3296 1360 αὐτοὺς
3322 1301 3532 1364 πάντως.
3562 1307 3632 1357 καὶ
3652 1307 3720 1376 δῆ-

2238 1375 2329 1429 λον
2367 1378 2433 1429 ἐκ
2468 1377 2563 1430 τοῦ
2597 1377 2856 1432 πλουσίου
2896 1380 2991 1432 zeal
3027 1379 3122 1433 τοῦ
3149 1379 3390 1454 Λαζάρου
3429 1384 3614 1456 τοῦτο),
3635 1375 3722 1442 οὐδὲ

2226 1459 2445 1525 ’ἀνοῖξαι
2475 1460 2649 1532 στόμα
2672 1459 3014 1532 δυνήσονται,
3045 1462 3167 1517 οὐδὲ
3204 1463 3370 1518 εἴπεῖν
3395 1484 3442 1518 τι
3471 1468 3554 1520 καὶ
3581 1470 3722 1524 ἀπολο-

2239 1542 2531 1613 γήσασθαι,
2562 1543 2699 1597 ἀλλά
2738 1543 3000 1617 αἰσχύνης
3048 1546 3247 1618 πολλῆς
3288 1549 3640 1620 ἐμπλησθέντες
3661 1555 3728 1606 zeal

2240 1625 2637 1693 καταγνώσεως
2656 1667 2671 1692 ,
2704 1626 2813 1680 ἀπὸ
2853 1629 2952 1699 τῆς
2982 1627 3159 1698 ὅψεως
3193 1629 3291 1699 τῆς
3321 1631 3524 1684 ἐκείνων
3551 1634 3624 1685 ἐπὶ
3639 1637 3727 1699 τοὺς

2240 1709 2517 1779 ποταμοὺς
2539 1711 2999 1783 ἀπενεχθήσονται
3024 1711 3120 1766 τοῦ
3143 1713 3325 1783 πυρός’
3352 1713 3505 1779 οὕτως
3523 1717 3566 1768 οἱ
3584 1716 3730 1782 ζῶντες

2240 1791 2336 1844 zeal
2367 1791 2711 1857 διδάσκοντες
2739 1795 2835 1847 zeal
2887 1794 3285 1866 κατηχοῦντες,
3327 1796 3508 1861 ἰδόντες
3538 1800 3639 1862 τοὺς
3668 1798 3734 1852 ὑπ’

2238 1873 2418 1927 αὐτῶν
2455 1875 2818 1942 διασωθέντας
2848 1877 3287 1950 συνηγοροῦντας
3318 1879 3488 1943 αὐτοῖς
3508 1882 3620 1941 ἐκεῖ,
3644 1881 3737 1932 πολ-

2238 1959 2336 2030 λῆς
2381 1959 2859 2039 ἐμπλησθήσονται
2904 1962 3003 2032 τῆς
3046 1963 3380 2035 παρρησίας.
3425 1964 3526 2017 Καὶ
3567 1963 3740 2017 τοῦτοὸ

2240 2041 2450 2107 Παῦλος
2470 2042 2646 2114 δηλῶν
2665 2044 2839 2114 ἔλεγε,
2874 2047 3176 2115 Καύχημα
3204 2046 3370 2115 ὑμῶν
3399 2047 3582 2115 ἐσμεν,
3606 2045 3740 2099 mad-

2240 2138 2349 2194 περ
2374 2126 2473 2179 καί
2502 2125 2670 2195 ὑμεῖς
2698 2125 2886 2196 ἡμῶν.
2911 2127 3070 2195 Πότε,
3101 2128 3225 2181 εἰπέ
3249 2146 3263 2194 ;
3298 2129 3390 2183 Ἑν
3408 2129 3475 2196 τῇ
3491 2128 3649 2198 ἡμέρᾳ
3664 2126 3740 2180 τοῦ

2238 2208 2460 2276 Κυρίου
2485 2208 2655 2279 ήμῶν
2679 2211 2872 2279 Ἰησοῦ
2901 2213 3189 2280 Χριστοῦ.
3219 2213 3328 2265 Kal
3356 2212 3505 2266 πάλιν
3522 2214 3547 2264 6
3569 2209 3745 2281 Χριστὸς

2242 2293 2499 2362 παραινεῖ
2535 2290 2729 2360 λέγων,
2760 2293 3062 2363 Ποιήσατε
3090 2294 3238 2365 ὑμῖν
3263 2294 3473 2364 φίλους
3492 2294 3551 2347 ἐκ
3572 2293 3656 2346 τοῦ
3670 2308 3745 2361 μα-

2234 2372 2405 2444 μωνᾶ
2426 2373 2534 2445 τῆς
2560 2374 2819 2443 ἀδικίας,
2856 2377 2959 2430 ἵνα
2996 2376 3150 2430 ὅταν
3183 2379 3465 2445 ἐκλίπητε
3484 2417 3498 2441 ,
3528 2376 3751 2440 δέξωνται

2240 2456 2395 2525 ὑμᾶς
2427 2460 2515 2525 εἰς
2552 2460 2659 2525 τὰς
2693 2461 2972 2528 αἰωνίους
3001 2460 3208 2515 αὐτῶν
3245 2460 3490 2529 σκηνάς.
3531 2460 3663 2531 Ὁρᾷς
3690 2458 3751 2511 ὅτι

2243 2540 2411 2611 πολλὴ
2439 2542 2721 2614 παρρησία
2751 2544 2883 2614 ἡμῖν
2912 2544 3209 2615 γενήσεται
3246 2545 3312 2598 ὲκ
3346 2544 3449 2597 τῶν
3469 2543 3553 2596 νῦν
3580 2542 3753 2612 εὐεργε-

2240 2624 2515 2694 τουμένων
2537 2625 2665 2697 παρ’
2684 2625 2868 2696 ἡμῶν.
2903 2625 2966 2679 Εἰ
2991 2625 3069 2691 δὲ,
3102 2627 3240 2680 ὅπου
3267 2626 3548 2698 χρημάτων
3572 2624 3753 2693 δαπάνη.

2240 2706 2483 2761 τοσοῦτοι
2520 2711 2567 2762 οἱ
2604 2709 2878 2780 στέφανοι,
2908 2708 3169 2774 τοσοῦτος
3210 2712 3239 2764 6
3282 2710 3483 2781 μισθὸς,
3508 2706 3761 2775 τοσαύτηίς

2241 2791 2467 2864 ἀμοιϐή·
2486 2792 2618 2845 ὅπου
2634 2793 2812 2865 ψυχῆς
2826 2793 3086 2863 ὠφέλεια,
3107 2794 3230 2858 πῶς
3246 2795 3306 2848 ού
3326 2793 3488 2847 πολλά
3502 2793 3584 2846 zeal
3598 2789 3761 2858 μεγάλα

2240 2875 2373 2944 ἡμῖν
2392 2874 2544 2929 έσται
2573 2875 2641 2929 τά
2671 2877 2883 2947 ἀγαθάς
2912 2878 2975 2931 Εἰ
2995 2878 3110 2949 γὰρ
3132 2881 3168 2948 ἡ
3191 2877 3402 2931 Ταϐιθά
3423 2876 3606 2946 ἐκείνη,
3627 2873 3762 2944 χήρας

2242 2956 2506 3010 ἐνδύσασα
2534 2958 2627 3012 zeal
2662 2959 2854 3013 πενίαν
2882 2959 3234 3031 διορθώσασα
3258 2959 3283 2997 δ
3301 3003 3316 3026 ,
3337 2960 3443 3015 ἀπὸ
3471 2959 3668 3012 θανάτου
3690 2953 3765 3007 πάρ

2242 3040 2324 3093 λιν
2345 3043 2423 3105 εἰς
2444 3040 2592 3114 ζωὴν
2621 3041 2912 3113 ἐπανῆλθε,
2943 3044 3037 3097 zeal
3065 3042 3140 3097 τά
3166 3044 3380 3115 δάκρυα
3406 3042 3508 3097 τῶν
3530 3041 3765 3110 εὐεργετη·

2242 3122 2444 3178 θέντων
2475 3123 2653 3196 ψυχὴν
2685 3124 3028 3180 ἀπελθοῦσαν
3055 3127 3418 3198 ἐπανήγαγεν
3444 3127 3518 3189 εἰς
3544 3123 3679 3191 σῶμα
3699 3118 3771 3174 πά-

2241 3204 2344 3269 λιν,
2377 3204 2530 3260 οὔπω
2557 3208 2657 3279 τῆς
2686 3207 3033 3272 ἀναστάσεως
3069 3209 3363 3279 φανείσης,
3392 3209 3445 3260 τί
3471 3207 3563 3259 οὐκ
3588 3201 3770 3274 ἐργάσει

2240 3305 2331 3343 ται
2356 3288 2465 3343 τῶν
2493 3289 2798 3361 ἀνθρώπων
2828 3291 3054 3345 ἐκείνων
3090 3292 3165 3346 τὰ
3214 3292 3451 3363 δάκρυα,
3476 3291 3580 3344 ὅσοι
3612 3286 3666 3340 ἂν
3694 3282 3781 3336 {uel

2243 3370 2338 3424 σοῦ
2374 3370 2743 3440 διασωθῶσιν;
2778 3374 2993 3446 Ὠσπερ
3033 3374 3152 3448 γὰρ
3186 3376 3396 3446 ταύτην
3435 3371 3713 3445 περιστᾶσαι
3732 3365 3774 3416 αἱ

2238 3454 2409 3526 χῆραι
2435 3454 2616 3520 ζῶσαν
2654 3456 2764 3510 ἀπὸ
2802 3459 3004 3530 νεκρᾶς
3034 3459 3253 3526 ἔδειξαν
3272 3502 3287 3526 ,
3312 3457 3454 3511 οὕτω
3495 3455 3582 3509 zeal
3616 3451 3665 3504 σὲ
3684 3448 3775 3502 τότε

2243 3538 2596 3609 περιστάντες
2638 3541 2687 3593 οί
2716 3539 3080 3606 διασωθέντες
3120 3540 3222 3598 νῦν
3247 3584 3263 3607 ,
3302 3545 3576 3613 ποιήσουσι
3620 3532 3778 3600 πολλῆς

2240 3621 2544 3675 ἀπολαῦσαι
2570 3621 3003 3693 φιλανθρωπίας,
3034 3624 3137 3679 zeal
3166 3625 3265 3679 τοῦ
3299 3625 3400 3695 τῆς
3426 3623 3631 3693 γεέννης
3647 3614 3778 3695 πυρδς

2240 3705 2629 3778 ἐξαρπάσουσι.
2655 3707 2819 3760 Ταῦτ’
2836 3702 2930 3762 οὖν
2960 3708 3192 3774 εἰδότες,
3215 3710 3293 3781 μὴ
3320 3693 3480 3780 μέχρι
3506 3706 3597 3775 τῆς
3620 3693 3781 3781 παρῴῖ

2243 3804 2344 3859 σης
2367 3788 2516 3863 ὧρας
2540 3788 2732 3862 θερμοὶ
2756 3792 2851 3844 zeal
2871 3778 3299 3865 διεγηγερμένοι
3319 3778 3467 3863 ὦμεν
3490 3790 3651 3861 μόνον,
3676 3778 3780 3837 ἀλλά

2240 3872 2302 3927 τὸ
2321 3872 2455 3945 πῦρ,
2478 3875 2615 3946 ὅπερ
2638 3873 2789 3945 ἔχετε
2814 3874 2930 3940 νῦν,
2961 3875 3241 3946 ἀνάψατε·
3262 3876 3362 3930 zeal
3390 3873 3671 3942 ἐξελθόντες
3688 3865 3783 3930 ἔξω.

2240 3955 2587 4027 διανείμασθε
2620 3956 2721 4028 τὴν
2746 3957 3021 4030 σωτηρίαν
3050 3960 3157 4031 τῆς
3192 3960 3430 4024 πόλεως,
3457 3958 3554 4011 κάν
3580 3950 3784 4031 ἀγνοῆτε,

2241 4039 2679 4112 περιεργάσασθε
2707 4041 2837 4104 τοὺς
2866 4041 2935 4095 τὰ
2956 4042 3190 4097 τοιαῦτα
3219 4042 3536 4105 νοσοῦντας.
3554 4037 3690 4094 Οῦτω
3704 4030 3785 4102 γὰρ

2243 4122 2337 4176 καὶ
2368 4123 2533 4194 ἡμεῖς
2565 4123 2699 4193 ύμῖν
2747 4125 3167 4199 προθυμότερον
3198 4126 3577 4198 διαλεξόμεθα,
3607 4119 3683 4174 διὰ
3707 4115 3787 4169 τῶν

2243 4204 2418 4277 ἔργων
2448 4205 2628 4259 αὐτῶν
2648 4207 2912 4278 μαθόντες
2933 4220 2979 4275 ο,
3004 4210 3090 4262 δτι
3112 4212 3221 4265 οὐκ
3242 4213 3327 4276 εἰς
3353 4211 3555 4282 πέτραν
3578 4200 3785 4270 les-tesi?"

2245 4304 2365 4359 μεν,
2393 4288 2487 4342 zeal
2511 4289 2669 4361 ὑμεῖς
2692 4290 2848 4344 αὐτοὶ
2870 4290 3294 4366 προθυμότεροι
3320 4293 3452 4365 περὶ
3474 4293 3570 4363 τὴν
3588 4287 3676 4357 τῆς
3695 4284 3788 4366 ἀεί’

2241 4370 2340 4443 τῆς
2373 4372 2635 4443 ἐργασίαν
2661 4372 2871 4429 ἔσεσθε.
2900 4375 3181 4449 Καθάπερ
3203 4364 3321 4450 γὰρ
3351 4364 3447 4431 ἐστὶ
3475 4375 3578 4428 τῶν
3607 4364 3784 4442 χρημάε

2241 4470 2349 4507 των
2368 4456 2398 4508 6
2423 4454 2515 4508 δύο
2532 4456 2797 4528 κερδάνας
2823 4459 3143 4530 χρυσίνους,
3166 4462 3403 4516 πλείονα
3427 4461 3495 4515 λα
3501 4457 3674 4531 μϐάνει
3694 4464 3789 4531 προξ

2243 4537 2465 4609 θυμίαν,
2506 4541 2642 4611 πρὸς
2677 4542 2738 4595 τὸ
2779 4528 2873 4597 zeal
2916 4543 3052 4598 δέκα
3102 4546 3207 4599 zeal
3254 4544 3435 4599 εἴκοσι
3472 4528 3697 4601 συλλέξαι
3722 4528 3787 4585 καὶ

2245 4626 2576 4692 συναγαγεῖν
2601 4640 2614 4654 '
2651 4623 2795 4678 οὓτω
2837 4627 2933 4680 zeal
2982 4627 3078 4681 ἐπὶ
3136 4629 3245 4700 τῆς
3288 4628 3497 4702 ἀρετῆς
3547 4612 3788 4695 γίνεται,δ

2241 4707 2474 4778 ποιήσας
2498 4723 2550 4761 τι
2586 4708 2752 4763 καλὸν
2784 4708 2948 4783 ἔργον
2977 4713 3073 4766 zeal
3116 4713 3512 4786 κατορθώσας,
3549 4709 3636 4764 ἀπ’
3662 4703 3787 4768 αὖτῆς

2239 4787 2336 4842 τοῦ
2379 4790 2810 4864 κατορθώματος
2856 4795 2960 4867 τῆς
3002 4798 3292 4868 ἐργασίας
3338 4798 3467 4853 τινὰ
3505 4789 3785 4864 παράκλησιν

2239 4871 2509 4953 λαμϐάνει
2532 4874 2628 4928 zeal
2650 4876 2997 4949 παραίνεσιν,
3026 4879 3183 4934 ὥστε
3222 4882 3327 4935 zeal
3356 4881 3560 4953 ἐτέρων
3583 4870 3781 4953 M41609-

2241 4954 2338 5008 'Iv’
2373 4950 2465 5010 οὖν
2499 4957 2593 5013 zeal
2621 4960 2750 5023 τοὺς
2769 4960 3035 5030 ἀδελφοὺς
3067 4950 3482 5037 διασώσωμεν,
3520 4960 3608 5015 zeal
3631 4950 3780 5037 éa'nols

2241 5039 2572 5111 συγγνώμην
2608 5041 2703 5095 ἐπὶ
2736 5045 2850 5107 τοῖς
2879 5033 3585 5120 ἡμαρτημένοιςίμᾶλλον
3606 5043 3657 5097 δὲ
3689 5033 3781 5105 παρ’

2241 5122 2435 5204 md”
2474 5124 2676 5196 πολλὴν
2715 5126 3197 5200 πφαποθὼμεοα,
3237 5134 3344 5185 zeal
3378 5131 3489 5204 πρὸ
3528 5126 3630 5181 τῶν
3661 5120 3780 5178 ἄλλων

2239 5203 2494 5294 ἁπάντων
2517 5207 2579 5260 τὸ
2619 5207 2776 5294 [6751
2797 5210 2969 5282 ὄνομα
2998 5210 3096 5294 τοῦ
3134 5212 3287 5268 Θεοῦ
3326 5203 3783 5294 δοξάζεσθαι

2238 5284 2615 5356 σκευάσωμεν,
2651 5287 2792 5358 μετά
2818 5288 3099 5358 γυναικῶν
3142 5294 3254 5346 zeal
3294 5294 3533 5347 παιδίων
3568 5292 3652 5344 καὶ
3685 5285 3786 5335 οἰκεῖ·

2235 5366 2346 5420 τῶν
2376 5368 2467 5455 ἐπὶ
2499 5367 2597 5455 τήν
2628 5369 2806 5442 ἄγραν
2845 5372 3048 5444 ταύτην
3082 5376 3192 5429 zeal
3235 5376 3344 5449 τὴν
3380 5378 3556 5449 θήραν
3593 5361 3788 5455 ifian

2234 5466 2347 5516 τες,
2380 5452 2747 5524 ἐκσπάσωμεν
2784 5456 2849 5509 ἐκ
2885 5456 2985 5527 τῆς
3011 5456 3112 5511 τοῦ
3145 5460 3415 5516 διαϐόλου
3451 5456 3663 5526 παγίδος
3700 5452 3794 5499 τ’)θῖ

2299 5572 2321 5599 ⁸⁵
2343 5570 2441 5621 Alii
2467 5574 2723 5627 διασῶσαι.

2295 5628 2323 5670 ἀ
2344 5632 2545 5704 ξςριριη
2567 5650 2677 5704 m_s$.
2701 5639 3071 5704 διορθωσαμένη.

2297 5705 2317 5725 ⁸
2339 5693 2488 5744 Iidem
2510 5693 2828 5761 μανθάνοντες.
