4018 6190
237 315 336 370 9'23

215 448 277 490 ea:
297 447 400 504 qua
423 429 596 488 nullus
620 432 829 486 vacabat
854 430 1026 486 altari.
1059 429 1392 500 Manifestum
1416 439 1490 485 est
1513 431 1644 486 enim
1668 433 1804 502 quod

213 538 279 576 ea:
303 521 442 577 Iuda
467 531 674 576 exortus
703 530 774 576 est
800 519 1050 576 Dontinus
1085 531 1254 576 noster
1277 561 1292 587 ,
1331 522 1384 575 in
1425 537 1576 592 quam
1624 522 1806 575 tribum

219 612 348 669 nihil
361 615 423 670 de
445 615 727 669 sacerdotio
750 614 918 669 Moses
938 614 1172 686 loquutus
1191 623 1263 669 est
1284 613 1470 685 (Hebr.
1497 615 1550 669 7.
1575 614 1662 668 15.
1691 613 1804 686 Μ).

216 705 348 761 Cum
377 706 536 779 igitur
560 707 766 761 clarum
793 706 862 761 sit
885 705 1156 761 Christum
1181 721 1246 761 ex
1275 705 1361 760 illa
1386 720 1505 761 esse
1533 705 1694 770 tribu,
1722 705 1805 771 nis

217 799 412 854 mirum
467 813 534 853 ex
559 796 693 853 Juda
714 839 730 864 ,
763 807 815 852 et
863 797 1194 852 sacerdotem
1241 796 1534 852 secundum
1565 795 1806 852 ordinem

219 888 574 945 Melchisedec
594 931 608 954 ,
643 903 800 959 porro
824 888 1182 945 Melehisedee
1211 903 1331 944 esse
1357 889 1524 942 multo
1572 887 1805 942 honora-

214 979 461 1036 biliorem
509 979 856 1062 Abrahamo;
883 980 1131 1035 nimirum
1179 990 1233 1037 et
1277 980 1406 1035 illud
1455 980 1808 1050 undequaque

213 1080 422 1129 constat
447 1072 592 1142 quod
617 1072 775 1127 etiam
801 1071 947 1127 aliud
990 1087 1087 1142 pro
1113 1071 1221 1128 alio
1266 1072 1535 1127 inducitur
1559 1070 1810 1136 sacerdo-

218 1165 350 1219 tium
375 1163 548 1218 multo
578 1179 666 1229 eo,
711 1162 856 1234 quod
883 1164 1030 1232 prius
1057 1163 1251 1229 fuerat,
1277 1164 1578 1218 sublimius.
1600 1162 1732 1217 Nam
1761 1162 1804 1216 si

213 1265 372 1328 typus
407 1255 527 1310 talis
551 1255 711 1310 ctiam
734 1255 952 1311 Judaico
979 1255 1277 1311 sacerdotio
1305 1255 1634 1325 splendidior
1657 1262 1804 1323 erat,

210 1348 386 1402 multo
414 1349 587 1418 magis
615 1349 729 1418 ipsa
759 1349 953 1402 veritas
977 1390 992 1414 ,
1026 1348 1168 1419 quod
1213 1357 1443 1403 tractans
1469 1348 1607 1404 idem
1635 1347 1806 1402 dixit:

214 1438 456 1505 Amplius
484 1440 652 1492 adhuc
677 1439 999 1508 manifestum
1019 1448 1087 1494 est
1107 1481 1120 1505 ,
1152 1441 1196 1493 si
1221 1440 1495 1494 secundum
1519 1439 1810 1495 similitudi-

221 1545 340 1582 nem
390 1528 727 1583 Melcltisedec
769 1529 996 1582 exoritur
1036 1531 1166 1583 alius
1209 1530 1440 1584 sacerdos
1469 1530 1553 1600 qui
1597 1547 1699 1584 non
1745 1529 1811 1583 sit

207 1621 365 1690 juxta
391 1620 547 1690 legem
578 1620 815 1690 prwcepti
851 1619 1073 1674 carnalis
1092 1662 1106 1687 ,
1136 1621 1225 1674 sed
1263 1621 1420 1691 juxta
1445 1621 1674 1675 virtutem
1698 1621 1812 1675 viae

211 1714 579 1768 indissolubilis
621 1712 793 1786 (Ibid.
828 1729 875 1767 υ.
921 1714 1008 1768 lii.
1051 1711 1180 1786 16).
1211 1713 1346 1781 Quid
1376 1723 1496 1782 est,
1536 1731 1638 1769 non
1658 1716 1812 1786 juxta

211 1807 376 1876 legem
405 1805 642 1874 praecepti
681 1805 903 1858 carnalis
922 1845 936 1869 ,
964 1805 1053 1859 sed
1071 1805 1225 1874 juxta
1251 1806 1479 1859 virtutem
1515 1805 1630 1860 vita:
1652 1806 1814 1860 indis-

218 1897 502 1952 solubilis?
525 1896 677 1965 Quod
707 1896 909 1952 nullum
959 1898 1099 1952 illius
1146 1907 1472 1968 praeceptum
1523 1907 1670 1954 esset
1694 1914 1813 1954 car-

208 1988 359 2044 nale.
388 1985 506 2044 Non
551 1988 695 2043 enim
726 2003 854 2044 oves
897 1996 1134 2044 mactare
1177 2004 1351 2059 neque
1393 1989 1586 2045 vitulos
1608 1990 1809 2061 jussit;

207 2079 312 2135 sed
339 2095 436 2149 per
460 2081 709 2136 virtutem
732 2079 896 2135 animi
923 2081 1089 2135 Deum
1115 2080 1329 2136 colere:
1358 2093 1412 2137 et
1441 2081 1634 2137 horum
1677 2099 1812 2153 prae-

209 2171 328 2226 niia
355 2172 511 2227 vitam
540 2171 696 2228 nobis
723 2171 1054 2244 designavit,
1095 2189 1214 2244 quae
1241 2190 1528 2245 numquam
1571 2191 1812 2232 corrum—

211 2273 398 2335 petur.
427 2267 502 2320 Ac
542 2280 755 2320 rursum
800 2275 1040 2321 mortuos
1076 2281 1177 2322 nos
1205 2267 1306 2322 sub
1335 2269 1564 2338 peccatis
1593 2270 1812 2326 veniens

212 2355 519 2422 suscitavit,
545 2355 816 2411 destructa
843 2356 1040 2427 duplici
1065 2367 1256 2422 morte,
1287 2359 1452 2415 altera
1477 2361 1697 2429 peccati,
1729 2362 1811 2414 al-

213 2459 337 2504 tera
380 2450 574 2506 carnis.
603 2449 863 2518 Quoniam
893 2450 1053 2520 igitur
1079 2452 1201 2505 talia
1230 2451 1384 2507 nobis
1410 2453 1548 2509 bona
1581 2452 1810 2509 aﬂ'ercns

212 2541 386 2606 venit,
416 2540 537 2596 ideo
574 2541 736 2595 dicit:
779 2539 903 2594 Non
918 2541 1071 2613 juxta
1107 2541 1264 2612 legem
1301 2544 1524 2598 carnalis
1547 2545 1808 2614 praecepti,

211 2634 310 2688 sed
326 2635 480 2704 juxta
506 2634 735 2687 virtutem
773 2633 888 2686 vita:
915 2633 1300 2689 indissolubilis.

289 2728 347 2783 6.
375 2727 492 2783 Jam
520 2727 680 2798 igitur
704 2737 758 2782 et
785 2727 915 2799 illud
941 2727 1083 2798 quod
1127 2728 1369 2784 restabat
1396 2728 1557 2783 simul
1587 2728 1811 2784 demon-

212 2829 448 2875 stratum
491 2830 602 2883 est,
657 2818 918 2874 translato
992 2817 1332 2884 sacerdotio,
1399 2819 1533 2889 legis
1599 2835 1812 2890 quoque

215 2909 629 2966 translationem
659 2911 772 2966 fieri
799 2925 894 2980 par
921 2924 1062 2966 esse.
1111 2912 1361 2965 Attamen
1411 2919 1466 2966 et
1505 2912 1609 2967 hoc
1636 2913 1810 2982 ipsum

214 3019 486 3076 expresse
531 3003 724 3060 licebat
770 3003 1139 3060 demonstrare
1162 3046 1178 3072 ,
1210 3004 1605 3076 prophetasque
1645 3014 1812 3061 testes

213 3115 413 3156 rursus
439 3100 704 3155 adducere
726 3099 965 3154 dicentes
987 3138 1006 3166 ,
1026 3099 1196 3168 legem
1215 3112 1337 3154 esse
1359 3097 1807 3163 transferendam,

213 3205 274 3250 et
301 3193 615 3264 reipublicae
663 3201 859 3248 statum
888 3193 942 3246 in
967 3191 1159 3246 melius
1207 3189 1672 3245 transmutandum
1694 3229 1710 3256 ,
1759 3198 1814 3246 et

215 3301 496 3356 nunquam
522 3301 702 3356 regem
729 3284 961 3355 aliquem
986 3281 1230 3339 Judzeum
1255 3282 1610 3338 exoriturum.

295 3370 517 3424 Marciis
545 3369 827 3424 exhortatio
870 3367 938 3421 ad
976 3368 1334 3421 correctionem
1367 3365 1812 3436 fratrum—Ve-

217 3479 344 3520 rum
373 3462 626 3532 quoniam
670 3469 873 3514 tantum
913 3466 998 3514 est
1039 3457 1349 3525 dicendum,
1380 3464 1636 3527 quantum
1663 3456 1815 3511 audi-

218 3566 313 3607 tor
331 3553 504 3624 possit
527 3565 740 3621 capere,
771 3564 872 3606 nec
900 3549 1078 3606 omnia
1107 3548 1268 3604 simul
1293 3589 1308 3615 ,
1341 3562 1442 3604 nec
1477 3548 1770 3602 acervatim
1797 3564 1811 3601 :

219 3645 333 3700 illis
364 3645 420 3698 in
451 3642 595 3700 aliud
627 3651 840 3712 tempus
872 3641 1161 3697 reservatis
1187 3681 1202 3706 ,
1245 3639 1332 3695 hic
1359 3654 1663 3696 sermonem
1691 3637 1815 3694 ﬁni-

220 3748 382 3788 emus
401 3774 418 3800 ,
446 3732 790 3788 exhortantes
825 3739 1060 3787 vestram
1099 3730 1397 3792 caritatem.
1425 3737 1483 3785 ut
1510 3729 1818 3785 memineri-

221 3825 298 3878 tis
323 3838 514 3879 eorum
536 3838 652 3893 qum
679 3822 819 3877 dicta
841 3829 994 3885 sunt,
1025 3828 1080 3877 et
1105 3820 1222 3876 haec
1242 3821 1348 3876 illis
1367 3836 1487 3892 qum
1508 3822 1656 3891 prius
1677 3821 1818 3876 dicta

224 3923 358 3970 sunt
381 3914 680 3969 annectatis
704 3953 721 3980 ,
745 3913 994 3983 quodque
1015 3913 1162 3982 prius
1187 3912 1492 3981 rogavimus
1516 3955 1532 3981 ,
1565 3911 1709 3968 idem
1757 3919 1814 3968 et

225 4021 376 4062 nunc
401 4020 650 4076 rogamus
674 4046 689 4070 ,
718 4014 776 4060 ut
800 4003 995 4060 fratres
1023 4013 1232 4060 vestros
1269 4003 1539 4061 reducatis
1573 4005 1642 4062 ad
1671 4005 1821 4062 saluo

225 4109 341 4154 tem
364 4141 380 4166 ,
411 4105 468 4153 et
491 4099 712 4154 multam
738 4096 1150 4153 sollicitudinem
1179 4096 1419 4152 habeatis
1444 4113 1542 4169 pro
1564 4099 1822 4156 membris

226 4189 516 4260 neglectis.
544 4190 770 4260 Propter
789 4190 892 4244 hoc
915 4189 1060 4244 enim
1087 4202 1187 4244 nos
1213 4196 1417 4244 tantum
1441 4189 1683 4245 laborum
1705 4203 1824 4246 sus-

226 4285 490 4354 cipimus,
525 4298 631 4338 non
676 4289 733 4336 ut
779 4280 979 4335 frustra
1020 4281 1322 4350 loquamur,
1363 4294 1535 4349 neque
1571 4291 1628 4338 ut
1668 4282 1823 4354 plan.

230 4391 362 4432 sum
392 4375 785 4445 strepitumque
808 4373 1125 4442 referamus,
1149 4372 1244 4427 sed
1271 4381 1330 4427 ut
1355 4374 1566 4428 avulsas
1594 4372 1660 4428 ad
1685 4373 1828 4428 viam

231 4467 486 4522 veritatis
515 4465 850 4521 reducamus.
882 4463 962 4518 Ae
983 4479 1050 4518 ne
1081 4463 1203 4533 quis
1234 4461 1364 4518 mihi
1387 4461 1696 4528 dieat,nihil
1725 4463 1831 4519 mi-

233 4556 300 4612 hi
350 4571 472 4612 cum
499 4569 567 4612 eo
592 4566 676 4612 est
721 4554 941 4627 negotii,
972 4554 1176 4610 utinam
1225 4554 1501 4623 contingat
1539 4554 1672 4609 mihi
1712 4569 1832 4612 mea

228 4647 416 4718 ipsius
444 4647 656 4719 negotia
689 4658 837 4703 recte
860 4647 1078 4717 gerere!
1108 4645 1277 4703 Nemo
1297 4660 1453 4701 suum
1483 4647 1646 4717 ipsius
1672 4662 1832 4719 nego-

231 4741 379 4796 tium
411 4749 558 4798 recte
588 4755 777 4812 gerere
804 4749 999 4811 potest,
1027 4739 1269 4810 neglecta
1318 4739 1541 4806 proximi
1582 4738 1834 4794 dilectio-

232 4847 318 4890 ne
356 4839 418 4890 et
455 4832 666 4888 salute:
692 4832 812 4888 ideo
835 4842 888 4888 et
929 4831 1125 4886 Paulus
1171 4831 1286 4886 ait:
1315 4829 1480 4884 Nemo
1509 4829 1646 4896 quod
1679 4846 1833 4884 suum

230 4936 322 4982 est
342 4935 562 4994 quierat,
588 4927 676 4981 sed
703 4926 917 4996 quisque
955 4924 1090 4994 quod
1137 4916 1436 4986 alterius(l.
1460 4916 1583 4978 Cor.
1602 4921 1688 4977 10.
1717 4923 1834 4993 28),

231 5020 455 5083 sciens,
477 5018 621 5088 quod
647 5031 745 5072 sua
763 5016 1020 5086 cujusque
1040 5014 1242 5070 utilitas
1267 5014 1318 5067 in
1347 5012 1578 5083 proximi
1605 5013 1835 5069 utilitate

175 5131 186 5138 ’
229 5113 354 5168 sita
382 5119 485 5166 est.
523 5108 698 5166 Sanus
727 5121 786 5164 es
813 5117 890 5173 tu,
909 5106 1004 5162 sed
1033 5105 1198 5162 frater
1228 5114 1348 5160 tuus
1391 5104 1711 5161 inﬁrmatur.
1737 5105 1838 5160 Ita-

230 5215 354 5272 que
379 5200 424 5256 si
453 5214 582 5255 vere
612 5197 870 5255 sollicitus
897 5197 1062 5252 lueris
1087 5209 1182 5266 pro
1211 5204 1520 5264 mgrotante,
1545 5197 1712 5266 magis
1745 5194 1840 5252 do-

231 5291 416 5356 lebis,
451 5297 508 5346 et
537 5290 833 5346 imitaberis
860 5289 911 5343 in
940 5289 1042 5343 hoc
1083 5301 1294 5358 quoque
1321 5286 1533 5341 beatum
1565 5285 1716 5342 illum
1747 5289 1841 5356 qui

232 5385 381 5441 dicit
411 5402 423 5438 :
449 5384 562 5454 quis
585 5384 896 5452 inﬁrmatur,
918 5393 965 5436 et
1003 5399 1095 5452 ego
1125 5398 1228 5436 non
1259 5380 1532 5450 inﬁrmor?
1557 5381 1669 5449 quis
1696 5397 1843 5435 scan.

235 5480 536 5545 dalisatur,
563 5486 611 5530 et
659 5493 751 5549 ego
798 5493 901 5530 non
947 5492 1068 5529 uror
1092 5474 1172 5547 (2.
1202 5473 1321 5530 Cor.
1360 5475 1446 5529 Η.
1471 5473 1602 5545 29)?
1629 5473 1840 5530 Etenim

219 5571 298 5627 si
325 5585 456 5624 cum
486 5568 625 5623 duos
655 5567 840 5623 obolos
882 5566 1206 5631 dederimus,
1249 5565 1571 5635 paulumque
1602 5565 1840 5634 pecunia)

233 5659 711 5729 insumpserimtts
739 5659 788 5713 in
817 5673 1098 5730 pauperes,
1125 5659 1451 5728 gaudemus:
1477 5657 1522 5713 si
1545 5658 1841 5728 poterimus

233 5751 464 5808 animas
494 5767 733 5816 servare.
757 5761 956 5818 quanto
1001 5751 1256 5820 majorem
1289 5749 1574 5820 voluptatis
1603 5747 1836 5804 fructum

1443 316 1806 376 ADVERSUS
1840 317 2144 376 JUDEOS.
2186 318 2297 374 VII.

3373 326 3474 385 9:25

1914 432 2221 502 capiemus?
2243 439 2494 503 quantam
2538 439 2712 487 autem
2752 432 2804 487 in
2831 431 3008 487 futuro
3029 432 3244 488 sarculo
3270 431 3495 504 recipie-

1909 537 2031 578 mus
2060 523 2408 577 mercedem?
2454 522 2586 577 Nam
2627 522 2714 578 hic
2741 538 2952 593 quoque
2994 525 3205 594 quoties
3231 524 3484 578 conveni.

1911 629 2030 670 mus
2054 657 2069 683 ,
2103 617 2325 671 multam
2364 617 2636 685 capiemus
2684 616 3004 684 voluptatem
3051 632 3118 670 ex
3161 627 3486 685 congressu,

1911 706 2317 762 reminiscentes
2343 707 2635 762 officiorum
2660 748 2674 772 ,
2705 723 2822 776 qua:
2851 706 2956 761 illis
2985 707 3346 776 praestitimus.
3381 707 3488 761 De-

1913 797 2036 854 ‘nde
2065 813 2184 853 cum
2213 799 2334 854 illos
2370 799 2807 869 eonspcxerimus
2837 797 2904 853 ad
2948 798 3172 852 tribunal
3205 795 3334 850 illud
3372 812 3487 851 nie-

1911 889 2164 944 tuendum
2189 929 2206 956 ,
2233 891 2412 944 multa:
2433 888 2638 944 ﬁducia:
2667 889 2946 959 participes
2967 889 3186 943 erimus.
3217 888 3280 941 Et
3305 902 3492 956 quem-

1911 981 2198 1036 admodum
2229 983 2317 1052 qui
2343 982 2532 1051 injuria
2561 980 2800 1036 afficiunt
2821 1022 2836 1046 ,
2868 979 2959 1050 qui
3001 989 3253 1048 usurpant
3279 978 3451 1033 aliena
3471 1018 3485 1042 ,

1912 1076 2004 1145 qui
2031 1076 2270 1144 rapiunt,
2299 1075 2389 1146 qui
2437 1074 2575 1128 mala
2619 1073 2896 1128 innumera
2929 1071 3186 1141 proximis
3228 1070 3488 1126 inferunt.

1913 1180 2034 1221 cum
2066 1167 2192 1222 illuc
2217 1167 2462 1222 venerint
2508 1178 2708 1235 eosque
2757 1164 3022 1228 viderint,
3067 1163 3158 1231 qui
3189 1161 3302 1214 haec
3347 1159 3487 1228 passi

1912 1267 2040 1313 sunt
2061 1256 2336 1330 (videbunt
2363 1258 2504 1313 enim
2543 1256 2684 1311 haud
2731 1255 2891 1312 dubie
2913 1296 2928 1322 ,
2960 1263 3018 1310 ut
3042 1253 3378 1324 perspicuum
3409 1259 3494 1305 est

1913 1358 1968 1404 et
1991 1364 2057 1404 ex
2085 1349 2245 1404 divite
2275 1348 2365 1403 illo
2392 1357 2446 1402 et
2477 1347 2703 1418 Lazaro)
2724 1388 2739 1413 ,
2784 1361 2956 1417 neque
2995 1360 3056 1401 os
3097 1344 3308 1413 aperire
3336 1351 3488 1411 pote-

1913 1452 2076 1506 runt,
2103 1457 2276 1513 neque
2302 1442 2607 1508 habebunt,
2637 1441 2777 1512 quod
2807 1441 3017 1507 dicant,
3068 1446 3158 1492 aut
3200 1443 3488 1500 excusent,

1919 1535 2012 1590 sed
2037 1535 2205 1589 multo
2235 1537 2438 1606 pudore
2468 1550 2763 1605 magnaque
2791 1532 3232 1588 condemnatione
3261 1528 3446 1598 repleti
3475 1567 3491 1593 ,

1915 1629 1981 1680 ex
2009 1625 2218 1680 illorum
2247 1635 2462 1695 aspectu
2488 1625 2555 1679 ad
2581 1625 2733 1694 ignea
2775 1622 2991 1678 ﬂumina
3021 1621 3369 1676 adducentur.
3399 1617 3491 1671 lti-

1914 1716 2035 1772 dem
2059 1718 2148 1787 qui
2193 1718 2420 1773 salutem
2473 1716 2697 1770 aliorum
2750 1723 2972 1779 curant,
3017 1713 3105 1783 qui
3126 1712 3355 1772 docent,
3407 1707 3493 1778 qui

1914 1807 2212 1876 instituunt,
2238 1807 2324 1863 ubi
2351 1807 2580 1862 viderint
2603 1821 2696 1862 eos
2719 1822 2851 1876 quos
2880 1813 3246 1869 servaverunt,
3275 1802 3380 1856 illic
3406 1816 3498 1869 pa-

1914 1900 2242 1955 trocinantes
2268 1899 2430 1969 ipsis,
2481 1899 2644 1954 multa
2676 1897 2865 1952 fiducia
2897 1896 3262 1965 rapiebantur.
3301 1893 3366 1946 Et
3395 1891 3498 1944 hoc

1914 1991 2110 2047 Paulus
2137 1992 2416 2048 declarans
2445 1992 2575 2046 dixit
2606 2011 2618 2047 :
2650 1992 2826 2045 Gloria
2869 2000 3031 2044 vestra
3071 2004 3245 2043 sumus
3265 2028 3279 2053 ,
3319 2001 3495 2057 quent-

1913 2085 2187 2140 admodum
2214 2097 2260 2141 et
2289 2102 2373 2141 vos
2394 2095 2566 2140 nostra
2612 2085 2685 2157 (2.
2715 2085 2833 2141 Cor.
2868 2085 2919 2139 1.
2949 2082 3060 2155 14).
3089 2081 3312 2150 Quando
3355 2079 3454 2133 hoc
3473 2077 3498 2128 ?

1915 2176 1980 2231 In
2015 2179 2098 2232 die
2128 2177 2334 2232 Domini
2354 2179 2512 2233 nostri
2533 2177 2659 2232 Jesu
2697 2176 2905 2232 Christi.
2934 2178 3013 2232 Ac
3042 2190 3224 2231 rursus
3253 2173 3498 2228 Christus

1914 2270 2226 2325 exhortatur
2249 2312 2264 2337 ,
2295 2270 2479 2326 dicens
2513 2288 2526 2323 :
2554 2270 2733 2324 Facite
2769 2269 2910 2324 vobis
2942 2268 3130 2322 amicos
3155 2283 3219 2320 ea:
3262 2279 3498 2318 mamona

1913 2362 2190 2431 iniquitatis
2210 2404 2224 2429 ,
2252 2370 2307 2414 ut
2332 2378 2446 2414 cum
2471 2361 2780 2433 defeceritis,
2817 2359 3060 2428 recipiant
3096 2373 3184 2411 vos
3208 2357 3262 2410 in
3301 2364 3488 2409 querna

1912 2471 2007 2510 sua
2038 2455 2360 2509 tabernacula
2393 2454 2542 2524 (Luc.
2575 2453 2662 2508 16.
2691 2452 2773 2522 9).
2801 2451 2964 2507 Vides
3002 2452 3224 2505 multam
3255 2446 3499 2502 fiduciam

1913 2544 2068 2600 nobis
2090 2545 2331 2616 priestari
2351 2543 2420 2598 ab
2449 2543 2512 2598 iis
2531 2585 2546 2610 ,
2578 2557 2712 2613 quos
2738 2541 2825 2596 hic
2849 2550 3032 2596 nostro
3059 2539 3317 2595 beneficio
3340 2539 3498 2606 juve-

1913 2637 2100 2692 rimus.
2151 2635 2305 2704 Quod
2344 2636 2426 2704 si,
2478 2635 2566 2689 ubi
2598 2633 2819 2706 pecunia
2868 2633 3147 2688 dumtaxat
3175 2630 3498 2695 insumitur,

1881 2759 1886 2764 ι
1914 2737 1994 2784 tot
2012 2737 2136 2784 sunt
2163 2743 2376 2783 coronae
2395 2769 2410 2794 ,
2461 2735 2604 2782 tanta
2648 2741 2854 2781 merces
2872 2765 2887 2790 ,
2913 2732 3061 2778 tanta
3089 2719 3451 2777 remuneratio
3483 2736 3496 2773 :

1914 2821 2002 2876 ubi
2026 2821 2240 2890 juvatur
2259 2820 2436 2875 anima
2457 2859 2472 2885 ,
2500 2819 2589 2889 qui
2613 2818 2724 2872 fieri
2759 2824 3015 2886 potest'ut
3059 2828 3165 2868 non
3192 2812 3357 2867 multa
3382 2824 3499 2865 ma-

1913 2926 2123 2982 gnaque
2169 2911 2322 2966 nobis
2369 2912 2680 2980 contingant
2719 2909 2898 2963 bona?
2928 2907 3140 2962 Etenim
3183 2905 3226 2959 si
3276 2902 3501 2958 Tabitha

1915 3003 2028 3069 illa,
2060 3018 2178 3072 quae
2197 3001 2383 3056 viduas
2409 3000 2708 3065 vestiebat,
2740 3013 2859 3068 quae
2887 2994 3184 3068 paupertati
3215 2992 3500 3047 subvenie-

1913 3092 2006 3148 bat
2027 3132 2044 3157 ,
2075 3106 2107 3145 a
2134 3099 2308 3145 morte
2358 3091 2410 3144 in
2438 3091 2597 3143 vitam
2625 3096 2869 3143 revocata
2913 3096 2995 3141 est
3022 3087 3156 3156 (Act.
3185 3084 3240 3138 9.
3287 3081 3378 3155 56)
3402 3124 3418 3146 ,
3445 3091 3503 3137 et

1914 3183 2163 3253 lacryma:
2189 3195 2373 3236 eorum
2391 3179 2480 3249 qui
2508 3178 2782 3234 beneficiis
2805 3177 2979 3232 allecti
3003 3175 3246 3239 fuerant,
3268 3174 3501 3228 animam

1915 3273 1970 3327 in
1996 3286 2192 3341 corpus
2219 3269 2580 3336 reduxerunt,
2627 3283 2749 3324 cum
2789 3267 3025 3322 nondum
3053 3266 3288 3321 venisset
3319 3277 3502 3318 resur-

1916 3363 2087 3419 rectio
2119 3379 2133 3415 :
2173 3359 2300 3432 quid
2327 3359 2522 3415 facient
2549 3359 2823 3414 hominum
2855 3373 2950 3429 per
2977 3366 3030 3413 te
3057 3364 3391 3411 servatorum
3419 3354 3500 3407 la-

1916 3454 2154 3528 erymze?
2181 3453 2329 3510 Sicut
2353 3453 2496 3508 enim
2529 3452 2665 3507 hanc
2693 3451 3101 3507 circumstantes
3127 3446 3300 3502 viduae
3329 3445 3504 3500 vivam

1918 3565 1985 3606 ex
2011 3556 2217 3604 mortua
2247 3546 2594 3603 reddiderunt
2623 3563 2636 3598 :
2665 3545 2742 3599 sic
2764 3553 2818 3599 et
2844 3553 2896 3599 te
2925 3552 3052 3598 tunc
3093 3543 3504 3597 circumstantes

1919 3642 2011 3712 qui
2040 3656 2182 3696 nunc
2210 3655 2307 3711 per
2348 3649 2399 3694 te
2427 3637 2622 3693 servati
2659 3636 2886 3700 fuerint,
2915 3635 3152 3691 efficient
3181 3643 3242 3689 ut
3279 3633 3502 3688 multam

1918 3735 2214 3805 esperiaris
2247 3732 2626 3787 humanitatem
2653 3770 2667 3795 ,
2690 3737 2745 3785 et
2768 3745 2835 3785 ex
2860 3728 3104 3783 incendio
3121 3727 3379 3798 gehennae
3395 3726 3507 3782 eri-

1921 3829 2088 3900 pient.
2122 3827 2246 3881 ιιωο
2267 3825 2422 3896 igitur
2449 3824 2711 3889 scientes,
2744 3836 2849 3876 non
2879 3820 2944 3875 ad
2971 3829 3289 3890 praesentem
3317 3818 3505 3872 horam

1923 3927 2127 3974 tantum
2150 3915 2335 3972 fervidi
2358 3915 2524 3970 simus
2548 3922 2603 3970 et
2625 3912 2903 3984 vigilantes
2926 3951 2941 3976 ,
2978 3909 3071 3967 sed
3101 3910 3276 3980 ignem
3299 3950 3316 3976 ,
3345 3923 3505 3978 quem

1923 4008 2132 4064 habetis
2173 4021 2351 4072 nunc,
2398 4004 2708 4069 accendite;
2749 4001 3058 4074 egressique
3099 4001 3270 4068 foras,
3322 3999 3506 4055 distri-

1925 4100 2069 4156 buite
2089 4099 2312 4154 salutem
2343 4096 2590 4152 civitatis.
2622 4095 2775 4162 Quod
2814 4093 2859 4148 si
2887 4091 3140 4164 ignoretis
3160 4133 3176 4160 ,
3217 4090 3509 4161 perquirite

1924 4205 2054 4254 eos,
2081 4189 2172 4260 qui
2211 4188 2294 4244 his
2320 4187 2472 4242 malis
2496 4192 2776 4256 mgrotaut.
2807 4183 2896 4239 Sic
2931 4183 3074 4238 enim
3119 4191 3174 4236 et
3219 4195 3316 4234 nos
3357 4180 3510 4234 vobis

1924 4281 2222 4353 promptius
2280 4278 2637 4347 libentiusque
2675 4275 2990 4346 loquemur,
3035 4273 3164 4342 ipsis
3217 4270 3371 4326 factis
3412 4285 3509 4325 co-

1926 4381 2243 4448 gnoscentes
2265 4413 2280 4439 ,
2311 4385 2411 4426 nos
2444 4385 2552 4425 non
2579 4371 2633 4424 in
2662 4376 2866 4438 petram
2889 4380 3072 4421 semen
3091 4365 3288 4434 jecisse
3306 4405 3322 4430 ,
3341 4371 3397 4418 et
3415 4375 3511 4418 vos

1927 4468 2030 4538 ipsi
2077 4467 2219 4522 circa
2265 4463 2475 4520 virtutis
2525 4460 2963 4518 exercitationem
3009 4457 3158 4512 eritis
3200 4455 3509 4510 alacriores.

1929 4557 2388 4630 Quemadmodum
2416 4556 2560 4611 enim
2591 4555 2644 4609 in
2672 4551 2912 4624 pecuniis
2935 4591 2950 4617 ,
2987 4549 3076 4621 qui
3104 4549 3238 4605 duos
3275 4549 3512 4604 lucratus

1929 4661 2014 4709 est
2038 4664 2259 4714 aureos,
2292 4647 2544 4719 proclivis
2569 4654 2653 4702 est
2673 4645 2742 4699 ad
2765 4643 2951 4699 decem
2975 4683 2990 4709 ,
3020 4649 3075 4697 et
3097 4640 3163 4696 ad
3187 4640 3370 4711 viginti
3396 4638 3510 4694 eol-

1930 4743 2172 4817 ligendos
2200 4740 2743 4813 congregandosque;
2775 4737 2853 4792 sic
2879 4751 2978 4790 usu
3006 4735 3150 4790 venit
3177 4743 3232 4789 et
3259 4733 3313 4788 in
3340 4733 3509 4787 virtu-

1928 4847 1982 4894 te
2015 4855 2028 4892 :
2061 4842 2150 4908 qui
2175 4835 2361 4892 fecerit
2384 4834 2582 4890 bonum
2605 4830 2816 4902 aliquod
2834 4845 2991 4901 opus,
3016 4827 3516 4896 ofliciumqueprte-

1930 4929 2155 4992 stiterit,
2184 4925 2676 4983 exstimulationem
2721 4921 2845 4976 inde
2868 4921 3098 4990 aliquam
3129 4926 3220 4972 aut
3255 4915 3512 4972 exhorta-

1930 5021 2131 5076 tionem
2162 5019 2229 5074 ad
2254 5017 2515 5089 agendum
2547 5014 2741 5079 sumit,
2770 5020 2830 5066 ut
2863 5011 2966 5066 alia
2992 5025 3204 5081 quoque
3236 5008 3512 5063 benefacta

1930 5111 2289 5183 aggrediatur.
2318 5109 2387 5165 Ut
2414 5109 2573 5179 igitur
2609 5114 2666 5161 et
2692 5103 2883 5160 fratres
2929 5116 3236 5166 servemus,
3269 5109 3323 5154 et
3361 5101 3516 5154 nobis

1932 5203 2139 5260 veniam
2165 5216 2263 5272 pro
2304 5199 2574 5270 peccatis,
2621 5196 2730 5252 imo
2771 5194 2947 5265 potius
2997 5193 3217 5248 multam
3264 5191 3514 5246 ﬁduciam

1935 5307 2282 5365 'eponamus,
2315 5289 2544 5358 denique
2585 5302 2834 5342 curemus
2867 5294 2922 5342 et
2969 5283 3128 5349 illud,
3159 5293 3215 5338 ut
3257 5293 3382 5338 ante
3409 5297 3518 5336 ca:-

1933 5396 2046 5442 tcra
2086 5385 2264 5440 omnia
2292 5395 2486 5436 nomen
2523 5379 2616 5435 Dei
2659 5376 3020 5448 gloriﬁeetur;
3063 5391 3187 5430 cum
3217 5375 3474 5430 uxoribus
3499 5415 3518 5441 ,

1932 5480 2135 5543 liberis,
2181 5486 2235 5532 et
2264 5474 2475 5529 famulis
2521 5472 2588 5528 ad
2637 5472 2778 5526 hunc
2817 5477 3065 5524 venatqu
3110 5477 3166 5524 et
3208 5467 3514 5536 indaginem

1931 5571 2169 5643 egressi,
2195 5567 2544 5625 extrahamus
2567 5580 2598 5621 e
2636 5563 2829 5619 diaboli
2860 5563 3064 5633 laqueis
3092 5571 3275 5632 captos
3303 5560 3370 5615 ab
3396 5559 3512 5625 illo,

1933 5663 2222 5720 secundum
2251 5660 2419 5732 ipsius
2446 5659 2771 5716 voluntatem
2805 5673 2819 5712 :
2851 5669 2950 5711 nec
2973 5654 3119 5724 prius
3159 5653 3517 5718 desistamus,

1937 5771 2094 5828 quam
2119 5751 2370 5827 quidquid
2385 5766 2482 5824 per
2500 5765 2598 5809 nos
2617 5747 2858 5823 prsestari
2881 5747 3076 5819 poterit
3096 5742 3520 5818 praestiterimus,
