4018 6190
586 288 687 341 9⁸27

586 425 700 479 sive
729 429 974 492 pareant,
1003 418 1116 474 sive
1138 433 1241 472 non
1273 428 1511 488 parcant.
1541 418 1678 487 Quin
1710 419 1885 488 potius
1911 417 2158 489 impossi-

589 515 700 570 bile
725 523 836 579 est,
863 523 918 566 ut
942 511 1215 567 christiani
1246 524 1365 564 cum
1394 511 1504 566 sint
1522 551 1536 574 ,
1561 527 1664 564 non
1688 519 1926 580 pareant.
1953 510 2056 565 Sed
2089 525 2159 566 ne

588 602 853 659 velimne
920 603 1314 658 excusationem
1366 601 1642 665 habeatis,
1697 603 1826 656 illud
1891 602 2049 669 dico,
2115 603 2160 658 si

588 703 863 763 postquam
894 693 1055 745 multa
1085 693 1243 746 verba
1281 691 1559 757 ell‘uderis,
1604 701 1657 746 et
1703 693 1952 762 quidquid
1989 701 2163 761 perte

596 786 823 846 ,warstari
873 787 1102 854 poterit,
1171 785 1505 854 cxpleveris,
1577 785 1772 838 videris
1843 785 1986 837 illum
2058 799 2160 838 non

587 877 989 943 obtemperare;
1023 876 1268 928 adducito
1295 875 1358 928 ad
1391 873 1720 938 sacerdotes,
1752 885 1805 928 et
1831 875 2048 928 oninino
2072 889 2166 944 per

594 965 687 1018 Dei
712 966 935 1033 gratiam
963 968 1232 1034 potientur
1262 974 1454 1020 venatu
1475 1005 1491 1030 ,
1526 974 1799 1034 totumque
1829 976 1974 1019 tuum
2024 967 2125 1018 erit
2146 1009 2162 1030 ,

592 1059 681 1125 qui
715 1057 858 1110 illum
889 1073 1045 1110 manu
1073 1057 1306 1112 duxeris.
1333 1058 1456 1111 llaec
1484 1065 1539 1112 et
1565 1058 1821 1110 uxoribus
1846 1056 1945 1110 viri
1969 1057 2128 1110 dicite
2148 1095 2163 1120 ,

596 1157 651 1200 et
679 1161 870 1201 uxores
897 1149 1023 1202 viris
1043 1183 1062 1212 ί
1081 1159 1135 1203 et
1163 1158 1338 1216 patres
1367 1149 1522 1215 liliis,
1551 1158 1606 1202 et
1635 1148 1790 1202 amici
1836 1147 2040 1201 amicis.
2076 1148 2166 1200 Dia

596 1248 743 1292 scunt
766 1238 880 1292 hare
904 1239 1093 1305 Judmi,
1134 1249 1187 1294 et
1212 1240 1244 1294 ii
1273 1240 1359 1309 qui
1391 1239 1544 1292 nobis
1574 1239 1783 1307 quidem
1801 1237 2066 1306 conjuncti
2091 1238 2169 1290 vi-

597 1332 812 1394 dentur,
845 1331 936 1386 sed
963 1346 1084 1384 cum
1109 1331 1212 1386 illis
1234 1331 1499 1395 sentiunt,
1527 1331 1678 1384 nobis
1698 1328 1906 1398 aliquod
1933 1327 2164 1381 studium

594 1435 734 1486 esse,
766 1434 830 1474 ac
867 1421 1271 1476 sollicitudinem
1295 1462 1310 1487 ,
1342 1422 1768 1491 vigilantiamque
1800 1435 1891 1488 pro
1918 1417 2172 1472 fratribus

1285 288 1343 340 3.
1384 283 1662 339 JOANNIS
1700 280 2173 342 CllllYSOSTOMI
2205 285 2524 342 AllCHlEP.
2562 285 3090 343 CONSTANTINOP.

3623 317 3718 371 933’

2262 420 2456 477 nostris
2489 419 2555 475 ad
2596 419 2715 476 illos
2763 422 2900 476 ultro
2929 421 3269 478 currentibus.
3315 427 3374 481 Et
3411 434 3584 492 omnino
3619 455 3724 500 ante

2267 526 2363 566 nos
2387 510 2508 565 illos
2531 511 2819 581 corrigent,
2842 511 2952 581 qui,
2974 526 3093 565 cum
3115 523 3294 569 nostra:
3318 519 3602 587 professionis
3620 532 3717 599 sint,

2263 611 2438 656 tamen
2469 602 2561 656 illo
2586 611 2906 656 commeant.
2939 601 3073 670 Quin
3115 605 3276 672 potius
3303 623 3443 663 nemo
3466 614 3724 681 postlnacan.

2264 708 2422 748 surus
2457 703 2538 748 est
2567 693 2632 747 ad
2662 694 2778 746 illos
2821 693 3104 762 confugere
3127 735 3142 758 ,
3171 695 3258 750 sed
3284 698 3375 752 erit
3401 715 3562 770 corpus
3584 705 3723 766 Eccle-

2266 783 2358 837 siae
2389 797 2598 852 purum.
2626 784 2764 837 Deus
2792 792 2970 837 autem
2999 783 3086 852 qui
3111 784 3217 837 vult
3240 801 3409 841 omnes
3427 788 3630 847 homines
3645 799 3734 852 lier'r

2267 876 2440 929 salvos
2459 916 2474 939 ,
2502 885 2556 930 et
2581 874 2648 930 ad
2676 875 2998 944 agnitionem
3041 877 3270 931 veritatis
3297 882 3485 947 venire,
3511 892 3555 937 et
3587 901 3658 941 ros
3684 891 3736 943 ad

2271 966 2425 1019 istum
2465 974 2713 1020 venatum
2763 967 3107 1031 corroboret,
3151 977 3202 1022 et
3246 969 3355 1023 illos
3389 971 3452 1024 ab
3494 973 3579 1028 hoc
3604 993 3741 1033 errore

2271 1057 2484 1112 liberet.
2531 1058 2766 1128 Denique
2807 1068 3026 1112 cunctos
3070 1057 3137 1112 ad
3182 1059 3389 1114 salutem
3429 1074 3653 1119 revocatos
3676 1067 3734 1120 di-

2271 1165 2401 1220 gnos
2427 1150 2615 1204 reddat
2642 1151 2894 1205 ctelorum
2929 1164 3093 1220 regno
3113 1191 3127 1215 ,
3173 1151 3222 1204 in
3249 1152 3454 1220 gloriam
3479 1169 3603 1208 suam
3621 1196 3632 1218 ,
3650 1159 3738 1225 quia

2273 1243 2371 1312 ipsi
2393 1243 2644 1298 convenit
2669 1243 2833 1314 gloria
2862 1249 2916 1297 et
2943 1243 3174 1313 potentia
3201 1243 3250 1296 in
3275 1245 3454 1298 sarcula
3479 1245 3743 1301 seculorum.

2273 1335 2467 1390 Amen.

608 1568 3742 1595 mw

1530 1666 2165 1781 CONTRA
2230 1669 2306 1772 J
2324 1667 2914 1772 UD/EOS.

1151 2015 1344 2055 ORATIO
1381 2013 1614 2055 OCTAVA.

674 2158 721 2214 l.
747 2155 1006 2212 Praeteriit
1022 2154 1278 2224 jejunium
1310 2153 1635 2219 ludaturum,
1666 2153 1773 2208 imo
1801 2154 1977 2222 potius
2003 2153 2179 2208 ebrie-

601 2257 683 2304 tas
702 2247 1024 2303 Judteorum.
1056 2246 1148 2298 Est
1173 2245 1315 2299 enim
1348 2253 1402 2298 et
1427 2244 1624 2314 absque
1650 2244 1774 2297 vino
1802 2245 2030 2298 ebrietas
2053 2285 2068 2310 ,
2099 2252 2182 2298 est

596 2351 654 2396 et
690 2342 741 2396 in
771 2341 1059 2395 sobrietate
1104 2337 1391 2392 temulenta
1432 2337 1802 2406 luxuriosaque
1839 2337 2176 2390 comessatio.

600 2433 752 2499 Quod
792 2432 836 2485 si
867 2444 1024 2484 nemo
1063 2437 1243 2498 posset
1281 2428 1481 2497 absque
1521 2429 1642 2480 vino
1683 2428 2000 2482 temulentus
2036 2443 2176 2494 esse,

605 2537 936 2594 nequaquam
965 2521 1218 2590 propheta
1250 2518 1453 2572 diceret
1481 2536 1494 2570 :
1538 2517 1622 2570 Va:
1665 2519 1727 2571 iis
1765 2518 1848 2586 qui
1881 2517 2002 2570 ebrii
2039 2528 2175 2582 sunt,

599 2627 763 2669 etnon
779 2615 934 2667 avino
961 2612 1111 2685 (Isai.
1137 2611 1228 2665 29.
1251 2609 1284 2664 9
1291 2627 1329 2679 ).
1347 2611 1406 2665 Si
1429 2625 1531 2664 non
1556 2617 1695 2664 esset
1721 2609 1836 2662 sine
1853 2610 1974 2662 vino
2003 2609 2179 2664 ebrie-

603 2717 704 2769 tas,
726 2721 831 2761 non
857 2705 1079 2760 dixisset
1108 2704 1336 2758 Paulus:
1363 2702 1538 2756 Nolite
1566 2703 1801 2756 inebriari
1834 2703 1950 2756 uiuo
1974 2702 2178 2772 (These.

605 2798 659 2850 5.
692 2798 805 2868 l8).
834 2796 963 2850 Nam
994 2810 1056 2849 ac
1096 2795 1142 2849 si
1187 2795 1350 2863 possit
1377 2795 1575 2864 absque
1605 2795 1726 2848 vino
1754 2794 1874 2863 quis
1905 2794 2176 2858 inebriari,

602 2890 736 2943 dixit
764 2905 778 2941 :
811 2887 984 2942 Nolite
1012 2888 1250 2940 inebriari
1278 2887 1411 2940 uino.
1446 2887 1538 2940 Est
1575 2888 1716 2940 enim
1758 2887 1990 2941 ebrietas
2033 2894 2091 2941 et
2128 2885 2180 2939 in

603 2982 678 3035 ira
710 2981 842 3036 etin
874 2980 1101 3034 absurda
1129 2980 1578 3049 concupiscentia,
1615 2988 1669 3033 et
1695 2979 1746 3032 in
1777 2977 2016 3039 avaritia,
2045 2985 2100 3033 et
2129 2976 2181 3030 in

604 3085 786 3127 amore
815 3072 996 3142 gloria:
1017 3111 1032 3135 ,
1061 3071 1288 3139 denique
1323 3070 1374 3124 in
1405 3069 1522 3124 aliis
1558 3068 1850 3122 innumeris
1883 3065 2178 3121 all‘eetihus‘.

603 3163 846 3218 Ebrietas
871 3164 1013 3218 enim
1043 3161 1170 3216 nihil
1197 3160 1337 3215 aliud
1367 3169 1469 3225 est,
1505 3175 1662 3229 quam
1694 3159 1952 3213 excidisse
1977 3175 2006 3212 a
2037 3169 2181 3212 recta

605 3255 828 3312 ratione.
859 3253 1206 3320 deliratioque
1227 3261 1282 3305 et
1305 3266 1450 3304 sana:
1477 3252 1670 3304 mentis
1698 3249 1943 3319 privatio.

674 3343 979 3398 Ebrietatem
1005 3359 1105 3396 non
1131 3344 1299 3395 viuum
1323 3341 1674 3405 solummodo,
1712 3341 1799 3394 sed
1831 3353 1879 3394 et
1916 3342 2005 3394 alii
2041 3343 2183 3411 praui

601 3434 815 3501 aﬂ'cctus
863 3435 1090 3501 pariunt.
1128 3461 1200 3473 —-
1242 3431 1357 3486 Non
1406 3431 1578 3485 solum
1627 3432 1783 3502 igitur
1823 3433 1910 3502 qui
1960 3433 2180 3487 multum

601 3527 850 3580 exhaurit
890 3540 1094 3580 merum
1116 3566 1130 3592 ,
1163 3535 1343 3579 verum
1371 3525 1529 3580 etiam
1571 3526 1656 3593 qui
1688 3525 1848 3578 alium
1879 3525 2180 3595 quempiam

604 3619 845 3673 morbum
867 3618 961 3672 alit
981 3619 1032 3672 in
1053 3618 1252 3683 animo,
1276 3616 1620 3672 vehementer
1640 3617 1822 3672 ebrius
1841 3632 1963 3673 esse
1979 3616 2183 3686 judica-

605 3710 765 3764 bitur.
799 3709 1005 3764 Etenim
1032 3710 1117 3779 qui
1145 3709 1382 3765 mulieris
1407 3709 1594 3764 alicam
1621 3717 1830 3764 tenetur
1857 3724 2060 3775 amore,
2091 3710 2182 3779 qui

602 3801 792 3856 scortis
811 3810 982 3868 vacat,
1013 3801 1193 3856 ebrius
1220 3810 1320 3856 est.
1349 3801 1412 3855 Et
1436 3801 1573 3855 sicut
1601 3801 1666 3864 is,
1699 3801 1788 3870 qui
1820 3800 2042 3854 multum
2071 3799 2185 3854 ebi-

604 3893 679 3947 bit
725 3907 950 3954 merum,
993 3901 1046 3947 et
1087 3901 1420 3946 transversus
1463 3891 1654 3960 agitur,
1701 3891 1985 3945 illiberales
2027 3905 2182 3945 voces

604 3985 848 4051 eiluudit,
889 3985 1136 4055 aliudque
1179 4000 1275 4054 pro
1316 3986 1422 4040 alio
1455 3985 1598 4040 videt
1631 4003 1644 4038 :
1681 3986 1758 4040 sic
1799 3996 1848 4040 et
1895 3986 1981 4041 hic
2021 3986 2182 4040 veluti

605 4091 754 4131 mero
795 4077 1040 4146 quapiam
1079 4089 1174 4129 sua
1215 4075 1502 4145 cupiditate
1545 4075 1796 4143 repletus,
1840 4090 2012 4146 neque
2055 4090 2181 4130 sana

603 4170 804 4239 profert
839 4167 999 4222 verba
1022 4209 1036 4234 ,
1078 4166 1170 4221 scd
1201 4166 1450 4221 obsecuta
1479 4166 1677 4229 omnia,
1719 4165 1810 4220 sed
1853 4166 2180 4235 perniciosa,

600 4261 694 4316 sed
725 4259 998 4316 illiberalia
1027 4261 1271 4328 risusque
1299 4259 1480 4329 plena,
1507 4257 1717 4326 aliaque
1748 4272 1842 4325 pro
1871 4257 1990 4311 aliis
2020 4257 2179 4322 videt,

601 4354 888 4407 excutiens
921 4350 986 4406 ad
1023 4365 1084 4406 ea
1111 4366 1228 4420 quae
1255 4358 1562 4404 cernuntur.
1587 4349 1737 4416 Quod
1776 4349 1820 4403 si
1859 4349 1942 4403 cui
1976 4349 2182 4404 mulieri

601 4454 843 4515 stuprum
879 4445 1077 4498 inierre
1110 4443 1454 4512 concupiscit,
1486 4441 1621 4496 hanc
1647 4443 1839 4511 ubique
1867 4441 2179 4511 imaginaris,

602 4551 709 4589 non
730 4535 884 4588 aliter
905 4548 1063 4602 quam
1092 4542 1269 4588 mente
1292 4543 1478 4602 captus
1506 4548 1569 4587 ac
1593 4533 1847 4598 delirans,
1873 4535 1925 4586 in
1943 4547 2182 4588 conven-

603 4625 799 4690 ticulis,
847 4623 899 4677 in
944 4623 1222 4688 conviviis,
1267 4624 1410 4678 omni
1455 4634 1713 4693 tempore,
1762 4625 1812 4678 in
1855 4625 2000 4678 enini
2039 4625 2179 4691 loco,

603 4718 704 4775 etsi
733 4720 1008 4774 innumera
1039 4717 1312 4770 hominum
1345 4717 1510 4771 millia
1536 4718 1706 4787 ipsqu
1733 4718 2090 4788 alloquamur,
2115 4733 2182 4773 ne

598 4813 786 4867 audire
819 4809 1033 4882 quidem
1064 4809 1294 4876 videtur,
1325 4807 1418 4864 sed
1446 4809 1512 4864 ad
1545 4810 1686 4864 illam
1716 4818 1916 4864 tantum
1949 4811 2181 4864 intentus

596 4916 680 4962 est
704 4905 932 4970 animus,
957 4917 1054 4959 nec
1075 4901 1218 4956 aliud
1239 4901 1486 4966 somniat,
1509 4913 1666 4970 quam
1692 4910 1994 4970 peccatum;
2024 4901 2183 4956 habet

598 5008 846 5070 suspecta
869 4997 1068 5062 omnia,
1101 4997 1288 5051 metuit
1320 4995 1518 5060 omnia,
1551 4993 1720 5048 nihilo
1750 4994 1939 5048 melior
1962 4995 2180 5049 animali

595 5091 847 5162 perculso
900 5097 956 5144 et
1007 5088 1251 5144 attonito.
1309 5086 1640 5156 Rursusque,
1686 5099 1843 5156 quem
1894 5094 2039 5141 tenet
2080 5087 2178 5152 ira,

597 5185 779 5240 ebrius
801 5191 883 5239 est
908 5199 922 5238 :
944 5181 1188 5237 similiter
1205 5189 1259 5236 et
1285 5179 1406 5235 huic
1427 5188 1600 5250 turget
1619 5179 1801 5246 facies,
1824 5194 1925 5236 vox
1950 5176 2008 5233 lit
2028 5194 2184 5248 aspe-

598 5278 730 5344 rior,
774 5276 912 5332 oculi
960 5277 1093 5330 liunt
1135 5274 1544 5343 sanguinolenti,
1593 5289 1744 5328 mens
1781 5271 2178 5341 obtenebratur,

600 5367 878 5436 prudentia
922 5365 1299 5436 submergitur,
1348 5365 1526 5434 lingua
1575 5363 1773 5428 tremit,
1825 5363 1968 5418 oeuli
2010 5363 2179 5417 intor-

595 5466 848 5526 quentur,
885 5470 1044 5512 aures
1083 5457 1187 5510 alia
1229 5469 1327 5525 pro
1363 5455 1482 5509 aliis
1517 5453 1782 5508 audiunt:
1815 5453 2062 5508 nimirum
2102 5454 2178 5507 ira

599 5549 755 5618 longe
783 5549 1014 5620 gravius,
1035 5561 1194 5619 quam
1215 5548 1377 5602 ullum
1406 5561 1613 5602 merum
1641 5545 1828 5608 soleat,
1855 5543 2180 5614 percelleute

597 5639 901 5704 cerebrum,
937 5648 1304 5709 tempestatem
1346 5637 1678 5701 concitante,
1720 5637 2182 5704 turbationemque

596 5737 845 5802 κέςιιαιιβ
885 5733 1248 5789 inscdabilem.
1277 5732 1427 5800 Quod
1465 5732 1512 5787 si
1540 5731 1966 5802 concupiscentia
2002 5738 2058 5786 et
2095 5729 2174 5784 ira

2284 2008 2558 2068 correptus
2578 1997 2754 2053 ebrius
2785 1998 2854 2052 sit
2886 2016 2898 2052 :
2931 1998 3100 2051 multo
3129 1999 3295 2068 magis
3323 1996 3474 2052 homo
3497 1999 3651 2067 impius
3669 2008 3708 2052 cl
3728 2000 3774 2052 iur

2285 2090 2451 2144 Deum
2482 2089 2843 2160 blasphemus,
2869 2091 3116 2160 illiusque
3146 2090 3348 2160 legibus
3377 2106 3660 2160 repugnans,
3683 2106 3764 2160 qm-

2283 2197 2384 2250 que
2421 2180 2555 2236 hanc
2599 2182 3021 2249 intempestivam
3067 2181 3406 2249 pertinaciam
3437 2198 3671 2248 numquam
3694 2182 3771 2232 mil

2284 2270 2535 2340 effugere,
2565 2270 2742 2325 ebrius
2762 2280 2841 2324 est
2867 2271 3187 2340 insanitque,
3213 2267 3642 2338 delet‘itts‘allet'lus
3659 2283 3774 2334 quam

2285 2361 2318 2414 ii
2347 2363 2432 2430 qui
2461 2361 2765 2426 heluantur,
2794 2364 2988 2430 quique
3028 2371 3210 2415 mente
3238 2361 3374 2428 capti
3410 2371 3552 2421 sunt,
3580 2359 3673 2411 liccl
3697 2359 3775 2425 ipse

2287 2451 2525 2506 morbum
2557 2466 2708 2505 suum
2738 2466 2839 2505 non
2865 2453 3063 2505 sentire
3090 2451 3351 2505 videatur.
3386 2450 3506 2504 Nam
3543 2449 3582 2502 id
3607 2451 3778 2501 maxime

2283 2541 2529 2594 convenit
2558 2536 3012 2606 ebrietztli,-etiam
3043 2542 3193 2594 nullo
3222 2554 3383 2596 sensu
3411 2541 3562 2605 allici,
3587 2556 3680 2592 cum
3705 2548 3783 2590 tur-

2284 2636 2423 2704 piter
2451 2635 2646 2703 agitur.
2671 2633 3131 2701 Quemadmodum
3162 2634 3322 2704 igitur
3351 2633 3470 2687 illud
3499 2643 3570 2685 est
3593 2630 3782 2699 gratissi.-

2287 2745 2433 2784 mum
2470 2728 2524 2780 in
2569 2734 2750 2780 mente
2779 2725 2969 2793 captis,
3007 2724 3151 2794 quod
3183 2739 3306 2777 cum
3335 2732 3592 2794 :rgrotent,
3617 2719 3787 2774 nechsc

2285 2813 2455 2883 ipsum
2495 2814 2745 2879 sentiant,
2775 2829 2832 2868 se
2871 2829 2990 2868 esse
3013 2823 3251 2884 aegrotos
3287 2832 3300 2868 :
3331 2815 3407 2869 sic
3434 2826 3484 2868 et
3509 2812 3650 2867 ειυιῖευί
3674 2825 3789 2872 nunc,

2284 2918 2406 2958 eum
2445 2905 2551 2958 sint
2575 2904 2727 2967 ebrii,
2761 2905 2810 2958 id
2840 2919 2942 2958 non
2969 2905 3214 2958 sentiunt
3245 2914 3441 2958 tamen.
3478 2900 3701 2958 Prmtcriit
3728 2901 3794 2968 igi-

2286 3002 2374 3048 tur
2413 2995 2620 3049 illorum
2656 2995 2934 3063 jejunium,
2973 2995 3166 3065 quavis
3206 2995 3464 3050 ebrietate
3501 2991 3668 3048 fwdius
3693 3005 3706 3043 :
3730 3003 3795 3041 nm

2286 3093 2462 3140 autem
2493 3101 2559 3141 ne
2584 3087 2917 3140 remittamus
2940 3102 3033 3156 pro
3061 3087 3323 3141 fratribus
3353 3085 3540 3140 nostris
3558 3079 3798 3137 sollicitudi-

2287 3193 2428 3241 nem,
2453 3193 2622 3248 neque
2643 3179 2862 3248 posthac
2882 3179 3264 3234 existimemus
3288 3180 3444 3233 ullam
3467 3178 3650 3232 illorum
3667 3187 3800 3228 curam

2286 3285 2405 3325 esse
2427 3272 2803 3340 importunam.
2821 3271 2924 3327 Sed
2942 3273 3423 3342 quemadmodum‘
3445 3272 3625 3327 iaciunt
3639 3268 3802 3329 milites,

2287 3364 2374 3416 ubi
2399 3364 2684 3417 commisso
2705 3365 2896 3434 prmlio
2926 3367 3192 3421 verterint
3230 3367 3282 3420 in
3310 3367 3484 3436 fugam
3518 3361 3807 3422 adversarios,

2285 3452 2353 3506 ab
2375 3454 2720 3510 insectatione
2749 3455 3050 3520 redeuntes,
3077 3471 3190 3510 non
3216 3458 3460 3526 protinus
3478 3461 3673 3510 currunt
3693 3449 3743 3503 ad
3760 3458 3806 3503 ta-

2287 3544 2603 3610 bernacula;
2644 3545 2740 3600 sed
2781 3547 2928 3616 prius
2971 3547 3038 3602 ad
3081 3549 3374 3603 conﬂictus
3418 3549 3581 3603 locum
3617 3542 3808 3614 protecti.

2287 3635 2480 3690 tollunt
2507 3651 2599 3691 eos
2624 3637 2712 3707 qui
2743 3653 2806 3692 ex
2839 3639 3070 3708 ipsorum
3101 3655 3338 3695 numero
3366 3641 3488 3696 σεπεί
3518 3645 3717 3697 sunt,ae
3733 3633 3810 3686 vita

2287 3731 2496 3801 quidem
2537 3731 2815 3787 defunctos
2853 3741 2991 3786 terra
3031 3736 3295 3788 occulunt
3328 3750 3342 3787 :
3375 3742 3616 3788 caeterum
3653 3729 3689 3782 si
3711 3739 3804 3792 flllos

2287 3823 2516 3878 viderint
2555 3822 2694 3877 inter
2735 3835 2973 3878 mortuos
3011 3826 3290 3894 Spirantes
3320 3823 3515 3889 adhuc,
3549 3835 3638 3875 nec
3670 3813 3814 3871 lctltalc

2283 3917 2479 3969 vulnus
2527 3915 2800 3981 habentes,
2853 3914 2917 3968 iis
2967 3915 3018 3970 in
3073 3915 3311 3969 tentoria
3373 3913 3607 3977 sublatis,
3654 3908 3816 3962 multam

2286 4005 2539 4060 adhibent
2564 4006 2917 4074 curationem,
2942 4015 3298 4076 extractoque
3328 4005 3458 4070 telo,
3484 3999 3724 4056 accersitis
3739 4009 3818 4048 me-

2287 4099 2452 4163 dicis,
2503 4099 2742 4154 absterso
2789 4098 3064 4167 sanguine,
3111 4097 3382 4152 remediis
3433 4094 3694 4156 adhibitis,
3733 4085 3818 4141 reli-

2288 4207 2496 4264 quaque
2537 4191 2679 4246 omni
2715 4191 2986 4246 curatione
3027 4189 3247 4243 admota
3291 4188 3362 4243 ad
3406 4188 3673 4241 sanitatem
3705 4177 3816 4233 redu-

2287 4295 2431 4340 cunt.
2465 4285 2531 4340 Et
2568 4299 2664 4338 uos
2710 4284 2868 4354 igitur
2905 4282 3174 4352 quoniam,
3211 4281 3520 4349 opitulante
3559 4277 3643 4332 Dei
3684 4270 3817 4342 graliﬂ.

2287 4379 2497 4434 Judazos
2562 4377 2864 4450 persequuti
2919 4390 3103 4430 sumus
3156 4374 3399 4429 armatis
3455 4371 3692 4425 adversus
3741 4363 3818 4415 illos

2288 4472 2639 4541 undequaque
2668 4468 2958 4540 prephetis,
2995 4467 3202 4520 reversi
3239 4481 3393 4520 nunc
3424 4463 3711 4520 videamus,
3737 4464 3821 4505 num

2286 4566 2375 4636 qui
2406 4565 2624 4619 fratrum
2654 4573 2951 4618 nostrorum
2979 4559 3303 4625 ceciderint,
3337 4571 3469 4612 num
3494 4557 3580 4626 qui
3601 4552 3662 4606 ab
3676 4544 3821 4619 Ῑυὶιιηῖο

2287 4656 2564 4725 intercepti
2597 4657 2724 4721 sint,
2758 4667 2880 4707 num
2918 4653 3003 4723 qui
3049 4651 3152 4706 illis
3185 4651 3242 4704 in
3289 4649 3437 4705 festo
3463 4640 3825 4725 communicare

2287 4747 2428 4802 rint?
2453 4724 2530 4801 Ae
2553 4745 2815 4800 neminem
2848 4743 3059 4814 quidem
3099 4741 3393 4795 tradamus
3433 4739 3734 4808 sepultum;
3762 4724 3820 4780 εδδ

2286 4843 2460 4911 potius
2490 4834 2724 4893 sublatos
2749 4847 2934 4891 omnes
2961 4849 3240 4890 curemus.
3276 4831 3419 4887 Nam
3449 4833 3502 4886 in
3527 4825 3738 4886 externis
3751 4817 3820 4888 qui

2285 4935 2406 4990 dem
2433 4932 2648 5004 prmliis,
2680 4932 2769 5001 qui
2799 4929 2962 4984 semel
2993 4927 3255 4983 ceciderit
3293 4926 3643 4992 animamque
3670 4911 3813 5009 clllarif.

2285 5045 2392 5084 non
2422 5037 2594 5098 potest
2615 5042 2643 5080 a
2673 5025 2840 5080 milite
2870 5021 3198 5093 recuperari,
3239 5030 3300 5075 et
3331 5019 3403 5075 ad
3436 5020 3603 5072 vitam
3627 5018 3815 5098 revomi-

2285 5092 2547 5177 Ctete-rum
2578 5119 2630 5173 in
2657 5118 2758 5171 hoc
2782 5115 2922 5171 bello
2947 5092 3268 5186 prtelioque,
3295 5111 3470 5166 etiam
3495 5110 3540 5163 si
3561 5108 3672 5177 quis
3693 5092 3818 5186 lctbf!‘

2284 5213 2477 5267 vulnus
2502 5209 2784 5280 acceperit,
2821 5207 2931 5262 fieri
2949 5183 3155 5277 potest,
3182 5215 3248 5256 ut
3281 5202 3592 5258 auxiliante
3624 5183 3820 5251 nobis“!

2283 5309 2449 5381 gratia
2481 5323 2602 5362 eum
2642 5303 2706 5360 ad
2736 5304 2899 5357 vitam
2929 5300 3278 5356 reducamus.
3317 5297 3443 5351 Non
3473 5295 3618 5350 enim
3659 5288 3822 5384 haec”:

2285 5378 2414 5458 turre
2439 5414 2586 5458 mors
2611 5409 2711 5463 est,
2744 5393 3184 5468 quemadmodum
3221 5391 3346 5459 illa,
3386 5387 3493 5445 sed
3528 5378 3832 5442 voluntati!“

2285 5493 2560 5567 propositi.
2610 5490 2949 5548 Voluntatem
2993 5497 3166 5541 autem
3223 5491 3518 5538 mortuam
3558 5479 3679 5535 licet
3715 5471 3839 5525 άοοιδο

2347 5675 2362 5703 ί
2397 5676 2754 5732 ρυειιιοιξλθιεετ,
2778 5659 3180 5732 Quemadde
3205 5657 3408 5732 milites
3429 5657 3638 5721 furium,
3662 5646 3720 5698 ita
3735 5643 3771 5690 ει
3787 5641 3850 5684 ιωδ

2278 5727 2532 5798 (animus.
2563 5729 2639 5782 Illi
2661 5730 2807 5790 enirn,
2827 5727 2909 5779 ubi
2929 5727 3196 5781 cernimur),
3223 5729 3337 5772 etc.
