  <div class='ocr_page' id='page_1' title='image "/cluster/home/n/w/nwhite01/storage/ocr_20150623/48/hvd.32044073501892/408.png"; bbox 0 0 4018 6190; ppageno 0'>
   <div class='ocr_carea' id='block_1_1' title="bbox 245 296 351 355">
    <p class='ocr_par' dir='ltr' id='par_1_1' title="bbox 245 296 351 355">
     <span class='ocr_line' id='line_1_1' title="bbox 245 296 351 355; baseline -0.009 0"><span class='ocrx_word' id='word_1_1' title='bbox 245 296 351 355; x_wconf 71' lang='lat'><strong>9-29</strong></span> 
     </span>
    </p>
   </div>
   <div class='ocr_carea' id='block_1_2' title="bbox 247 413 1834 486">
    <p class='ocr_par' dir='ltr' id='par_1_2' title="bbox 247 413 1834 486">
     <span class='ocr_line' id='line_1_2' title="bbox 247 413 1834 486; baseline -0.002 -13"><span class='ocrx_word' id='word_1_2' title='bbox 247 423 525 484; x_wconf 79' lang='lat' dir='ltr'><strong>suscitare,</strong></span> <span class='ocrx_word' id='word_1_3' title='bbox 567 417 862 486; x_wconf 68' lang='lat' dir='ltr'><strong>animaeque</strong></span> <span class='ocrx_word' id='word_1_4' title='bbox 894 423 1115 471; x_wconf 76' lang='lat' dir='ltr'><strong>mortua:</strong></span> <span class='ocrx_word' id='word_1_5' title='bbox 1156 413 1478 486; x_wconf 82' lang='lat' dir='ltr'><strong>persuadere</strong></span> <span class='ocrx_word' id='word_1_6' title='bbox 1515 415 1658 480; x_wconf 89' lang='lat' dir='ltr'><strong>licet,</strong></span> <span class='ocrx_word' id='word_1_7' title='bbox 1686 425 1742 470; x_wconf 92' lang='lat' dir='ltr'><strong>ut</strong></span> <span class='ocrx_word' id='word_1_8' title='bbox 1768 415 1834 470; x_wconf 86' lang='lat' dir='ltr'><strong>ad</strong></span> 
     </span>
    </p>
   </div>
   <div class='ocr_carea' id='block_1_3' title="bbox 241 512 1700 582">
    <p class='ocr_par' dir='ltr' id='par_1_3' title="bbox 241 512 1700 582">
     <span class='ocr_line' id='line_1_3' title="bbox 241 512 1700 582; baseline -0.005 -10"><span class='ocrx_word' id='word_1_9' title='bbox 241 532 395 572; x_wconf 87' lang='lat' dir='ltr'><strong>suam</strong></span> <span class='ocrx_word' id='word_1_10' title='bbox 419 517 582 570; x_wconf 90' lang='lat' dir='ltr'><strong>vitam</strong></span> <span class='ocrx_word' id='word_1_11' title='bbox 609 513 815 579; x_wconf 89' lang='lat' dir='ltr'><strong>redeat,</strong></span> <span class='ocrx_word' id='word_1_12' title='bbox 843 528 1104 581; x_wconf 87' lang='lat' dir='ltr'><strong>suumque</strong></span> <span class='ocrx_word' id='word_1_13' title='bbox 1126 512 1399 568; x_wconf 91' lang='lat' dir='ltr'><strong>dominum</strong></span> <span class='ocrx_word' id='word_1_14' title='bbox 1427 521 1700 582; x_wconf 90' lang='lat' dir='ltr'><strong>agnoscat.</strong></span> 
     </span>
    </p>
   </div>
   <div class='ocr_carea' id='block_1_4' title="bbox 316 603 1834 677">
    <p class='ocr_par' dir='ltr' id='par_1_4' title="bbox 316 603 1834 677">
     <span class='ocr_line' id='line_1_4' title="bbox 316 603 1834 677; baseline -0.001 -17"><span class='ocrx_word' id='word_1_15' title='bbox 316 607 371 660; x_wconf 74' lang='lat'><strong>2.</strong></span> <span class='ocrx_word' id='word_1_16' title='bbox 418 607 592 677; x_wconf 87' lang='lat' dir='ltr'><strong>Agite,</strong></span> <span class='ocrx_word' id='word_1_17' title='bbox 635 620 703 660; x_wconf 93' lang='lat' dir='ltr'><strong>ne</strong></span> <span class='ocrx_word' id='word_1_18' title='bbox 736 605 1104 675; x_wconf 90' lang='lat' dir='ltr'><strong>defatigemur,</strong></span> <span class='ocrx_word' id='word_1_19' title='bbox 1137 603 1349 672; x_wconf 78' lang='lat' dir='ltr'><strong>fratres,</strong></span> <span class='ocrx_word' id='word_1_20' title='bbox 1384 619 1555 675; x_wconf 88' lang='lat' dir='ltr'><strong>neque</strong></span> <span class='ocrx_word' id='word_1_21' title='bbox 1595 603 1834 659; x_wconf 88' lang='lat' dir='ltr'><strong>delasse-</strong></span> 
     </span>
    </p>
   </div>
   <div class='ocr_carea' id='block_1_5' title="bbox 244 695 1834 768">
    <p class='ocr_par' dir='ltr' id='par_1_5' title="bbox 244 695 1834 768">
     <span class='ocr_line' id='line_1_5' title="bbox 244 695 1834 768; baseline 0 -18"><span class='ocrx_word' id='word_1_22' title='bbox 244 714 388 762; x_wconf 90' lang='lat' dir='ltr'><strong>mur,</strong></span> <span class='ocrx_word' id='word_1_23' title='bbox 430 713 603 768; x_wconf 87' lang='lat' dir='ltr'><strong>neque</strong></span> <span class='ocrx_word' id='word_1_24' title='bbox 641 697 834 752; x_wconf 89' lang='lat' dir='ltr'><strong>animis</strong></span> <span class='ocrx_word' id='word_1_25' title='bbox 870 695 1146 760; x_wconf 88' lang='lat' dir='ltr'><strong>cadamus,</strong></span> <span class='ocrx_word' id='word_1_26' title='bbox 1182 711 1355 767; x_wconf 89' lang='lat' dir='ltr'><strong>neque</strong></span> <span class='ocrx_word' id='word_1_27' title='bbox 1388 697 1666 766; x_wconf 84' lang='lat' dir='ltr'><strong>quisquam</strong></span> <span class='ocrx_word' id='word_1_28' title='bbox 1706 695 1834 750; x_wconf 88' lang='lat' dir='ltr'><strong>mihi</strong></span> 
     </span>
    </p>
   </div>
   <div class='ocr_carea' id='block_1_6' title="bbox 236 787 1834 858">
    <p class='ocr_par' dir='ltr' id='par_1_6' title="bbox 236 787 1834 858">
     <span class='ocr_line' id='line_1_6' title="bbox 236 787 1834 858; baseline 0 -16"><span class='ocrx_word' id='word_1_29' title='bbox 236 791 408 852; x_wconf 78' lang='lat' dir='ltr'><strong>verba</strong></span> <span class='ocrx_word' id='word_1_30' title='bbox 439 788 525 842; x_wconf 88' lang='lat' dir='ltr'><strong>illa</strong></span> <span class='ocrx_word' id='word_1_31' title='bbox 547 787 710 854; x_wconf 89' lang='lat' dir='ltr'><strong>dicat,</strong></span> <span class='ocrx_word' id='word_1_32' title='bbox 737 787 878 858; x_wconf 92' lang='lat' dir='ltr'><strong>quod</strong></span> <span class='ocrx_word' id='word_1_33' title='bbox 905 796 1027 843; x_wconf 91' lang='lat' dir='ltr'><strong>ante</strong></span> <span class='ocrx_word' id='word_1_34' title='bbox 1048 788 1308 858; x_wconf 84' lang='lat' dir='ltr'><strong>jejunium</strong></span> <span class='ocrx_word' id='word_1_35' title='bbox 1331 787 1436 842; x_wconf 90' lang='lat' dir='ltr'><strong>illis</strong></span> <span class='ocrx_word' id='word_1_36' title='bbox 1459 801 1650 842; x_wconf 90' lang='lat' dir='ltr'><strong>cavere</strong></span> <span class='ocrx_word' id='word_1_37' title='bbox 1671 801 1834 856; x_wconf 87' lang='lat' dir='ltr'><strong>opor-</strong></span> 
     </span>
    </p>
   </div>
   <div class='ocr_carea' id='block_1_7' title="bbox 235 878 1833 949">
    <p class='ocr_par' dir='ltr' id='par_1_7' title="bbox 235 878 1833 949">
     <span class='ocr_line' id='line_1_7' title="bbox 235 878 1833 949; baseline -0.001 -15"><span class='ocrx_word' id='word_1_38' title='bbox 235 880 427 946; x_wconf 85' lang='lat' dir='ltr'><strong>tuerit,</strong></span> <span class='ocrx_word' id='word_1_39' title='bbox 456 894 777 949; x_wconf 90' lang='lat' dir='ltr'><strong>omnemque</strong></span> <span class='ocrx_word' id='word_1_40' title='bbox 804 894 1022 936; x_wconf 88' lang='lat' dir='ltr'><strong>movere</strong></span> <span class='ocrx_word' id='word_1_41' title='bbox 1051 878 1282 949; x_wconf 88' lang='lat' dir='ltr'><strong>lapidem</strong></span> <span class='ocrx_word' id='word_1_42' title='bbox 1315 898 1329 934; x_wconf 88' lang='lat'><strong>:</strong></span> <span class='ocrx_word' id='word_1_43' title='bbox 1361 893 1505 933; x_wconf 91' lang='lat' dir='ltr'><strong>nunc</strong></span> <span class='ocrx_word' id='word_1_44' title='bbox 1529 893 1657 933; x_wconf 92' lang='lat' dir='ltr'><strong>vero</strong></span> <span class='ocrx_word' id='word_1_45' title='bbox 1683 887 1833 948; x_wconf 89' lang='lat' dir='ltr'><strong>post-</strong></span> 
     </span>
    </p>
   </div>
   <div class='ocr_carea' id='block_1_8' title="bbox 240 969 1834 1044">
    <p class='ocr_par' dir='ltr' id='par_1_8' title="bbox 240 969 1834 1044">
     <span class='ocr_line' id='line_1_8' title="bbox 240 969 1834 1044; baseline -0.002 -17"><span class='ocrx_word' id='word_1_46' title='bbox 240 989 402 1044; x_wconf 82' lang='lat' dir='ltr'><strong>quam</strong></span> <span class='ocrx_word' id='word_1_47' title='bbox 429 973 723 1044; x_wconf 89' lang='lat' dir='ltr'><strong>jejunatum</strong></span> <span class='ocrx_word' id='word_1_48' title='bbox 759 981 862 1039; x_wconf 90' lang='lat' dir='ltr'><strong>est,</strong></span> <span class='ocrx_word' id='word_1_49' title='bbox 906 981 1184 1043; x_wconf 75' lang='lat' dir='ltr'><strong>postquam</strong></span> <span class='ocrx_word' id='word_1_50' title='bbox 1223 980 1496 1042; x_wconf 88' lang='lat' dir='ltr'><strong>peccatum</strong></span> <span class='ocrx_word' id='word_1_51' title='bbox 1541 969 1834 1026; x_wconf 90' lang='lat' dir='ltr'><strong>admissum</strong></span> 
     </span>
    </p>
   </div>
   <div class='ocr_carea' id='block_1_9' title="bbox 238 1064 1834 1135">
    <p class='ocr_par' dir='ltr' id='par_1_9' title="bbox 238 1064 1834 1135">
     <span class='ocr_line' id='line_1_9' title="bbox 238 1064 1834 1135; baseline -0.003 -15"><span class='ocrx_word' id='word_1_52' title='bbox 238 1074 346 1132; x_wconf 86' lang='lat' dir='ltr'><strong>est,</strong></span> <span class='ocrx_word' id='word_1_53' title='bbox 372 1073 655 1135; x_wconf 80' lang='lat' dir='ltr'><strong>postquam</strong></span> <span class='ocrx_word' id='word_1_54' title='bbox 693 1064 944 1135; x_wconf 90' lang='lat' dir='ltr'><strong>iniquitas</strong></span> <span class='ocrx_word' id='word_1_55' title='bbox 977 1071 1345 1119; x_wconf 89' lang='lat' dir='ltr'><strong>consummata</strong></span> <span class='ocrx_word' id='word_1_56' title='bbox 1375 1070 1476 1126; x_wconf 88' lang='lat' dir='ltr'><strong>est,</strong></span> <span class='ocrx_word' id='word_1_57' title='bbox 1503 1078 1621 1134; x_wconf 79' lang='lat' dir='ltr'><strong>qua:</strong></span> <span class='ocrx_word' id='word_1_58' title='bbox 1646 1076 1834 1132; x_wconf 79' lang='lat' dir='ltr'><strong>super-</strong></span> 
     </span>
    </p>
   </div>
   <div class='ocr_carea' id='block_1_10' title="bbox 223 1155 582 1210">
    <p class='ocr_par' dir='ltr' id='par_1_10' title="bbox 223 1155 582 1210">
     <span class='ocr_line' id='line_1_10' title="bbox 223 1155 582 1210; baseline 0 -2"><span class='ocrx_word' id='word_1_59' title='bbox 223 1164 324 1210; x_wconf 83' lang='lat' dir='ltr'><strong>est</strong></span> <span class='ocrx_word' id='word_1_60' title='bbox 353 1155 582 1210; x_wconf 85' lang='lat' dir='ltr'><strong>utilitas?</strong></span> 
     </span>
    </p>
   </div>
   <div class='ocr_carea' id='block_1_11' title="bbox 315 1244 1834 1322">
    <p class='ocr_par' dir='ltr' id='par_1_11' title="bbox 315 1244 1834 1322">
     <span class='ocr_line' id='line_1_11' title="bbox 315 1244 1834 1322; baseline 0.003 -24"><span class='ocrx_word' id='word_1_61' title='bbox 315 1244 556 1300; x_wconf 75' lang='lat' dir='ltr'><strong>Fratrum</strong></span> <span class='ocrx_word' id='word_1_62' title='bbox 613 1247 764 1322; x_wconf 68' lang='lat' dir='ltr'><strong>saluti</strong></span> <span class='ocrx_word' id='word_1_63' title='bbox 812 1245 1198 1300; x_wconf 85' lang='lat' dir='ltr'><strong>consulendum.</strong></span> <span class='ocrx_word' id='word_1_64' title='bbox 1244 1275 1316 1286; x_wconf 87' lang='lat'><strong>—-</strong></span> <span class='ocrx_word' id='word_1_65' title='bbox 1357 1245 1568 1301; x_wconf 83' lang='lat' dir='ltr'><strong>Etenim</strong></span> <span class='ocrx_word' id='word_1_66' title='bbox 1619 1245 1664 1300; x_wconf 88' lang='lat' dir='ltr'><strong>si</strong></span> <span class='ocrx_word' id='word_1_67' title='bbox 1716 1246 1834 1315; x_wconf 87' lang='lat' dir='ltr'><strong>quis</strong></span> 
     </span>
    </p>
   </div>
   <div class='ocr_carea' id='block_1_12' title="bbox 238 1338 1830 1410">
    <p class='ocr_par' dir='ltr' id='par_1_12' title="bbox 238 1338 1830 1410">
     <span class='ocr_line' id='line_1_12' title="bbox 238 1338 1830 1410; baseline 0.001 -18"><span class='ocrx_word' id='word_1_68' title='bbox 238 1339 415 1404; x_wconf 81' lang='lat' dir='ltr'><strong>novit,</strong></span> <span class='ocrx_word' id='word_1_69' title='bbox 449 1338 576 1408; x_wconf 90' lang='lat' dir='ltr'><strong>quid</strong></span> <span class='ocrx_word' id='word_1_70' title='bbox 604 1340 677 1394; x_wconf 89' lang='lat' dir='ltr'><strong>sit</strong></span> <span class='ocrx_word' id='word_1_71' title='bbox 705 1338 857 1394; x_wconf 83' lang='lat' dir='ltr'><strong>fratri</strong></span> <span class='ocrx_word' id='word_1_72' title='bbox 881 1340 1193 1406; x_wconf 87' lang='lat' dir='ltr'><strong>consulere,</strong></span> <span class='ocrx_word' id='word_1_73' title='bbox 1225 1339 1371 1394; x_wconf 89' lang='lat' dir='ltr'><strong>novit</strong></span> <span class='ocrx_word' id='word_1_74' title='bbox 1402 1349 1454 1395; x_wconf 93' lang='lat' dir='ltr'><strong>et</strong></span> <span class='ocrx_word' id='word_1_75' title='bbox 1493 1339 1620 1394; x_wconf 90' lang='lat' dir='ltr'><strong>illud</strong></span> <span class='ocrx_word' id='word_1_76' title='bbox 1640 1380 1654 1404; x_wconf 94' lang='lat'><strong>,</strong></span> <span class='ocrx_word' id='word_1_77' title='bbox 1686 1339 1830 1410; x_wconf 91' lang='lat' dir='ltr'><strong>quod</strong></span> 
     </span>
    </p>
   </div>
   <div class='ocr_carea' id='block_1_13' title="bbox 237 1429 1832 1501">
    <p class='ocr_par' dir='ltr' id='par_1_13' title="bbox 237 1429 1832 1501">
     <span class='ocr_line' id='line_1_13' title="bbox 237 1429 1832 1501; baseline 0.002 -18"><span class='ocrx_word' id='word_1_78' title='bbox 237 1445 389 1485; x_wconf 86' lang='lat' dir='ltr'><strong>nunc</strong></span> <span class='ocrx_word' id='word_1_79' title='bbox 428 1431 760 1499; x_wconf 91' lang='lat' dir='ltr'><strong>potissimum</strong></span> <span class='ocrx_word' id='word_1_80' title='bbox 795 1439 1038 1501; x_wconf 82' lang='lat' dir='ltr'><strong>oporteat</strong></span> <span class='ocrx_word' id='word_1_81' title='bbox 1075 1429 1365 1485; x_wconf 81' lang='lat' dir='ltr'><strong>admovere</strong></span> <span class='ocrx_word' id='word_1_82' title='bbox 1402 1445 1612 1497; x_wconf 88' lang='lat' dir='ltr'><strong>manus,</strong></span> <span class='ocrx_word' id='word_1_83' title='bbox 1643 1445 1832 1486; x_wconf 88' lang='lat' dir='ltr'><strong>omne-</strong></span> 
     </span>
    </p>
   </div>
   <div class='ocr_carea' id='block_1_14' title="bbox 231 1522 1832 1593">
    <p class='ocr_par' dir='ltr' id='par_1_14' title="bbox 231 1522 1832 1593">
     <span class='ocr_line' id='line_1_14' title="bbox 231 1522 1832 1593; baseline 0.001 -17"><span class='ocrx_word' id='word_1_84' title='bbox 231 1538 349 1592; x_wconf 87' lang='lat' dir='ltr'><strong>que</strong></span> <span class='ocrx_word' id='word_1_85' title='bbox 392 1522 621 1578; x_wconf 88' lang='lat' dir='ltr'><strong>studium</strong></span> <span class='ocrx_word' id='word_1_86' title='bbox 671 1523 1000 1593; x_wconf 89' lang='lat' dir='ltr'><strong>impendere.</strong></span> <span class='ocrx_word' id='word_1_87' title='bbox 1043 1523 1226 1593; x_wconf 85' lang='lat' dir='ltr'><strong>Neque</strong></span> <span class='ocrx_word' id='word_1_88' title='bbox 1269 1524 1412 1578; x_wconf 89' lang='lat' dir='ltr'><strong>enim</strong></span> <span class='ocrx_word' id='word_1_89' title='bbox 1463 1533 1664 1578; x_wconf 89' lang='lat' dir='ltr'><strong>tantum</strong></span> <span class='ocrx_word' id='word_1_90' title='bbox 1709 1533 1832 1578; x_wconf 88' lang='lat' dir='ltr'><strong>ante</strong></span> 
     </span>
    </p>
   </div>
   <div class='ocr_carea' id='block_1_15' title="bbox 235 1613 1830 1682">
    <p class='ocr_par' dir='ltr' id='par_1_15' title="bbox 235 1613 1830 1682">
     <span class='ocr_line' id='line_1_15' title="bbox 235 1613 1830 1682; baseline 0.001 -16"><span class='ocrx_word' id='word_1_91' title='bbox 235 1623 518 1682; x_wconf 81' lang='lat' dir='ltr'><strong>peccatum</strong></span> <span class='ocrx_word' id='word_1_92' title='bbox 561 1613 856 1669; x_wconf 89' lang='lat' dir='ltr'><strong>admissum</strong></span> <span class='ocrx_word' id='word_1_93' title='bbox 901 1615 1152 1671; x_wconf 75' lang='lat' dir='ltr'><strong>convenit</strong></span> <span class='ocrx_word' id='word_1_94' title='bbox 1197 1615 1376 1669; x_wconf 82' lang='lat' dir='ltr'><strong>fratris</strong></span> <span class='ocrx_word' id='word_1_95' title='bbox 1418 1615 1573 1668; x_wconf 90' lang='lat' dir='ltr'><strong>saluti</strong></span> <span class='ocrx_word' id='word_1_96' title='bbox 1619 1629 1830 1679; x_wconf 89' lang='lat' dir='ltr'><strong>cavere,</strong></span> 
     </span>
    </p>
   </div>
   <div class='ocr_carea' id='block_1_16' title="bbox 235 1704 1830 1776">
    <p class='ocr_par' dir='ltr' id='par_1_16' title="bbox 235 1704 1830 1776">
     <span class='ocr_line' id='line_1_16' title="bbox 235 1704 1830 1776; baseline 0.001 -19"><span class='ocrx_word' id='word_1_97' title='bbox 235 1720 430 1759; x_wconf 79' lang='lat' dir='ltr'><strong>verum</strong></span> <span class='ocrx_word' id='word_1_98' title='bbox 458 1713 511 1760; x_wconf 93' lang='lat' dir='ltr'><strong>et</strong></span> <span class='ocrx_word' id='word_1_99' title='bbox 541 1715 662 1775; x_wconf 92' lang='lat' dir='ltr'><strong>post</strong></span> <span class='ocrx_word' id='word_1_100' title='bbox 700 1707 907 1776; x_wconf 91' lang='lat' dir='ltr'><strong>lapsum</strong></span> <span class='ocrx_word' id='word_1_101' title='bbox 945 1721 1135 1760; x_wconf 88' lang='lat' dir='ltr'><strong>manus</strong></span> <span class='ocrx_word' id='word_1_102' title='bbox 1177 1704 1512 1775; x_wconf 71' lang='lat' dir='ltr'><strong>porrigendzc</strong></span> <span class='ocrx_word' id='word_1_103' title='bbox 1559 1714 1699 1760; x_wconf 88' lang='lat' dir='ltr'><strong>sunt.</strong></span> <span class='ocrx_word' id='word_1_104' title='bbox 1734 1705 1830 1759; x_wconf 87' lang='lat' dir='ltr'><strong>Et-</strong></span> 
     </span>
    </p>
   </div>
   <div class='ocr_carea' id='block_1_17' title="bbox 230 1795 1833 1866">
    <p class='ocr_par' dir='ltr' id='par_1_17' title="bbox 230 1795 1833 1866">
     <span class='ocr_line' id='line_1_17' title="bbox 230 1795 1833 1866; baseline 0 -16"><span class='ocrx_word' id='word_1_105' title='bbox 230 1798 394 1850; x_wconf 73' lang='lat' dir='ltr'><strong>enim</strong></span> <span class='ocrx_word' id='word_1_106' title='bbox 421 1797 466 1852; x_wconf 89' lang='lat' dir='ltr'><strong>si</strong></span> <span class='ocrx_word' id='word_1_107' title='bbox 490 1798 626 1852; x_wconf 82' lang='lat' dir='ltr'><strong>Deus</strong></span> <span class='ocrx_word' id='word_1_108' title='bbox 655 1798 721 1851; x_wconf 86' lang='lat' dir='ltr'><strong>ab</strong></span> <span class='ocrx_word' id='word_1_109' title='bbox 752 1797 902 1853; x_wconf 89' lang='lat' dir='ltr'><strong>initio</strong></span> <span class='ocrx_word' id='word_1_110' title='bbox 923 1795 1136 1852; x_wconf 88' lang='lat' dir='ltr'><strong>fecisset</strong></span> <span class='ocrx_word' id='word_1_111' title='bbox 1161 1796 1320 1862; x_wconf 90' lang='lat' dir='ltr'><strong>istud,</strong></span> <span class='ocrx_word' id='word_1_112' title='bbox 1354 1804 1660 1866; x_wconf 88' lang='lat' dir='ltr'><strong>tantumque</strong></span> <span class='ocrx_word' id='word_1_113' title='bbox 1679 1795 1833 1852; x_wconf 88' lang='lat' dir='ltr'><strong>nobis</strong></span> 
     </span>
    </p>
   </div>
   <div class='ocr_carea' id='block_1_18' title="bbox 231 1888 1832 1960">
    <p class='ocr_par' dir='ltr' id='par_1_18' title="bbox 231 1888 1832 1960">
     <span class='ocr_line' id='line_1_18' title="bbox 231 1888 1832 1960; baseline 0.002 -18"><span class='ocrx_word' id='word_1_114' title='bbox 231 1888 594 1944; x_wconf 80' lang='lat' dir='ltr'><strong>consuluisset</strong></span> <span class='ocrx_word' id='word_1_115' title='bbox 615 1898 740 1944; x_wconf 84' lang='lat' dir='ltr'><strong>ante</strong></span> <span class='ocrx_word' id='word_1_116' title='bbox 765 1898 1064 1960; x_wconf 87' lang='lat' dir='ltr'><strong>peceatum,</strong></span> <span class='ocrx_word' id='word_1_117' title='bbox 1090 1897 1211 1959; x_wconf 91' lang='lat' dir='ltr'><strong>post</strong></span> <span class='ocrx_word' id='word_1_118' title='bbox 1233 1898 1508 1959; x_wconf 89' lang='lat' dir='ltr'><strong>peccatum</strong></span> <span class='ocrx_word' id='word_1_119' title='bbox 1534 1899 1710 1945; x_wconf 90' lang='lat' dir='ltr'><strong>autem</strong></span> <span class='ocrx_word' id='word_1_120' title='bbox 1738 1905 1832 1945; x_wconf 88' lang='lat' dir='ltr'><strong>ne-</strong></span> 
     </span>
    </p>
   </div>
   <div class='ocr_carea' id='block_1_19' title="bbox 232 1980 1830 2052">
    <p class='ocr_par' dir='ltr' id='par_1_19' title="bbox 232 1980 1830 2052">
     <span class='ocr_line' id='line_1_19' title="bbox 232 1980 1830 2052; baseline 0.001 -18"><span class='ocrx_word' id='word_1_121' title='bbox 232 1980 494 2050; x_wconf 78' lang='lat' dir='ltr'><strong>glexisset</strong></span> <span class='ocrx_word' id='word_1_122' title='bbox 551 1981 842 2046; x_wconf 84' lang='lat' dir='ltr'><strong>hominem,</strong></span> <span class='ocrx_word' id='word_1_123' title='bbox 893 1995 1186 2051; x_wconf 88' lang='lat' dir='ltr'><strong>passusque</strong></span> <span class='ocrx_word' id='word_1_124' title='bbox 1237 1981 1425 2036; x_wconf 76' lang='lat' dir='ltr'><strong>fuisset</strong></span> <span class='ocrx_word' id='word_1_125' title='bbox 1476 1989 1728 2052; x_wconf 90' lang='lat' dir='ltr'><strong>perpetua</strong></span> <span class='ocrx_word' id='word_1_126' title='bbox 1777 1982 1830 2036; x_wconf 88' lang='lat' dir='ltr'><strong>in</strong></span> 
     </span>
    </p>
   </div>
   <div class='ocr_carea' id='block_1_20' title="bbox 233 2073 1829 2143">
    <p class='ocr_par' dir='ltr' id='par_1_20' title="bbox 233 2073 1829 2143">
     <span class='ocr_line' id='line_1_20' title="bbox 233 2073 1829 2143; baseline 0.001 -16"><span class='ocrx_word' id='word_1_127' title='bbox 233 2073 395 2127; x_wconf 80' lang='lat' dir='ltr'><strong>ruina</strong></span> <span class='ocrx_word' id='word_1_128' title='bbox 420 2073 618 2142; x_wconf 87' lang='lat' dir='ltr'><strong>jacere,</strong></span> <span class='ocrx_word' id='word_1_129' title='bbox 651 2073 827 2128; x_wconf 91' lang='lat' dir='ltr'><strong>nullus</strong></span> <span class='ocrx_word' id='word_1_130' title='bbox 856 2088 1030 2142; x_wconf 90' lang='lat' dir='ltr'><strong>neque</strong></span> <span class='ocrx_word' id='word_1_131' title='bbox 1055 2082 1298 2128; x_wconf 86' lang='lat' dir='ltr'><strong>nostrum</strong></span> <span class='ocrx_word' id='word_1_132' title='bbox 1329 2088 1581 2143; x_wconf 91' lang='lat' dir='ltr'><strong>umquam</strong></span> <span class='ocrx_word' id='word_1_133' title='bbox 1603 2073 1829 2129; x_wconf 89' lang='lat' dir='ltr'><strong>salutem</strong></span> 
     </span>
    </p>
   </div>
   <div class='ocr_carea' id='block_1_21' title="bbox 227 2163 1827 2234">
    <p class='ocr_par' dir='ltr' id='par_1_21' title="bbox 227 2163 1827 2234">
     <span class='ocr_line' id='line_1_21' title="bbox 227 2163 1827 2234; baseline 0.001 -18"><span class='ocrx_word' id='word_1_134' title='bbox 227 2163 434 2218; x_wconf 80' lang='lat' dir='ltr'><strong>fuisset</strong></span> <span class='ocrx_word' id='word_1_135' title='bbox 476 2175 855 2234; x_wconf 75' lang='lat' dir='ltr'><strong>consequutus.</strong></span> <span class='ocrx_word' id='word_1_136' title='bbox 908 2163 1105 2219; x_wconf 82' lang='lat' dir='ltr'><strong>Verum</strong></span> <span class='ocrx_word' id='word_1_137' title='bbox 1163 2163 1265 2219; x_wconf 89' lang='lat' dir='ltr'><strong>hoc</strong></span> <span class='ocrx_word' id='word_1_138' title='bbox 1316 2179 1422 2218; x_wconf 89' lang='lat' dir='ltr'><strong>non</strong></span> <span class='ocrx_word' id='word_1_139' title='bbox 1472 2163 1598 2219; x_wconf 84' lang='lat' dir='ltr'><strong>facit</strong></span> <span class='ocrx_word' id='word_1_140' title='bbox 1647 2163 1827 2231; x_wconf 89' lang='lat' dir='ltr'><strong>Deus,</strong></span> 
     </span>
    </p>
   </div>
   <div class='ocr_carea' id='block_1_22' title="bbox 229 2254 1831 2326">
    <p class='ocr_par' dir='ltr' id='par_1_22' title="bbox 229 2254 1831 2326">
     <span class='ocr_line' id='line_1_22' title="bbox 229 2254 1831 2326; baseline 0.003 -20"><span class='ocrx_word' id='word_1_141' title='bbox 229 2255 438 2324; x_wconf 86' lang='lat' dir='ltr'><strong>quippe</strong></span> <span class='ocrx_word' id='word_1_142' title='bbox 477 2270 664 2309; x_wconf 90' lang='lat' dir='ltr'><strong>amans</strong></span> <span class='ocrx_word' id='word_1_143' title='bbox 703 2254 922 2309; x_wconf 90' lang='lat' dir='ltr'><strong>humani</strong></span> <span class='ocrx_word' id='word_1_144' title='bbox 963 2255 1177 2324; x_wconf 76' lang='lat' dir='ltr'><strong>generis</strong></span> <span class='ocrx_word' id='word_1_145' title='bbox 1220 2269 1282 2310; x_wconf 88' lang='lat' dir='ltr'><strong>ac</strong></span> <span class='ocrx_word' id='word_1_146' title='bbox 1313 2256 1484 2319; x_wconf 91' lang='lat' dir='ltr'><strong>mitis,</strong></span> <span class='ocrx_word' id='word_1_147' title='bbox 1527 2263 1831 2326; x_wconf 55' lang='lat' dir='ltr'><strong>nostraque</strong></span> 
     </span>
    </p>
   </div>
   <div class='ocr_carea' id='block_1_23' title="bbox 232 2344 1830 2416">
    <p class='ocr_par' dir='ltr' id='par_1_23' title="bbox 232 2344 1830 2416">
     <span class='ocr_line' id='line_1_23' title="bbox 232 2344 1830 2416; baseline -0.001 -16"><span class='ocrx_word' id='word_1_148' title='bbox 232 2346 428 2400; x_wconf 88' lang='lat' dir='ltr'><strong>salutis</strong></span> <span class='ocrx_word' id='word_1_149' title='bbox 468 2344 865 2416; x_wconf 88' lang='lat' dir='ltr'><strong>cupidissimus.</strong></span> <span class='ocrx_word' id='word_1_150' title='bbox 907 2345 1044 2412; x_wconf 86' lang='lat' dir='ltr'><strong>Quin</strong></span> <span class='ocrx_word' id='word_1_151' title='bbox 1088 2355 1143 2400; x_wconf 90' lang='lat' dir='ltr'><strong>et</strong></span> <span class='ocrx_word' id='word_1_152' title='bbox 1188 2353 1309 2415; x_wconf 91' lang='lat' dir='ltr'><strong>post</strong></span> <span class='ocrx_word' id='word_1_153' title='bbox 1350 2355 1562 2414; x_wconf 88' lang='lat' dir='ltr'><strong>peccata</strong></span> <span class='ocrx_word' id='word_1_154' title='bbox 1609 2345 1830 2400; x_wconf 90' lang='lat' dir='ltr'><strong>multam</strong></span> 
     </span>
    </p>
   </div>
   <div class='ocr_carea' id='block_1_24' title="bbox 230 2435 1830 2508">
    <p class='ocr_par' dir='ltr' id='par_1_24' title="bbox 230 2435 1830 2508">
     <span class='ocr_line' id='line_1_24' title="bbox 230 2435 1830 2508; baseline 0 -18"><span class='ocrx_word' id='word_1_155' title='bbox 230 2446 458 2506; x_wconf 55' lang='lat' dir='ltr'><strong>prastat</strong></span> <span class='ocrx_word' id='word_1_156' title='bbox 497 2437 930 2504; x_wconf 88' lang='lat' dir='ltr'><strong>sollicitudinem,</strong></span> <span class='ocrx_word' id='word_1_157' title='bbox 971 2436 1400 2508; x_wconf 85' lang='lat' dir='ltr'><strong>quandoquidem</strong></span> <span class='ocrx_word' id='word_1_158' title='bbox 1430 2444 1485 2492; x_wconf 93' lang='lat' dir='ltr'><strong>et</strong></span> <span class='ocrx_word' id='word_1_159' title='bbox 1523 2435 1655 2491; x_wconf 81' lang='lat' dir='ltr'><strong>Ada:</strong></span> <span class='ocrx_word' id='word_1_160' title='bbox 1691 2437 1830 2491; x_wconf 85' lang='lat' dir='ltr'><strong>cavit</strong></span> 
     </span>
    </p>
   </div>
   <div class='ocr_carea' id='block_1_25' title="bbox 231 2527 1829 2598">
    <p class='ocr_par' dir='ltr' id='par_1_25' title="bbox 231 2527 1829 2598">
     <span class='ocr_line' id='line_1_25' title="bbox 231 2527 1829 2598; baseline -0.001 -17"><span class='ocrx_word' id='word_1_161' title='bbox 231 2537 365 2584; x_wconf 82' lang='lat' dir='ltr'><strong>ante</strong></span> <span class='ocrx_word' id='word_1_162' title='bbox 385 2538 682 2598; x_wconf 88' lang='lat' dir='ltr'><strong>peceatum,</strong></span> <span class='ocrx_word' id='word_1_163' title='bbox 712 2529 898 2583; x_wconf 87' lang='lat' dir='ltr'><strong>dicens</strong></span> <span class='ocrx_word' id='word_1_164' title='bbox 933 2545 946 2582; x_wconf 93' lang='lat'>:</span> <span class='ocrx_word' id='word_1_165' title='bbox 979 2527 1064 2582; x_wconf 76' lang='lat' dir='ltr'><strong>Ex</strong></span> <span class='ocrx_word' id='word_1_166' title='bbox 1083 2528 1220 2582; x_wconf 85' lang='lat' dir='ltr'><strong>omni</strong></span> <span class='ocrx_word' id='word_1_167' title='bbox 1250 2528 1387 2598; x_wconf 87' lang='lat' dir='ltr'><strong>ligno</strong></span> <span class='ocrx_word' id='word_1_168' title='bbox 1415 2527 1550 2596; x_wconf 82' lang='lat' dir='ltr'><strong>quod</strong></span> <span class='ocrx_word' id='word_1_169' title='bbox 1569 2537 1643 2582; x_wconf 88' lang='lat' dir='ltr'><strong>est</strong></span> <span class='ocrx_word' id='word_1_170' title='bbox 1667 2527 1720 2581; x_wconf 84' lang='lat' dir='ltr'><strong>in</strong></span> <span class='ocrx_word' id='word_1_171' title='bbox 1744 2545 1829 2597; x_wconf 88' lang='lat' dir='ltr'><strong>pa-</strong></span> 
     </span>
    </p>
   </div>
   <div class='ocr_carea' id='block_1_26' title="bbox 231 2617 1829 2691">
    <p class='ocr_par' dir='ltr' id='par_1_26' title="bbox 231 2617 1829 2691">
     <span class='ocr_line' id='line_1_26' title="bbox 231 2617 1829 2691; baseline 0 -20"><span class='ocrx_word' id='word_1_172' title='bbox 231 2620 413 2673; x_wconf 84' lang='lat' dir='ltr'><strong>radiso</strong></span> <span class='ocrx_word' id='word_1_173' title='bbox 439 2621 701 2674; x_wconf 87' lang='lat' dir='ltr'><strong>comedens</strong></span> <span class='ocrx_word' id='word_1_174' title='bbox 722 2619 991 2684; x_wconf 84' lang='lat' dir='ltr'><strong>comedes;</strong></span> <span class='ocrx_word' id='word_1_175' title='bbox 1015 2637 1042 2675; x_wconf 90' lang='lat' dir='ltr'><strong>e</strong></span> <span class='ocrx_word' id='word_1_176' title='bbox 1067 2621 1205 2691; x_wconf 84' lang='lat' dir='ltr'><strong>ligno</strong></span> <span class='ocrx_word' id='word_1_177' title='bbox 1240 2635 1356 2673; x_wconf 84' lang='lat' dir='ltr'><strong>vero</strong></span> <span class='ocrx_word' id='word_1_178' title='bbox 1389 2619 1687 2690; x_wconf 80' lang='lat' dir='ltr'><strong>cognitionis</strong></span> <span class='ocrx_word' id='word_1_179' title='bbox 1712 2617 1829 2672; x_wconf 88' lang='lat' dir='ltr'><strong>boni</strong></span> 
     </span>
    </p>
   </div>
   <div class='ocr_carea' id='block_1_27' title="bbox 229 2709 1888 2782">
    <p class='ocr_par' dir='ltr' id='par_1_27' title="bbox 229 2709 1888 2782">
     <span class='ocr_line' id='line_1_27' title="bbox 229 2709 1888 2782; baseline 0.001 -18"><span class='ocrx_word' id='word_1_180' title='bbox 229 2711 457 2782; x_wconf 78' lang='lat' dir='ltr'><strong>malique</strong></span> <span class='ocrx_word' id='word_1_181' title='bbox 502 2728 603 2766; x_wconf 88' lang='lat' dir='ltr'><strong>non</strong></span> <span class='ocrx_word' id='word_1_182' title='bbox 643 2712 929 2767; x_wconf 77' lang='lat' dir='ltr'><strong>comedetis.</strong></span> <span class='ocrx_word' id='word_1_183' title='bbox 957 2711 1062 2766; x_wconf 86' lang='lat' dir='ltr'><strong>Sed</strong></span> <span class='ocrx_word' id='word_1_184' title='bbox 1107 2726 1420 2780; x_wconf 85' lang='lat' dir='ltr'><strong>quocumque</strong></span> <span class='ocrx_word' id='word_1_185' title='bbox 1469 2709 1551 2763; x_wconf 90' lang='lat' dir='ltr'><strong>die</strong></span> <span class='ocrx_word' id='word_1_186' title='bbox 1594 2709 1827 2762; x_wconf 84' lang='lat' dir='ltr'><strong>comede-</strong></span> <span class='ocrx_word' id='word_1_187' title='bbox 1883 2760 1888 2765; x_wconf 91' lang='lat'><strong>.</strong></span> 
     </span>
    </p>
   </div>
   <div class='ocr_carea' id='block_1_28' title="bbox 231 2799 1827 2872">
    <p class='ocr_par' dir='ltr' id='par_1_28' title="bbox 231 2799 1827 2872">
     <span class='ocr_line' id='line_1_28' title="bbox 231 2799 1827 2872; baseline 0 -18"><span class='ocrx_word' id='word_1_188' title='bbox 231 2803 372 2867; x_wconf 84' lang='lat' dir='ltr'><strong>ritis,</strong></span> <span class='ocrx_word' id='word_1_189' title='bbox 404 2812 561 2857; x_wconf 85' lang='lat' dir='ltr'><strong>morte</strong></span> <span class='ocrx_word' id='word_1_190' title='bbox 589 2803 870 2857; x_wconf 82' lang='lat' dir='ltr'><strong>moriemini</strong></span> <span class='ocrx_word' id='word_1_191' title='bbox 900 2800 1234 2872; x_wconf 67' lang='lat' dir='ltr'><strong>(Cen.2.16.</strong></span> <span class='ocrx_word' id='word_1_192' title='bbox 1270 2801 1381 2872; x_wconf 83' lang='lat' dir='ltr'><strong>l7).</strong></span> <span class='ocrx_word' id='word_1_193' title='bbox 1411 2800 1550 2856; x_wconf 86' lang='lat' dir='ltr'><strong>Ecce</strong></span> <span class='ocrx_word' id='word_1_194' title='bbox 1574 2809 1630 2855; x_wconf 89' lang='lat' dir='ltr'><strong>et</strong></span> <span class='ocrx_word' id='word_1_195' title='bbox 1656 2799 1827 2854; x_wconf 84' lang='lat' dir='ltr'><strong>facili-</strong></span> 
     </span>
    </p>
   </div>
   <div class='ocr_carea' id='block_1_29' title="bbox 228 2893 1827 2965">
    <p class='ocr_par' dir='ltr' id='par_1_29' title="bbox 228 2893 1827 2965">
     <span class='ocr_line' id='line_1_29' title="bbox 228 2893 1827 2965; baseline -0.001 -18"><span class='ocrx_word' id='word_1_196' title='bbox 228 2903 350 2947; x_wconf 86' lang='lat' dir='ltr'><strong>tate</strong></span> <span class='ocrx_word' id='word_1_197' title='bbox 393 2893 547 2963; x_wconf 80' lang='lat' dir='ltr'><strong>legis,</strong></span> <span class='ocrx_word' id='word_1_198' title='bbox 600 2904 654 2950; x_wconf 92' lang='lat' dir='ltr'><strong>et</strong></span> <span class='ocrx_word' id='word_1_199' title='bbox 701 2894 945 2965; x_wconf 88' lang='lat' dir='ltr'><strong>largitate</strong></span> <span class='ocrx_word' id='word_1_200' title='bbox 987 2908 1397 2959; x_wconf 86' lang='lat' dir='ltr'><strong>concessorum,</strong></span> <span class='ocrx_word' id='word_1_201' title='bbox 1435 2901 1489 2947; x_wconf 89' lang='lat' dir='ltr'><strong>et</strong></span> <span class='ocrx_word' id='word_1_202' title='bbox 1537 2893 1827 2948; x_wconf 80' lang='lat' dir='ltr'><strong>acerbitate</strong></span> 
     </span>
    </p>
   </div>
   <div class='ocr_carea' id='block_1_30' title="bbox 227 2985 1826 3056">
    <p class='ocr_par' dir='ltr' id='par_1_30' title="bbox 227 2985 1826 3056">
     <span class='ocr_line' id='line_1_30' title="bbox 227 2985 1826 3056; baseline -0.001 -15"><span class='ocrx_word' id='word_1_203' title='bbox 227 2986 508 3055; x_wconf 79' lang='lat' dir='ltr'><strong>supplicii,</strong></span> <span class='ocrx_word' id='word_1_204' title='bbox 551 2993 612 3042; x_wconf 88' lang='lat' dir='ltr'><strong>et</strong></span> <span class='ocrx_word' id='word_1_205' title='bbox 662 2988 776 3056; x_wconf 86' lang='lat' dir='ltr'><strong>ipsa</strong></span> <span class='ocrx_word' id='word_1_206' title='bbox 825 2987 1096 3043; x_wconf 90' lang='lat' dir='ltr'><strong>celeritate</strong></span> <span class='ocrx_word' id='word_1_207' title='bbox 1145 2986 1359 3040; x_wconf 92' lang='lat' dir='ltr'><strong>ultionis</strong></span> <span class='ocrx_word' id='word_1_208' title='bbox 1402 2985 1705 3055; x_wconf 81' lang='lat' dir='ltr'><strong>prospexit,</strong></span> <span class='ocrx_word' id='word_1_209' title='bbox 1757 2999 1826 3041; x_wconf 89' lang='lat' dir='ltr'><strong>ne</strong></span> 
     </span>
    </p>
   </div>
   <div class='ocr_carea' id='block_1_31' title="bbox 228 3076 1824 3148">
    <p class='ocr_par' dir='ltr' id='par_1_31' title="bbox 228 3076 1824 3148">
     <span class='ocr_line' id='line_1_31' title="bbox 228 3076 1824 3148; baseline 0.001 -16"><span class='ocrx_word' id='word_1_210' title='bbox 228 3087 503 3146; x_wconf 89' lang='lat' dir='ltr'><strong>peccaret.</strong></span> <span class='ocrx_word' id='word_1_211' title='bbox 534 3077 648 3134; x_wconf 90' lang='lat' dir='ltr'><strong>Non</strong></span> <span class='ocrx_word' id='word_1_212' title='bbox 680 3079 821 3134; x_wconf 91' lang='lat' dir='ltr'><strong>cnim</strong></span> <span class='ocrx_word' id='word_1_213' title='bbox 851 3079 1004 3146; x_wconf 92' lang='lat' dir='ltr'><strong>dixit,</strong></span> <span class='ocrx_word' id='word_1_214' title='bbox 1038 3087 1158 3148; x_wconf 89' lang='lat' dir='ltr'><strong>post</strong></span> <span class='ocrx_word' id='word_1_215' title='bbox 1184 3093 1346 3132; x_wconf 91' lang='lat' dir='ltr'><strong>unum</strong></span> <span class='ocrx_word' id='word_1_216' title='bbox 1374 3086 1466 3132; x_wconf 90' lang='lat' dir='ltr'><strong>aut</strong></span> <span class='ocrx_word' id='word_1_217' title='bbox 1489 3076 1623 3132; x_wconf 89' lang='lat' dir='ltr'><strong>duos</strong></span> <span class='ocrx_word' id='word_1_218' title='bbox 1646 3085 1824 3133; x_wconf 82' lang='lat' dir='ltr'><strong>tresve</strong></span> 
     </span>
    </p>
   </div>
   <div class='ocr_carea' id='block_1_32' title="bbox 227 3168 1825 3240">
    <p class='ocr_par' dir='ltr' id='par_1_32' title="bbox 227 3168 1825 3240">
     <span class='ocr_line' id='line_1_32' title="bbox 227 3168 1825 3240; baseline 0.001 -17"><span class='ocrx_word' id='word_1_219' title='bbox 227 3169 373 3234; x_wconf 87' lang='lat' dir='ltr'><strong>dies,</strong></span> <span class='ocrx_word' id='word_1_220' title='bbox 411 3168 504 3224; x_wconf 91' lang='lat' dir='ltr'><strong>sed</strong></span> <span class='ocrx_word' id='word_1_221' title='bbox 541 3170 593 3223; x_wconf 91' lang='lat' dir='ltr'><strong>in</strong></span> <span class='ocrx_word' id='word_1_222' title='bbox 629 3170 745 3240; x_wconf 89' lang='lat' dir='ltr'><strong>ipso</strong></span> <span class='ocrx_word' id='word_1_223' title='bbox 770 3170 877 3238; x_wconf 92' lang='lat' dir='ltr'><strong>die,</strong></span> <span class='ocrx_word' id='word_1_224' title='bbox 906 3184 1014 3240; x_wconf 92' lang='lat' dir='ltr'><strong>quo</strong></span> <span class='ocrx_word' id='word_1_225' title='bbox 1039 3169 1396 3230; x_wconf 87' lang='lat' dir='ltr'><strong>comederitis.</strong></span> <span class='ocrx_word' id='word_1_226' title='bbox 1431 3179 1603 3224; x_wconf 90' lang='lat' dir='ltr'><strong>morte</strong></span> <span class='ocrx_word' id='word_1_227' title='bbox 1628 3168 1825 3224; x_wconf 90' lang='lat' dir='ltr'><strong>morie-</strong></span> 
     </span>
    </p>
   </div>
   <div class='ocr_carea' id='block_1_33' title="bbox 227 3259 1821 3331">
    <p class='ocr_par' dir='ltr' id='par_1_33' title="bbox 227 3259 1821 3331">
     <span class='ocr_line' id='line_1_33' title="bbox 227 3259 1821 3331; baseline 0.001 -18"><span class='ocrx_word' id='word_1_228' title='bbox 227 3260 389 3313; x_wconf 86' lang='lat' dir='ltr'><strong>mini.</strong></span> <span class='ocrx_word' id='word_1_229' title='bbox 420 3260 655 3330; x_wconf 90' lang='lat' dir='ltr'><strong>Denique</strong></span> <span class='ocrx_word' id='word_1_230' title='bbox 678 3261 885 3316; x_wconf 87' lang='lat' dir='ltr'><strong>eunctis</strong></span> <span class='ocrx_word' id='word_1_231' title='bbox 909 3261 1103 3331; x_wconf 83' lang='lat' dir='ltr'><strong>quibus</strong></span> <span class='ocrx_word' id='word_1_232' title='bbox 1139 3275 1329 3316; x_wconf 87' lang='lat' dir='ltr'><strong>cavere</strong></span> <span class='ocrx_word' id='word_1_233' title='bbox 1357 3261 1590 3330; x_wconf 88' lang='lat' dir='ltr'><strong>oportuit</strong></span> <span class='ocrx_word' id='word_1_234' title='bbox 1615 3259 1788 3315; x_wconf 91' lang='lat' dir='ltr'><strong>modis</strong></span> <span class='ocrx_word' id='word_1_235' title='bbox 1806 3298 1821 3324; x_wconf 96' lang='lat'><strong>,</strong></span> 
     </span>
    </p>
   </div>
   <div class='ocr_carea' id='block_1_34' title="bbox 226 3349 1821 3420">
    <p class='ocr_par' dir='ltr' id='par_1_34' title="bbox 226 3349 1821 3420">
     <span class='ocr_line' id='line_1_34' title="bbox 226 3349 1821 3420; baseline -0.001 -15"><span class='ocrx_word' id='word_1_236' title='bbox 226 3349 380 3405; x_wconf 81' lang='lat' dir='ltr'><strong>cavit</strong></span> <span class='ocrx_word' id='word_1_237' title='bbox 410 3349 633 3406; x_wconf 86' lang='lat' dir='ltr'><strong>homini.</strong></span> <span class='ocrx_word' id='word_1_238' title='bbox 657 3352 902 3406; x_wconf 84' lang='lat' dir='ltr'><strong>Attamen</strong></span> <span class='ocrx_word' id='word_1_239' title='bbox 925 3351 1012 3406; x_wconf 90' lang='lat' dir='ltr'><strong>ubi</strong></span> <span class='ocrx_word' id='word_1_240' title='bbox 1041 3359 1161 3420; x_wconf 90' lang='lat' dir='ltr'><strong>post</strong></span> <span class='ocrx_word' id='word_1_241' title='bbox 1187 3359 1383 3405; x_wconf 89' lang='lat' dir='ltr'><strong>tantam</strong></span> <span class='ocrx_word' id='word_1_242' title='bbox 1416 3349 1821 3419; x_wconf 77' lang='lat' dir='ltr'><strong>providentiam,</strong></span> 
     </span>
    </p>
   </div>
   <div class='ocr_carea' id='block_1_35' title="bbox 225 3441 1824 3512">
    <p class='ocr_par' dir='ltr' id='par_1_35' title="bbox 225 3441 1824 3512">
     <span class='ocr_line' id='line_1_35' title="bbox 225 3441 1824 3512; baseline 0.001 -17"><span class='ocrx_word' id='word_1_243' title='bbox 225 3441 537 3496; x_wconf 83' lang='lat' dir='ltr'><strong>doctrinam</strong></span> <span class='ocrx_word' id='word_1_244' title='bbox 558 3482 574 3508; x_wconf 96' lang='lat'><strong>,</strong></span> <span class='ocrx_word' id='word_1_245' title='bbox 601 3442 1047 3506; x_wconf 80' lang='lat' dir='ltr'><strong>exhortationem,</strong></span> <span class='ocrx_word' id='word_1_246' title='bbox 1077 3441 1480 3497; x_wconf 82' lang='lat' dir='ltr'><strong>beneficentiam</strong></span> <span class='ocrx_word' id='word_1_247' title='bbox 1510 3443 1691 3512; x_wconf 90' lang='lat' dir='ltr'><strong>lapsus</strong></span> <span class='ocrx_word' id='word_1_248' title='bbox 1721 3450 1824 3507; x_wconf 92' lang='lat' dir='ltr'><strong>est,</strong></span> 
     </span>
    </p>
   </div>
   <div class='ocr_carea' id='block_1_36' title="bbox 226 3533 1824 3604">
    <p class='ocr_par' dir='ltr' id='par_1_36' title="bbox 226 3533 1824 3604">
     <span class='ocr_line' id='line_1_36' title="bbox 226 3533 1824 3604; baseline 0 -16"><span class='ocrx_word' id='word_1_249' title='bbox 226 3547 338 3588; x_wconf 84' lang='lat' dir='ltr'><strong>nec</strong></span> <span class='ocrx_word' id='word_1_250' title='bbox 384 3533 770 3603; x_wconf 84' lang='lat' dir='ltr'><strong>obtemperavit</strong></span> <span class='ocrx_word' id='word_1_251' title='bbox 814 3534 979 3604; x_wconf 88' lang='lat' dir='ltr'><strong>jussis</strong></span> <span class='ocrx_word' id='word_1_252' title='bbox 1021 3533 1214 3589; x_wconf 86' lang='lat' dir='ltr'><strong>divinis</strong></span> <span class='ocrx_word' id='word_1_253' title='bbox 1265 3552 1278 3590; x_wconf 91' lang='lat'><strong>:</strong></span> <span class='ocrx_word' id='word_1_254' title='bbox 1325 3549 1430 3588; x_wconf 90' lang='lat' dir='ltr'><strong>non</strong></span> <span class='ocrx_word' id='word_1_255' title='bbox 1475 3534 1609 3588; x_wconf 78' lang='lat' dir='ltr'><strong>dixit</strong></span> <span class='ocrx_word' id='word_1_256' title='bbox 1663 3533 1824 3599; x_wconf 90' lang='lat' dir='ltr'><strong>Deus,</strong></span> 
     </span>
    </p>
   </div>
   <div class='ocr_carea' id='block_1_37' title="bbox 226 3623 1828 3696">
    <p class='ocr_par' dir='ltr' id='par_1_37' title="bbox 226 3623 1828 3696">
     <span class='ocr_line' id='line_1_37' title="bbox 226 3623 1828 3696; baseline 0 -18"><span class='ocrx_word' id='word_1_257' title='bbox 226 3625 362 3696; x_wconf 85' lang='lat' dir='ltr'><strong>quid</strong></span> <span class='ocrx_word' id='word_1_258' title='bbox 400 3623 503 3680; x_wconf 89' lang='lat' dir='ltr'><strong>hoc</strong></span> <span class='ocrx_word' id='word_1_259' title='bbox 534 3625 807 3695; x_wconf 89' lang='lat' dir='ltr'><strong>proderit?</strong></span> <span class='ocrx_word' id='word_1_260' title='bbox 833 3640 954 3696; x_wconf 74' lang='lat' dir='ltr'><strong>qua:</strong></span> <span class='ocrx_word' id='word_1_261' title='bbox 981 3624 1178 3680; x_wconf 90' lang='lat' dir='ltr'><strong>utilitas</strong></span> <span class='ocrx_word' id='word_1_262' title='bbox 1201 3623 1362 3680; x_wconf 86' lang='lat' dir='ltr'><strong>inde?</strong></span> <span class='ocrx_word' id='word_1_263' title='bbox 1395 3623 1662 3688; x_wconf 90' lang='lat' dir='ltr'><strong>comedit,</strong></span> <span class='ocrx_word' id='word_1_264' title='bbox 1688 3624 1828 3679; x_wconf 85' lang='lat' dir='ltr'><strong>ceci-</strong></span> 
     </span>
    </p>
   </div>
   <div class='ocr_carea' id='block_1_38' title="bbox 223 3717 1830 3790">
    <p class='ocr_par' dir='ltr' id='par_1_38' title="bbox 223 3717 1830 3790">
     <span class='ocr_line' id='line_1_38' title="bbox 223 3717 1830 3790; baseline 0.001 -16"><span class='ocrx_word' id='word_1_265' title='bbox 223 3719 334 3786; x_wconf 89' lang='lat' dir='ltr'><strong>dit,</strong></span> <span class='ocrx_word' id='word_1_266' title='bbox 385 3728 749 3790; x_wconf 78' lang='lat' dir='ltr'><strong>transgressus</strong></span> <span class='ocrx_word' id='word_1_267' title='bbox 794 3729 877 3775; x_wconf 89' lang='lat' dir='ltr'><strong>est</strong></span> <span class='ocrx_word' id='word_1_268' title='bbox 917 3719 1111 3789; x_wconf 82' lang='lat' dir='ltr'><strong>legem,</strong></span> <span class='ocrx_word' id='word_1_269' title='bbox 1153 3717 1379 3774; x_wconf 89' lang='lat' dir='ltr'><strong>credidit</strong></span> <span class='ocrx_word' id='word_1_270' title='bbox 1419 3718 1631 3774; x_wconf 90' lang='lat' dir='ltr'><strong>diabolo</strong></span> <span class='ocrx_word' id='word_1_271' title='bbox 1679 3736 1693 3772; x_wconf 88' lang='lat'><strong>:</strong></span> <span class='ocrx_word' id='word_1_272' title='bbox 1733 3717 1830 3775; x_wconf 87' lang='lat' dir='ltr'><strong>dc-</strong></span> 
     </span>
    </p>
   </div>
   <div class='ocr_carea' id='block_1_39' title="bbox 225 3811 1828 3881">
    <p class='ocr_par' dir='ltr' id='par_1_39' title="bbox 225 3811 1828 3881">
     <span class='ocr_line' id='line_1_39' title="bbox 225 3811 1828 3881; baseline -0.001 -15"><span class='ocrx_word' id='word_1_273' title='bbox 225 3811 416 3881; x_wconf 78' lang='lat' dir='ltr'><strong>spexit</strong></span> <span class='ocrx_word' id='word_1_274' title='bbox 462 3819 786 3880; x_wconf 64' lang='lat' dir='ltr'><strong>prteceptum</strong></span> <span class='ocrx_word' id='word_1_275' title='bbox 826 3825 1036 3878; x_wconf 89' lang='lat' dir='ltr'><strong>meum,</strong></span> <span class='ocrx_word' id='word_1_276' title='bbox 1081 3811 1286 3879; x_wconf 89' lang='lat' dir='ltr'><strong>accepit</strong></span> <span class='ocrx_word' id='word_1_277' title='bbox 1329 3811 1542 3876; x_wconf 89' lang='lat' dir='ltr'><strong>vulnus,</strong></span> <span class='ocrx_word' id='word_1_278' title='bbox 1587 3818 1828 3864; x_wconf 89' lang='lat' dir='ltr'><strong>mortuus</strong></span> 
     </span>
    </p>
   </div>
   <div class='ocr_carea' id='block_1_40' title="bbox 230 3902 1829 3971">
    <p class='ocr_par' dir='ltr' id='par_1_40' title="bbox 230 3902 1829 3971">
     <span class='ocr_line' id='line_1_40' title="bbox 230 3902 1829 3971; baseline -0.002 -11"><span class='ocrx_word' id='word_1_279' title='bbox 230 3914 343 3970; x_wconf 83' lang='lat' dir='ltr'><strong>est,</strong></span> <span class='ocrx_word' id='word_1_280' title='bbox 366 3905 485 3959; x_wconf 90' lang='lat' dir='ltr'><strong>neci</strong></span> <span class='ocrx_word' id='word_1_281' title='bbox 515 3903 743 3958; x_wconf 89' lang='lat' dir='ltr'><strong>traditus</strong></span> <span class='ocrx_word' id='word_1_282' title='bbox 769 3911 887 3971; x_wconf 89' lang='lat' dir='ltr'><strong>est,</strong></span> <span class='ocrx_word' id='word_1_283' title='bbox 919 3904 972 3958; x_wconf 91' lang='lat' dir='ltr'><strong>in</strong></span> <span class='ocrx_word' id='word_1_284' title='bbox 999 3903 1356 3958; x_wconf 90' lang='lat' dir='ltr'><strong>damnationis</strong></span> <span class='ocrx_word' id='word_1_285' title='bbox 1384 3903 1703 3959; x_wconf 89' lang='lat' dir='ltr'><strong>sententiam</strong></span> <span class='ocrx_word' id='word_1_286' title='bbox 1747 3902 1829 3957; x_wconf 84' lang='lat' dir='ltr'><strong>in-</strong></span> 
     </span>
    </p>
   </div>
   <div class='ocr_carea' id='block_1_41' title="bbox 232 3991 1826 4066">
    <p class='ocr_par' dir='ltr' id='par_1_41' title="bbox 232 3991 1826 4066">
     <span class='ocr_line' id='line_1_41' title="bbox 232 3991 1826 4066; baseline -0.001 -16"><span class='ocrx_word' id='word_1_287' title='bbox 232 3995 370 4050; x_wconf 83' lang='lat' dir='ltr'><strong>cidit</strong></span> <span class='ocrx_word' id='word_1_288' title='bbox 403 4013 418 4050; x_wconf 88' lang='lat'><strong>:</strong></span> <span class='ocrx_word' id='word_1_289' title='bbox 451 3995 575 4066; x_wconf 91' lang='lat' dir='ltr'><strong>quid</strong></span> <span class='ocrx_word' id='word_1_290' title='bbox 621 3996 846 4065; x_wconf 86' lang='lat' dir='ltr'><strong>posthac</strong></span> <span class='ocrx_word' id='word_1_291' title='bbox 883 4003 967 4050; x_wconf 90' lang='lat' dir='ltr'><strong>est</strong></span> <span class='ocrx_word' id='word_1_292' title='bbox 1011 3993 1153 4065; x_wconf 90' lang='lat' dir='ltr'><strong>quod</strong></span> <span class='ocrx_word' id='word_1_293' title='bbox 1203 3994 1277 4048; x_wconf 91' lang='lat' dir='ltr'><strong>illi</strong></span> <span class='ocrx_word' id='word_1_294' title='bbox 1330 3992 1646 4064; x_wconf 82' lang='lat' dir='ltr'><strong>loquamur?</strong></span> <span class='ocrx_word' id='word_1_295' title='bbox 1683 3991 1826 4048; x_wconf 89' lang='lat' dir='ltr'><strong>Nihil</strong></span> 
     </span>
    </p>
   </div>
   <div class='ocr_carea' id='block_1_42' title="bbox 227 4085 1828 4158">
    <p class='ocr_par' dir='ltr' id='par_1_42' title="bbox 227 4085 1828 4158">
     <span class='ocr_line' id='line_1_42' title="bbox 227 4085 1828 4158; baseline -0.001 -16"><span class='ocrx_word' id='word_1_296' title='bbox 227 4089 433 4144; x_wconf 85' lang='lat' dir='ltr'><strong>horum</strong></span> <span class='ocrx_word' id='word_1_297' title='bbox 461 4088 615 4153; x_wconf 80' lang='lat' dir='ltr'><strong>dixit,</strong></span> <span class='ocrx_word' id='word_1_298' title='bbox 645 4087 740 4144; x_wconf 90' lang='lat' dir='ltr'><strong>sed</strong></span> <span class='ocrx_word' id='word_1_299' title='bbox 769 4087 1010 4158; x_wconf 90' lang='lat' dir='ltr'><strong>protinus</strong></span> <span class='ocrx_word' id='word_1_300' title='bbox 1037 4086 1104 4141; x_wconf 92' lang='lat' dir='ltr'><strong>ad</strong></span> <span class='ocrx_word' id='word_1_301' title='bbox 1134 4086 1284 4141; x_wconf 91' lang='lat' dir='ltr'><strong>illum</strong></span> <span class='ocrx_word' id='word_1_302' title='bbox 1321 4085 1497 4153; x_wconf 88' lang='lat' dir='ltr'><strong>venit,</strong></span> <span class='ocrx_word' id='word_1_303' title='bbox 1526 4085 1828 4156; x_wconf 89' lang='lat' dir='ltr'><strong>alloquutus</strong></span> 
     </span>
    </p>
   </div>
   <div class='ocr_carea' id='block_1_43' title="bbox 225 4177 1827 4248">
    <p class='ocr_par' dir='ltr' id='par_1_43' title="bbox 225 4177 1827 4248">
     <span class='ocr_line' id='line_1_43' title="bbox 225 4177 1827 4248; baseline -0.002 -12"><span class='ocrx_word' id='word_1_304' title='bbox 225 4190 343 4248; x_wconf 84' lang='lat' dir='ltr'><strong>cst,</strong></span> <span class='ocrx_word' id='word_1_305' title='bbox 373 4181 683 4236; x_wconf 87' lang='lat' dir='ltr'><strong>consolatus</strong></span> <span class='ocrx_word' id='word_1_306' title='bbox 723 4189 827 4244; x_wconf 90' lang='lat' dir='ltr'><strong>est,</strong></span> <span class='ocrx_word' id='word_1_307' title='bbox 867 4194 931 4234; x_wconf 93' lang='lat' dir='ltr'><strong>ac</strong></span> <span class='ocrx_word' id='word_1_308' title='bbox 968 4193 1153 4234; x_wconf 88' lang='lat' dir='ltr'><strong>rursus</strong></span> <span class='ocrx_word' id='word_1_309' title='bbox 1192 4177 1336 4232; x_wconf 86' lang='lat' dir='ltr'><strong>aliud</strong></span> <span class='ocrx_word' id='word_1_310' title='bbox 1377 4177 1614 4232; x_wconf 86' lang='lat' dir='ltr'><strong>admovit</strong></span> <span class='ocrx_word' id='word_1_311' title='bbox 1650 4191 1827 4232; x_wconf 87' lang='lat' dir='ltr'><strong>reme-</strong></span> 
     </span>
    </p>
   </div>
   <div class='ocr_carea' id='block_1_44' title="bbox 220 4269 1828 4341">
    <p class='ocr_par' dir='ltr' id='par_1_44' title="bbox 220 4269 1828 4341">
     <span class='ocr_line' id='line_1_44' title="bbox 220 4269 1828 4341; baseline -0.003 -11"><span class='ocrx_word' id='word_1_312' title='bbox 220 4274 412 4338; x_wconf 75' lang='lat' dir='ltr'><strong>dium,</strong></span> <span class='ocrx_word' id='word_1_313' title='bbox 457 4273 708 4330; x_wconf 90' lang='lat' dir='ltr'><strong>videlicet</strong></span> <span class='ocrx_word' id='word_1_314' title='bbox 751 4271 988 4327; x_wconf 88' lang='lat' dir='ltr'><strong>laborem</strong></span> <span class='ocrx_word' id='word_1_315' title='bbox 1013 4287 1078 4328; x_wconf 86' lang='lat' dir='ltr'><strong>ac</strong></span> <span class='ocrx_word' id='word_1_316' title='bbox 1119 4271 1370 4325; x_wconf 89' lang='lat' dir='ltr'><strong>sudorem</strong></span> <span class='ocrx_word' id='word_1_317' title='bbox 1408 4269 1572 4341; x_wconf 89' lang='lat' dir='ltr'><strong>(Ibid.</strong></span> <span class='ocrx_word' id='word_1_318' title='bbox 1610 4270 1690 4339; x_wconf 82' lang='lat'><strong>5),</strong></span> <span class='ocrx_word' id='word_1_319' title='bbox 1729 4284 1828 4325; x_wconf 91' lang='lat' dir='ltr'><strong>nec</strong></span> 
     </span>
    </p>
   </div>
   <div class='ocr_carea' id='block_1_45' title="bbox 220 4361 1827 4437">
    <p class='ocr_par' dir='ltr' id='par_1_45' title="bbox 220 4361 1827 4437">
     <span class='ocr_line' id='line_1_45' title="bbox 220 4361 1827 4437; baseline -0.005 -15"><span class='ocrx_word' id='word_1_320' title='bbox 220 4367 388 4437; x_wconf 76' lang='lat' dir='ltr'><strong>prius</strong></span> <span class='ocrx_word' id='word_1_321' title='bbox 413 4365 617 4422; x_wconf 88' lang='lat' dir='ltr'><strong>destitit</strong></span> <span class='ocrx_word' id='word_1_322' title='bbox 647 4365 824 4420; x_wconf 90' lang='lat' dir='ltr'><strong>omnia</strong></span> <span class='ocrx_word' id='word_1_323' title='bbox 851 4363 1049 4430; x_wconf 88' lang='lat' dir='ltr'><strong>facere,</strong></span> <span class='ocrx_word' id='word_1_324' title='bbox 1075 4363 1258 4421; x_wconf 86' lang='lat' dir='ltr'><strong>conari</strong></span> <span class='ocrx_word' id='word_1_325' title='bbox 1295 4362 1503 4428; x_wconf 89' lang='lat' dir='ltr'><strong>omnia,</strong></span> <span class='ocrx_word' id='word_1_326' title='bbox 1531 4361 1702 4416; x_wconf 91' lang='lat' dir='ltr'><strong>donec</strong></span> <span class='ocrx_word' id='word_1_327' title='bbox 1728 4375 1827 4415; x_wconf 82' lang='lat' dir='ltr'><strong>na-</strong></span> 
     </span>
    </p>
   </div>
   <div class='ocr_carea' id='block_1_46' title="bbox 222 4453 1825 4528">
    <p class='ocr_par' dir='ltr' id='par_1_46' title="bbox 222 4453 1825 4528">
     <span class='ocr_line' id='line_1_46' title="bbox 222 4453 1825 4528; baseline -0.004 -14"><span class='ocrx_word' id='word_1_328' title='bbox 222 4472 418 4514; x_wconf 81' lang='lat' dir='ltr'><strong>turam</strong></span> <span class='ocrx_word' id='word_1_329' title='bbox 445 4459 737 4528; x_wconf 85' lang='lat' dir='ltr'><strong>collapsam</strong></span> <span class='ocrx_word' id='word_1_330' title='bbox 769 4457 1119 4522; x_wconf 85' lang='lat' dir='ltr'><strong>restituisset,</strong></span> <span class='ocrx_word' id='word_1_331' title='bbox 1147 4466 1309 4525; x_wconf 88' lang='lat' dir='ltr'><strong>atque</strong></span> <span class='ocrx_word' id='word_1_332' title='bbox 1338 4469 1368 4508; x_wconf 91' lang='lat' dir='ltr'><strong>a</strong></span> <span class='ocrx_word' id='word_1_333' title='bbox 1398 4463 1572 4509; x_wconf 88' lang='lat' dir='ltr'><strong>morte</strong></span> <span class='ocrx_word' id='word_1_334' title='bbox 1599 4453 1825 4510; x_wconf 84' lang='lat' dir='ltr'><strong>liberas-</strong></span> 
     </span>
    </p>
   </div>
   <div class='ocr_carea' id='block_1_47' title="bbox 217 4545 1829 4618">
    <p class='ocr_par' dir='ltr' id='par_1_47' title="bbox 217 4545 1829 4618">
     <span class='ocr_line' id='line_1_47' title="bbox 217 4545 1829 4618; baseline -0.004 -12"><span class='ocrx_word' id='word_1_335' title='bbox 217 4559 342 4614; x_wconf 85' lang='lat' dir='ltr'><strong>set,</strong></span> <span class='ocrx_word' id='word_1_336' title='bbox 385 4559 440 4604; x_wconf 92' lang='lat' dir='ltr'><strong>et</strong></span> <span class='ocrx_word' id='word_1_337' title='bbox 465 4549 531 4604; x_wconf 88' lang='lat' dir='ltr'><strong>ad</strong></span> <span class='ocrx_word' id='word_1_338' title='bbox 559 4550 750 4604; x_wconf 66' lang='lat' dir='ltr'><strong>caelum</strong></span> <span class='ocrx_word' id='word_1_339' title='bbox 778 4548 1148 4618; x_wconf 82' lang='lat' dir='ltr'><strong>provexisset,</strong></span> <span class='ocrx_word' id='word_1_340' title='bbox 1185 4545 1494 4616; x_wconf 90' lang='lat' dir='ltr'><strong>majoraque</strong></span> <span class='ocrx_word' id='word_1_341' title='bbox 1522 4559 1680 4615; x_wconf 89' lang='lat' dir='ltr'><strong>quam</strong></span> <span class='ocrx_word' id='word_1_342' title='bbox 1709 4560 1829 4614; x_wconf 87' lang='lat' dir='ltr'><strong>per-</strong></span> 
     </span>
    </p>
   </div>
   <div class='ocr_carea' id='block_1_48' title="bbox 207 4635 1827 4705">
    <p class='ocr_par' dir='ltr' id='par_1_48' title="bbox 207 4635 1827 4705">
     <span class='ocr_line' id='line_1_48' title="bbox 207 4635 1827 4705; baseline -0.004 -7"><span class='ocrx_word' id='word_1_343' title='bbox 207 4643 448 4700; x_wconf 85' lang='lat' dir='ltr'><strong>diderat</strong></span> <span class='ocrx_word' id='word_1_344' title='bbox 495 4640 696 4695; x_wconf 91' lang='lat' dir='ltr'><strong>homini</strong></span> <span class='ocrx_word' id='word_1_345' title='bbox 743 4640 881 4694; x_wconf 88' lang='lat' dir='ltr'><strong>bona</strong></span> <span class='ocrx_word' id='word_1_346' title='bbox 925 4638 1192 4700; x_wconf 88' lang='lat' dir='ltr'><strong>dedisset,</strong></span> <span class='ocrx_word' id='word_1_347' title='bbox 1247 4635 1401 4691; x_wconf 90' lang='lat' dir='ltr'><strong>factis</strong></span> <span class='ocrx_word' id='word_1_348' title='bbox 1453 4636 1582 4705; x_wconf 86' lang='lat' dir='ltr'><strong>ipsis</strong></span> <span class='ocrx_word' id='word_1_349' title='bbox 1627 4635 1827 4691; x_wconf 89' lang='lat' dir='ltr'><strong>docens</strong></span> 
     </span>
    </p>
   </div>
   <div class='ocr_carea' id='block_1_49' title="bbox 203 4726 1826 4803">
    <p class='ocr_par' dir='ltr' id='par_1_49' title="bbox 203 4726 1826 4803">
     <span class='ocr_line' id='line_1_49' title="bbox 203 4726 1826 4803; baseline -0.004 -15"><span class='ocrx_word' id='word_1_350' title='bbox 203 4733 534 4800; x_wconf 78' lang='lat' dir='ltr'><strong>diabolum,</strong></span> <span class='ocrx_word' id='word_1_351' title='bbox 562 4731 705 4803; x_wconf 91' lang='lat' dir='ltr'><strong>quod</strong></span> <span class='ocrx_word' id='word_1_352' title='bbox 731 4730 814 4786; x_wconf 86' lang='lat' dir='ltr'><strong>his</strong></span> <span class='ocrx_word' id='word_1_353' title='bbox 837 4729 1040 4786; x_wconf 89' lang='lat' dir='ltr'><strong>insidiis</strong></span> <span class='ocrx_word' id='word_1_354' title='bbox 1062 4729 1192 4784; x_wconf 87' lang='lat' dir='ltr'><strong>nihil</strong></span> <span class='ocrx_word' id='word_1_355' title='bbox 1219 4728 1549 4800; x_wconf 88' lang='lat' dir='ltr'><strong>profecisset,</strong></span> <span class='ocrx_word' id='word_1_356' title='bbox 1569 4726 1664 4782; x_wconf 88' lang='lat' dir='ltr'><strong>sed</strong></span> <span class='ocrx_word' id='word_1_357' title='bbox 1683 4727 1826 4798; x_wconf 92' lang='lat' dir='ltr'><strong>quod</strong></span> 
     </span>
    </p>
   </div>
   <div class='ocr_carea' id='block_1_50' title="bbox 209 4822 1820 4895">
    <p class='ocr_par' dir='ltr' id='par_1_50' title="bbox 209 4822 1820 4895">
     <span class='ocr_line' id='line_1_50' title="bbox 209 4822 1820 4895; baseline -0.003 -13"><span class='ocrx_word' id='word_1_358' title='bbox 209 4825 485 4882; x_wconf 77' lang='lat' dir='ltr'><strong>homines</strong></span> <span class='ocrx_word' id='word_1_359' title='bbox 515 4827 714 4895; x_wconf 88' lang='lat' dir='ltr'><strong>ejectos</strong></span> <span class='ocrx_word' id='word_1_360' title='bbox 752 4838 784 4879; x_wconf 93' lang='lat' dir='ltr'><strong>e</strong></span> <span class='ocrx_word' id='word_1_361' title='bbox 811 4822 1056 4894; x_wconf 84' lang='lat' dir='ltr'><strong>paradiso</strong></span> <span class='ocrx_word' id='word_1_362' title='bbox 1094 4822 1252 4893; x_wconf 83' lang='lat' dir='ltr'><strong>paulo</strong></span> <span class='ocrx_word' id='word_1_363' title='bbox 1291 4830 1410 4892; x_wconf 87' lang='lat' dir='ltr'><strong>post</strong></span> <span class='ocrx_word' id='word_1_364' title='bbox 1436 4822 1647 4876; x_wconf 91' lang='lat' dir='ltr'><strong>visurus</strong></span> <span class='ocrx_word' id='word_1_365' title='bbox 1675 4828 1820 4877; x_wconf 81' lang='lat' dir='ltr'><strong>esset</strong></span> 
     </span>
    </p>
   </div>
   <div class='ocr_carea' id='block_1_51' title="bbox 204 4912 1820 4987">
    <p class='ocr_par' dir='ltr' id='par_1_51' title="bbox 204 4912 1820 4987">
     <span class='ocr_line' id='line_1_51' title="bbox 204 4912 1820 4987; baseline -0.006 -12"><span class='ocrx_word' id='word_1_366' title='bbox 204 4921 290 4975; x_wconf 84' lang='lat' dir='ltr'><strong>in</strong></span> <span class='ocrx_word' id='word_1_367' title='bbox 317 4917 462 4972; x_wconf 74' lang='lat' dir='ltr'><strong>ezelis</strong></span> <span class='ocrx_word' id='word_1_368' title='bbox 489 4917 694 4987; x_wconf 89' lang='lat' dir='ltr'><strong>angelis</strong></span> <span class='ocrx_word' id='word_1_369' title='bbox 722 4915 1035 4985; x_wconf 85' lang='lat' dir='ltr'><strong>permixtos.</strong></span> <span class='ocrx_word' id='word_1_370' title='bbox 1059 4913 1202 4968; x_wconf 83' lang='lat' dir='ltr'><strong>Idem</strong></span> <span class='ocrx_word' id='word_1_371' title='bbox 1227 4913 1350 4968; x_wconf 90' lang='lat' dir='ltr'><strong>fecit</strong></span> <span class='ocrx_word' id='word_1_372' title='bbox 1379 4913 1431 4968; x_wconf 92' lang='lat' dir='ltr'><strong>in</strong></span> <span class='ocrx_word' id='word_1_373' title='bbox 1459 4913 1624 4977; x_wconf 87' lang='lat' dir='ltr'><strong>Cain;</strong></span> <span class='ocrx_word' id='word_1_374' title='bbox 1653 4912 1820 4983; x_wconf 83' lang='lat' dir='ltr'><strong>siqui-</strong></span> 
     </span>
    </p>
   </div>
   <div class='ocr_carea' id='block_1_52' title="bbox 194 5003 1826 5077">
    <p class='ocr_par' dir='ltr' id='par_1_52' title="bbox 194 5003 1826 5077">
     <span class='ocr_line' id='line_1_52' title="bbox 194 5003 1826 5077; baseline -0.006 -11"><span class='ocrx_word' id='word_1_375' title='bbox 194 5010 360 5066; x_wconf 52' lang='lat' dir='ltr'><strong>dum</strong></span> <span class='ocrx_word' id='word_1_376' title='bbox 385 5018 441 5062; x_wconf 90' lang='lat' dir='ltr'><strong>et</strong></span> <span class='ocrx_word' id='word_1_377' title='bbox 469 5007 631 5073; x_wconf 86' lang='lat' dir='ltr'><strong>illius,</strong></span> <span class='ocrx_word' id='word_1_378' title='bbox 670 5006 980 5077; x_wconf 89' lang='lat' dir='ltr'><strong>priusquam</strong></span> <span class='ocrx_word' id='word_1_379' title='bbox 1005 5012 1250 5075; x_wconf 64' lang='lat' dir='ltr'><strong>peccaret</strong></span> <span class='ocrx_word' id='word_1_380' title='bbox 1271 5045 1285 5070; x_wconf 93' lang='lat'><strong>,</strong></span> <span class='ocrx_word' id='word_1_381' title='bbox 1316 5013 1534 5059; x_wconf 83' lang='lat' dir='ltr'><strong>caverat</strong></span> <span class='ocrx_word' id='word_1_382' title='bbox 1560 5003 1716 5058; x_wconf 89' lang='lat' dir='ltr'><strong>saluti</strong></span> <span class='ocrx_word' id='word_1_383' title='bbox 1745 5003 1826 5058; x_wconf 86' lang='lat' dir='ltr'><strong>di-</strong></span> 
     </span>
    </p>
   </div>
   <div class='ocr_carea' id='block_1_53' title="bbox 189 5093 1826 5169">
    <p class='ocr_par' dir='ltr' id='par_1_53' title="bbox 189 5093 1826 5169">
     <span class='ocr_line' id='line_1_53' title="bbox 189 5093 1826 5169; baseline -0.005 -13"><span class='ocrx_word' id='word_1_384' title='bbox 189 5114 365 5160; x_wconf 81' lang='lat' dir='ltr'><strong>cens</strong></span> <span class='ocrx_word' id='word_1_385' title='bbox 397 5117 411 5152; x_wconf 91' lang='lat'><strong>:</strong></span> <span class='ocrx_word' id='word_1_386' title='bbox 439 5097 690 5163; x_wconf 79' lang='lat' dir='ltr'><strong>Peccasti,</strong></span> <span class='ocrx_word' id='word_1_387' title='bbox 711 5098 945 5169; x_wconf 79' lang='lat' dir='ltr'><strong>quiesce;</strong></span> <span class='ocrx_word' id='word_1_388' title='bbox 965 5096 1035 5150; x_wconf 87' lang='lat' dir='ltr'><strong>ad</strong></span> <span class='ocrx_word' id='word_1_389' title='bbox 1055 5106 1102 5150; x_wconf 88' lang='lat' dir='ltr'><strong>te</strong></span> <span class='ocrx_word' id='word_1_390' title='bbox 1127 5095 1383 5149; x_wconf 75' lang='lat' dir='ltr'><strong>conversio</strong></span> <span class='ocrx_word' id='word_1_391' title='bbox 1403 5095 1573 5160; x_wconf 90' lang='lat' dir='ltr'><strong>illius,</strong></span> <span class='ocrx_word' id='word_1_392' title='bbox 1598 5103 1644 5148; x_wconf 86' lang='lat' dir='ltr'><strong>et</strong></span> <span class='ocrx_word' id='word_1_393' title='bbox 1673 5105 1726 5147; x_wconf 89' lang='lat' dir='ltr'><strong>tu</strong></span> <span class='ocrx_word' id='word_1_394' title='bbox 1746 5093 1826 5148; x_wconf 92' lang='lat' dir='ltr'><strong>illi</strong></span> 
     </span>
    </p>
   </div>
   <div class='ocr_carea' id='block_1_54' title="bbox 172 5186 1826 5264">
    <p class='ocr_par' dir='ltr' id='par_1_54' title="bbox 172 5186 1826 5264">
     <span class='ocr_line' id='line_1_54' title="bbox 172 5186 1826 5264; baseline -0.007 -13"><span class='ocrx_word' id='word_1_395' title='bbox 172 5193 583 5251; x_wconf 80' lang='lat' dir='ltr'><strong>dominaberis</strong></span> <span class='ocrx_word' id='word_1_396' title='bbox 602 5190 764 5264; x_wconf 88' lang='lat' dir='ltr'><strong>(Ibid.</strong></span> <span class='ocrx_word' id='word_1_397' title='bbox 788 5191 842 5246; x_wconf 72' lang='grc'><strong>4.</strong></span> <span class='ocrx_word' id='word_1_398' title='bbox 868 5192 945 5261; x_wconf 89' lang='lat'><strong>7).</strong></span> <span class='ocrx_word' id='word_1_399' title='bbox 973 5188 1104 5245; x_wconf 80' lang='lat' dir='ltr'><strong>Vide</strong></span> <span class='ocrx_word' id='word_1_400' title='bbox 1130 5187 1446 5258; x_wconf 89' lang='lat' dir='ltr'><strong>sapientiam</strong></span> <span class='ocrx_word' id='word_1_401' title='bbox 1471 5186 1826 5256; x_wconf 90' lang='lat' dir='ltr'><strong>prudentiam-</strong></span> 
     </span>
    </p>
   </div>
   <div class='ocr_carea' id='block_1_55' title="bbox 207 5276 1824 5361">
    <p class='ocr_par' dir='ltr' id='par_1_55' title="bbox 207 5276 1824 5361">
     <span class='ocr_line' id='line_1_55' title="bbox 207 5276 1824 5361; baseline -0.006 -20"><span class='ocrx_word' id='word_1_402' title='bbox 207 5303 336 5361; x_wconf 71' lang='grc' dir='ltr'><strong>μεθ</strong></span> <span class='ocrx_word' id='word_1_403' title='bbox 367 5285 482 5340; x_wconf 89' lang='lat' dir='ltr'><strong>Dei.</strong></span> <span class='ocrx_word' id='word_1_404' title='bbox 513 5283 627 5339; x_wconf 80' lang='lat' dir='ltr'><strong>Hoc</strong></span> <span class='ocrx_word' id='word_1_405' title='bbox 648 5283 860 5347; x_wconf 87' lang='lat' dir='ltr'><strong>metuis,</strong></span> <span class='ocrx_word' id='word_1_406' title='bbox 891 5281 1080 5351; x_wconf 82' lang='lat' dir='ltr'><strong>inquit,</strong></span> <span class='ocrx_word' id='word_1_407' title='bbox 1107 5294 1174 5334; x_wconf 91' lang='lat' dir='ltr'><strong>ne</strong></span> <span class='ocrx_word' id='word_1_408' title='bbox 1203 5287 1254 5333; x_wconf 93' lang='lat' dir='ltr'><strong>tc</strong></span> <span class='ocrx_word' id='word_1_409' title='bbox 1277 5278 1440 5332; x_wconf 79' lang='lat' dir='ltr'><strong>frater</strong></span> <span class='ocrx_word' id='word_1_410' title='bbox 1467 5276 1659 5346; x_wconf 90' lang='lat' dir='ltr'><strong>spoliet</strong></span> <span class='ocrx_word' id='word_1_411' title='bbox 1689 5292 1824 5346; x_wconf 74' lang='lat' dir='ltr'><strong>pra:-</strong></span> 
     </span>
    </p>
   </div>
   <div class='ocr_carea' id='block_1_56' title="bbox 183 5366 1825 5448">
    <p class='ocr_par' dir='ltr' id='par_1_56' title="bbox 183 5366 1825 5448">
     <span class='ocr_line' id='line_1_56' title="bbox 183 5366 1825 5448; baseline -0.005 -17"><span class='ocrx_word' id='word_1_412' title='bbox 183 5377 474 5448; x_wconf 77' lang='lat' dir='ltr'><strong>rogativa</strong></span> <span class='ocrx_word' id='word_1_413' title='bbox 523 5373 1037 5444; x_wconf 89' lang='lat' dir='ltr'><strong>primogenitorum,</strong></span> <span class='ocrx_word' id='word_1_414' title='bbox 1095 5378 1310 5440; x_wconf 91' lang='lat' dir='ltr'><strong>propter</strong></span> <span class='ocrx_word' id='word_1_415' title='bbox 1361 5366 1665 5431; x_wconf 91' lang='lat' dir='ltr'><strong>honorem,</strong></span> <span class='ocrx_word' id='word_1_416' title='bbox 1720 5383 1825 5438; x_wconf 90' lang='lat' dir='ltr'><strong>quo</strong></span> 
     </span>
    </p>
   </div>
   <div class='ocr_carea' id='block_1_57' title="bbox 183 5458 1824 5543">
    <p class='ocr_par' dir='ltr' id='par_1_57' title="bbox 183 5458 1824 5543">
     <span class='ocr_line' id='line_1_57' title="bbox 183 5458 1824 5543; baseline -0.009 -16"><span class='ocrx_word' id='word_1_417' title='bbox 183 5480 409 5543; x_wconf 84' lang='lat' dir='ltr'><strong>ipsum</strong></span> <span class='ocrx_word' id='word_1_418' title='bbox 437 5467 626 5534; x_wconf 70' lang='lat' dir='ltr'><strong>effeci,</strong></span> <span class='ocrx_word' id='word_1_419' title='bbox 669 5482 737 5522; x_wconf 90' lang='lat' dir='ltr'><strong>ne</strong></span> <span class='ocrx_word' id='word_1_420' title='bbox 765 5465 1120 5536; x_wconf 89' lang='lat' dir='ltr'><strong>principatum</strong></span> <span class='ocrx_word' id='word_1_421' title='bbox 1151 5461 1251 5516; x_wconf 87' lang='lat' dir='ltr'><strong>sibi</strong></span> <span class='ocrx_word' id='word_1_422' title='bbox 1290 5467 1509 5529; x_wconf 89' lang='lat' dir='ltr'><strong>usurpet</strong></span> <span class='ocrx_word' id='word_1_423' title='bbox 1543 5458 1636 5512; x_wconf 87' lang='lat' dir='ltr'><strong>tibi</strong></span> <span class='ocrx_word' id='word_1_424' title='bbox 1676 5458 1824 5514; x_wconf 89' lang='lat' dir='ltr'><strong>debi-</strong></span> 
     </span>
    </p>
   </div>
   <div class='ocr_carea' id='block_1_58' title="bbox 181 5549 1828 5628">
    <p class='ocr_par' dir='ltr' id='par_1_58' title="bbox 181 5549 1828 5628">
     <span class='ocr_line' id='line_1_58' title="bbox 181 5549 1828 5628; baseline -0.01 -8"><span class='ocrx_word' id='word_1_425' title='bbox 181 5577 366 5620; x_wconf 83' lang='lat' dir='ltr'><strong>lum.</strong></span> <span class='ocrx_word' id='word_1_426' title='bbox 418 5558 550 5614; x_wconf 86' lang='lat' dir='ltr'><strong>Nam</strong></span> <span class='ocrx_word' id='word_1_427' title='bbox 590 5556 970 5628; x_wconf 85' lang='lat' dir='ltr'><strong>printogenitos</strong></span> <span class='ocrx_word' id='word_1_428' title='bbox 1010 5553 1274 5624; x_wconf 89' lang='lat' dir='ltr'><strong>posterius</strong></span> <span class='ocrx_word' id='word_1_429' title='bbox 1314 5550 1507 5623; x_wconf 76' lang='lat' dir='ltr'><strong>genitis</strong></span> <span class='ocrx_word' id='word_1_430' title='bbox 1546 5549 1828 5620; x_wconf 84' lang='lat' dir='ltr'><strong>oportebat</strong></span> 
     </span>
    </p>
   </div>
   <div class='ocr_carea' id='block_1_59' title="bbox 185 5641 1824 5716">
    <p class='ocr_par' dir='ltr' id='par_1_59' title="bbox 185 5641 1824 5716">
     <span class='ocr_line' id='line_1_59' title="bbox 185 5641 1824 5716; baseline -0.006 -7"><span class='ocrx_word' id='word_1_431' title='bbox 185 5651 665 5712; x_wconf 75' lang='lat' dir='ltr'><strong>:mnorabiliores</strong></span> <span class='ocrx_word' id='word_1_432' title='bbox 714 5664 854 5706; x_wconf 91' lang='lat' dir='ltr'><strong>esse.</strong></span> <span class='ocrx_word' id='word_1_433' title='bbox 906 5648 1088 5713; x_wconf 89' lang='lat' dir='ltr'><strong>Bono,</strong></span> <span class='ocrx_word' id='word_1_434' title='bbox 1137 5645 1341 5716; x_wconf 89' lang='lat' dir='ltr'><strong>inquit,</strong></span> <span class='ocrx_word' id='word_1_435' title='bbox 1389 5644 1568 5699; x_wconf 89' lang='lat' dir='ltr'><strong>animo</strong></span> <span class='ocrx_word' id='word_1_436' title='bbox 1617 5641 1714 5710; x_wconf 90' lang='lat' dir='ltr'><strong>sis,</strong></span> <span class='ocrx_word' id='word_1_437' title='bbox 1756 5659 1824 5699; x_wconf 92' lang='lat' dir='ltr'><strong>ne</strong></span> 
     </span>
    </p>
   </div>
   <div class='ocr_carea' id='block_1_60' title="bbox 191 5737 1776 5817">
    <p class='ocr_par' dir='ltr' id='par_1_60' title="bbox 191 5737 1776 5817">
     <span class='ocr_line' id='line_1_60' title="bbox 191 5737 1776 5817; baseline -0.011 -10"><span class='ocrx_word' id='word_1_438' title='bbox 191 5758 443 5812; x_wconf 81' lang='lat' dir='ltr'><strong>snctuc,</strong></span> <span class='ocrx_word' id='word_1_439' title='bbox 473 5760 651 5817; x_wconf 89' lang='lat' dir='ltr'><strong>neque</strong></span> <span class='ocrx_word' id='word_1_440' title='bbox 674 5749 778 5804; x_wconf 91' lang='lat' dir='ltr'><strong>hac</strong></span> <span class='ocrx_word' id='word_1_441' title='bbox 802 5744 870 5800; x_wconf 92' lang='lat' dir='ltr'><strong>de</strong></span> <span class='ocrx_word' id='word_1_442' title='bbox 888 5755 1048 5798; x_wconf 87' lang='lat' dir='ltr'><strong>causa</strong></span> <span class='ocrx_word' id='word_1_443' title='bbox 1075 5738 1407 5814; x_wconf 88' lang='lat' dir='ltr'><strong>despondeas</strong></span> <span class='ocrx_word' id='word_1_444' title='bbox 1433 5737 1667 5794; x_wconf 89' lang='lat' dir='ltr'><strong>animum</strong></span> <span class='ocrx_word' id='word_1_445' title='bbox 1699 5751 1714 5789; x_wconf 86' lang='lat'>:</span> <span class='ocrx_word' id='word_1_446' title='bbox 1742 5739 1776 5789; x_wconf 75' lang='grc' dir='ltr'><em>Α</em></span> 
     </span>
    </p>
   </div>
   <div class='ocr_carea' id='block_1_61' title="bbox 1442 293 2311 353">
    <p class='ocr_par' dir='ltr' id='par_1_61' title="bbox 1442 293 2311 353">
     <span class='ocr_line' id='line_1_61' title="bbox 1442 293 2311 353; baseline -0.001 -2"><span class='ocrx_word' id='word_1_447' title='bbox 1442 295 1803 352; x_wconf 73' lang='lat' dir='ltr'><strong>ADVERSUS</strong></span> <span class='ocrx_word' id='word_1_448' title='bbox 1841 293 2135 352; x_wconf 69' lang='lat' dir='ltr'><strong>JUDA&#39;IOS.</strong></span> <span class='ocrx_word' id='word_1_449' title='bbox 2181 296 2311 353; x_wconf 76' lang='lat' dir='ltr'><strong>Vlll.</strong></span> 
     </span>
    </p>
   </div>
   <div class='ocr_carea' id='block_1_62' title="bbox 3415 311 3525 367">
    <p class='ocr_par' dir='ltr' id='par_1_62' title="bbox 3415 311 3525 367">
     <span class='ocr_line' id='line_1_62' title="bbox 3415 311 3525 367; baseline 0.009 -3"><span class='ocrx_word' id='word_1_450' title='bbox 3415 311 3525 367; x_wconf 61' lang='lat'><strong>930</strong></span> 
     </span>
    </p>
   </div>
   <div class='ocr_carea' id='block_1_63' title="bbox 1946 415 3527 491">
    <p class='ocr_par' dir='ltr' id='par_1_63' title="bbox 1946 415 3527 491">
     <span class='ocr_line' id='line_1_63' title="bbox 1946 415 3527 491; baseline 0.011 -24"><span class='ocrx_word' id='word_1_451' title='bbox 1946 421 1992 467; x_wconf 84' lang='lat' dir='ltr'><strong>te</strong></span> <span class='ocrx_word' id='word_1_452' title='bbox 2031 416 2287 470; x_wconf 75' lang='lat' dir='ltr'><strong>conversio</strong></span> <span class='ocrx_word' id='word_1_453' title='bbox 2321 415 2451 485; x_wconf 84' lang='lat' dir='ltr'><strong>ejus,</strong></span> <span class='ocrx_word' id='word_1_454' title='bbox 2491 427 2537 470; x_wconf 87' lang='lat' dir='ltr'><strong>et</strong></span> <span class='ocrx_word' id='word_1_455' title='bbox 2577 427 2629 472; x_wconf 87' lang='lat' dir='ltr'><strong>tu</strong></span> <span class='ocrx_word' id='word_1_456' title='bbox 2667 417 3004 475; x_wconf 87' lang='lat' dir='ltr'><strong>dominaberis</strong></span> <span class='ocrx_word' id='word_1_457' title='bbox 3043 421 3138 477; x_wconf 83' lang='lat' dir='ltr'><strong>illi.</strong></span> <span class='ocrx_word' id='word_1_458' title='bbox 3167 422 3318 491; x_wconf 86' lang='lat' dir='ltr'><strong>Quod</strong></span> <span class='ocrx_word' id='word_1_459' title='bbox 3341 437 3527 484; x_wconf 83' lang='lat' dir='ltr'><strong>autem</strong></span> 
     </span>
    </p>
   </div>
   <div class='ocr_carea' id='block_1_64' title="bbox 1941 505 3526 587">
    <p class='ocr_par' dir='ltr' id='par_1_64' title="bbox 1941 505 3526 587">
     <span class='ocr_line' id='line_1_64' title="bbox 1941 505 3526 587; baseline 0.009 -27"><span class='ocrx_word' id='word_1_460' title='bbox 1941 506 2091 571; x_wconf 81' lang='lat' dir='ltr'><strong>dicit,</strong></span> <span class='ocrx_word' id='word_1_461' title='bbox 2120 505 2261 562; x_wconf 92' lang='lat' dir='ltr'><strong>hunc</strong></span> <span class='ocrx_word' id='word_1_462' title='bbox 2283 505 2443 562; x_wconf 87' lang='lat' dir='ltr'><strong>habet</strong></span> <span class='ocrx_word' id='word_1_463' title='bbox 2469 521 2683 564; x_wconf 89' lang='lat' dir='ltr'><strong>sensum</strong></span> <span class='ocrx_word' id='word_1_464' title='bbox 2721 527 2735 562; x_wconf 92' lang='lat'><strong>:</strong></span> <span class='ocrx_word' id='word_1_465' title='bbox 2765 526 2922 566; x_wconf 90' lang='lat' dir='ltr'><strong>mane</strong></span> <span class='ocrx_word' id='word_1_466' title='bbox 2947 511 2999 565; x_wconf 92' lang='lat' dir='ltr'><strong>in</strong></span> <span class='ocrx_word' id='word_1_467' title='bbox 3025 511 3227 569; x_wconf 88' lang='lat' dir='ltr'><strong>honore</strong></span> <span class='ocrx_word' id='word_1_468' title='bbox 3252 515 3526 587; x_wconf 85' lang='lat' dir='ltr'><strong>primoge-</strong></span> 
     </span>
    </p>
   </div>
   <div class='ocr_carea' id='block_1_65' title="bbox 1941 597 3526 679">
    <p class='ocr_par' dir='ltr' id='par_1_65' title="bbox 1941 597 3526 679">
     <span class='ocr_line' id='line_1_65' title="bbox 1941 597 3526 679; baseline 0.008 -29"><span class='ocrx_word' id='word_1_469' title='bbox 1941 597 2058 662; x_wconf 90' lang='lat' dir='ltr'><strong>niti,</strong></span> <span class='ocrx_word' id='word_1_470' title='bbox 2091 608 2144 654; x_wconf 92' lang='lat' dir='ltr'><strong>et</strong></span> <span class='ocrx_word' id='word_1_471' title='bbox 2179 607 2294 653; x_wconf 90' lang='lat' dir='ltr'><strong>esto</strong></span> <span class='ocrx_word' id='word_1_472' title='bbox 2323 597 2474 653; x_wconf 86' lang='lat' dir='ltr'><strong>fratri</strong></span> <span class='ocrx_word' id='word_1_473' title='bbox 2516 608 2606 655; x_wconf 90' lang='lat' dir='ltr'><strong>tuo</strong></span> <span class='ocrx_word' id='word_1_474' title='bbox 2631 601 2914 672; x_wconf 85' lang='lat' dir='ltr'><strong>refugium,</strong></span> <span class='ocrx_word' id='word_1_475' title='bbox 2943 604 3312 660; x_wconf 90' lang='lat' dir='ltr'><strong>umbraculum</strong></span> <span class='ocrx_word' id='word_1_476' title='bbox 3338 623 3402 662; x_wconf 90' lang='lat' dir='ltr'><strong>ac</strong></span> <span class='ocrx_word' id='word_1_477' title='bbox 3427 624 3526 679; x_wconf 65' lang='lat' dir='ltr'><strong>pa-</strong></span> 
     </span>
    </p>
   </div>
   <div class='ocr_carea' id='block_1_66' title="bbox 1943 692 3524 765">
    <p class='ocr_par' dir='ltr' id='par_1_66' title="bbox 1943 692 3524 765">
     <span class='ocr_line' id='line_1_66' title="bbox 1943 692 3524 765; baseline 0.008 -20"><span class='ocrx_word' id='word_1_478' title='bbox 1943 692 2246 757; x_wconf 91' lang='lat' dir='ltr'><strong>trocinium,</strong></span> <span class='ocrx_word' id='word_1_479' title='bbox 2271 693 2576 765; x_wconf 89' lang='lat' dir='ltr'><strong>imperaque</strong></span> <span class='ocrx_word' id='word_1_480' title='bbox 2600 711 2663 750; x_wconf 91' lang='lat' dir='ltr'><strong>ac</strong></span> <span class='ocrx_word' id='word_1_481' title='bbox 2683 695 2960 753; x_wconf 88' lang='lat' dir='ltr'><strong>dominare</strong></span> <span class='ocrx_word' id='word_1_482' title='bbox 2983 698 3076 753; x_wconf 92' lang='lat' dir='ltr'><strong>illi.</strong></span> <span class='ocrx_word' id='word_1_483' title='bbox 3104 699 3332 754; x_wconf 90' lang='lat' dir='ltr'><strong>Tantum</strong></span> <span class='ocrx_word' id='word_1_484' title='bbox 3362 717 3430 757; x_wconf 84' lang='lat' dir='ltr'><strong>ne</strong></span> <span class='ocrx_word' id='word_1_485' title='bbox 3456 701 3524 758; x_wconf 80' lang='lat' dir='ltr'><strong>ad</strong></span> 
     </span>
    </p>
   </div>
   <div class='ocr_carea' id='block_1_67' title="bbox 1942 783 3528 861">
    <p class='ocr_par' dir='ltr' id='par_1_67' title="bbox 1942 783 3528 861">
     <span class='ocr_line' id='line_1_67' title="bbox 1942 783 3528 861; baseline 0.008 -25"><span class='ocrx_word' id='word_1_486' title='bbox 1942 783 2281 853; x_wconf 90' lang='lat' dir='ltr'><strong>parricidium</strong></span> <span class='ocrx_word' id='word_1_487' title='bbox 2314 786 2589 854; x_wconf 89' lang='lat' dir='ltr'><strong>prosilias,</strong></span> <span class='ocrx_word' id='word_1_488' title='bbox 2621 803 2792 857; x_wconf 89' lang='lat' dir='ltr'><strong>neque</strong></span> <span class='ocrx_word' id='word_1_489' title='bbox 2821 789 2885 843; x_wconf 90' lang='lat' dir='ltr'><strong>ad</strong></span> <span class='ocrx_word' id='word_1_490' title='bbox 2919 790 3134 861; x_wconf 83' lang='lat' dir='ltr'><strong>impiam</strong></span> <span class='ocrx_word' id='word_1_491' title='bbox 3176 792 3317 846; x_wconf 91' lang='lat' dir='ltr'><strong>illam</strong></span> <span class='ocrx_word' id='word_1_492' title='bbox 3348 809 3528 849; x_wconf 86' lang='lat' dir='ltr'><strong>erum-</strong></span> 
     </span>
    </p>
   </div>
   <div class='ocr_carea' id='block_1_68' title="bbox 1939 873 3524 956">
    <p class='ocr_par' dir='ltr' id='par_1_68' title="bbox 1939 873 3524 956">
     <span class='ocr_line' id='line_1_68' title="bbox 1939 873 3524 956; baseline 0.009 -30"><span class='ocrx_word' id='word_1_493' title='bbox 1939 888 2036 942; x_wconf 90' lang='lat' dir='ltr'><strong>pas</strong></span> <span class='ocrx_word' id='word_1_494' title='bbox 2063 873 2285 931; x_wconf 57' lang='lat' dir='ltr'><strong>eadem.</strong></span> <span class='ocrx_word' id='word_1_495' title='bbox 2310 875 2506 931; x_wconf 85' lang='lat' dir='ltr'><strong>Verum</strong></span> <span class='ocrx_word' id='word_1_496' title='bbox 2538 893 2605 932; x_wconf 85' lang='lat' dir='ltr'><strong>ne</strong></span> <span class='ocrx_word' id='word_1_497' title='bbox 2629 878 2705 933; x_wconf 88' lang='lat' dir='ltr'><strong>sic</strong></span> <span class='ocrx_word' id='word_1_498' title='bbox 2735 879 2948 948; x_wconf 88' lang='lat' dir='ltr'><strong>quidem</strong></span> <span class='ocrx_word' id='word_1_499' title='bbox 2979 883 3316 950; x_wconf 85' lang='lat' dir='ltr'><strong>auseultavit,</strong></span> <span class='ocrx_word' id='word_1_500' title='bbox 3348 900 3524 956; x_wconf 89' lang='lat' dir='ltr'><strong>neque</strong></span> 
     </span>
    </p>
   </div>
   <div class='ocr_carea' id='block_1_69' title="bbox 1939 967 3522 1041">
    <p class='ocr_par' dir='ltr' id='par_1_69' title="bbox 1939 967 3522 1041">
     <span class='ocr_line' id='line_1_69' title="bbox 1939 967 3522 1041; baseline 0.007 -21"><span class='ocrx_word' id='word_1_501' title='bbox 1939 967 2243 1036; x_wconf 90' lang='lat' dir='ltr'><strong>conquievit</strong></span> <span class='ocrx_word' id='word_1_502' title='bbox 2273 986 2286 1022; x_wconf 94' lang='lat'>:</span> <span class='ocrx_word' id='word_1_503' title='bbox 2319 969 2412 1024; x_wconf 90' lang='lat' dir='ltr'><strong>sed</strong></span> <span class='ocrx_word' id='word_1_504' title='bbox 2452 970 2652 1024; x_wconf 57' lang='lat' dir='ltr'><strong>caedem</strong></span> <span class='ocrx_word' id='word_1_505' title='bbox 2694 971 2838 1026; x_wconf 90' lang='lat' dir='ltr'><strong>illam</strong></span> <span class='ocrx_word' id='word_1_506' title='bbox 2868 975 3209 1041; x_wconf 85' lang='lat' dir='ltr'><strong>perpetravit,</strong></span> <span class='ocrx_word' id='word_1_507' title='bbox 3246 975 3522 1031; x_wconf 75' lang='lat' dir='ltr'><strong>dexteram</strong></span> 
     </span>
    </p>
   </div>
   <div class='ocr_carea' id='block_1_70' title="bbox 1941 1059 3527 1136">
    <p class='ocr_par' dir='ltr' id='par_1_70' title="bbox 1941 1059 3527 1136">
     <span class='ocr_line' id='line_1_70' title="bbox 1941 1059 3527 1136; baseline 0.007 -23"><span class='ocrx_word' id='word_1_508' title='bbox 1941 1059 1992 1113; x_wconf 89' lang='lat' dir='ltr'><strong>in</strong></span> <span class='ocrx_word' id='word_1_509' title='bbox 2020 1059 2308 1115; x_wconf 89' lang='lat' dir='ltr'><strong>fraternum</strong></span> <span class='ocrx_word' id='word_1_510' title='bbox 2332 1062 2829 1134; x_wconf 82' lang='lat' dir='ltr'><strong>immisitjugulum.</strong></span> <span class='ocrx_word' id='word_1_511' title='bbox 2853 1065 2988 1132; x_wconf 88' lang='lat' dir='ltr'><strong>Quid</strong></span> <span class='ocrx_word' id='word_1_512' title='bbox 3017 1065 3209 1136; x_wconf 85' lang='lat' dir='ltr'><strong>igitur?</strong></span> <span class='ocrx_word' id='word_1_513' title='bbox 3228 1066 3365 1122; x_wconf 92' lang='lat' dir='ltr'><strong>Num</strong></span> <span class='ocrx_word' id='word_1_514' title='bbox 3389 1068 3527 1124; x_wconf 77' lang='lat' dir='ltr'><strong>dixit</strong></span> 
     </span>
    </p>
   </div>
   <div class='ocr_carea' id='block_1_71' title="bbox 1939 1151 3526 1228">
    <p class='ocr_par' dir='ltr' id='par_1_71' title="bbox 1939 1151 3526 1228">
     <span class='ocr_line' id='line_1_71' title="bbox 1939 1151 3526 1228; baseline 0.005 -24"><span class='ocrx_word' id='word_1_515' title='bbox 1939 1151 2102 1217; x_wconf 89' lang='lat' dir='ltr'><strong>Deus,</strong></span> <span class='ocrx_word' id='word_1_516' title='bbox 2131 1153 2368 1207; x_wconf 91' lang='lat' dir='ltr'><strong>sinamus</strong></span> <span class='ocrx_word' id='word_1_517' title='bbox 2396 1153 2543 1208; x_wconf 92' lang='lat' dir='ltr'><strong>illum</strong></span> <span class='ocrx_word' id='word_1_518' title='bbox 2584 1155 2634 1208; x_wconf 93' lang='lat' dir='ltr'><strong>in</strong></span> <span class='ocrx_word' id='word_1_519' title='bbox 2664 1156 2976 1224; x_wconf 87' lang='lat' dir='ltr'><strong>posterum?</strong></span> <span class='ocrx_word' id='word_1_520' title='bbox 2999 1156 3135 1222; x_wconf 86' lang='lat' dir='ltr'><strong>Quid</strong></span> <span class='ocrx_word' id='word_1_521' title='bbox 3165 1159 3384 1228; x_wconf 91' lang='lat' dir='ltr'><strong>posthac</strong></span> <span class='ocrx_word' id='word_1_522' title='bbox 3421 1159 3526 1214; x_wconf 89' lang='lat' dir='ltr'><strong>erit</strong></span> 
     </span>
    </p>
   </div>
   <div class='ocr_carea' id='block_1_72' title="bbox 1940 1242 3520 1316">
    <p class='ocr_par' dir='ltr' id='par_1_72' title="bbox 1940 1242 3520 1316">
     <span class='ocr_line' id='line_1_72' title="bbox 1940 1242 3520 1316; baseline 0.006 -21"><span class='ocrx_word' id='word_1_523' title='bbox 1940 1242 2115 1297; x_wconf 89' lang='lat' dir='ltr'><strong>lucri?</strong></span> <span class='ocrx_word' id='word_1_524' title='bbox 2164 1244 2496 1313; x_wconf 87' lang='lat' dir='ltr'><strong>Perpetravit</strong></span> <span class='ocrx_word' id='word_1_525' title='bbox 2545 1246 2923 1315; x_wconf 88' lang='lat' dir='ltr'><strong>parricidium,</strong></span> <span class='ocrx_word' id='word_1_526' title='bbox 2975 1249 3225 1303; x_wconf 89' lang='lat' dir='ltr'><strong>mactavit</strong></span> <span class='ocrx_word' id='word_1_527' title='bbox 3264 1248 3520 1316; x_wconf 87' lang='lat' dir='ltr'><strong>fratrem,</strong></span> 
     </span>
    </p>
   </div>
   <div class='ocr_carea' id='block_1_73' title="bbox 1936 1335 3522 1404">
    <p class='ocr_par' dir='ltr' id='par_1_73' title="bbox 1936 1335 3522 1404">
     <span class='ocr_line' id='line_1_73' title="bbox 1936 1335 3522 1404; baseline 0.006 -17"><span class='ocrx_word' id='word_1_528' title='bbox 1936 1336 2257 1404; x_wconf 90' lang='lat' dir='ltr'><strong>contempsit</strong></span> <span class='ocrx_word' id='word_1_529' title='bbox 2283 1335 2695 1392; x_wconf 90' lang='lat' dir='ltr'><strong>admonitionem</strong></span> <span class='ocrx_word' id='word_1_530' title='bbox 2723 1353 2919 1404; x_wconf 89' lang='lat' dir='ltr'><strong>meam,</strong></span> <span class='ocrx_word' id='word_1_531' title='bbox 2955 1339 3248 1395; x_wconf 89' lang='lat' dir='ltr'><strong>insanabile</strong></span> <span class='ocrx_word' id='word_1_532' title='bbox 3273 1340 3522 1396; x_wconf 84' lang='lat' dir='ltr'><strong>minime-</strong></span> 
     </span>
    </p>
   </div>
   <div class='ocr_carea' id='block_1_74' title="bbox 1937 1428 3518 1504">
    <p class='ocr_par' dir='ltr' id='par_1_74' title="bbox 1937 1428 3518 1504">
     <span class='ocr_line' id='line_1_74' title="bbox 1937 1428 3518 1504; baseline 0.006 -24"><span class='ocrx_word' id='word_1_533' title='bbox 1937 1442 2041 1496; x_wconf 88' lang='lat' dir='ltr'><strong>que</strong></span> <span class='ocrx_word' id='word_1_534' title='bbox 2064 1428 2471 1483; x_wconf 89' lang='lat' dir='ltr'><strong>condonandum</strong></span> <span class='ocrx_word' id='word_1_535' title='bbox 2500 1429 2846 1486; x_wconf 86' lang='lat' dir='ltr'><strong>homicidium</strong></span> <span class='ocrx_word' id='word_1_536' title='bbox 2885 1447 3047 1488; x_wconf 79' lang='lat' dir='ltr'><strong>ausus</strong></span> <span class='ocrx_word' id='word_1_537' title='bbox 3081 1443 3162 1488; x_wconf 91' lang='lat' dir='ltr'><strong>est</strong></span> <span class='ocrx_word' id='word_1_538' title='bbox 3190 1443 3518 1504; x_wconf 86' lang='lat' dir='ltr'><strong>perpetrare,</strong></span> 
     </span>
    </p>
   </div>
   <div class='ocr_carea' id='block_1_75' title="bbox 1939 1518 3523 1592">
    <p class='ocr_par' dir='ltr' id='par_1_75' title="bbox 1939 1518 3523 1592">
     <span class='ocr_line' id='line_1_75' title="bbox 1939 1518 3523 1592; baseline 0.006 -22"><span class='ocrx_word' id='word_1_539' title='bbox 1939 1518 2134 1588; x_wconf 91' lang='lat' dir='ltr'><strong>talique</strong></span> <span class='ocrx_word' id='word_1_540' title='bbox 2161 1533 2223 1573; x_wconf 93' lang='lat' dir='ltr'><strong>ac</strong></span> <span class='ocrx_word' id='word_1_541' title='bbox 2254 1529 2392 1574; x_wconf 87' lang='lat' dir='ltr'><strong>tanta</strong></span> <span class='ocrx_word' id='word_1_542' title='bbox 2423 1520 2670 1590; x_wconf 87' lang='lat' dir='ltr'><strong>dignatus</strong></span> <span class='ocrx_word' id='word_1_543' title='bbox 2697 1522 3054 1578; x_wconf 90' lang='lat' dir='ltr'><strong>sollicitudine</strong></span> <span class='ocrx_word' id='word_1_544' title='bbox 3084 1540 3200 1580; x_wconf 89' lang='lat' dir='ltr'><strong>mea</strong></span> <span class='ocrx_word' id='word_1_545' title='bbox 3223 1566 3238 1592; x_wconf 96' lang='lat'><strong>,</strong></span> <span class='ocrx_word' id='word_1_546' title='bbox 3280 1524 3523 1580; x_wconf 89' lang='lat' dir='ltr'><strong>doctrina</strong></span> 
     </span>
    </p>
   </div>
   <div class='ocr_carea' id='block_1_76' title="bbox 1937 1609 3521 1680">
    <p class='ocr_par' dir='ltr' id='par_1_76' title="bbox 1937 1609 3521 1680">
     <span class='ocr_line' id='line_1_76' title="bbox 1937 1609 3521 1680; baseline 0.004 -18"><span class='ocrx_word' id='word_1_547' title='bbox 1937 1617 1990 1662; x_wconf 88' lang='lat' dir='ltr'><strong>et</strong></span> <span class='ocrx_word' id='word_1_548' title='bbox 2018 1609 2240 1662; x_wconf 85' lang='lat' dir='ltr'><strong>consilio</strong></span> <span class='ocrx_word' id='word_1_549' title='bbox 2264 1627 2276 1662; x_wconf 92' lang='lat'>:</span> <span class='ocrx_word' id='word_1_550' title='bbox 2301 1620 2488 1664; x_wconf 90' lang='lat' dir='ltr'><strong>cuneta</strong></span> <span class='ocrx_word' id='word_1_551' title='bbox 2517 1611 2605 1664; x_wconf 92' lang='lat' dir='ltr'><strong>illa</strong></span> <span class='ocrx_word' id='word_1_552' title='bbox 2637 1612 2836 1680; x_wconf 85' lang='lat' dir='ltr'><strong>pepulit</strong></span> <span class='ocrx_word' id='word_1_553' title='bbox 2861 1627 2928 1666; x_wconf 81' lang='lat' dir='ltr'><strong>ex</strong></span> <span class='ocrx_word' id='word_1_554' title='bbox 2951 1615 3150 1679; x_wconf 89' lang='lat' dir='ltr'><strong>animo,</strong></span> <span class='ocrx_word' id='word_1_555' title='bbox 3178 1629 3280 1670; x_wconf 90' lang='lat' dir='ltr'><strong>nec</strong></span> <span class='ocrx_word' id='word_1_556' title='bbox 3301 1614 3404 1669; x_wconf 90' lang='lat' dir='ltr'><strong>ulla</strong></span> <span class='ocrx_word' id='word_1_557' title='bbox 3433 1630 3521 1668; x_wconf 89' lang='lat' dir='ltr'><strong>ra-</strong></span> 
     </span>
    </p>
   </div>
   <div class='ocr_carea' id='block_1_77' title="bbox 1939 1699 3518 1775">
    <p class='ocr_par' dir='ltr' id='par_1_77' title="bbox 1939 1699 3518 1775">
     <span class='ocr_line' id='line_1_77' title="bbox 1939 1699 3518 1775; baseline 0.005 -23"><span class='ocrx_word' id='word_1_558' title='bbox 1939 1699 2081 1754; x_wconf 90' lang='lat' dir='ltr'><strong>tione</strong></span> <span class='ocrx_word' id='word_1_559' title='bbox 2127 1715 2420 1756; x_wconf 88' lang='lat' dir='ltr'><strong>conversus</strong></span> <span class='ocrx_word' id='word_1_560' title='bbox 2459 1709 2560 1756; x_wconf 91' lang='lat' dir='ltr'><strong>est.</strong></span> <span class='ocrx_word' id='word_1_561' title='bbox 2610 1703 2894 1757; x_wconf 85' lang='lat' dir='ltr'><strong>Deseratur</strong></span> <span class='ocrx_word' id='word_1_562' title='bbox 2936 1704 3094 1774; x_wconf 85' lang='lat' dir='ltr'><strong>igitur</strong></span> <span class='ocrx_word' id='word_1_563' title='bbox 3136 1706 3188 1759; x_wconf 91' lang='lat' dir='ltr'><strong>in</strong></span> <span class='ocrx_word' id='word_1_564' title='bbox 3224 1715 3518 1775; x_wconf 89' lang='lat' dir='ltr'><strong>posterutn,</strong></span> 
     </span>
    </p>
   </div>
   <div class='ocr_carea' id='block_1_78' title="bbox 1937 1791 3521 1865">
    <p class='ocr_par' dir='ltr' id='par_1_78' title="bbox 1937 1791 3521 1865">
     <span class='ocr_line' id='line_1_78' title="bbox 1937 1791 3521 1865; baseline 0.003 -22"><span class='ocrx_word' id='word_1_565' title='bbox 1937 1804 2000 1844; x_wconf 89' lang='lat' dir='ltr'><strong>ac</strong></span> <span class='ocrx_word' id='word_1_566' title='bbox 2030 1791 2298 1860; x_wconf 86' lang='lat' dir='ltr'><strong>projectus</strong></span> <span class='ocrx_word' id='word_1_567' title='bbox 2327 1801 2464 1858; x_wconf 89' lang='lat' dir='ltr'><strong>esto,</strong></span> <span class='ocrx_word' id='word_1_568' title='bbox 2495 1806 2595 1846; x_wconf 90' lang='lat' dir='ltr'><strong>nec</strong></span> <span class='ocrx_word' id='word_1_569' title='bbox 2624 1792 2736 1846; x_wconf 89' lang='lat' dir='ltr'><strong>ullo</strong></span> <span class='ocrx_word' id='word_1_570' title='bbox 2765 1807 2886 1848; x_wconf 90' lang='lat' dir='ltr'><strong>meo</strong></span> <span class='ocrx_word' id='word_1_571' title='bbox 2924 1803 3171 1863; x_wconf 89' lang='lat' dir='ltr'><strong>respectu</strong></span> <span class='ocrx_word' id='word_1_572' title='bbox 3201 1795 3390 1865; x_wconf 86' lang='lat' dir='ltr'><strong>dignus</strong></span> <span class='ocrx_word' id='word_1_573' title='bbox 3421 1795 3521 1849; x_wconf 82' lang='lat' dir='ltr'><strong>ha-</strong></span> 
     </span>
    </p>
   </div>
   <div class='ocr_carea' id='block_1_79' title="bbox 1936 1881 3521 1950">
    <p class='ocr_par' dir='ltr' id='par_1_79' title="bbox 1936 1881 3521 1950">
     <span class='ocr_line' id='line_1_79' title="bbox 1936 1881 3521 1950; baseline 0.004 -14"><span class='ocrx_word' id='word_1_574' title='bbox 1936 1882 2145 1936; x_wconf 87' lang='lat' dir='ltr'><strong>beatur.</strong></span> <span class='ocrx_word' id='word_1_575' title='bbox 2175 1881 2316 1937; x_wconf 85' lang='lat' dir='ltr'><strong>Nihil</strong></span> <span class='ocrx_word' id='word_1_576' title='bbox 2345 1883 2449 1938; x_wconf 87' lang='lat' dir='ltr'><strong>tale</strong></span> <span class='ocrx_word' id='word_1_577' title='bbox 2479 1884 2618 1938; x_wconf 91' lang='lat' dir='ltr'><strong>Deus</strong></span> <span class='ocrx_word' id='word_1_578' title='bbox 2646 1884 2800 1950; x_wconf 78' lang='lat' dir='ltr'><strong>dixit,</strong></span> <span class='ocrx_word' id='word_1_579' title='bbox 2825 1885 2912 1940; x_wconf 86' lang='lat' dir='ltr'><strong>vel</strong></span> <span class='ocrx_word' id='word_1_580' title='bbox 2955 1885 3079 1940; x_wconf 86' lang='lat' dir='ltr'><strong>fecit</strong></span> <span class='ocrx_word' id='word_1_581' title='bbox 3106 1904 3118 1940; x_wconf 90' lang='lat'><strong>:</strong></span> <span class='ocrx_word' id='word_1_582' title='bbox 3145 1885 3240 1942; x_wconf 89' lang='lat' dir='ltr'><strong>sed</strong></span> <span class='ocrx_word' id='word_1_583' title='bbox 3277 1887 3342 1941; x_wconf 91' lang='lat' dir='ltr'><strong>ad</strong></span> <span class='ocrx_word' id='word_1_584' title='bbox 3373 1887 3521 1942; x_wconf 90' lang='lat' dir='ltr'><strong>illum</strong></span> 
     </span>
    </p>
   </div>
   <div class='ocr_carea' id='block_1_80' title="bbox 1935 1972 3524 2046">
    <p class='ocr_par' dir='ltr' id='par_1_80' title="bbox 1935 1972 3524 2046">
     <span class='ocr_line' id='line_1_80' title="bbox 1935 1972 3524 2046; baseline 0.004 -20"><span class='ocrx_word' id='word_1_585' title='bbox 1935 1975 2083 2028; x_wconf 85' lang='lat' dir='ltr'><strong>venit</strong></span> <span class='ocrx_word' id='word_1_586' title='bbox 2109 1972 2320 2040; x_wconf 89' lang='lat' dir='ltr'><strong>denuo,</strong></span> <span class='ocrx_word' id='word_1_587' title='bbox 2352 1985 2407 2030; x_wconf 92' lang='lat' dir='ltr'><strong>et</strong></span> <span class='ocrx_word' id='word_1_588' title='bbox 2434 1975 2654 2046; x_wconf 86' lang='lat' dir='ltr'><strong>corrigit</strong></span> <span class='ocrx_word' id='word_1_589' title='bbox 2697 1976 2968 2032; x_wconf 91' lang='lat' dir='ltr'><strong>hominem</strong></span> <span class='ocrx_word' id='word_1_590' title='bbox 2990 2017 3004 2043; x_wconf 91' lang='lat'><strong>,</strong></span> <span class='ocrx_word' id='word_1_591' title='bbox 3037 1976 3221 2033; x_wconf 88' lang='lat' dir='ltr'><strong>dicens</strong></span> <span class='ocrx_word' id='word_1_592' title='bbox 3258 1995 3271 2031; x_wconf 91' lang='lat'><strong>:</strong></span> <span class='ocrx_word' id='word_1_593' title='bbox 3309 1977 3407 2034; x_wconf 86' lang='lat' dir='ltr'><strong>Ubi</strong></span> <span class='ocrx_word' id='word_1_594' title='bbox 3451 1988 3524 2032; x_wconf 84' lang='lat' dir='ltr'><strong>est</strong></span> 
     </span>
    </p>
   </div>
   <div class='ocr_carea' id='block_1_81' title="bbox 1936 2065 3519 2138">
    <p class='ocr_par' dir='ltr' id='par_1_81' title="bbox 1936 2065 3519 2138">
     <span class='ocr_line' id='line_1_81' title="bbox 1936 2065 3519 2138; baseline 0.003 -20"><span class='ocrx_word' id='word_1_595' title='bbox 1936 2065 2064 2119; x_wconf 81' lang='lat' dir='ltr'><strong>Abel</strong></span> <span class='ocrx_word' id='word_1_596' title='bbox 2091 2066 2250 2135; x_wconf 76' lang='lat' dir='ltr'><strong>frater</strong></span> <span class='ocrx_word' id='word_1_597' title='bbox 2277 2067 2437 2120; x_wconf 83' lang='lat' dir='ltr'><strong>tuus?</strong></span> <span class='ocrx_word' id='word_1_598' title='bbox 2466 2067 2543 2121; x_wconf 84' lang='lat' dir='ltr'><strong>Ac</strong></span> <span class='ocrx_word' id='word_1_599' title='bbox 2581 2081 2649 2121; x_wconf 92' lang='lat' dir='ltr'><strong>ne</strong></span> <span class='ocrx_word' id='word_1_600' title='bbox 2688 2065 3012 2122; x_wconf 88' lang='lat' dir='ltr'><strong>inficiantem</strong></span> <span class='ocrx_word' id='word_1_601' title='bbox 3040 2067 3253 2138; x_wconf 88' lang='lat' dir='ltr'><strong>quidem</strong></span> <span class='ocrx_word' id='word_1_602' title='bbox 3285 2069 3485 2123; x_wconf 90' lang='lat' dir='ltr'><strong>deserit</strong></span> <span class='ocrx_word' id='word_1_603' title='bbox 3503 2111 3519 2134; x_wconf 92' lang='lat'><strong>,</strong></span> 
     </span>
    </p>
   </div>
   <div class='ocr_carea' id='block_1_82' title="bbox 1935 2155 3517 2229">
    <p class='ocr_par' dir='ltr' id='par_1_82' title="bbox 1935 2155 3517 2229">
     <span class='ocr_line' id='line_1_82' title="bbox 1935 2155 3517 2229; baseline 0.003 -17"><span class='ocrx_word' id='word_1_604' title='bbox 1935 2156 2029 2212; x_wconf 90' lang='lat' dir='ltr'><strong>sed</strong></span> <span class='ocrx_word' id='word_1_605' title='bbox 2083 2155 2166 2212; x_wconf 87' lang='lat' dir='ltr'><strong>vel</strong></span> <span class='ocrx_word' id='word_1_606' title='bbox 2215 2157 2438 2212; x_wconf 91' lang='lat' dir='ltr'><strong>invitum</strong></span> <span class='ocrx_word' id='word_1_607' title='bbox 2487 2157 2652 2229; x_wconf 90' lang='lat' dir='ltr'><strong>adigit</strong></span> <span class='ocrx_word' id='word_1_608' title='bbox 2698 2158 2764 2213; x_wconf 91' lang='lat' dir='ltr'><strong>ad</strong></span> <span class='ocrx_word' id='word_1_609' title='bbox 2815 2158 3064 2214; x_wconf 88' lang='lat' dir='ltr'><strong>facinoris</strong></span> <span class='ocrx_word' id='word_1_610' title='bbox 3103 2159 3517 2216; x_wconf 91' lang='lat' dir='ltr'><strong>confessionem.</strong></span> 
     </span>
    </p>
   </div>
   <div class='ocr_carea' id='block_1_83' title="bbox 1935 2246 3522 2324">
    <p class='ocr_par' dir='ltr' id='par_1_83' title="bbox 1935 2246 3522 2324">
     <span class='ocr_line' id='line_1_83' title="bbox 1935 2246 3522 2324; baseline 0.004 -22"><span class='ocrx_word' id='word_1_611' title='bbox 1935 2246 2174 2319; x_wconf 89' lang='lat' dir='ltr'><strong>Cumque</strong></span> <span class='ocrx_word' id='word_1_612' title='bbox 2205 2249 2442 2316; x_wconf 83' lang='lat' dir='ltr'><strong>dixisset,</strong></span> <span class='ocrx_word' id='word_1_613' title='bbox 2487 2250 2706 2318; x_wconf 86' lang='lat' dir='ltr'><strong>Nescio,</strong></span> <span class='ocrx_word' id='word_1_614' title='bbox 2737 2251 2813 2306; x_wconf 88' lang='lat' dir='ltr'><strong>ait</strong></span> <span class='ocrx_word' id='word_1_615' title='bbox 2843 2271 2857 2307; x_wconf 93' lang='lat'><strong>:</strong></span> <span class='ocrx_word' id='word_1_616' title='bbox 2894 2251 3006 2306; x_wconf 75' lang='lat' dir='ltr'><strong>Vox</strong></span> <span class='ocrx_word' id='word_1_617' title='bbox 3042 2254 3306 2324; x_wconf 77' lang='lat' dir='ltr'><strong>sanguinis</strong></span> <span class='ocrx_word' id='word_1_618' title='bbox 3345 2255 3522 2324; x_wconf 78' lang='lat' dir='ltr'><strong>fratris</strong></span> 
     </span>
    </p>
   </div>
   <div class='ocr_carea' id='block_1_84' title="bbox 1935 2339 3520 2416">
    <p class='ocr_par' dir='ltr' id='par_1_84' title="bbox 1935 2339 3520 2416">
     <span class='ocr_line' id='line_1_84' title="bbox 1935 2339 3520 2416; baseline 0.006 -25"><span class='ocrx_word' id='word_1_619' title='bbox 1935 2339 2008 2392; x_wconf 86' lang='lat' dir='ltr'><strong>tui</strong></span> <span class='ocrx_word' id='word_1_620' title='bbox 2025 2340 2210 2394; x_wconf 86' lang='lat' dir='ltr'><strong>clamat</strong></span> <span class='ocrx_word' id='word_1_621' title='bbox 2237 2341 2306 2394; x_wconf 89' lang='lat' dir='ltr'><strong>ad</strong></span> <span class='ocrx_word' id='word_1_622' title='bbox 2331 2358 2410 2395; x_wconf 89' lang='lat' dir='ltr'><strong>me</strong></span> <span class='ocrx_word' id='word_1_623' title='bbox 2435 2343 2498 2396; x_wconf 90' lang='lat' dir='ltr'><strong>de</strong></span> <span class='ocrx_word' id='word_1_624' title='bbox 2525 2351 2656 2396; x_wconf 88' lang='lat' dir='ltr'><strong>terra</strong></span> <span class='ocrx_word' id='word_1_625' title='bbox 2681 2342 2832 2416; x_wconf 81' lang='lat' dir='ltr'><strong>(Gen.</strong></span> <span class='ocrx_word' id='word_1_626' title='bbox 2859 2344 2913 2398; x_wconf 71' lang='grc'><strong>4.</strong></span> <span class='ocrx_word' id='word_1_627' title='bbox 2938 2344 2991 2400; x_wconf 89' lang='grc'><strong>9.</strong></span> <span class='ocrx_word' id='word_1_628' title='bbox 3016 2345 3127 2415; x_wconf 77' lang='grc'><strong>10).</strong></span> <span class='ocrx_word' id='word_1_629' title='bbox 3154 2345 3304 2415; x_wconf 71' lang='lat' dir='ltr'><strong>Ipsm,</strong></span> <span class='ocrx_word' id='word_1_630' title='bbox 3331 2347 3520 2416; x_wconf 90' lang='lat' dir='ltr'><strong>inquit,</strong></span> 
     </span>
    </p>
   </div>
   <div class='ocr_carea' id='block_1_85' title="bbox 1935 2431 3520 2506">
    <p class='ocr_par' dir='ltr' id='par_1_85' title="bbox 1935 2431 3520 2506">
     <span class='ocr_line' id='line_1_85' title="bbox 1935 2431 3520 2506; baseline 0.004 -22"><span class='ocrx_word' id='word_1_631' title='bbox 1935 2443 2022 2484; x_wconf 87' lang='lat' dir='ltr'><strong>res</strong></span> <span class='ocrx_word' id='word_1_632' title='bbox 2069 2431 2354 2499; x_wconf 74' lang='lat' dir='ltr'><strong>przcdieant</strong></span> <span class='ocrx_word' id='word_1_633' title='bbox 2405 2442 2458 2488; x_wconf 93' lang='lat' dir='ltr'><strong>te</strong></span> <span class='ocrx_word' id='word_1_634' title='bbox 2505 2432 2793 2489; x_wconf 88' lang='lat' dir='ltr'><strong>homicidio</strong></span> <span class='ocrx_word' id='word_1_635' title='bbox 2837 2435 3186 2506; x_wconf 90' lang='lat' dir='ltr'><strong>inquinatum.</strong></span> <span class='ocrx_word' id='word_1_636' title='bbox 3221 2436 3358 2503; x_wconf 90' lang='lat' dir='ltr'><strong>Quid</strong></span> <span class='ocrx_word' id='word_1_637' title='bbox 3395 2437 3520 2492; x_wconf 86' lang='lat' dir='ltr'><strong>ille?</strong></span> 
     </span>
    </p>
   </div>
   <div class='ocr_carea' id='block_1_86' title="bbox 1936 2521 3522 2596">
    <p class='ocr_par' dir='ltr' id='par_1_86' title="bbox 1936 2521 3522 2596">
     <span class='ocr_line' id='line_1_86' title="bbox 1936 2521 3522 2596; baseline 0.005 -20"><span class='ocrx_word' id='word_1_638' title='bbox 1936 2521 2110 2593; x_wconf 79' lang='lat' dir='ltr'><strong>Majus</strong></span> <span class='ocrx_word' id='word_1_639' title='bbox 2137 2533 2208 2577; x_wconf 87' lang='lat' dir='ltr'><strong>est</strong></span> <span class='ocrx_word' id='word_1_640' title='bbox 2231 2537 2490 2594; x_wconf 84' lang='lat' dir='ltr'><strong>peccatum</strong></span> <span class='ocrx_word' id='word_1_641' title='bbox 2519 2542 2706 2593; x_wconf 83' lang='lat' dir='ltr'><strong>meum,</strong></span> <span class='ocrx_word' id='word_1_642' title='bbox 2737 2544 2888 2596; x_wconf 87' lang='lat' dir='ltr'><strong>quam</strong></span> <span class='ocrx_word' id='word_1_643' title='bbox 2906 2537 2969 2582; x_wconf 73' lang='lat' dir='ltr'><strong>ut</strong></span> <span class='ocrx_word' id='word_1_644' title='bbox 2999 2529 3120 2582; x_wconf 78' lang='lat' dir='ltr'><strong>mihi</strong></span> <span class='ocrx_word' id='word_1_645' title='bbox 3143 2530 3446 2596; x_wconf 81' lang='lat' dir='ltr'><strong>remittatur,</strong></span> <span class='ocrx_word' id='word_1_646' title='bbox 3473 2539 3522 2584; x_wconf 79' lang='lat' dir='ltr'><strong>et</strong></span> 
     </span>
    </p>
   </div>
   <div class='ocr_carea' id='block_1_87' title="bbox 1931 2614 3522 2689">
    <p class='ocr_par' dir='ltr' id='par_1_87' title="bbox 1931 2614 3522 2689">
     <span class='ocr_line' id='line_1_87' title="bbox 1931 2614 3522 2689; baseline 0.005 -22"><span class='ocrx_word' id='word_1_647' title='bbox 1931 2614 1978 2667; x_wconf 89' lang='lat' dir='ltr'><strong>si</strong></span> <span class='ocrx_word' id='word_1_648' title='bbox 2024 2615 2199 2683; x_wconf 87' lang='lat' dir='ltr'><strong>ejicias</strong></span> <span class='ocrx_word' id='word_1_649' title='bbox 2241 2631 2320 2669; x_wconf 88' lang='lat' dir='ltr'><strong>me</strong></span> <span class='ocrx_word' id='word_1_650' title='bbox 2363 2616 2426 2669; x_wconf 87' lang='lat' dir='ltr'><strong>de</strong></span> <span class='ocrx_word' id='word_1_651' title='bbox 2472 2627 2628 2684; x_wconf 86' lang='lat' dir='ltr'><strong>terra,</strong></span> <span class='ocrx_word' id='word_1_652' title='bbox 2671 2619 2821 2671; x_wconf 89' lang='lat' dir='ltr'><strong>etiam</strong></span> <span class='ocrx_word' id='word_1_653' title='bbox 2865 2635 2898 2672; x_wconf 88' lang='lat' dir='ltr'><strong>a</strong></span> <span class='ocrx_word' id='word_1_654' title='bbox 2940 2620 3072 2689; x_wconf 85' lang='lat' dir='ltr'><strong>facie</strong></span> <span class='ocrx_word' id='word_1_655' title='bbox 3109 2629 3195 2674; x_wconf 88' lang='lat' dir='ltr'><strong>tua</strong></span> <span class='ocrx_word' id='word_1_656' title='bbox 3234 2622 3522 2675; x_wconf 82' lang='lat' dir='ltr'><strong>occultabor</strong></span> 
     </span>
    </p>
   </div>
   <div class='ocr_carea' id='block_1_88' title="bbox 1937 2703 3520 2778">
    <p class='ocr_par' dir='ltr' id='par_1_88' title="bbox 1937 2703 3520 2778">
     <span class='ocr_line' id='line_1_88' title="bbox 1937 2703 3520 2778; baseline 0.006 -22"><span class='ocrx_word' id='word_1_657' title='bbox 1937 2703 2096 2775; x_wconf 81' lang='lat' dir='ltr'><strong>(Ibid.</strong></span> <span class='ocrx_word' id='word_1_658' title='bbox 2124 2721 2171 2760; x_wconf 84' lang='lat' dir='ltr'><strong>v.</strong></span> <span class='ocrx_word' id='word_1_659' title='bbox 2203 2707 2286 2761; x_wconf 77' lang='lat' dir='ltr'><strong>l5.</strong></span> <span class='ocrx_word' id='word_1_660' title='bbox 2323 2707 2429 2777; x_wconf 77' lang='grc' dir='ltr'><strong>Μ).</strong></span> <span class='ocrx_word' id='word_1_661' title='bbox 2466 2707 2632 2778; x_wconf 79' lang='lat' dir='ltr'><strong>Hujus</strong></span> <span class='ocrx_word' id='word_1_662' title='bbox 2652 2709 2916 2764; x_wconf 89' lang='lat' dir='ltr'><strong>sermonis</strong></span> <span class='ocrx_word' id='word_1_663' title='bbox 2937 2712 3198 2765; x_wconf 87' lang='lat' dir='ltr'><strong>sententia</strong></span> <span class='ocrx_word' id='word_1_664' title='bbox 3225 2711 3300 2766; x_wconf 91' lang='lat' dir='ltr'><strong>sic</strong></span> <span class='ocrx_word' id='word_1_665' title='bbox 3323 2712 3478 2767; x_wconf 88' lang='lat' dir='ltr'><strong>habet</strong></span> <span class='ocrx_word' id='word_1_666' title='bbox 3507 2729 3520 2766; x_wconf 89' lang='lat'><strong>:</strong></span> 
     </span>
    </p>
   </div>
   <div class='ocr_carea' id='block_1_89' title="bbox 1931 2799 3518 2872">
    <p class='ocr_par' dir='ltr' id='par_1_89' title="bbox 1931 2799 3518 2872">
     <span class='ocr_line' id='line_1_89' title="bbox 1931 2799 3518 2872; baseline 0.005 -21"><span class='ocrx_word' id='word_1_667' title='bbox 1931 2799 2178 2868; x_wconf 81' lang='lat' dir='ltr'><strong>graviora</strong></span> <span class='ocrx_word' id='word_1_668' title='bbox 2205 2799 2416 2869; x_wconf 89' lang='lat' dir='ltr'><strong>quidem</strong></span> <span class='ocrx_word' id='word_1_669' title='bbox 2445 2802 2710 2867; x_wconf 92' lang='lat' dir='ltr'><strong>commisi,</strong></span> <span class='ocrx_word' id='word_1_670' title='bbox 2747 2817 2903 2872; x_wconf 90' lang='lat' dir='ltr'><strong>quam</strong></span> <span class='ocrx_word' id='word_1_671' title='bbox 2946 2811 3004 2857; x_wconf 92' lang='lat' dir='ltr'><strong>ut</strong></span> <span class='ocrx_word' id='word_1_672' title='bbox 3034 2804 3239 2859; x_wconf 86' lang='lat' dir='ltr'><strong>veniam</strong></span> <span class='ocrx_word' id='word_1_673' title='bbox 3273 2820 3518 2860; x_wconf 81' lang='lat' dir='ltr'><strong>merean-</strong></span> 
     </span>
    </p>
   </div>
   <div class='ocr_carea' id='block_1_90' title="bbox 1935 2893 3520 2963">
    <p class='ocr_par' dir='ltr' id='par_1_90' title="bbox 1935 2893 3520 2963">
     <span class='ocr_line' id='line_1_90' title="bbox 1935 2893 3520 2963; baseline 0.006 -19"><span class='ocrx_word' id='word_1_674' title='bbox 1935 2900 2039 2956; x_wconf 91' lang='lat' dir='ltr'><strong>tur,</strong></span> <span class='ocrx_word' id='word_1_675' title='bbox 2063 2900 2156 2946; x_wconf 89' lang='lat' dir='ltr'><strong>aut</strong></span> <span class='ocrx_word' id='word_1_676' title='bbox 2182 2893 2426 2947; x_wconf 86' lang='lat' dir='ltr'><strong>excusari</strong></span> <span class='ocrx_word' id='word_1_677' title='bbox 2458 2896 2665 2963; x_wconf 89' lang='lat' dir='ltr'><strong>possint</strong></span> <span class='ocrx_word' id='word_1_678' title='bbox 2693 2905 2785 2950; x_wconf 90' lang='lat' dir='ltr'><strong>aut</strong></span> <span class='ocrx_word' id='word_1_679' title='bbox 2809 2895 3158 2952; x_wconf 89' lang='lat' dir='ltr'><strong>condonanda</strong></span> <span class='ocrx_word' id='word_1_680' title='bbox 3181 2900 3319 2961; x_wconf 84' lang='lat' dir='ltr'><strong>sint;</strong></span> <span class='ocrx_word' id='word_1_681' title='bbox 3352 2899 3444 2953; x_wconf 92' lang='lat' dir='ltr'><strong>scd</strong></span> <span class='ocrx_word' id='word_1_682' title='bbox 3473 2900 3520 2954; x_wconf 91' lang='lat' dir='ltr'><strong>si</strong></span> 
     </span>
    </p>
   </div>
   <div class='ocr_carea' id='block_1_91' title="bbox 1930 2984 3521 3056">
    <p class='ocr_par' dir='ltr' id='par_1_91' title="bbox 1930 2984 3521 3056">
     <span class='ocr_line' id='line_1_91' title="bbox 1930 2984 3521 3056; baseline 0.004 -22"><span class='ocrx_word' id='word_1_683' title='bbox 1930 2984 2066 3037; x_wconf 87' lang='lat' dir='ltr'><strong>velis</strong></span> <span class='ocrx_word' id='word_1_684' title='bbox 2108 2984 2286 3038; x_wconf 89' lang='lat' dir='ltr'><strong>ulcisci</strong></span> <span class='ocrx_word' id='word_1_685' title='bbox 2329 2984 2471 3054; x_wconf 89' lang='lat' dir='ltr'><strong>quod</strong></span> <span class='ocrx_word' id='word_1_686' title='bbox 2515 2984 2712 3039; x_wconf 89' lang='lat' dir='ltr'><strong>factum</strong></span> <span class='ocrx_word' id='word_1_687' title='bbox 2752 2995 2863 3052; x_wconf 88' lang='lat' dir='ltr'><strong>est,</strong></span> <span class='ocrx_word' id='word_1_688' title='bbox 2894 2987 3143 3040; x_wconf 89' lang='lat' dir='ltr'><strong>omnibus</strong></span> <span class='ocrx_word' id='word_1_689' title='bbox 3169 2987 3393 3056; x_wconf 84' lang='lat' dir='ltr'><strong>objiciar</strong></span> <span class='ocrx_word' id='word_1_690' title='bbox 3431 2998 3521 3042; x_wconf 87' lang='lat' dir='ltr'><strong>tuo</strong></span> 
     </span>
    </p>
   </div>
   <div class='ocr_carea' id='block_1_92' title="bbox 1931 3071 3516 3148">
    <p class='ocr_par' dir='ltr' id='par_1_92' title="bbox 1931 3071 3516 3148">
     <span class='ocr_line' id='line_1_92' title="bbox 1931 3071 3516 3148; baseline 0.005 -24"><span class='ocrx_word' id='word_1_691' title='bbox 1931 3072 2130 3127; x_wconf 83' lang='lat' dir='ltr'><strong>auxilio</strong></span> <span class='ocrx_word' id='word_1_692' title='bbox 2150 3071 2458 3128; x_wconf 90' lang='lat' dir='ltr'><strong>destitutus.</strong></span> <span class='ocrx_word' id='word_1_693' title='bbox 2485 3073 2622 3140; x_wconf 91' lang='lat' dir='ltr'><strong>Quid</strong></span> <span class='ocrx_word' id='word_1_694' title='bbox 2652 3075 2810 3144; x_wconf 88' lang='lat' dir='ltr'><strong>igitur</strong></span> <span class='ocrx_word' id='word_1_695' title='bbox 2838 3077 3014 3130; x_wconf 80' lang='lat' dir='ltr'><strong>Deus?</strong></span> <span class='ocrx_word' id='word_1_696' title='bbox 3037 3075 3158 3130; x_wconf 85' lang='lat' dir='ltr'><strong>Non</strong></span> <span class='ocrx_word' id='word_1_697' title='bbox 3186 3079 3280 3141; x_wconf 86' lang='lat' dir='ltr'><strong>sic,</strong></span> <span class='ocrx_word' id='word_1_698' title='bbox 3312 3078 3516 3148; x_wconf 88' lang='lat' dir='ltr'><strong>inquit;</strong></span> 
     </span>
    </p>
   </div>
   <div class='ocr_carea' id='block_1_93' title="bbox 1928 3163 3518 3241">
    <p class='ocr_par' dir='ltr' id='par_1_93' title="bbox 1928 3163 3518 3241">
     <span class='ocr_line' id='line_1_93' title="bbox 1928 3163 3518 3241; baseline 0.006 -27"><span class='ocrx_word' id='word_1_699' title='bbox 1928 3163 2150 3232; x_wconf 80' lang='lat' dir='ltr'><strong>quisquis</strong></span> <span class='ocrx_word' id='word_1_700' title='bbox 2183 3163 2420 3217; x_wconf 85' lang='lat' dir='ltr'><strong>occiderit</strong></span> <span class='ocrx_word' id='word_1_701' title='bbox 2449 3165 2596 3230; x_wconf 86' lang='lat' dir='ltr'><strong>Cain,</strong></span> <span class='ocrx_word' id='word_1_702' title='bbox 2619 3175 2808 3234; x_wconf 86' lang='lat' dir='ltr'><strong>septem</strong></span> <span class='ocrx_word' id='word_1_703' title='bbox 2848 3167 3094 3221; x_wconf 82' lang='lat' dir='ltr'><strong>vindictas</strong></span> <span class='ocrx_word' id='word_1_704' title='bbox 3145 3170 3386 3237; x_wconf 77' lang='lat' dir='ltr'><strong>persolvet</strong></span> <span class='ocrx_word' id='word_1_705' title='bbox 3411 3168 3518 3241; x_wconf 88' lang='lat' dir='ltr'><strong>(Ib.</strong></span> 
     </span>
    </p>
   </div>
   <div class='ocr_carea' id='block_1_94' title="bbox 1928 3254 3515 3331">
    <p class='ocr_par' dir='ltr' id='par_1_94' title="bbox 1928 3254 3515 3331">
     <span class='ocr_line' id='line_1_94' title="bbox 1928 3254 3515 3331; baseline 0.007 -27"><span class='ocrx_word' id='word_1_706' title='bbox 1928 3267 1977 3304; x_wconf 80' lang='grc' dir='ltr'><strong>υ.</strong></span> <span class='ocrx_word' id='word_1_707' title='bbox 2017 3254 2129 3325; x_wconf 79' lang='lat' dir='ltr'><strong>l5).</strong></span> <span class='ocrx_word' id='word_1_708' title='bbox 2164 3254 2242 3310; x_wconf 91' lang='lat' dir='ltr'><strong>Ne</strong></span> <span class='ocrx_word' id='word_1_709' title='bbox 2267 3265 2494 3322; x_wconf 91' lang='lat' dir='ltr'><strong>metuas,</strong></span> <span class='ocrx_word' id='word_1_710' title='bbox 2522 3257 2713 3328; x_wconf 88' lang='lat' dir='ltr'><strong>inquit,</strong></span> <span class='ocrx_word' id='word_1_711' title='bbox 2740 3258 2878 3324; x_wconf 88' lang='lat' dir='ltr'><strong>hoc;</strong></span> <span class='ocrx_word' id='word_1_712' title='bbox 2911 3261 3056 3314; x_wconf 90' lang='lat' dir='ltr'><strong>vives</strong></span> <span class='ocrx_word' id='word_1_713' title='bbox 3081 3260 3292 3331; x_wconf 79' lang='lat' dir='ltr'><strong>longam</strong></span> <span class='ocrx_word' id='word_1_714' title='bbox 3318 3262 3515 3329; x_wconf 87' lang='lat' dir='ltr'><strong>vitam,</strong></span> 
     </span>
    </p>
   </div>
   <div class='ocr_carea' id='block_1_95' title="bbox 1933 3347 3518 3422">
    <p class='ocr_par' dir='ltr' id='par_1_95' title="bbox 1933 3347 3518 3422">
     <span class='ocr_line' id='line_1_95' title="bbox 1933 3347 3518 3422; baseline 0.004 -21"><span class='ocrx_word' id='word_1_715' title='bbox 1933 3360 1997 3401; x_wconf 89' lang='lat' dir='ltr'><strong>ac</strong></span> <span class='ocrx_word' id='word_1_716' title='bbox 2035 3347 2081 3401; x_wconf 92' lang='lat' dir='ltr'><strong>si</strong></span> <span class='ocrx_word' id='word_1_717' title='bbox 2113 3347 2234 3416; x_wconf 89' lang='lat' dir='ltr'><strong>quis</strong></span> <span class='ocrx_word' id='word_1_718' title='bbox 2263 3356 2314 3402; x_wconf 89' lang='lat' dir='ltr'><strong>te</strong></span> <span class='ocrx_word' id='word_1_719' title='bbox 2341 3348 2624 3414; x_wconf 88' lang='lat' dir='ltr'><strong>occiderit,</strong></span> <span class='ocrx_word' id='word_1_720' title='bbox 2665 3349 2927 3404; x_wconf 83' lang='lat' dir='ltr'><strong>obnoxius</strong></span> <span class='ocrx_word' id='word_1_721' title='bbox 2954 3351 3055 3404; x_wconf 91' lang='lat' dir='ltr'><strong>erit</strong></span> <span class='ocrx_word' id='word_1_722' title='bbox 3095 3352 3276 3406; x_wconf 89' lang='lat' dir='ltr'><strong>multis</strong></span> <span class='ocrx_word' id='word_1_723' title='bbox 3317 3353 3518 3422; x_wconf 89' lang='lat' dir='ltr'><strong>suppli-</strong></span> 
     </span>
    </p>
   </div>
   <div class='ocr_carea' id='block_1_96' title="bbox 1931 3439 3517 3515">
    <p class='ocr_par' dir='ltr' id='par_1_96' title="bbox 1931 3439 3517 3515">
     <span class='ocr_line' id='line_1_96' title="bbox 1931 3439 3517 3515; baseline 0.004 -20"><span class='ocrx_word' id='word_1_724' title='bbox 1931 3440 2050 3495; x_wconf 92' lang='lat' dir='ltr'><strong>ciis.</strong></span> <span class='ocrx_word' id='word_1_725' title='bbox 2090 3439 2222 3495; x_wconf 89' lang='lat' dir='ltr'><strong>Nam</strong></span> <span class='ocrx_word' id='word_1_726' title='bbox 2249 3442 2584 3511; x_wconf 86' lang='lat' dir='ltr'><strong>septenarius</strong></span> <span class='ocrx_word' id='word_1_727' title='bbox 2611 3458 2866 3499; x_wconf 90' lang='lat' dir='ltr'><strong>numerus</strong></span> <span class='ocrx_word' id='word_1_728' title='bbox 2896 3443 2948 3498; x_wconf 94' lang='lat' dir='ltr'><strong>in</strong></span> <span class='ocrx_word' id='word_1_729' title='bbox 2978 3443 3266 3515; x_wconf 89' lang='lat' dir='ltr'><strong>Scripturis</strong></span> <span class='ocrx_word' id='word_1_730' title='bbox 3298 3446 3517 3502; x_wconf 73' lang='lat' dir='ltr'><strong>inlinitre</strong></span> 
     </span>
    </p>
   </div>
   <div class='ocr_carea' id='block_1_97' title="bbox 1935 3531 3518 3607">
    <p class='ocr_par' dir='ltr' id='par_1_97' title="bbox 1935 3531 3518 3607">
     <span class='ocr_line' id='line_1_97' title="bbox 1935 3531 3518 3607; baseline 0.005 -23"><span class='ocrx_word' id='word_1_731' title='bbox 1935 3531 2291 3586; x_wconf 90' lang='lat' dir='ltr'><strong>multitudinis</strong></span> <span class='ocrx_word' id='word_1_732' title='bbox 2335 3533 2777 3602; x_wconf 82' lang='lat' dir='ltr'><strong>significationem</strong></span> <span class='ocrx_word' id='word_1_733' title='bbox 2822 3535 3000 3591; x_wconf 90' lang='lat' dir='ltr'><strong>habet.</strong></span> <span class='ocrx_word' id='word_1_734' title='bbox 3049 3536 3311 3602; x_wconf 89' lang='lat' dir='ltr'><strong>Quoniam</strong></span> <span class='ocrx_word' id='word_1_735' title='bbox 3356 3537 3518 3607; x_wconf 89' lang='lat' dir='ltr'><strong>igitur</strong></span> 
     </span>
    </p>
   </div>
   <div class='ocr_carea' id='block_1_98' title="bbox 1933 3620 3520 3694">
    <p class='ocr_par' dir='ltr' id='par_1_98' title="bbox 1933 3620 3520 3694">
     <span class='ocr_line' id='line_1_98' title="bbox 1933 3620 3520 3694; baseline 0.006 -18"><span class='ocrx_word' id='word_1_736' title='bbox 1933 3620 2062 3676; x_wconf 91' lang='lat' dir='ltr'><strong>Cain</strong></span> <span class='ocrx_word' id='word_1_737' title='bbox 2093 3623 2272 3678; x_wconf 90' lang='lat' dir='ltr'><strong>multis</strong></span> <span class='ocrx_word' id='word_1_738' title='bbox 2303 3625 2576 3694; x_wconf 89' lang='lat' dir='ltr'><strong>suppliciis</strong></span> <span class='ocrx_word' id='word_1_739' title='bbox 2609 3625 2872 3681; x_wconf 83' lang='lat' dir='ltr'><strong>obnoxius</strong></span> <span class='ocrx_word' id='word_1_740' title='bbox 2905 3637 3018 3681; x_wconf 89' lang='lat' dir='ltr'><strong>erat</strong></span> <span class='ocrx_word' id='word_1_741' title='bbox 3041 3669 3056 3693; x_wconf 91' lang='lat'><strong>,</strong></span> <span class='ocrx_word' id='word_1_742' title='bbox 3088 3630 3340 3683; x_wconf 83' lang='lat' dir='ltr'><strong>anxietati</strong></span> <span class='ocrx_word' id='word_1_743' title='bbox 3362 3669 3378 3693; x_wconf 88' lang='lat'><strong>,</strong></span> <span class='ocrx_word' id='word_1_744' title='bbox 3410 3638 3520 3684; x_wconf 85' lang='lat' dir='ltr'><strong>trc-</strong></span> 
     </span>
    </p>
   </div>
   <div class='ocr_carea' id='block_1_99' title="bbox 1933 3715 3518 3796">
    <p class='ocr_par' dir='ltr' id='par_1_99' title="bbox 1933 3715 3518 3796">
     <span class='ocr_line' id='line_1_99' title="bbox 1933 3715 3518 3796; baseline 0.009 -27"><span class='ocrx_word' id='word_1_745' title='bbox 1933 3715 2106 3782; x_wconf 89' lang='lat' dir='ltr'><strong>mori,</strong></span> <span class='ocrx_word' id='word_1_746' title='bbox 2145 3716 2410 3786; x_wconf 88' lang='lat' dir='ltr'><strong>suspiriis,</strong></span> <span class='ocrx_word' id='word_1_747' title='bbox 2455 3719 2694 3783; x_wconf 64' lang='lat' dir='ltr'><strong>maerori,</strong></span> <span class='ocrx_word' id='word_1_748' title='bbox 2726 3719 3061 3775; x_wconf 89' lang='lat' dir='ltr'><strong>dissolutioni</strong></span> <span class='ocrx_word' id='word_1_749' title='bbox 3105 3725 3346 3792; x_wconf 75' lang='lat' dir='ltr'><strong>corporis</strong></span> <span class='ocrx_word' id='word_1_750' title='bbox 3379 3743 3392 3780; x_wconf 92' lang='lat'>:</span> <span class='ocrx_word' id='word_1_751' title='bbox 3427 3727 3518 3796; x_wconf 90' lang='lat' dir='ltr'><strong>qui</strong></span> 
     </span>
    </p>
   </div>
   <div class='ocr_carea' id='block_1_100' title="bbox 1932 3807 3515 3888">
    <p class='ocr_par' dir='ltr' id='par_1_100' title="bbox 1932 3807 3515 3888">
     <span class='ocr_line' id='line_1_100' title="bbox 1932 3807 3515 3888; baseline 0.009 -28"><span class='ocrx_word' id='word_1_752' title='bbox 1932 3807 2210 3876; x_wconf 90' lang='lat' dir='ltr'><strong>occiderit,</strong></span> <span class='ocrx_word' id='word_1_753' title='bbox 2236 3809 2426 3880; x_wconf 90' lang='lat' dir='ltr'><strong>inquit,</strong></span> <span class='ocrx_word' id='word_1_754' title='bbox 2457 3819 2530 3876; x_wconf 90' lang='lat' dir='ltr'><strong>te,</strong></span> <span class='ocrx_word' id='word_1_755' title='bbox 2553 3821 2607 3866; x_wconf 90' lang='lat' dir='ltr'><strong>et</strong></span> <span class='ocrx_word' id='word_1_756' title='bbox 2635 3812 2702 3866; x_wconf 92' lang='lat' dir='ltr'><strong>ab</strong></span> <span class='ocrx_word' id='word_1_757' title='bbox 2729 3812 2831 3868; x_wconf 85' lang='lat' dir='ltr'><strong>illis</strong></span> <span class='ocrx_word' id='word_1_758' title='bbox 2851 3814 3076 3870; x_wconf 83' lang='lat' dir='ltr'><strong>vinculis</strong></span> <span class='ocrx_word' id='word_1_759' title='bbox 3108 3815 3365 3882; x_wconf 87' lang='lat' dir='ltr'><strong>liberarit,</strong></span> <span class='ocrx_word' id='word_1_760' title='bbox 3399 3818 3515 3888; x_wconf 91' lang='lat' dir='ltr'><strong>ipse</strong></span> 
     </span>
    </p>
   </div>
   <div class='ocr_carea' id='block_1_101' title="bbox 1934 3900 3510 3981">
    <p class='ocr_par' dir='ltr' id='par_1_101' title="bbox 1934 3900 3510 3981">
     <span class='ocr_line' id='line_1_101' title="bbox 1934 3900 3510 3981; baseline 0.007 -26"><span class='ocrx_word' id='word_1_761' title='bbox 1934 3900 1988 3955; x_wconf 93' lang='lat' dir='ltr'><strong>in</strong></span> <span class='ocrx_word' id='word_1_762' title='bbox 2026 3915 2084 3956; x_wconf 91' lang='lat' dir='ltr'><strong>se</strong></span> <span class='ocrx_word' id='word_1_763' title='bbox 2113 3901 2370 3958; x_wconf 90' lang='lat' dir='ltr'><strong>vindictas</strong></span> <span class='ocrx_word' id='word_1_764' title='bbox 2395 3914 2652 3959; x_wconf 88' lang='lat' dir='ltr'><strong>accersct.</strong></span> <span class='ocrx_word' id='word_1_765' title='bbox 2683 3906 2759 3959; x_wconf 80' lang='lat' dir='ltr'><strong>Ac</strong></span> <span class='ocrx_word' id='word_1_766' title='bbox 2794 3906 3003 3962; x_wconf 88' lang='lat' dir='ltr'><strong>videtur</strong></span> <span class='ocrx_word' id='word_1_767' title='bbox 3041 3908 3256 3978; x_wconf 89' lang='lat' dir='ltr'><strong>quidem</strong></span> <span class='ocrx_word' id='word_1_768' title='bbox 3288 3909 3339 3964; x_wconf 93' lang='lat' dir='ltr'><strong>id</strong></span> <span class='ocrx_word' id='word_1_769' title='bbox 3367 3911 3510 3981; x_wconf 90' lang='lat' dir='ltr'><strong>quod</strong></span> 
     </span>
    </p>
   </div>
   <div class='ocr_carea' id='block_1_102' title="bbox 1933 3995 3517 4068">
    <p class='ocr_par' dir='ltr' id='par_1_102' title="bbox 1933 3995 3517 4068">
     <span class='ocr_line' id='line_1_102' title="bbox 1933 3995 3517 4068; baseline 0.004 -17"><span class='ocrx_word' id='word_1_770' title='bbox 1933 3995 2145 4061; x_wconf 90' lang='lat' dir='ltr'><strong>dicitur,</strong></span> <span class='ocrx_word' id='word_1_771' title='bbox 2171 3998 2519 4054; x_wconf 89' lang='lat' dir='ltr'><strong>vehementer</strong></span> <span class='ocrx_word' id='word_1_772' title='bbox 2543 4007 2692 4054; x_wconf 82' lang='lat' dir='ltr'><strong>atrox</strong></span> <span class='ocrx_word' id='word_1_773' title='bbox 2729 4014 2868 4068; x_wconf 89' lang='lat' dir='ltr'><strong>esse,</strong></span> <span class='ocrx_word' id='word_1_774' title='bbox 2910 4016 3030 4055; x_wconf 92' lang='lat' dir='ltr'><strong>cum</strong></span> <span class='ocrx_word' id='word_1_775' title='bbox 3058 4010 3242 4056; x_wconf 89' lang='lat' dir='ltr'><strong>contra</strong></span> <span class='ocrx_word' id='word_1_776' title='bbox 3283 4003 3517 4060; x_wconf 88' lang='lat' dir='ltr'><strong>declaret</strong></span> 
     </span>
    </p>
   </div>
   <div class='ocr_carea' id='block_1_103' title="bbox 1933 4088 3517 4164">
    <p class='ocr_par' dir='ltr' id='par_1_103' title="bbox 1933 4088 3517 4164">
     <span class='ocr_line' id='line_1_103' title="bbox 1933 4088 3517 4164; baseline 0.004 -21"><span class='ocrx_word' id='word_1_777' title='bbox 1933 4088 2145 4144; x_wconf 91' lang='lat' dir='ltr'><strong>Domini</strong></span> <span class='ocrx_word' id='word_1_778' title='bbox 2176 4089 2620 4145; x_wconf 89' lang='lat' dir='ltr'><strong>benevolentiam.</strong></span> <span class='ocrx_word' id='word_1_779' title='bbox 2651 4091 2860 4146; x_wconf 88' lang='lat' dir='ltr'><strong>Etenim</strong></span> <span class='ocrx_word' id='word_1_780' title='bbox 2893 4092 3031 4146; x_wconf 88' lang='lat' dir='ltr'><strong>Deus</strong></span> <span class='ocrx_word' id='word_1_781' title='bbox 3063 4093 3248 4148; x_wconf 87' lang='lat' dir='ltr'><strong>volens</strong></span> <span class='ocrx_word' id='word_1_782' title='bbox 3273 4104 3517 4164; x_wconf 86' lang='lat' dir='ltr'><strong>posteros</strong></span> 
     </span>
    </p>
   </div>
   <div class='ocr_carea' id='block_1_104' title="bbox 1932 4178 3517 4253">
    <p class='ocr_par' dir='ltr' id='par_1_104' title="bbox 1932 4178 3517 4253">
     <span class='ocr_line' id='line_1_104' title="bbox 1932 4178 3517 4253; baseline 0.004 -20"><span class='ocrx_word' id='word_1_783' title='bbox 1932 4178 2000 4233; x_wconf 91' lang='lat' dir='ltr'><strong>ad</strong></span> <span class='ocrx_word' id='word_1_784' title='bbox 2028 4181 2431 4251; x_wconf 84' lang='lat' dir='ltr'><strong>temperantiam</strong></span> <span class='ocrx_word' id='word_1_785' title='bbox 2461 4180 2747 4250; x_wconf 90' lang='lat' dir='ltr'><strong>adducere,</strong></span> <span class='ocrx_word' id='word_1_786' title='bbox 2771 4182 2876 4236; x_wconf 91' lang='lat' dir='ltr'><strong>tale</strong></span> <span class='ocrx_word' id='word_1_787' title='bbox 2897 4183 3143 4253; x_wconf 89' lang='lat' dir='ltr'><strong>supplicii</strong></span> <span class='ocrx_word' id='word_1_788' title='bbox 3165 4199 3331 4253; x_wconf 88' lang='lat' dir='ltr'><strong>genus</strong></span> <span class='ocrx_word' id='word_1_789' title='bbox 3358 4199 3517 4239; x_wconf 84' lang='lat' dir='ltr'><strong>cxco-</strong></span> 
     </span>
    </p>
   </div>
   <div class='ocr_carea' id='block_1_105' title="bbox 1931 4273 3516 4345">
    <p class='ocr_par' dir='ltr' id='par_1_105' title="bbox 1931 4273 3516 4345">
     <span class='ocr_line' id='line_1_105' title="bbox 1931 4273 3516 4345; baseline 0.004 -19"><span class='ocrx_word' id='word_1_790' title='bbox 1931 4273 2137 4344; x_wconf 84' lang='lat' dir='ltr'><strong>gitavit,</strong></span> <span class='ocrx_word' id='word_1_791' title='bbox 2174 4273 2314 4343; x_wconf 89' lang='lat' dir='ltr'><strong>quod</strong></span> <span class='ocrx_word' id='word_1_792' title='bbox 2345 4274 2474 4328; x_wconf 90' lang='lat' dir='ltr'><strong>Cain</strong></span> <span class='ocrx_word' id='word_1_793' title='bbox 2505 4290 2532 4327; x_wconf 92' lang='lat' dir='ltr'><strong>a</strong></span> <span class='ocrx_word' id='word_1_794' title='bbox 2569 4284 2789 4344; x_wconf 90' lang='lat' dir='ltr'><strong>peccato</strong></span> <span class='ocrx_word' id='word_1_795' title='bbox 2820 4284 3002 4345; x_wconf 86' lang='lat' dir='ltr'><strong>posset</strong></span> <span class='ocrx_word' id='word_1_796' title='bbox 3030 4275 3280 4330; x_wconf 89' lang='lat' dir='ltr'><strong>liberare.</strong></span> <span class='ocrx_word' id='word_1_797' title='bbox 3311 4275 3440 4330; x_wconf 92' lang='lat' dir='ltr'><strong>Nam</strong></span> <span class='ocrx_word' id='word_1_798' title='bbox 3471 4278 3516 4332; x_wconf 87' lang='lat' dir='ltr'><strong>si</strong></span> 
     </span>
    </p>
   </div>
   <div class='ocr_carea' id='block_1_106' title="bbox 1933 4363 3515 4436">
    <p class='ocr_par' dir='ltr' id='par_1_106' title="bbox 1933 4363 3515 4436">
     <span class='ocr_line' id='line_1_106' title="bbox 1933 4363 3515 4436; baseline 0.003 -19"><span class='ocrx_word' id='word_1_799' title='bbox 1933 4364 2173 4432; x_wconf 90' lang='lat' dir='ltr'><strong>protinus</strong></span> <span class='ocrx_word' id='word_1_800' title='bbox 2194 4363 2344 4417; x_wconf 91' lang='lat' dir='ltr'><strong>illum</strong></span> <span class='ocrx_word' id='word_1_801' title='bbox 2369 4363 2740 4430; x_wconf 87' lang='lat' dir='ltr'><strong>interfecisset,</strong></span> <span class='ocrx_word' id='word_1_802' title='bbox 2765 4365 2982 4419; x_wconf 89' lang='lat' dir='ltr'><strong>abiisset</strong></span> <span class='ocrx_word' id='word_1_803' title='bbox 3002 4365 3216 4436; x_wconf 92' lang='lat' dir='ltr'><strong>quidem</strong></span> <span class='ocrx_word' id='word_1_804' title='bbox 3240 4377 3515 4436; x_wconf 86' lang='lat' dir='ltr'><strong>peccatum</strong></span> 
     </span>
    </p>
   </div>
   <div class='ocr_carea' id='block_1_107' title="bbox 1933 4452 3516 4528">
    <p class='ocr_par' dir='ltr' id='par_1_107' title="bbox 1933 4452 3516 4528">
     <span class='ocr_line' id='line_1_107' title="bbox 1933 4452 3516 4528; baseline 0.003 -21"><span class='ocrx_word' id='word_1_805' title='bbox 1933 4453 1985 4507; x_wconf 93' lang='lat' dir='ltr'><strong>in</strong></span> <span class='ocrx_word' id='word_1_806' title='bbox 2032 4468 2150 4508; x_wconf 92' lang='lat' dir='ltr'><strong>sese</strong></span> <span class='ocrx_word' id='word_1_807' title='bbox 2205 4461 2401 4508; x_wconf 90' lang='lat' dir='ltr'><strong>tectum</strong></span> <span class='ocrx_word' id='word_1_808' title='bbox 2453 4452 2654 4518; x_wconf 89' lang='lat' dir='ltr'><strong>ferens,</strong></span> <span class='ocrx_word' id='word_1_809' title='bbox 2703 4468 2875 4524; x_wconf 90' lang='lat' dir='ltr'><strong>neque</strong></span> <span class='ocrx_word' id='word_1_810' title='bbox 2919 4455 3150 4524; x_wconf 92' lang='lat' dir='ltr'><strong>posteris</strong></span> <span class='ocrx_word' id='word_1_811' title='bbox 3201 4457 3311 4511; x_wconf 93' lang='lat' dir='ltr'><strong>ullo</strong></span> <span class='ocrx_word' id='word_1_812' title='bbox 3361 4467 3516 4528; x_wconf 91' lang='lat' dir='ltr'><strong>pacto</strong></span> 
     </span>
    </p>
   </div>
   <div class='ocr_carea' id='block_1_108' title="bbox 1933 4543 3514 4618">
    <p class='ocr_par' dir='ltr' id='par_1_108' title="bbox 1933 4543 3514 4618">
     <span class='ocr_line' id='line_1_108' title="bbox 1933 4543 3514 4618; baseline 0.005 -20"><span class='ocrx_word' id='word_1_813' title='bbox 1933 4543 2122 4600; x_wconf 90' lang='lat' dir='ltr'><strong>fuisset</strong></span> <span class='ocrx_word' id='word_1_814' title='bbox 2146 4545 2408 4616; x_wconf 90' lang='lat' dir='ltr'><strong>cognitus.</strong></span> <span class='ocrx_word' id='word_1_815' title='bbox 2439 4545 2588 4602; x_wconf 87' lang='lat' dir='ltr'><strong>Nunc</strong></span> <span class='ocrx_word' id='word_1_816' title='bbox 2626 4556 2803 4602; x_wconf 89' lang='lat' dir='ltr'><strong>autem</strong></span> <span class='ocrx_word' id='word_1_817' title='bbox 2843 4549 3136 4618; x_wconf 89' lang='lat' dir='ltr'><strong>permissus</strong></span> <span class='ocrx_word' id='word_1_818' title='bbox 3181 4551 3345 4605; x_wconf 89' lang='lat' dir='ltr'><strong>multo</strong></span> <span class='ocrx_word' id='word_1_819' title='bbox 3376 4560 3514 4606; x_wconf 78' lang='lat' dir='ltr'><strong>tem-</strong></span> 
     </span>
    </p>
   </div>
   <div class='ocr_carea' id='block_1_109' title="bbox 1934 4637 3517 4712">
    <p class='ocr_par' dir='ltr' id='par_1_109' title="bbox 1934 4637 3517 4712">
     <span class='ocr_line' id='line_1_109' title="bbox 1934 4637 3517 4712; baseline 0.004 -22"><span class='ocrx_word' id='word_1_820' title='bbox 1934 4652 2062 4707; x_wconf 90' lang='lat' dir='ltr'><strong>pore</strong></span> <span class='ocrx_word' id='word_1_821' title='bbox 2091 4637 2272 4692; x_wconf 87' lang='lat' dir='ltr'><strong>vivere</strong></span> <span class='ocrx_word' id='word_1_822' title='bbox 2294 4637 2346 4691; x_wconf 95' lang='lat' dir='ltr'><strong>in</strong></span> <span class='ocrx_word' id='word_1_823' title='bbox 2375 4637 2467 4692; x_wconf 87' lang='lat' dir='ltr'><strong>illo</strong></span> <span class='ocrx_word' id='word_1_824' title='bbox 2498 4645 2752 4702; x_wconf 89' lang='lat' dir='ltr'><strong>tremore,</strong></span> <span class='ocrx_word' id='word_1_825' title='bbox 2779 4637 2962 4694; x_wconf 92' lang='lat' dir='ltr'><strong>docuit</strong></span> <span class='ocrx_word' id='word_1_826' title='bbox 2982 4639 3169 4696; x_wconf 86' lang='lat' dir='ltr'><strong>obvios</strong></span> <span class='ocrx_word' id='word_1_827' title='bbox 3190 4656 3377 4697; x_wconf 91' lang='lat' dir='ltr'><strong>omnes</strong></span> <span class='ocrx_word' id='word_1_828' title='bbox 3400 4643 3517 4712; x_wconf 90' lang='lat' dir='ltr'><strong>ipso</strong></span> 
     </span>
    </p>
   </div>
   <div class='ocr_carea' id='block_1_110' title="bbox 1931 4731 3516 4806">
    <p class='ocr_par' dir='ltr' id='par_1_110' title="bbox 1931 4731 3516 4806">
     <span class='ocr_line' id='line_1_110' title="bbox 1931 4731 3516 4806; baseline 0.005 -22"><span class='ocrx_word' id='word_1_829' title='bbox 1931 4740 2168 4800; x_wconf 81' lang='lat' dir='ltr'><strong>aspectu,</strong></span> <span class='ocrx_word' id='word_1_830' title='bbox 2187 4731 2628 4803; x_wconf 89' lang='lat' dir='ltr'><strong>vacillationeque</strong></span> <span class='ocrx_word' id='word_1_831' title='bbox 2649 4733 2846 4800; x_wconf 86' lang='lat' dir='ltr'><strong>carnis,</strong></span> <span class='ocrx_word' id='word_1_832' title='bbox 2871 4733 3182 4801; x_wconf 84' lang='lat' dir='ltr'><strong>exhortans,</strong></span> <span class='ocrx_word' id='word_1_833' title='bbox 3213 4751 3280 4790; x_wconf 90' lang='lat' dir='ltr'><strong>ne</strong></span> <span class='ocrx_word' id='word_1_834' title='bbox 3304 4737 3516 4806; x_wconf 89' lang='lat' dir='ltr'><strong>quando</strong></span> 
     </span>
    </p>
   </div>
   <div class='ocr_carea' id='block_1_111' title="bbox 1931 4825 3516 4896">
    <p class='ocr_par' dir='ltr' id='par_1_111' title="bbox 1931 4825 3516 4896">
     <span class='ocr_line' id='line_1_111' title="bbox 1931 4825 3516 4896; baseline 0.002 -17"><span class='ocrx_word' id='word_1_835' title='bbox 1931 4825 2120 4879; x_wconf 89' lang='lat' dir='ltr'><strong>similia</strong></span> <span class='ocrx_word' id='word_1_836' title='bbox 2149 4825 2428 4891; x_wconf 90' lang='lat' dir='ltr'><strong>auderent,</strong></span> <span class='ocrx_word' id='word_1_837' title='bbox 2456 4841 2525 4881; x_wconf 90' lang='lat' dir='ltr'><strong>ne</strong></span> <span class='ocrx_word' id='word_1_838' title='bbox 2552 4826 2745 4882; x_wconf 91' lang='lat' dir='ltr'><strong>similia</strong></span> <span class='ocrx_word' id='word_1_839' title='bbox 2775 4836 3104 4896; x_wconf 90' lang='lat' dir='ltr'><strong>paterentur,</strong></span> <span class='ocrx_word' id='word_1_840' title='bbox 3136 4827 3293 4882; x_wconf 84' lang='lat' dir='ltr'><strong>simul</strong></span> <span class='ocrx_word' id='word_1_841' title='bbox 3322 4839 3375 4882; x_wconf 92' lang='lat' dir='ltr'><strong>et</strong></span> <span class='ocrx_word' id='word_1_842' title='bbox 3403 4829 3516 4896; x_wconf 73' lang='lat' dir='ltr'><strong>ipse</strong></span> 
     </span>
    </p>
   </div>
   <div class='ocr_carea' id='block_1_112' title="bbox 1932 4915 3512 4973">
    <p class='ocr_par' dir='ltr' id='par_1_112' title="bbox 1932 4915 3512 4973">
     <span class='ocr_line' id='line_1_112' title="bbox 1932 4915 3512 4973; baseline 0 -1"><span class='ocrx_word' id='word_1_843' title='bbox 1932 4915 2170 4973; x_wconf 90' lang='lat' dir='ltr'><strong>redditus</strong></span> <span class='ocrx_word' id='word_1_844' title='bbox 2192 4925 2274 4972; x_wconf 89' lang='lat' dir='ltr'><strong>est</strong></span> <span class='ocrx_word' id='word_1_845' title='bbox 2302 4916 2510 4972; x_wconf 90' lang='lat' dir='ltr'><strong>melior.</strong></span> <span class='ocrx_word' id='word_1_846' title='bbox 2538 4916 2670 4972; x_wconf 92' lang='lat' dir='ltr'><strong>Nam</strong></span> <span class='ocrx_word' id='word_1_847' title='bbox 2700 4926 2900 4972; x_wconf 91' lang='lat' dir='ltr'><strong>tremor</strong></span> <span class='ocrx_word' id='word_1_848' title='bbox 2925 4927 2978 4972; x_wconf 90' lang='lat' dir='ltr'><strong>et</strong></span> <span class='ocrx_word' id='word_1_849' title='bbox 3006 4917 3163 4972; x_wconf 90' lang='lat' dir='ltr'><strong>timor</strong></span> <span class='ocrx_word' id='word_1_850' title='bbox 3182 4933 3244 4972; x_wconf 95' lang='lat' dir='ltr'><strong>ac</strong></span> <span class='ocrx_word' id='word_1_851' title='bbox 3267 4919 3370 4972; x_wconf 89' lang='lat' dir='ltr'><strong>vita</strong></span> <span class='ocrx_word' id='word_1_852' title='bbox 3393 4934 3512 4973; x_wconf 93' lang='lat' dir='ltr'><strong>cum</strong></span> 
     </span>
    </p>
   </div>
   <div class='ocr_carea' id='block_1_113' title="bbox 1930 5010 3513 5081">
    <p class='ocr_par' dir='ltr' id='par_1_113' title="bbox 1930 5010 3513 5081">
     <span class='ocr_line' id='line_1_113' title="bbox 1930 5010 3513 5081; baseline 0 -17"><span class='ocrx_word' id='word_1_853' title='bbox 1930 5011 2198 5066; x_wconf 85' lang='lat' dir='ltr'><strong>anxietate</strong></span> <span class='ocrx_word' id='word_1_854' title='bbox 2229 5020 2462 5080; x_wconf 89' lang='lat' dir='ltr'><strong>peracta,</strong></span> <span class='ocrx_word' id='word_1_855' title='bbox 2491 5011 2835 5081; x_wconf 88' lang='lat' dir='ltr'><strong>corporisque</strong></span> <span class='ocrx_word' id='word_1_856' title='bbox 2875 5010 3175 5077; x_wconf 88' lang='lat' dir='ltr'><strong>dissolutio,</strong></span> <span class='ocrx_word' id='word_1_857' title='bbox 3208 5011 3367 5065; x_wconf 90' lang='lat' dir='ltr'><strong>veluti</strong></span> <span class='ocrx_word' id='word_1_858' title='bbox 3396 5013 3513 5064; x_wconf 86' lang='lat' dir='ltr'><strong>vin-</strong></span> 
     </span>
    </p>
   </div>
   <div class='ocr_carea' id='block_1_114' title="bbox 1931 5101 3512 5174">
    <p class='ocr_par' dir='ltr' id='par_1_114' title="bbox 1931 5101 3512 5174">
     <span class='ocr_line' id='line_1_114' title="bbox 1931 5101 3512 5174; baseline -0.001 -17"><span class='ocrx_word' id='word_1_859' title='bbox 1931 5105 2051 5158; x_wconf 90' lang='lat' dir='ltr'><strong>culo</strong></span> <span class='ocrx_word' id='word_1_860' title='bbox 2113 5102 2360 5174; x_wconf 88' lang='lat' dir='ltr'><strong>quopiam</strong></span> <span class='ocrx_word' id='word_1_861' title='bbox 2415 5102 2734 5157; x_wconf 79' lang='lat' dir='ltr'><strong>constrinxit</strong></span> <span class='ocrx_word' id='word_1_862' title='bbox 2790 5101 2936 5154; x_wconf 92' lang='lat' dir='ltr'><strong>illum</strong></span> <span class='ocrx_word' id='word_1_863' title='bbox 2971 5141 2988 5166; x_wconf 95' lang='lat'><strong>,</strong></span> <span class='ocrx_word' id='word_1_864' title='bbox 3049 5117 3220 5171; x_wconf 89' lang='lat' dir='ltr'><strong>neque</strong></span> <span class='ocrx_word' id='word_1_865' title='bbox 3274 5103 3512 5171; x_wconf 89' lang='lat' dir='ltr'><strong>permisit</strong></span> 
     </span>
    </p>
   </div>
   <div class='ocr_carea' id='block_1_115' title="bbox 1930 5190 3509 5261">
    <p class='ocr_par' dir='ltr' id='par_1_115' title="bbox 1930 5190 3509 5261">
     <span class='ocr_line' id='line_1_115' title="bbox 1930 5190 3509 5261; baseline -0.001 -14"><span class='ocrx_word' id='word_1_866' title='bbox 1930 5192 2105 5248; x_wconf 87' lang='lat' dir='ltr'><strong>denuo</strong></span> <span class='ocrx_word' id='word_1_867' title='bbox 2130 5192 2196 5246; x_wconf 90' lang='lat' dir='ltr'><strong>ad</strong></span> <span class='ocrx_word' id='word_1_868' title='bbox 2222 5192 2395 5246; x_wconf 90' lang='lat' dir='ltr'><strong>simile</strong></span> <span class='ocrx_word' id='word_1_869' title='bbox 2433 5190 2637 5246; x_wconf 90' lang='lat' dir='ltr'><strong>facinus</strong></span> <span class='ocrx_word' id='word_1_870' title='bbox 2665 5205 3031 5260; x_wconf 89' lang='lat' dir='ltr'><strong>prorumpere,</strong></span> <span class='ocrx_word' id='word_1_871' title='bbox 3061 5200 3113 5246; x_wconf 90' lang='lat' dir='ltr'><strong>et</strong></span> <span class='ocrx_word' id='word_1_872' title='bbox 3154 5191 3348 5261; x_wconf 87' lang='lat' dir='ltr'><strong>prioris</strong></span> <span class='ocrx_word' id='word_1_873' title='bbox 3381 5192 3509 5246; x_wconf 85' lang='lat' dir='ltr'><strong>assi-</strong></span> 
     </span>
    </p>
   </div>
   <div class='ocr_carea' id='block_1_116' title="bbox 1930 5283 3510 5353">
    <p class='ocr_par' dir='ltr' id='par_1_116' title="bbox 1930 5283 3510 5353">
     <span class='ocr_line' id='line_1_116' title="bbox 1930 5283 3510 5353; baseline -0.001 -14"><span class='ocrx_word' id='word_1_874' title='bbox 1930 5285 2033 5340; x_wconf 89' lang='lat' dir='ltr'><strong>due</strong></span> <span class='ocrx_word' id='word_1_875' title='bbox 2061 5283 2489 5349; x_wconf 84' lang='lat' dir='ltr'><strong>commonefecit,</strong></span> <span class='ocrx_word' id='word_1_876' title='bbox 2529 5291 2584 5338; x_wconf 90' lang='lat' dir='ltr'><strong>et</strong></span> <span class='ocrx_word' id='word_1_877' title='bbox 2622 5283 2833 5338; x_wconf 90' lang='lat' dir='ltr'><strong>interim</strong></span> <span class='ocrx_word' id='word_1_878' title='bbox 2873 5283 3038 5353; x_wconf 89' lang='lat' dir='ltr'><strong>ipsius</strong></span> <span class='ocrx_word' id='word_1_879' title='bbox 3065 5283 3294 5337; x_wconf 89' lang='lat' dir='ltr'><strong>animam</strong></span> <span class='ocrx_word' id='word_1_880' title='bbox 3323 5283 3510 5338; x_wconf 87' lang='lat' dir='ltr'><strong>mode-</strong></span> 
     </span>
    </p>
   </div>
   <div class='ocr_carea' id='block_1_117' title="bbox 1929 5372 2467 5433">
    <p class='ocr_par' dir='ltr' id='par_1_117' title="bbox 1929 5372 2467 5433">
     <span class='ocr_line' id='line_1_117' title="bbox 1929 5372 2467 5433; baseline -0.009 0"><span class='ocrx_word' id='word_1_881' title='bbox 1929 5378 2188 5433; x_wconf 85' lang='lat' dir='ltr'><strong>rationem</strong></span> <span class='ocrx_word' id='word_1_882' title='bbox 2215 5372 2467 5429; x_wconf 88' lang='lat' dir='ltr'><strong>reddidit.</strong></span> 
     </span>
    </p>
   </div>
   <div class='ocr_carea' id='block_1_118' title="bbox 1999 5464 3509 5536">
    <p class='ocr_par' dir='ltr' id='par_1_118' title="bbox 1999 5464 3509 5536">
     <span class='ocr_line' id='line_1_118' title="bbox 1999 5464 3509 5536; baseline 0.001 -15"><span class='ocrx_word' id='word_1_883' title='bbox 1999 5469 2052 5522; x_wconf 80' lang='lat'><strong>5.</strong></span> <span class='ocrx_word' id='word_1_884' title='bbox 2093 5464 2196 5520; x_wconf 84' lang='lat' dir='ltr'><strong>Cur</strong></span> <span class='ocrx_word' id='word_1_885' title='bbox 2226 5465 2351 5520; x_wconf 88' lang='lat' dir='ltr'><strong>Cain</strong></span> <span class='ocrx_word' id='word_1_886' title='bbox 2383 5473 2638 5536; x_wconf 86' lang='lat' dir='ltr'><strong>peccatum</strong></span> <span class='ocrx_word' id='word_1_887' title='bbox 2673 5481 2818 5519; x_wconf 86' lang='lat' dir='ltr'><strong>suum</strong></span> <span class='ocrx_word' id='word_1_888' title='bbox 2841 5481 2939 5519; x_wconf 84' lang='lat' dir='ltr'><strong>non</strong></span> <span class='ocrx_word' id='word_1_889' title='bbox 2971 5466 3148 5519; x_wconf 88' lang='lat' dir='ltr'><strong>abluit.</strong></span> <span class='ocrx_word' id='word_1_890' title='bbox 3174 5495 3244 5505; x_wconf 94' lang='lat'><em>—</em></span> <span class='ocrx_word' id='word_1_891' title='bbox 3265 5464 3369 5521; x_wconf 88' lang='lat' dir='ltr'><strong>Sed</strong></span> <span class='ocrx_word' id='word_1_892' title='bbox 3399 5465 3509 5522; x_wconf 70' lang='lat' dir='ltr'><strong>Iure</strong></span> 
     </span>
    </p>
   </div>
   <div class='ocr_carea' id='block_1_119' title="bbox 1931 5555 3505 5628">
    <p class='ocr_par' dir='ltr' id='par_1_119' title="bbox 1931 5555 3505 5628">
     <span class='ocr_line' id='line_1_119' title="bbox 1931 5555 3505 5628; baseline 0 -16"><span class='ocrx_word' id='word_1_893' title='bbox 1931 5556 2162 5628; x_wconf 85' lang='lat' dir='ltr'><strong>loquenti</strong></span> <span class='ocrx_word' id='word_1_894' title='bbox 2194 5555 2322 5610; x_wconf 89' lang='lat' dir='ltr'><strong>mihi</strong></span> <span class='ocrx_word' id='word_1_895' title='bbox 2348 5555 2495 5610; x_wconf 90' lang='lat' dir='ltr'><strong>venit</strong></span> <span class='ocrx_word' id='word_1_896' title='bbox 2522 5555 2575 5611; x_wconf 93' lang='lat' dir='ltr'><strong>in</strong></span> <span class='ocrx_word' id='word_1_897' title='bbox 2603 5563 2855 5621; x_wconf 90' lang='lat' dir='ltr'><strong>mentem,</strong></span> <span class='ocrx_word' id='word_1_898' title='bbox 2904 5565 2962 5610; x_wconf 92' lang='lat' dir='ltr'><strong>ut</strong></span> <span class='ocrx_word' id='word_1_899' title='bbox 2999 5557 3049 5610; x_wconf 90' lang='lat' dir='ltr'><strong>in</strong></span> <span class='ocrx_word' id='word_1_900' title='bbox 3077 5555 3309 5612; x_wconf 90' lang='lat' dir='ltr'><strong>medium</strong></span> <span class='ocrx_word' id='word_1_901' title='bbox 3345 5556 3505 5612; x_wconf 82' lang='lat' dir='ltr'><strong>addu-</strong></span> 
     </span>
    </p>
   </div>
   <div class='ocr_carea' id='block_1_120' title="bbox 1929 5647 3506 5719">
    <p class='ocr_par' dir='ltr' id='par_1_120' title="bbox 1929 5647 3506 5719">
     <span class='ocr_line' id='line_1_120' title="bbox 1929 5647 3506 5719; baseline 0.002 -16"><span class='ocrx_word' id='word_1_902' title='bbox 1929 5663 2066 5713; x_wconf 89' lang='lat' dir='ltr'><strong>cam,</strong></span> <span class='ocrx_word' id='word_1_903' title='bbox 2097 5661 2433 5719; x_wconf 69' lang='lat' dir='ltr'><strong>quaaramque</strong></span> <span class='ocrx_word' id='word_1_904' title='bbox 2466 5647 2810 5718; x_wconf 89' lang='lat' dir='ltr'><strong>quamobrem</strong></span> <span class='ocrx_word' id='word_1_905' title='bbox 2836 5647 3069 5717; x_wconf 87' lang='lat' dir='ltr'><strong>tandem,</strong></span> <span class='ocrx_word' id='word_1_906' title='bbox 3096 5663 3214 5704; x_wconf 93' lang='lat' dir='ltr'><strong>cum</strong></span> <span class='ocrx_word' id='word_1_907' title='bbox 3238 5661 3506 5718; x_wconf 88' lang='lat' dir='ltr'><strong>peceatmn</strong></span> 
     </span>
    </p>
   </div>
   <div class='ocr_carea' id='block_1_121' title="bbox 1933 5737 3512 5812">
    <p class='ocr_par' dir='ltr' id='par_1_121' title="bbox 1933 5737 3512 5812">
     <span class='ocr_line' id='line_1_121' title="bbox 1933 5737 3512 5812; baseline -0.004 -14"><span class='ocrx_word' id='word_1_908' title='bbox 1933 5755 2087 5798; x_wconf 89' lang='lat' dir='ltr'><strong>suum</strong></span> <span class='ocrx_word' id='word_1_909' title='bbox 2129 5748 2268 5797; x_wconf 90' lang='lat' dir='ltr'><strong>esset</strong></span> <span class='ocrx_word' id='word_1_910' title='bbox 2291 5737 2604 5811; x_wconf 89' lang='lat' dir='ltr'><strong>confessus,</strong></span> <span class='ocrx_word' id='word_1_911' title='bbox 2632 5737 2936 5812; x_wconf 86' lang='lat' dir='ltr'><strong>factumque</strong></span> <span class='ocrx_word' id='word_1_912' title='bbox 2963 5738 3289 5807; x_wconf 85' lang='lat' dir='ltr'><strong>damnasset,</strong></span> <span class='ocrx_word' id='word_1_913' title='bbox 3323 5743 3512 5798; x_wconf 78' lang='lat' dir='ltr'><strong>dicens</strong></span> 
     </span>
    </p>
   </div>
  </div>
