4018 6190
569 269 668 326 931

569 402 632 442 se
657 387 857 455 majora
888 397 1154 454 peccasse,
1182 397 1337 452 quam
1367 394 1422 437 ut
1446 383 1654 438 veniam
1685 393 2001 448 mereretur,
2029 385 2148 438 nul-

575 478 732 546 laque
767 476 1111 530 excusatione
1143 489 1202 528 se
1227 473 1447 543 dignum
1483 489 1634 539 esse,
1669 490 1774 530 non
1810 475 2035 544 potuerit
2059 477 2153 529 ah-

573 568 724 622 luere
747 573 992 633 peecata;
1023 579 1140 618 cum
1176 563 1430 633 propheta
1455 565 1634 618 dicat:
1667 564 1762 617 Dic
1787 575 1840 618 tu
1867 566 2152 632 iniquitates

572 665 684 708 tuas
709 655 870 726 prior,
895 663 952 708 ut
967 654 1266 724 justi/iceris
1301 652 1453 726 (Isai.
1487 655 1574 708 43.
1615 655 1746 724 26);
1773 654 1866 708 sed
1895 655 2152 710 condem-

571 757 728 799 natus
759 743 954 800 fuerit?
984 743 1240 809 Quoniam
1285 759 1387 796 non
1415 743 1564 806 dixit,
1597 753 1650 796 ut
1684 743 1843 812 jussit
1873 744 2148 814 propheta.

575 833 685 888 Non
713 833 856 888 enim
897 835 1208 903 simpliciter
1234 834 1388 900 dixit,
1417 833 1504 888 die
1545 834 1846 903 iniquitates
1877 842 2023 888 tuas:
2057 835 2152 890 sed

573 923 694 992 quid
717 924 737 976 “.7
761 923 855 976 Dic
877 935 928 976 tu
950 923 1089 994 prior
1107 924 1392 994 iniquitates
1411 933 1544 982 tuas.
1569 924 1720 992 Quod
1741 927 2016 994 quaeritur,
2049 925 2152 980 hoc

576 1024 694 1076 est;
727 1030 832 1068 non
859 1015 1168 1084 simpliciter
1187 1030 1310 1070 esse
1337 1015 1607 1080 dicendas,
1639 1015 1732 1072 sed
1762 1017 1906 1085 prius
1929 1031 2048 1071 esse
2072 1017 2154 1070 di-

573 1107 770 1162 cendas
793 1124 808 1164 :
831 1125 934 1160 non
955 1107 1366 1176 exspectandam
1391 1107 1816 1176 redargutionem
1837 1109 2150 1162 accusantis.

576 1197 672 1252 llic
691 1207 872 1260 autem
901 1214 1006 1252 non
1033 1199 1166 1262 dixit
1189 1197 1354 1267 prior,
1370 1197 1462 1258 sed
1479 1197 1822 1266 exspectavit,
1843 1198 2014 1256 donec
2033 1198 2158 1254 red-

569 1299 886 1358 ,argueretur
927 1303 960 1342 a
1004 1289 1112 1343 Deo
1156 1306 1170 1342 :
1219 1289 1346 1356 quin
1383 1289 1596 1358 potius,
1647 1289 1738 1344 illo
1781 1289 2152 1358 rcdarguente,

575 1381 802 1448 negavit.
835 1378 1121 1448 Postquam
1143 1387 1320 1432 autem
1345 1380 1512 1434 semel
1555 1378 1746 1432 factum
1775 1387 1858 1434 est
1881 1388 2156 1448 peccatum

575 1470 768 1536 palam,
803 1479 912 1522 tum
944 1469 1074 1522 dixit
1101 1482 1396 1538 peccatum,
1420 1485 1537 1539 quae
1563 1469 1774 1539 quidem
1809 1486 1912 1524 non
1941 1481 2020 1524 est
2045 1470 2154 1540 jam

575 1560 859 1614 confessio.
907 1560 1135 1614 Proinde
1182 1571 1235 1615 tu
1275 1576 1506 1630 quoque,
1550 1561 1764 1626 dilecte,
1809 1577 1930 1615 cum
1967 1576 2156 1630 pecea-

563 1652 750 1724 veris,
803 1669 870 1708 ne
919 1653 1276 1722 exspectaris,
1327 1663 1385 1706 ut
1437 1653 1503 1706 ah
1551 1652 1659 1707 alio
1713 1653 2012 1718 accuseris;
2063 1652 2157 1708 sed

576 1743 880 1812 priusquam
906 1743 1174 1798 accuset-is
1197 1759 1262 1798 ac
1289 1743 1571 1809 deferaris;
1603 1751 1656 1797 tu
1699 1743 1996 1798 condemua
2039 1759 2158 1813 qute

577 1831 710 1887 facta
739 1845 884 1892 sunt.
929 1834 1062 1896 Nam
1093 1835 1138 1890 si
1171 1835 1294 1904 quis
1321 1835 1458 1894 alius
1495 1834 1688 1890 deinde
1719 1843 1769 1894 te
1806 1835 2153 1904 redarguerit,

577 1939 684 1978 non
705 1925 814 1994 jam
849 1935 952 1978 tua:
975 1925 1328 1982 confessionis
1359 1936 1439 1980 est
1477 1925 1710 1988 officium
1729 1967 1746 1991 ,
1779 1926 1872 1982 sed
1901 1927 2040 1982 illius
2061 1927 2158 1997 qui

575 2025 786 2070 accusat
813 2019 1094 2072 correctio.
1135 2017 1469 2086 Quapropter
1510 2025 1563 2072 et
1595 2018 1730 2072 alius
1769 2020 2029 2088 quispiam
2071 2019 2156 2074 in-

575 2108 720 2176 quit,
747 2105 928 2162 Justus
965 2109 1051 2168 sui
1089 2108 1250 2177 ipsius
1292 2119 1554 2174 accusator
1575 2117 1644 2160 est
1673 2110 1725 2162 in
1763 2110 2010 2180 principio
2051 2126 2158 2164 ser-

576 2199 736 2252 mum‘s
766 2197 946 2268 (Prov.
985 2199 1070 2254 18.
1104 2199 1212 2270 17).
1243 2199 1422 2269 Itaque
1455 2216 1562 2254 non
1596 2199 1696 2254 hoc
1727 2209 1810 2256 est
1845 2201 1985 2270 quod
2013 2217 2159 2270 quat-

577 2288 728 2356 ritur,
762 2297 816 2342 ut
843 2304 1061 2346 accuses
1101 2292 1324 2359 teipsnnt
1349 2331 1364 2356 ,
1391 2291 1486 2344 sed
1529 2300 1584 2344 ut
1609 2291 1755 2359 prior
1809 2292 2036 2362 teipsum
2071 2308 2158 2346 ac-

575 2393 752 2446 cuses,
781 2395 881 2434 nec
911 2389 1160 2448 expectes
1181 2380 1248 2434 ab
1277 2381 1396 2434 aliis
1421 2381 1869 2451 redargutionem.

647 2469 831 2526 Petrus
857 2473 1105 2542 quomodo
1127 2473 1283 2527 abluit
1303 2485 1561 2542 peccatum
1579 2493 1724 2528 suum
1743 2493 1762 2542 ;
1779 2477 1826 2530 ei
1845 2477 1978 2530 orbis
1993 2485 2158 2532 terrea

576 2577 690 2614 runt
725 2563 1038 2616 commissus.
1062 2563 1340 2618 ——Petrus
1381 2565 1556 2632 itaque
1604 2575 1722 2633 post
1760 2581 1974 2634 gravem
2015 2567 2156 2623 illaut

579 2652 936 2721 negationem,
971 2653 1220 2722 quoniam
1245 2653 1490 2708 celeriter
1511 2670 1662 2708 suum
1693 2656 1858 2726 ipsius
1878 2667 2154 2726 peccatum

576 2741 885 2797 recordatus
927 2753 1040 2810 est,
1071 2743 1320 2814 nulloque
1357 2754 1641 2802 accusante
1685 2745 1825 2802 dixit
1859 2761 2152 2820 peccatum,

577 2832 826 2904 [let-itque
865 2849 1084 2889 amare:
1131 2835 1207 2890 sic
1251 2835 1418 2890 abluit
1457 2837 1601 2892 illam
1631 2837 2057 2909 abnegationem,
2099 2850 2159 2896 ut

575 2926 734 2980 etiam
757 2925 956 2995 primus
969 2927 1331 2996 apostolorum
1347 2929 1503 2983 fuerit
1521 2927 1711 2996 factus,
1731 2929 1886 3001 eique
1901 2939 2040 2986 totus
2059 2941 2164 2988 ter-

577 3033 754 3072 rarum
777 3017 922 3072 orbis
941 3019 1260 3074 commissus
1277 3019 1456 3076 fuerit.
1475 3019 1580 3078 Sed
1598 3022 1736 3091 quod
1753 3023 1995 3078 dicebam
2012 3023 2156 3094 (nam

576 3117 790 3180 oportet
813 3110 879 3166 ad
903 3111 954 3166 id
979 3113 1120 3182 quod
1147 3114 1473 3183 propositum
1503 3122 1586 3170 est
1603 3115 1819 3185 reverti)
1843 3116 1974 3170 satis
2001 3115 2157 3172 nobis

580 3219 646 3260 ex
693 3203 774 3258 bis
818 3204 1252 3270 demonstratur,
1293 3223 1402 3260 non
1448 3215 1696 3276 oportere
1743 3206 1936 3262 fratres
1979 3207 2156 3277 lapsos

581 3297 870 3366 negligere,
903 3313 1076 3367 neque
1098 3307 1466 3362 contemnere,
1495 3313 1677 3354 verum
1705 3300 2010 3369 proauicere
2033 3301 2154 3370 qui-

576 3386 698 3440 dem
740 3387 841 3441 illis
865 3399 988 3443 ante
1013 3399 1306 3458 peccatum,
1341 3397 1596 3444 caeterum
1629 3391 1787 3444 etiam
1819 3399 1938 3460 post
1966 3406 2155 3460 pecca-

579 3485 690 3530 tum
737 3479 954 3532 multam
993 3494 1115 3547 erga
1161 3478 1278 3532 illos
1309 3487 1562 3548 praestare
1601 3463 1804 3534 curam.
1845 3480 2028 3535 Itidem
2073 3481 2153 3536 fa—

579 3569 725 3623 ciunt
754 3579 807 3623 et
833 3568 1022 3625 mctlici
1054 3588 1067 3623 :
1097 3572 1446 3640 praescribunt
1467 3573 1608 3628 enim
1637 3589 1698 3628 ac
1723 3574 2034 3643 praecipiunt
2061 3575 2156 3630 ho-

569 3659 830 3726 .tninihus,
859 3676 976 3730 qua:
999 3663 1826 3730 possuntillorumvaletudiuem
1857 3667 2012 3730 tueri,
2039 3681 2156 3722 om-

578 3764 806 3819 nemque
835 3753 1078 3806 morbum
1104 3753 1418 3809 excludere:
1443 3765 1692 3810 caeterum
1714 3756 1800 3810 ubi
1827 3757 2156 3827 neglexerint

577 3843 916 3912 praescripta,
945 3854 998 3898 et
1041 3845 1092 3898 in
1131 3845 1487 3900 valetudinem
1532 3847 1814 3902 adversam
1851 3847 2150 3917 inciderint,

581 3946 686 3984 non
715 3931 988 4002 negligant
1013 3947 1106 3987 eos
1149 3934 1270 4003 ipsi,
1299 3935 1392 3990 scd
1423 3945 1532 3990 tum
1561 3937 1789 3996 maxime
1817 3939 2037 3994 multam
2055 3939 2154 3994 ad-

577 4021 760 4078 hibent
807 4025 1237 4092 sollicitudinem,
1270 4043 1377 4097 quo
1427 4029 1546 4084 illos
1598 4030 1790 4086 morbo
1827 4031 2021 4086 levent.
2063 4033 2152 4088 ld-

577 4113 748 4184 ipsum
767 4127 820 4170 et
838 4116 1030 4172 Paulus
1041 4117 1280 4188 fecit,qui
1293 4135 1412 4174 eum
1431 4121 1518 4190 qui
1537 4130 1774 4190 stuprum
1791 4124 2150 4191 commiserat,

573 4217 696 4278 post
726 4207 850 4262 illud
875 4219 1172 4277 peccatum,
1202 4211 1342 4280 quod
1369 4227 1436 4266 ne
1461 4211 1600 4266 inter
1619 4221 1806 4282 gentes
1830 4215 2040 4284 quidem
2067 4217 2150 4270 in-

579 4297 906 4363 veniebatur,
941 4314 1045 4354 non
1068 4301 1388 4370 contempsit
1417 4319 1430 4355 :
1465 4317 1644 4356 verum
1666 4303 1826 4358 etiam
1857 4302 2038 4358 frenos
2061 4320 2150 4360 re-

577 4399 874 4457 spucntcm,
909 4403 1007 4444 nec
1037 4391 1352 4450 medicinam
1409 4393 1690 4448 admittere
1734 4395 2033 4460 volentem,
2077 4395 2154 4450 la-

573 4479 882 4534 scivientcm
899 4495 961 4533 ac
986 4481 1328 4547 resilientem,
1353 4483 1641 4546 reduxitad
1662 4487 1975 4540 sanitatem:
2005 4493 2059 4540 et
2080 4486 2151 4540 ita

575 4565 828 4637 reduxit,
870 4582 926 4625 ut
987 4574 1333 4642 conjungeret
1375 4591 1582 4630 rursum
1639 4577 1850 4647 corpori
1899 4577 2150 4632 Ecclesiae

578 4663 626 4716 tl
654 4661 770 4716 Cor.
803 4663 880 4734 5).
907 4662 1087 4733 Neque
1108 4664 1238 4718 dixit
1263 4665 1400 4734 apud
1419 4681 1536 4722 sese
1560 4684 1571 4718 :
1601 4667 1725 4736 quid
1753 4667 1853 4722 hoc
1877 4668 2150 4736 proderit?

573 4769 692 4824 qua:
730 4754 855 4810 hinc
886 4755 1118 4810 utilitas?
1148 4764 1386 4824 stuprum
1411 4756 1696 4824 commisit,
1729 4768 2002 4828 peccaturo
2028 4774 2149 4829 per-

573 4847 820 4916 petravit,
852 4863 950 4902 nec
992 4847 1104 4902 vult
1131 4847 1390 4902 desistere
1434 4863 1464 4902 a
1495 4849 1703 4906 lascivia
1726 4866 1740 4914 ;
1763 4865 1948 4904 verum
1986 4859 2039 4904 et
2065 4851 2148 4906 in-

573 4939 730 4994 ﬂatus
758 4950 861 5006 est,
890 4950 943 4995 et
965 4940 1066 4995 sibi
1095 4941 1285 5010 placet,
1314 4948 1368 4996 ct
1396 4939 1780 4996 immedicabile
1806 4941 1996 4996 vulnus
2021 4943 2148 4998 red-

571 5032 649 5088 dit
677 5050 690 5086 :
720 5033 956 5086 sinamus
983 5033 1139 5102 igitur
1165 5032 1312 5088 illum
1343 5048 1403 5088 ac
1431 5032 1758 5094 deseramus.
1787 5033 1927 5088 Nihil
1955 5034 2147 5090 horum

569 5123 704 5178 dixit
729 5140 741 5176 :
773 5124 867 5178 sed
899 5131 1114 5194 propter
1139 5123 1242 5180 hoc
1269 5124 1440 5194 ipsum
1469 5125 1697 5180 maxime
1723 5125 1890 5179 multa
1917 5139 2042 5180 usus
2067 5137 2150 5184 est

567 5227 695 5284 erga
727 5214 871 5268 illum
902 5215 1257 5270 sollicitudine
1278 5255 1294 5280 ,
1321 5214 1460 5286 quod
1489 5214 1555 5270 ad
1583 5215 1862 5270 nefandam
1890 5216 2146 5270 malitiam

571 5303 773 5360 videret
799 5307 946 5360 illum
970 5321 1090 5361 esse
1117 5307 1422 5376 delapsum,
1451 5323 1623 5377 neque
1659 5308 1885 5366 cessavit
1920 5318 2142 5375 terrere,

568 5395 780 5461 minari,
801 5397 989 5466 punire
1016 5407 1124 5454 tum
1147 5413 1240 5468 per
1261 5413 1398 5462 sese.
1423 5405 1534 5458 tum
1555 5414 1651 5470 per
1671 5399 1802 5456 alios
1821 5400 2140 5470 complures,

573 5485 700 5538 nihil
731 5503 834 5542 non
863 5487 1095 5556 faciens,
1127 5490 1258 5552 nihil
1287 5505 1393 5544 non
1425 5499 1664 5557 tentans,
1693 5491 1864 5550 donec
1898 5491 2046 5546 illum
2075 5491 2142 5547 ad

569 5578 888 5641 agnitionem
910 5584 1108 5650 peccati
1131 5583 1486 5652 perduxisset,
1505 5582 1572 5638 ad
1588 5597 1802 5656 sensum
1827 5583 2140 5654 iniquitatis,

569 5675 839 5734 postremo
878 5672 1047 5726 donec
1091 5675 1262 5742 ipsum
1303 5675 1582 5732 liberasset
1627 5674 1692 5730 ab
1733 5675 1875 5730 omni
1913 5675 2138 5731 macula.

1173 245 1186 252 ’
1266 263 1323 321 S.
1360 265 1638 322 JOANNIS
1675 265 2151 324 CIIRYSOSTOMI
2192 269 2510 327 AllClllEP.
2551 269 3074 327 CONSTANTINOP.

3623 303 3710 358 952

2263 385 2374 440 Hoc
2399 401 2530 440 sane
2557 385 2713 440 facito
2745 397 2797 440 tu
2827 403 3037 458 quoque
3067 404 3080 441 :
3119 389 3311 447 imitare
3333 394 3646 466 Samaritanqu
3665 416 3720 472 il.

2258 478 2387 543 lum,
2416 479 2503 547 qui
2533 479 2584 532 in
2617 479 2902 549 Evangelio
2933 489 3139 534 tantam
3163 496 3278 552 erga
3305 487 3585 551 vulneratum
3619 503 3725 562 hunc

2259 571 2503 638 praestitit
2523 571 2931 626 sollicitudinem
2951 573 2990 624 ί.
3007 571 3209 626 Etenim
3223 573 3320 628 illic
3336 584 3554 645 praeteriit
3566 587 3732 660 Levita,

2258 661 2514 729 pneteriit
2541 661 2869 728 Phariszeus,
2897 679 2960 717 ac
2985 673 3170 719 neuter
3203 665 3402 722 deﬂexit
3423 672 3478 725 ad
3506 675 3728 748 iacentem,

2259 755 2355 808 sed
2402 755 2748 810 inclementer
2789 755 3179 826 crudeliterque
3212 759 3382 814 relicto
3419 763 3497 817 illo
3527 767 3732 829 abierunt.

2260 847 2624 903 Samaritanus
2651 857 2824 902 autem
2853 849 3112 917 quispiam
3133 889 3148 914 ,
3174 850 3259 918 qui
3297 853 3426 906 nulla
3463 871 3516 910 ex
3543 869 3658 925 parte
3679 863 3732 920 illi

2259 939 2574 1008 coniunctus
2599 948 2735 1004 erat,
2767 955 2874 996 non
2901 940 3270 1008 prietercurrit,
3295 942 3380 996 sed
3407 957 3646 1001 accurreus
3661 953 3734 1004 mi-

2261 1039 2432 1084 sertus
2453 1039 2554 1094 est,
2587 1031 2862 1084 instillavit
2883 1029 3059 1084 oleum
3083 1043 3150 1082 ae
3173 1031 3362 1095 viuum,
3385 1032 3598 1101 hnposuit
3611 1039 3734 1104 asino,

2259 1121 2409 1175 duxit
2436 1120 2498 1173 ad
2535 1120 2908 1184 diversorium,
2953 1120 3224 1188 pecuniam
3269 1121 3444 1189 partim
3477 1123 3602 1178 dedit
3635 1143 3735 1195 prte-

2261 1225 2488 1280 scntem,
2537 1213 2726 1280 partim
2759 1213 3021 1281 pollicitus
3063 1220 3142 1264 est
3171 1227 3265 1281 pro
3305 1213 3430 1282 ejus,
3458 1215 3536 1283 qui
3571 1217 3736 1273 nihilad

2264 1306 2433 1374 ipsum
2475 1305 2791 1374 pertinebat,
2821 1304 3096 1358 curatione
3133 1302 3278 1372 (Luc.
3306 1302 3386 1357 10.
3416 1305 3494 1358 50.
3517 1307 3643 1376 δρψ),
3667 1325 3735 1362 nec

2259 1397 2392 1450 dixit
2417 1395 2556 1462 apud
2593 1409 2714 1449 sese
2743 1411 2755 1447 :
2787 1409 2903 1463 qua:
2947 1395 3076 1448 mihi
3121 1409 3246 1448 cura
3271 1403 3352 1448 est
3387 1395 3737 1452 istius‘iSamari-

2263 1496 2418 1540 tanus
2457 1501 2610 1550 sum;
2639 1486 2771 1539 nihil
2812 1486 2938 1538 mihi
2981 1501 3101 1538 cum
3151 1485 3276 1550 illo;
3309 1487 3474 1554 procul
3509 1487 3738 1542 absumus:

2261 1579 2492 1644 civitate,
2520 1589 2574 1632 et
2597 1578 2686 1633 ille
2707 1593 2774 1632 ne
2795 1577 2995 1647 ingredi
3017 1577 3230 1647 quidem
3263 1588 3445 1647 potest.
3469 1579 3582 1645 Quid
3597 1589 3738 1644 autem,

2263 1673 2306 1726 si
2340 1674 2475 1726 ferre
2519 1686 2624 1725 non
2671 1671 2840 1741 possit
2867 1671 2966 1724 via:
3013 1669 3408 1739 longitudinem,
3453 1682 3668 1724 mortuum
3688 1671 3742 1724 af-

2261 1764 2467 1820 feram?
2491 1764 2780 1836 capiendus
2823 1779 2938 1818 sum
2965 1763 3034 1818 ob
3057 1762 3291 1827 credem,
3321 1763 3557 1816 obnoxius
3589 1779 3662 1816 ero
3679 1762 3746 1816 lto-

2261 1856 2514 1911 micidio?
2538 1856 2630 1909 llis
2657 1871 2783 1908 sane
2811 1855 2878 1910 de
2907 1855 3081 1908 causis
3105 1853 3258 1908 multi
3285 1869 3420 1922 smpe
3445 1861 3746 1922 praetereuntes

2263 1963 2327 2002 ac
2356 1948 2598 2002 videntes
2626 1946 2870 2001 homines
2895 1947 3207 2008 vulneratos
3237 1946 3558 2016 palpitantes,
3583 1954 3750 2013 prater-

2259 2047 2407 2105 eunt,
2447 2053 2554 2092 non
2583 2037 2724 2108 quod
2753 2049 3040 2108 graventur
3069 2037 3284 2102 tollere,
3323 2037 3630 2107 pecuniisque
3662 2051 3750 2105 par-

2255 2140 2406 2195 cant,
2437 2129 2532 2184 sed
2573 2139 2890 2194 metuentes,
2917 2145 2986 2183 ne
3013 2139 3066 2184 et
3097 2129 3198 2199 ipsi
3227 2129 3572 2197 pet-trahantur
3593 2127 3636 2179 in
3655 2125 3752 2195 iudi-

2260 2221 2422 2284 cium,
2477 2229 2726 2290 tanquam
2767 2220 2930 2274 etedis
2973 2220 3088 2284 rei;
3131 2233 3318 2273 verum
3356 2218 3590 2271 humanus
3619 2217 3756 2270 illcae

2261 2315 2330 2369 mi
2339 2313 2404 2369 tis
2429 2314 2563 2367 nihil
2591 2313 2780 2368 horum
2799 2313 3004 2377 metuit,
3033 2312 3126 2367 sed
3151 2311 3238 2366 his
3259 2311 3494 2366 omnibus
3513 2307 3759 2376 contemptis

2261 2405 2514 2476 imposuit
2539 2420 2661 2460 eum
2691 2405 2861 2472 asino,
2893 2413 2950 2460 et
2977 2405 3030 2458 in
3055 2401 3412 2458 diversorium
3437 2400 3671 2471 perduxit:
3695 2413 3760 2451 ne-

2259 2511 2364 2566 que
2391 2495 2678 2568 quidquam
2707 2495 2892 2550 harum
2921 2509 3098 2550 rerum
3127 2491 3500 2548 refonnidabat
3517 2533 3530 2556 ,
3557 2505 3642 2542 non
3662 2487 3763 2557 peri-

2259 2589 2462 2654 culum,
2496 2602 2602 2642 non
2629 2589 2972 2657 pecuniarum
3007 2584 3372 2654 impendium,
3414 2598 3511 2636 non
3533 2581 3650 2635 aliud
3665 2593 3764 2650 pne-

2261 2687 2404 2734 terea
2430 2679 2738 2750 quidquam.
2777 2677 2929 2744 Quod
2951 2677 2994 2732 si
3031 2676 3404 2732 Samaritanus
3423 2673 3544 2728 adeo
3565 2673 3764 2725 humanus

2259 2774 2509 2844 mitisque
2532 2772 2631 2828 fuit
2655 2787 2778 2842 erga
2811 2772 3079 2827 hominem
3111 2771 3358 2841 ignotum
3383 2787 3397 2822 :
3421 2782 3564 2838 quam
3591 2761 3766 2818 habituri

2259 2878 2448 2920 sumus
2473 2879 2572 2918 nos
2605 2865 2845 2931 veniam,
2873 2864 2918 2918 si
2947 2863 3202 2933 proprios
3231 2861 3420 2916 fratres
3455 2855 3767 2928 neglexerimttt

2261 2954 2314 3008 in
2341 2955 2498 3010 malis
2537 2955 2908 3026 gravioribus?
2937 2954 3066 3008 Nam
3093 2962 3158 3008 et
3203 2953 3311 3018 isti,
3341 2951 3428 3021 qui
3461 2962 3587 3004 nunc
3615 2945 3770 3014 jejuna-

2261 3055 2482 3110 verunt,
2515 3047 2816 3101 inciderunt
2854 3047 2906 3099 in
2939 3043 3230 3115 praedones
3264 3042 3498 3106 Judaeos,
3525 3037 3618 3091 imo
3639 3033 3768 3087 verius

2259 3137 2508 3192 omnibus
2551 3136 2890 3206 praedonibus
2935 3135 3234 3200 satviores,
3283 3132 3474 3202 quique
3510 3123 3772 3198 gravioribttt

2257 3230 2416 3284 malis
2437 3230 2676 3284 afficiunt
2701 3243 2820 3293 eos,
2849 3228 2938 3297 qui
2966 3227 3018 3282 in
3053 3241 3157 3282 eos
3186 3223 3448 3281 incidunt.
3471 3221 3634 3290 Neque
3663 3215 3768 3270 enim

2258 3331 2436 3376 vestes
2463 3321 2671 3374 illorum
2716 3321 3048 3384 lacerarunt,
3075 3331 3262 3388 neque
3289 3313 3495 3384 corpori
3535 3309 3775 3366 indixerunt

2259 3416 2516 3482 vulnera,
2571 3424 2628 3468 ut
2671 3414 2747 3468 illi
2797 3422 2922 3468 tunc
2971 3411 3246 3476 fecerant;
3297 3409 3390 3463 sed
3443 3405 3647 3460 animam
3687 3413 3776 3451 sau-

2258 3510 2468 3563 ciarunt
2497 3549 2512 3574 ,
2573 3507 2895 3574 infinitisque
2943 3503 3042 3572 ipsi
3091 3502 3416 3558 vulneribus
3459 3493 3680 3556 inﬂictis,
3723 3488 3778 3541 sic

2259 3601 2503 3655 abierunt
2567 3599 2685 3654 illos
2753 3598 3116 3666 relinquentes
3208 3596 3262 3650 in
3345 3593 3490 3646 fovea
3553 3579 3778 3655 impietatis

2251 3691 2512 3762 jacentcs.
3679 3761 3682 3764 ἑ

2331 3785 2384 3838 4.
2413 3784 2491 3838 Ne
2519 3783 2676 3853 igitur
2697 3781 3092 3836 dissimulemus
3117 3781 3289 3835 talem
3315 3775 3630 3846 tragcediam,
3655 3779 3780 3832 notate

2257 3887 2638 3947 praetereamus
2661 3875 3124 3930 iuclementertam
3145 3872 3456 3928 miserabile
3469 3863 3782 3938 spectaculum.

2257 3968 2394 4036 Quin
2416 3967 2622 4022 etiamsi
2643 3967 2735 4020 alii
2756 3965 2858 4020 hoc
2884 3965 3128 4030 fecerint,
3151 3975 3210 4020 tu
3233 3981 3304 4019 ne
3329 3961 3534 4018 feceris.
3551 3957 3620 4012 Ne
3633 3949 3782 4006 dixeris

2257 4061 2397 4132 apud
2427 4061 2782 4130 temetipsum,
2819 4059 2978 4113 homo
3011 4071 3132 4112 sum
3181 4057 3519 4119 mundanus,
3545 4049 3783 4106 exoretur!

2257 4152 2454 4208 liberos
2481 4151 2688 4217 habeo,
2722 4151 2820 4205 ista
2847 4148 3188 4204 sacerdotum
3221 4156 3372 4213 sunt,
3415 4147 3510 4200 ista
3553 4134 3782 4230 monacho:

2256 4257 2397 4298 rum.
2425 4241 2608 4312 Neque
2641 4243 2784 4298 enim
2821 4242 3197 4297 Samaritanus
3229 4241 3322 4294 ille
3345 4237 3464 4292 haec
3487 4231 3690 4290 dicebat,
3721 4223 3782 4276 ulli

2257 4349 2400 4389 nunc
2429 4333 2772 4389 sacerdotes?
2795 4333 2882 4386 ubi
2927 4346 3070 4386 nunc
3097 4329 3402 4386 Pharisaei?
3433 4327 3516 4382 ubi
3541 4322 3780 4378 inda-orum

2256 4424 2546 4480 doctores?
2592 4425 2686 4480 sed
2738 4423 2957 4494 perinde
3017 4423 3174 4493 quasi
3228 4430 3486 4478 venatum
3547 4407 3781 4486 quempiam

2255 4519 2547 4574 maximum
2593 4527 2778 4572 nactus
2815 4524 2978 4578 esset,
3025 4515 3096 4569 ita
3143 4515 3364 4569 lucrum
3409 4507 3634 4578 arripuit.
3665 4501 3718 4555 Et
3749 4505 3784 4547 ll

2256 4610 2416 4680 igitur
2479 4625 2600 4664 cum
2663 4608 2860 4663 videris
2920 4607 3152 4676 aliquem
3219 4613 3474 4675 egentem
3535 4594 3782 4654 curatione.

2255 4703 2339 4756 vel
2385 4701 2658 4770 corporis,
2713 4698 2798 4753 vel
2853 4700 3081 4761 animm,
3145 4713 3222 4752 ne
3279 4696 3448 4751 dicito
3503 4689 3630 4761 apud
3689 4681 3782 4780 ιείρς

2255 4807 2404 4856 sum,
2436 4807 2600 4862 quare
2643 4792 2730 4845 ille
2767 4801 2822 4846 et
2869 4791 2958 4846 ille
3005 4805 3126 4845 eum
3177 4805 3293 4843 non
3345 4778 3684 4842 curaverunt?
3719 4778 3780 4824 sol

2254 4900 2284 4938 a
2315 4886 2502 4940 morbo
2534 4885 2736 4938 libera:
2771 4897 2943 4953 neque
2985 4883 3230 4936 rationes
3271 4881 3463 4950 exigas
3503 4875 3570 4930 ab
3603 4871 3692 4926 illis
3719 4879 3778 4953 ne

2253 4979 2539 5050 gligeutiae.
2569 4977 2628 5032 Si
2653 4947 2921 5031 inveneris
2941 4989 3128 5028 atn'um
3150 4947 3391 5042 iacens,
3403 4983 3532 5028 num
3549 4963 3668 5020 dicis
3685 4947 3776 5050 ³1³·Ίῆ

2255 5041 2504 5140 teipsum,
2533 5084 2699 5139 quare
2725 5067 2815 5124 ille
2839 5075 2931 5121 aut
2959 5066 3046 5120 ille
3071 5041 3180 5120 hoc
3207 5081 3323 5119 non
3363 5041 3776 5140 sustulerunt“?I

2255 5135 2472 5218 festinas
2498 5135 2623 5218 ante
2649 5163 2782 5217 alios
2807 5160 3028 5230 rapere?
3057 5157 3256 5214 itidem
3285 5167 3344 5212 et
3367 5155 3438 5210 de
3465 5135 3774 5244 fratribus-cei“

2254 5256 2417 5326 lapsis
2435 5255 2627 5326 cogita,
2647 5263 2936 5324 putatoque
2955 5261 3008 5305 te
3029 5249 3350 5304 thesaurum
3373 5245 3654 5316 reperisse,
3673 5245 3773 5326 mtil-

2252 5323 2370 5402 ru‘m
2403 5323 2583 5402 curam
2615 5323 2844 5400 illorum.
2889 5344 3096 5400 Etenim
3133 5341 3185 5396 si
3227 5337 3575 5396 instillaveris
3601 5331 3662 5386 illi
3685 5323 3782 5378 τεὶιιι

2251 5441 2429 5496 oleum
2453 5441 2715 5495 sermonis
2730 5439 3040 5502 doctrinam,
3063 5435 3108 5490 si
3131 5435 3400 5506 ligaveris
3424 5418 3787 5488 mansuetudine.

2317 5621 2332 5654 ¹
2369 5621 2442 5670 Sic
2461 5619 2608 5669 Editio
2628 5618 2764 5668 Savil.
2781 5626 2833 5666 et
2855 5615 2992 5670 multi
3017 5623 3121 5664 Mss.
3149 5614 3330 5666 staret.
3347 5623 3500 5664 ven:
3521 5601 3786 5660 mare

2255 5681 2451 5732 vulnera
2473 5680 2695 5748 prarstitit
2717 5678 3098 5730 sollicitudinem.
