4018 6190
203 285 294 336 nm
946 262 957 269 ’
1371 276 1746 333 Anmnsvs
1785 273 2089 332 Jumzos.
2125 271 2260 330 vm.

195 401 387 473 δεμιᾶς
426 395 724 465 ἀπολογίας
756 392 904 461 ἄξιος
952 392 1113 458 εἶναι,
1152 396 1252 450 οὐκ
1312 394 1533 467 ἴσχυσεν
1581 396 1774 450 ἀπονί-

191 482 401 555 ψασθαι
430 480 498 534 τὰ
530 480 938 550 ἁμαρτήματα·
967 480 1168 549 (καίτοι
1185 496 1245 549 γε
1270 480 1604 551 ὁπροφήτης
1622 478 1772 549 φησί’

191 569 345 635 Λέγε
367 565 449 619 σὺ
480 566 585 629 τὰς
606 563 860 630 ἀνομίας
880 578 997 616 σου
1024 562 1275 629 πρῶτος,
1300 564 1399 616 ἵνα
1415 561 1774 629 δικαιωθῇς).

187 650 332 704 ἀλλά
365 648 459 702 καὶ
488 645 822 716 κατεκρίθη;
853 646 976 699 Ὀτι
1010 648 1111 698 οὐκ
1132 644 1304 710 εἶπεν,
1327 646 1404 712 ὠς
1435 648 1464 700 6
1492 648 1780 718 προφήτης

187 734 497 787 ἐκέλευσεν.
530 732 605 784 Οὐ
635 729 744 801 γὰρ
776 727 962 793 ἁπλῶς
990 726 1142 782 εἶπεν
1168 732 1196 784 6
1221 732 1527 803 προφήτης,
1549 731 1689 799 Λέγε
1714 733 1777 784 σὺ

188 817 291 878 τάς
313 815 546 884 ἀνομίας
586 829 703 878 σου,
734 812 870 865 ἀλλὰ
922 812 1006 878 τί;
1043 813 1195 883 Λέγε
1224 814 1307 867 σὺ
1336 812 1590 881 πρῶτος.
1622 814 1775 883 φησὶ,

188 900 300 964 τὰς
328 899 581 967 ἀνομίας
610 912 747 950 σου.
786 894 859 949 Τὸ
890 894 1220 967 ζητούμενον
1236 895 1397 951 τοῦτό
1429 898 1597 951 ἐστιν’
1632 898 1691 949 οὐ
1720 895 1779 949 τό

187 984 370 1037 εἰπεῖν
396 981 606 1045 ἁπλῶς,
625 980 760 1035 ἀλλά
772 979 834 1033 τὸ
858 980 1077 1052 πρῶτον
1094 982 1291 1047 εἰπεῖν,
1306 981 1368 1034 τὸ
1396 980 1470 1053 μὴ
1491 981 1779 1049 ἀναμεῖναι

187 1067 284 1120 τὸν
310 1065 603 1135 ἐλέγχοντα
632 1064 727 1118 καὶ
755 1061 1190 1135 κατηγοροῦντα.
1222 1056 1389 1125 Οὗτος
1428 1061 1487 1116 δὲ
1519 1061 1621 1115 οὐκ
1654 1056 1778 1114 εἶπε

188 1148 433 1221 πρῶτος,
468 1148 606 1203 ἀλλά
636 1148 922 1219 ἀνέμεινεν
964 1147 1288 1219 ἐλεγχθῆναι
1320 1144 1473 1219 παρά
1499 1145 1591 1199 τοῦ
1616 1143 1774 1210 Θεοῦ,

192 1233 402 1306 μᾶλλον
420 1234 477 1287 δὲ
506 1234 602 1287 καὶ
630 1232 947 1303 ἐλέγχοντος
971 1234 1209 1304 ήρνείτο.
1247 1231 1387 1286 Ἀλλ’
1417 1230 1605 1302 ἐπειδὴ
1631 1229 1779 1298 ama

187 1316 363 1381 ἔδειξε
401 1316 463 1370 τὸ
487 1315 782 1387 γενόμενον
817 1314 1090 1386 φανερῶς,
1134 1314 1255 1367 τότε
1292 1310 1415 1368 εἷπε
1450 1314 1550 1386 τὴν
1600 1314 1780 1385 άμαρ-

185 1400 339 1461 τίαν,
378 1400 518 1470 ὅπερ
559 1399 661 1452 οὐκ
701 1398 851 1452 ἐστιν
902 1397 1291 1468 ἐξομολόγησις
1336 1395 1541 1451 λοιπόν.
1573 1397 1682 1450 Καὶ
1714 1397 1777 1448 σὺ

184 1483 395 1546 τοίνυν,
431 1483 705 1555 ἀγαπητέ,
743 1481 963 1536 ἐπειδάν
1000 1482 1275 1553 ἁμάρτῃς,
1314 1482 1389 1553 μὴ
1420 1481 1658 1552 ἀνάμενε
1681 1479 1779 1551 τὴν

185 1568 327 1637 παρ’
339 1565 525 1637 ἐτέρου
544 1565 901 1638 κατηγορίαν,
920 1565 1058 1621 ἀλλά
1086 1566 1214 1637 πρὶν
1240 1565 1307 1619 ἀν
1332 1564 1365 1637 ἢ
1395 1562 1779 1636 κατηγορηθῇς

185 1654 290 1706 καὶ
336 1650 656 1722 διαϐληθῇς,
694 1651 762 1705 σὺ
808 1650 1188 1720 καταγίνωσκε
1229 1650 1339 1703 τῶν
1368 1649 1777 1722 γεγενημένων,

181 1735 269 1799 ὡς
305 1735 402 1788 ἐὰν
429 1735 619 1807 ἐτερος
651 1733 850 1809 ἐλέγξῃ
888 1734 1107 1799 λοιπὸν,
1147 1734 1249 1788 οὐκ
1286 1733 1367 1787 ἐτι
1427 1733 1527 1805 τῆς
1559 1734 1657 1803 σῆς
1690 1732 1779 1797 ἐξ·

183 1819 578 1891 ομολογήσεως
590 1819 654 1874 τὺ
671 1818 1005 1891 κατόρθωμα
1022 1818 1253 1889 γίνεται,
1284 1817 1420 1873 ἀλλὰ
1448 1818 1548 1888 τῆς
1570 1816 1778 1872 ἐκείνου

185 1904 535 1975 κατηγορίας
564 1906 598 1975 ή
634 1903 945 1975 διόρθωσις.
987 1903 1089 1958 Διὰ
1119 1903 1279 1958 τοῦτο
1332 1904 1428 1958 καὶ
1478 1903 1638 1966 ἄλλος
1696 1902 1780 1968 τίς

188 2006 353 2060 φησι,
392 1990 631 2054 Δίκαιος
665 1988 884 2043 ἑαυτοῦ
928 1988 1259 2059 κατήγορος
1282 1989 1354 2043 ἐν
1384 1988 1777 2058 πρωτολογίᾳ.

191 2074 361 2127 "(late
407 2074 468 2127 οὐ
488 2073 673 2128 ίτοῦτό
707 2076 823 2128 ἐστι
864 2073 928 2127 τὸ
974 2074 1328 2145 ζητούμενον,
1360 2073 1423 2126 τὸ
1451 2075 1780 2144 κατηγορεῖν

191 2156 416 2220 ἑαυτοῦ,
454 2156 593 2211 ἀλλά
633 2156 695 2210 τὺ
728 2156 945 2230 πρῶτον
972 2157 1168 2211 ἐαυτοῦ
1198 2159 1549 2228 κατηγορεῖν,
1588 2156 1683 2208 καὶ
1721 2154 1781 2208 τὸ

194 2240 271 2311 μὴ
301 2240 597 2310 ἀναμένειν
622 2240 751 2305 τοὺς
791 2240 923 2312 παρ’
956 2239 1160 2310 ἐτέρων
1187 2239 1464 2309 ἐλέγχους.

276 2324 342 2375 '0
374 2322 511 2391 γοῦν
560 2321 768 2393 Πέτρος
817 2323 957 2393 μετά
1007 2322 1107 2393 τὴν
1149 2321 1380 2392 ἄρνησιν
1438 2320 1653 2391 ἐκείνην
1682 2321 1781 2393 τὴν

186 2406 462 2477 χαλεπὴν,
490 2405 679 2478 ἐπειδὴ
716 2406 929 2477 ταχέως
960 2406 1153 2460 ἐαυτὸν
1175 2405 1447 2476 ἀνέμνησε
1476 2404 1576 2475 τῆς
1606 2406 1783 2477 ἀμαρ-

183 2491 338 2553 τίας,
368 2490 467 2543 καὶ
499 2488 728 2560 μηδενὸς
760 2488 1199 2561 κατηγοροῦντος
1228 2488 1382 2557 ἐλεγε
1417 2489 1559 2560 τὴνι)
1595 2489 1780 2559 πλημ-

188 2574 444 2645 μέλειαν,
474 2574 569 2628 καὶ
596 2573 825 2628 ἐκλαυσε
860 2573 1098 2645 πικρῶς.
1127 2573 1300 2637 οὕτως
1339 2574 1643 2643 ἀπενίψατο
1679 2574 1780 2644 τὴν

183 2656 426 2727 ἄρνησιν
458 2658 698 2729 ἐκείνην,
744 2657 820 2721 ὠς
850 2657 943 2711 καὶ
976 2656 1193 2727 πρῶτος
1221 2656 1472 2726 γενέσθαι
1505 2657 1614 2711 τῶν
1644 2659 1781 2711 ἀπο-

187 2742 427 2805 στόλων,
478 2743 574 2795 καὶ
604 2740 704 2812 τὴν
737 2740 1065 2812 οἰκουμένην
1101 2740 1511 2811 ἐγχειρισθῆναι
1537 2740 1778 2796 ἅπασαν.

197 2824 349 2878 Ἀλλ’
370 2826 510 2896 ὅπερ
524 2824 711 2893 ἔλεγον
743 2823 847 2891 (δεῖ
880 2823 991 2895 γὰρ
1016 2823 1110 2877 ἐπὶ
1146 2824 1208 2877 τὸ
1236 2825 1598 2895 προκείμενον
1615 2825 1781 2879 ἐπαν-

183 2908 392 2977 ελθεῖν)
457 2908 657 2974 ίκανῶς
690 2910 825 2980 ἡμῖν
857 2907 1109 2964 ἐντεῦθεν
1132 2908 1413 2975 ἀπέδειξεν
1440 2910 1470 2961 ὁ
1490 2909 1667 2978 λόγος,
1696 2911 1779 2964 ὅτι

183 2994 511 3048 πιπτόντων
531 2995 594 3048 οὐ
622 2992 731 3065 χρὴ
754 2991 864 3047 τῶν
893 2992 1141 3063 ἀδελφῶν
1183 2992 1429 3062 ἀμελεῖν,
1464 2992 1586 3047 οὐδὲ
1618 3009 1781 3048 καταο

183 3080 439 3148 φρονεῖν,
494 3076 610 3131 ἀλλ’
653 3074 1054 3147 ἀσφαλίζεσθαι
1110 3075 1210 3147 μὲν
1263 3075 1462 3139 αὐτοὺς
1516 3074 1625 3147 πρὸ
1678 3079 1779 3149 τῆς

180 3162 496 3234 ἁμαρτίας.
533 3160 736 3233 πολλὴν
777 3160 835 3215 δέ
870 3160 967 3216 καὶ
1017 3161 1157 3232 μετά
1197 3159 1296 3232 τήν
1340 3160 1613 3232 ἁμαρτίαν
1649 3162 1778 3233 περὶ¹

179 3249 396 3311 αὐτοὺς
440 3245 847 3301 ἐπιδείκνυσθαι
891 3245 1228 3318 ἐπιμέλειαν.
1274 3244 1431 3299 υῦτω
1465 3245 1559 3299 καὶ
1603 3245 1777 3316 ίατροὶ

182 3329 445 3385 ποιοῦσν
484 3328 705 3398 λέγουσι
761 3329 861 3400 μὲν
908 3330 1018 3400 γάρ
1048 3329 1144 3382 καὶ
1178 3329 1486 3395 ὑγιαίνουσι
1523 3332 1637 3392 τοῖς
1683 3324 1785 3382 ἀνέ

178 3413 438 3486 θρώποις
480 3412 518 3467 ἀ
551 3411 776 3466 δύναται
810 3412 1142 3484 διατηρῆσαι
1180 3411 1279 3483 τὴν
1321 3412 1534 3479 ὑγίειαν
1569 3413 1775 3476 αὐτοῖς,

178 3497 286 3551 καὶ
329 3499 518 3550 πᾶσαν
555 3494 1004 3568 ἀποκρούσασθαι
1058 3495 1240 3549 νόσον·
1283 3494 1666 3567 ἀμελήσαντας
1719 3496 1777 3550 δὲ

178 3581 300 3636 τῶν
358 3582 774 3653 ἐπιταγμάτων,
813 3583 907 3635 καὶ
941 3581 1224 3653 ἀρρωστίᾳ
1282 3580 1682 3653 περιπεσόντας
1714 3581 1775 3634 οὐ

177 3664 537 3737 παρορῶσιν,
595 3663 730 3718 ἀλλά
761 3665 857 3719 καὶ
901 3664 1105 3735 πολλὴν
1144 3664 1379 3735 μάλιστα
1419 3663 1541 3716 τότε
1572 3663 1777 3717 ἐπιδεί-

174 3765 426 3801 κνυνται
486 3748 767 3819 πρόνοιαν,
825 3749 974 3811 ὅπως
1010 3749 1210 3811 αὐτοὺς
1270 3746 1620 3812 ἀπαλλάξωσι
1670 3746 1777 3800 τῶν

176 3831 542 3902 νοσημάτων.
592 3831 750 3885 Οῦτω
782 3832 877 3885 καὶ
917 3834 946 3885 6
980 3830 1191 3895 Παῦλος
1224 3832 1449 3902 ἐποίησε
1470 3847 1484 3860 ·
1520 3831 1612 3884 τὸν
1646 3830 1777 3898 γοῦν

178 3914 607 3986 ⁴ιτεττορνευκότα
640 3914 781 3985 μετὰ
808 3914 910 3987 τὴν
932 3915 1208 3987 ἁμαρτίαν
1241 3914 1478 3985 ἐκείνην,
1513 3914 1654 3984 μετά
1679 3913 1779 3984 τὴν

175 4000 548 4071 παρανομίαν
574 3999 672 4072 τὴν
726 3987 989 4072 χαλεπὴν,
1024 3999 1122 4072 τήν
1149 3999 1269 4053 οὐδὲ
1317 4001 1373 4053 ἐν
1404 4002 1516 4062 τοῖς
1568 3997 1778 4051 ἔθνεσιν

170 4084 622 4157 εὐρισκομένην,
646 4085 707 4139 οὐ
731 4085 1009 4157 παρεῖδεν,
1038 4084 1172 4138 ἀλλὰ
1195 4084 1289 4138 καὶ
1313 4083 1649 4154 ἀφηνιῶντα,
1686 4082 1779 4136 καὶ

174 4171 271 4241 μὴ
308 4169 636 4240 βουλόμενον
653 4169 914 4235 δέξασθαι
939 4169 1038 4240 τὴν
1067 4168 1441 4238 ίατρείαν,καὶ
1472 4166 1779 4238 σκιρτῶντα

167 4254 291 4308 καὶ
318 4252 713 4326 ἀποπηδῶντα,
740 4255 1089 4324 ἐπανήγαγεν
1105 4253 1197 4304 ἐπὶ
1223 4250 1324 4323 τὴν
1351 4250 1672 4323 θεραπείαν,
1686 4251 1781 4303 καὶ

163 4336 371 4401 οὕτως
410 4338 756 4408 ἐπανήγαγεν
781 4377 797 4402 ,
849 4335 994 4391 ὥστε
1046 4335 1244 4390 ἐνῶσαι
1281 4334 1358 4406 τῷ
1395 4333 1610 4404 σώματι
1679 4333 1779 4403 τῆς

183 4422 538 4494 Ἐκκλησίας
572 4422 755 4477 πάλιν.
784 4422 895 4475 Καὶ
933 4421 1033 4475 οὐκ
1057 4415 1178 4474 εἷπε
1216 4419 1351 4491 πρὸς
1378 4417 1598 4472 ἑαυτόν·
1630 4418 1695 4470 Τί
1722 4417 1779 4469 δὲ

160 4508 252 4561 τὸ
286 4507 449 4561 πλέον
473 4525 488 4573 ;
521 4508 574 4561 τί
603 4508 659 4562 δέ
682 4508 744 4561 τὸ
773 4506 997 4576 ⁹ίς;›ελος;
1025 4504 1340 4576 ἐπόρνευσε,
1376 4503 1476 4573 τὴν
1505 4501 1781 4573 ἁμαρτίαν

158 4590 515 4663 εἰργάσατο,
544 4590 665 4645 οὐδὲ
691 4590 994 4660 ἀποστῆναι
1042 4587 1289 4658 βούλεται
1341 4586 1441 4656 τῆς
1471 4584 1780 4653 ἀσελγείας,

154 4673 332 4730 ἀλλά
364 4676 461 4727 καὶ
494 4674 856 4744 πεφυσίωται,
889 4673 986 4728 καὶ
1021 4672 1163 4744 μέγα
1192 4673 1401 4743 φρονεῖ,
1431 4669 1525 4727 καὶ
1560 4668 1782 4722 ἀνίατον

147 4758 249 4814 τὸ
268 4755 431 4821 ἕλκος
445 4758 743 4829 ἐργάζεται
763 4774 777 4789 ·
801 4756 1030 4829 ἀφῶμεν
1063 4756 1243 4810 τοίνυν
1276 4756 1461 4818 αὐτὸν,
1494 4755 1587 4809 καὶ
1615 4755 1783 4823 ἐγκα-

148 4842 565 4913 ταλείψωμεν.
602 4842 770 4897 Οὐδὲν
796 4841 1004 4896 τούτων
1023 4837 1177 4895 εἶπεν
1196 4857 1210 4871 ·
1246 4840 1385 4895 ἀλλά
1429 4840 1496 4894 δι’
1526 4838 1657 4894 αὐτὸ
1682 4837 1781 4909 μὲν

139 4923 289 4985 οὖν
324 4926 485 4981 τοῦτο
514 4927 755 4999 μάλιστα
789 4926 960 4999 πολλῇ
983 4925 1106 4979 τότε
1135 4926 1410 4997 ἐχρήσατο
1434 4927 1500 4996 τῇ
1532 4923 1779 4997 προνοίᾳ,

144 5010 386 5084 ιταιδὴ
418 5012 559 5085 πρὸς
597 5011 804 5081 ἄφατον
841 5009 1004 5064 αὐτὸν
1028 5005 1139 5064 είδε
1176 5010 1375 5064 κακίαν
1408 5009 1783 5082 ἐξολισθήσαν-

142 5118 282 5161 τα,
323 5098 419 5152 καὶ
445 5100 547 5153 οὐκ
596 5097 811 5169 ἀπέστη
857 5098 1059 5168 φοδῶν,
1097 5097 1361 5160 ἀπειλῶν,
1388 5097 1653 5163 κολάζων,
1688 5097 1783 5150 καὶ

140 5185 255 5241 δι’
301 5181 498 5237 ἐαυτοῦ
537 5181 632 5235 καὶ
660 5181 728 5236 δι’
753 5180 959 5252 ἐτέρων
988 5180 1203 5235 πολλῶν
1229 5178 1378 5253 [678]
1413 5180 1591 5234 πάντα
1613 5179 1783 5233 ποιῶν

143 5268 293 5326 καὶ
344 5265 894 5337 πραγματευόμενος,
943 5265 1049 5330 ἕως
1073 5265 1139 5319 ἂν
1172 5264 1334 5318 αὐτὸν
1373 5266 1451 5328 είς
1485 5265 1781 5334 ἐπίγνωσιν

141 5356 396 5424 ἤνεγκε
423 5350 522 5420 τῆς
546 5348 847 5421 ἁμαρτίας,
878 5350 958 5413 είς
987 5347 1241 5420 αἴσθησιν
1271 5348 1372 5421 τῆς
1416 5346 1779 5419 παρανομίας,

159 5433 299 5491 καὶ
309 5434 496 5487 τέλεον
519 5432 681 5487 αὐτὸν
702 5431 979 5505 ἀπήλλαξε
1004 5433 1103 5505 τῆς
1127 5432 1340 5504 κηλῖδος
1358 5432 1595 5504 ἀπάσης.
1611 5430 1782 5486 Τοῦτο

256 5650 284 5669 -
314 5634 546 5700 Quinque
569 5648 683 5684 mss.
706 5635 763 5684 τὸ
785 5636 1060 5700 ἁμάρτημα.

248 5700 291 5742 1)
312 5698 538 5762 Quinque
559 5710 677 5762 mss:
701 5697 1077 5762 κατηγοροῦντος
1091 5698 1269 5762 ἐπέγνω
1287 5698 1389 5757 τήν.

261 5755 391 5808 es“:
416 5755 537 5811 ed“.
567 5757 717 5809 Savil.
762 5755 993 5810 οιίιὶυιιί
1038 5774 1148 5809 ωδε.
1186 5755 1361 5809 Ματρί.
1389 5772 1505 5810 vero
1546 5755 1781 5815 τοσαύτην

499 5856 762 5914 Panum.
811 5854 927 5911 Gn.
980 5851 1258 5912 XLVI”.

3365 271 3470 325 93.!

1886 404 1951 479 δὴ
1981 408 2076 462 καὶ
2113 409 2178 461 σὺ
2210 405 2438 477 ποίησον
2466 421 2479 435 ο
2532 403 2772 476 μίμησαι
2805 403 2897 456 τὸν
2930 402 3280 475 Σαμαρείτην
3331 404 3474 456 ἐκεῖ·

1884 506 1996 555 νον,
2030 490 2122 545 τὸν
2146 492 2203 543 ἐν
2242 489 2320 560 τῷ
2345 488 2663 559 Εὐαγγελίῳ
2711 486 2985 557 τοσαύτην
3025 487 3154 557 περὶ
3182 486 3273 539 τὸν
3299 501 3474 558 τραυ-

1889 575 2087 645 ματίαν
2122 575 2327 628 ἐκεῖνον
2360 570 2767 640 ἐπιδειξάμενον
2822 568 3079 641 πρόνοιαν
3113 579 3160 623 ο.
3210 569 3318 622 Καὶ
3364 570 3475 641 γὰρ

1884 660 2003 711 ἐκεῖ
2048 656 2294 728 παρῆλθε
2327 655 2585 724 Λευίτης,
2636 653 2881 724 παρῆλθε
2913 653 3007 706 καὶ
3030 654 3342 724 Φαρισαῖος,
3378 651 3477 707 καὶ

1885 741 2165 811 οὐδέτερος
2202 737 2535 808 ἐπεκάμφθη
2574 737 2712 807 πρὸς
2748 739 2840 790 τὸν
2888 735 3161 805 κείμενον,
3197 734 3313 788 ἀλλ’
3344 735 3476 805 ἀνη-

1885 821 2024 886 λεῶς
2057 824 2154 876 καὶ
2176 820 2344 893 ὠμῶς
2370 820 2601 888 ἀφέντες
2627 820 2810 880 αὐτὸν,
2841 818 3105 889 ἀπῆλθον.
3128 818 3478 890 Σαμαρείτης

1884 908 1942 960 δέ
1969 904 2074 971 τιςζ
2100 906 2252 960 οὐδὲν
2284 904 2431 976 αὐτῷ
2449 906 2742 975 προσήκων
2770 902 3091 974 οὐδαμόθεν,
3116 902 3177 955 οὐ
3202 901 3479 974 παρέδρα-

1889 1007 2010 1060 μεν,
2050 990 2168 1043 ἀλλ’
2199 988 2430 1053 ἐπιστὰς
2468 989 2796 1058 κατηλέησε,
2843 988 2939 1040 καὶ¹
2968 986 3266 1052 ἐπέσταξεν
3296 985 3479 1041 ἔλαιον

1886 1074 1983 1126 καὶ
2018 1069 2160 1128 οἶνον
2181 1091 2195 1104 ·
2226 1072 2495 1141 ἐπέθηκεν
2520 1073 2612 1124 ἐπὶ
2640 1071 2731 1124 τὸν
2765 1070 2885 1123 όνον
2908 1068 2961 1135 ἀ,
2992 1070 3201 1141 ἤγαγεν
3224 1072 3303 1133 είς
3337 1087 3476 1124 παν-

1885 1155 2113 1228 δοχεῖον,
2154 1156 2249 1211 καὶ
2283 1154 2548 1228 ἀργύριον
2581 1154 2642 1208 τὸ
2666 1155 2765 1225 μὲν
2809 1153 2999 1217 ἔδωκε,
3032 1153 3094 1207 τὸ
3120 1153 3175 1206 δὲ
3207 1152 3480 1225 ὑπέσχετο

1887 1242 2029 1313 ὑπὲρ
2053 1244 2154 1313 τῆς
2198 1240 2294 1296 τοῦ
2344 1240 2511 1313 μηδὲν
2555 1239 2704 1311 αὐτῷ
2732 1240 3104 1311 προσήκοντος
3150 1238 3473 1312 θεραπείας.

1886 1326 1998 1378 Καὶ
2048 1325 2147 1378 οὐκ
2192 1318 2311 1378 εἷπε
2357 1323 2494 1395 πρὸς
2542 1323 2766 1388 ἐαυτὸν,
2806 1323 2871 1376 Τί
2896 1322 2955 1376 δέ
3005 1340 3096 1393 μοι
3153 1322 3303 1394 μέλει
3341 1323 3473 1392 περὶ

1885 1408 2106 1476 τούτους
2162 1407 2516 1479 Σαμαρείτης
2570 1407 2708 1477 εἰμὶ,
2762 1405 2918 1460 οὐδὲν
2970 1406 3150 1460 κοινὸν
3186 1406 3293 1476 ἔχω
3340 1405 3478 1477 πρὸς

1885 1492 2077 1545 αὐτόν·
2115 1492 2308 1563 πόρρω
2338 1490 2442 1561 τῆς
2477 1489 2689 1553 πόλεώς
2712 1493 2903 1560 ἐσμεν,
2929 1489 3051 1542 οὐδὲ
3078 1488 3292 1559 βαδίσαι
3316 1488 3481 1541 δύνα-

1887 1593 1997 1630 ται.
2031 1577 2096 1629 Τί
2121 1576 2199 1639 δὲ,
2233 1575 2331 1629 ἐὰν
2360 1575 2434 1647 μὴ
2468 1575 2607 1645 πρὸς
2636 1573 2698 1627 τὸ
2731 1574 2909 1645 μῆκος
2949 1574 3162 1645 ἀρκέσῃ
3204 1573 3307 1644 τῆς
3342 1572 3481 1627 ὁδοι-

1889 1659 2111 1730 πορίας,
2154 1659 2337 1731 μέλλω
2363 1658 2554 1730 νεκρὸν
2584 1656 2976 1728 ἐπιφέρεσθαι,
3029 1656 3208 1727 μέλλω
3260 1658 3480 1726 σφαγῆς

1888 1743 2227 1808 ἁλίσκεσθαι,
2262 1741 2443 1812 μέλλω
2468 1739 2564 1794 τοῦ
2615 1740 2777 1811 φόνου
2832 1739 3133 1803 ὑπεύθυνος
3165 1736 3339 1806 εἶναις
3367 1740 3481 1793 Καὶ

1886 1828 1997 1900 γὰρ
2023 1827 2209 1881 πολλοὶ
2236 1825 2501 1890 πολλάκις
2563 1823 2856 1895 παριόντες
2884 1824 2980 1878 καὶ
3005 1823 3241 1894 ὁρῶντες
3263 1822 3480 1895 ἀνθρὼ-

1888 1930 2026 1977 πους
2070 1910 2427 1983 πεπληγότας
2476 1909 2570 1964 καὶ
2603 1907 2957 1981 σπαίροντας,
3002 1908 3093 1963 διὰ
3112 1907 3274 1962 τοῦτο
3308 1924 3479 1980 παρα-

1886 1997 2194 2068 τρέχουσιν,
2222 1996 2323 2050 οὐκ
2350 1993 2640 2057 ὀκνοῦντες
2676 1991 3003 2057 ἀνελέσθαι,
3032 1992 3156 2047 οὺδέ
3178 1992 3482 2065 χρημάτων

1888 2081 2215 2153 φειδόμενοι,
2247 2079 2387 2134 ἀλλὰ
2404 2079 2726 2143 δεδοικότες,
2761 2077 2837 2149 μὴ
2871 2078 2967 2132 καὶ
3000 2076 3156 2132 αὐτοὶ
3180 2104 3183 2115 ν
3203 2078 3284 2141 είς
3326 2075 3480 2129 δικα-

1890 2166 2114 2237 στήριον
2135 2162 2495 2228 ἐλκυσθῶσιν,
2519 2161 2596 2226 ὼς
2616 2162 2716 2234 τῆς
2745 2160 2965 2232 σφαγῆς
2991 2159 3305 2214 ὑπεύθυνοι.
3337 2157 3479 2211 Ἀλλ’

1887 2249 2095 2312 ἐκεῖνος
2125 2248 2277 2301 οὐδὲν
2298 2244 2504 2300 τούτων
2526 2245 2732 2299 ἔδεισεν
2758 2246 2787 2298 6
2815 2245 3023 2317 ἥμερος
3047 2244 3146 2298 καὶ
3173 2242 3481 2314 φιλάνθρω-

1891 2348 2011 2395 πος,
2042 2329 2180 2384 ἀλλά
2208 2329 2382 2383 ταῦτα
2414 2328 2596 2383 πάντα
2626 2328 2901 2400 ὑπεριδὼν
2948 2327 3221 2398 ἐπέθηκεν
3259 2326 3353 2379 ἐπὶ
3385 2324 3480 2379 τόν

1886 2414 2026 2479 δνον,
2062 2414 2157 2469 καὶ
2186 2416 2267 2479 εἰς
2293 2413 2611 2485 πανδοχεῖον
2640 2414 2879 2483 ήγαγεν·
2914 2410 3067 2466 οὐδὲν
3094 2410 3302 2465 τούτων
3327 2410 3479 2464 ὑπεί-

1887 2498 2119 2562 δετο,⁴οὐ
2152 2498 2422 2564 κίνδυνον,
2476 2499 2537 2552 οὐ
2578 2498 2880 2571 χρημάτων
2920 2496 3191 2566 δαπάνην,
3218 2496 3320 2549 οὐκ
3350 2494 3481 2550 ἀλλο

1887 2582 2062 2635 οὐδέν.
2094 2582 2158 2634 El
2208 2581 2273 2647 δὲ,
2298 2584 2328 2635 6
2362 2582 2711 2654 Σαμαρείτης
2761 2580 2904 2634 οῦτω
2958 2578 3340 2651 φιλάνθρωπος
3385 2578 3481 2630 καὶ

1886 2664 2097 2735 ἥμερος
2150 2665 2343 2734 γέγονε
2398 2665 2532 2737 περὶ
2580 2664 2869 2737 ἄνθρωπον
2918 2664 3222 2732 ἄγνωστον,
3260 2661 3385 2714 τίνα
3412 2659 3480 2715 ἀν

1885 2747 2107 2821 ἔχοιμεν
2136 2747 2470 2820 συγγνώμην
2500 2750 2683 2820 ἡμεῖς,
2714 2747 2823 2803 τῶν
2845 2747 3092 2817 ἀδελφῶν
3125 2745 3233 2799 τῶν
3260 2741 3478 2798 οἰκείων

1886 2830 2219 2903 ἀμελοῦντες
2248 2832 2344 2885 ἐπὶ
2373 2831 2586 2903 μείζοσι
2614 2833 2836 2897 κακοίς;
2864 2831 2976 2884 Καὶ
3006 2830 3115 2900 γάρ
3147 2828 3243 2883 καὶ
3262 2822 3407 2882 οῦτοι
3431 2828 3482 2880 οἱ

1885 2913 1982 2969 νῦν
2006 2915 2403 2986 νηστεύσαντες
2443 2914 2669 2987 λῃσταῖς
2686 2913 3013 2985 περιέπεσον
3036 2915 3151 2976 τοῖς
3184 2910 3480 2975 Ἰουδαίοις,

1888 2998 2091 3069 μᾶλλον
2122 2998 2181 3052 δέ
2226 2997 2443 3071 λῃστῶν
2469 2997 2732 3052 ἀπάντων
2776 2996 3207 3067 χαλεπωτέροις,
3244 2994 3340 3048 καὶ
3371 2994 3482 3065 μεί-

1886 3083 2016 3147 ζονα
2065 3084 2195 3146 τοὺς
2257 3083 2339 3146 είς
2393 3081 2593 3145 αὐτοὺς
2641 3080 3019 3150 ἐμπίπτοντας
3084 3077 3481 3151 ἐργαζομένοις

1885 3166 2051 3221 κακά.
2081 3166 2156 3219 Οὐ
2189 3165 2298 3237 γάρ
2347 3165 2418 3219 τά
2475 3164 2670 3236 ἱμάτια
2703 3163 2885 3218 αὐτῶν
2916 3162 3314 3236 περιέρρηξαν,
3354 3160 3481 3215 οὐδὲ

1882 3248 1963 3320 τῷ
1989 3247 2201 3319 σώματι
2231 3247 2449 3319 πληγάς
2481 3248 2787 3318 ἐπήγαγον,
2804 3246 3061 3318 καθάπερ
3085 3247 3287 3301 ἐκεῖνοι
3330 3243 3480 3307 τότε,
3544 3270 3549 3277 ο

1884 3332 2020 3387 ἀλλά
2042 3332 2141 3404 τὴν
2164 3332 2340 3403 ψυχὴν
2374 3332 2748 3402 κατέτρωσαν,
2782 3332 2879 3386 καὶ
2909 3330 3079 3402 μυρία
3120 3329 3258 3400 αὐτῇ
3312 3327 3480 3397 τραύ-

1889 3434 2038 3487 ματα
2063 3416 2267 3481 δόντες,
2303 3413 2481 3478 οῦτως
2508 3414 2773 3485 ἀπῆλθον,
2825 3414 3057 3483 ἀφέντες
3087 3415 3145 3467 ἐν
3180 3412 3257 3484 τῷ
3288 3411 3480 3482 λάκκῳ

1883 3500 1983 3571 τῆς
2009 3499 2264 3563 ἀσεϐείας
2305 3498 2617 3569 κειμένους.

1952 3667 2002 3725 6'.
2043 3666 2137 3737 Μὴ
2164 3665 2228 3737 δὴ
2250 3665 2563 3738 παρίδωμεν
2591 3664 2898 3736 τραγῳδίαν
2920 3663 3197 3735 τοιαύτην,
3219 3663 3355 3735 μηδέ
3372 3679 3479 3719 πα-

1889 3752 2252 3823 ραδράμωμεν
2282 3748 2527 3819 ἀνηλεῶς
2551 3747 2695 3802 οῦτω
2726 3747 2907 3818 θέαμα
2935 3748 3187 3811 ἐλεεινὸν,
3215 3747 3353 3800 ἀλλά
3373 3749 3480 3802 κᾶν

1884 3838 2062 3907 ἐτεροι
2095 3834 2253 3887 τοῦτο
2288 3833 2502 3890 ποιῶσι.
2543 3832 2607 3885 σὺ
2636 3831 2711 3901 μὴ
2739 3833 3001 3903 ποιήσῃς⁹
3042 3831 3118 3902 μὴ
3146 3832 3308 3904 εῐπῃς
3338 3830 3482 3902 πρὸς

1888 3918 2133 3982 σεαυτὸν,
2164 3915 2434 3987 Κοσμικός
2468 3917 2583 3986 εἰμι
2614 3914 2775 3987 ἀνὴρ,
2801 3917 3035 3984 γυναῖκα
3077 3913 3185 3985 ἔχω
3215 3914 3310 3967 καί
3352 3916 3478 3968 παῖ-

1884 4004 1981 4068 δας
2003 4044 2018 4068 ,
2064 4002 2241 4057 ταῦτα
2271 4002 2380 4054 τῶν
2422 3999 2614 4072 ίερέων
2650 3999 2805 4063 ἐστὶ,
2845 3996 3020 4052 ταῦτα
3061 3997 3172 4051 τῶν
3202 3996 3474 4069 μοναχῶν.

1886 4087 2021 4142 Οὐδὲ
2046 4086 2155 4159 γάρ
2184 4088 2212 4140 6
2244 4084 2593 4159 Σαμαρείτης
2619 4084 2827 4146 ἐκεῖνος
2863 4080 3037 4136 ταῦτα
3065 4075 3207 4135 εἷπε.
3242 4080 3351 4134 Ποῦ
3382 4080 3477 4133 νῦν

1887 4172 1938 4224 οἱ
1966 4172 2168 4244 ίερεῖς;
2212 4168 2317 4223 ποῦ
2356 4168 2451 4223 νῦν
2481 4167 2532 4220 οἱ
2564 4167 2888 4239 Φαρισαῖοι;
2919 4162 3023 4218 ποῦ
3047 4162 3157 4216 τῶν
3200 4163 3476 4217 Ἰουδαίων

1887 4256 1938 4308 οί
1977 4252 2322 4316 διδάσκαλοι;
2349 4251 2465 4305 ἀλλ’
2495 4250 2685 4321 ὥσπερ
2718 4266 2771 4302 τι
2810 4248 3038 4320 θήραμα
3079 4246 3338 4318 μέγιστον
3388 4248 3477 4300 εὐ.

1891 4337 2023 4409 ρὼν,
2048 4335 2222 4399 οὕτως
2250 4337 2466 4407 ἥρπασε
2492 4334 2554 4387 τὸ
2589 4332 2805 4403 κέρδος.
2838 4331 2953 4386 Καὶ
2986 4330 3053 4385 σὺ
3084 4328 3289 4395 τοίνυν,
3343 4330 3477 4387 ὃταν

1893 4421 2009 4495 ίδῃς
2024 4418 2145 4473 τινὰ
2160 4418 2413 4490 δεόμενον
2443 4417 2745 4488 θεραπείας
2770 4414 2804 4486 ἢ
2823 4413 3144 4486 σωματικῆς
3165 4412 3198 4485 ἢ
3214 4413 3474 4486 ψυχικῆς,

1893 4507 1967 4577 μὴ
1996 4506 2122 4574 λέγε
2144 4504 2281 4576 πρὸς
2310 4503 2525 4557 ἑαυτόνο
2551 4501 2707 4561 Τίνος
2730 4500 2919 4554 ἐνεκεν
2942 4499 2972 4551 ὁ
2998 4498 3147 4553 δεῖνα
3174 4498 3268 4553 καὶ
3287 4498 3478 4558 όδείνα

1890 4589 2053 4642 αὐτὸν
2081 4587 2182 4641 οὐκ
2208 4585 2584 4658 ἐθεράπευσεν
2610 4602 2624 4649 ;
2659 4583 2775 4637 ἀλλ’
2822 4582 3134 4648 ἀπάλλαξον
3161 4581 3263 4653 τῆς
3294 4584 3478 4656 ἀρῤωο

1893 4674 2069 4737 στίας,
2098 4672 2191 4725 καὶ
2214 4671 2288 4742 μὴ
2313 4668 2532 4724 ἀπαίτει
2548 4668 2794 4731 ἐκείνους
2814 4665 3046 4731 εὐθύνας
3068 4666 3172 4737 τῆς
3191 4665 3475 4739 ἀμελείας.

1891 4757 2020 4811 Ἐάν
2035 4754 2202 4828 εῦρῃς
2224 4753 2467 4824 χρυσίον,
2480 4752 2602 4808 είπέ
2622 4769 2733 4823 μοι,
2747 4750 3023 4821 κείμενον,
3040 4750 3115 4822 μὴ
3134 4749 3314 4817 λέγεις
3330 4748 3471 4821 πρὸς

1893 4838 2300 4902 σεαυτὸν,’1“ίνος
2328 4836 2515 4891 ἐνεκεν
2529 4836 2558 4888 6
2582 4836 2729 4891 δεῖνα
2756 4836 2849 4889 καὶ
2862 4834 2891 4887 6
2909 4833 3054 4888 δεῖνα
3067 4832 3200 4888 αὐτὸ
3220 4832 3322 4884 οὐκ
3338 4828 3480 4885 ἀνείο

1889 4926 2062 4990 λοντο,
2080 4921 2268 4977 ἀλλὀὐ
2299 4932 2323 4960 ο
2357 4918 2680 4983 σπουδάζεις
2719 4917 2826 4991 πρὸ
2855 4917 2966 4970 τῶν
2992 4915 3168 4971 ἀλλων
3196 4914 3476 4986 ἀρπάσαις

1888 5006 2051 5063 Οῦτω
2072 5006 2167 5062 καί⁵
2194 5003 2415 5059 ἐπὶτῶν
2436 5003 2807 5059 πεπτωκότων
2835 5000 3082 5070 ἀδελφῶν
3103 4997 3344 5068 λογίζου,
3377 4997 3476 5051 καὶ

1890 5090 2043 5165 [679]
2070 5090 2258 5162 νόμιζε
2290 5086 2565 5161 θησαυρὸν
2590 5086 2884 5158 εὑρηκέναι
2906 5085 3005 5155 τὴν
3025 5082 3345 5154 ἐπιμέλειαν
3374 5083 3475 5165 τὴν

1890 5162 2245 5230 ἐκείνων.”Αν
2265 5172 2376 5244 γὰρ
2393 5169 2691 5243 ἐπιστάξῃς
2717 5168 2866 5239 αὐτῷ
2898 5166 3149 5239 καθάπερ
3171 5166 3349 5220 ἐλαιον
3375 5162 3473 5219 τοῦ

1889 5259 2047 5328 λόγου
2065 5259 2164 5329 τὴν
2180 5255 2553 5319 διδασκαλίαν,
2571 5253 2638 5308 ἀν
2657 5253 2969 5327 καταδήσῃς
2985 5255 3049 5323 τῇ
3067 5251 3388 5323 προσηνείᾳ,
3406 5249 3477 5303 ἂν

1894 5345 2239 5418 θεραπεύσῃς
2273 5347 2341 5416 τῇ
2391 5341 2683 5414 καρτερία,
2739 5338 3017 5411 θησαυροῦ
3065 5337 3267 5401 παντὸς
3309 5335 3474 5390 εὐπο-

1890 5573 2231 5636 ἕπιδιιξάμενον
2250 5572 2325 5621 ἐπὶ
2347 5573 2443 5621 τῶν
2472 5567 2752 5681 τραυιμᾶτων

1953 5637 1979 5676 d
2004 5637 2205 5681 Aliauol
2228 5646 2337 5681 mss.
2368 5634 2444 5681 ἐπὶ
2463 5650 2558 5681 των
2621 5648 2741 5681 μων.
2766 5630 2846 5678 huc
2862 5636 2915 5679 et
2940 5628 3012 5680 mf

1953 5637 1979 5676 ά
2003 5628 2205 5697 Δηρυοι
2228 5634 2444 5697 magal
2463 5628 2558 5697 τῷν
2577 5628 2741 5697 ᾧμῳν,
2766 5628 2846 5697 hi0
2862 5636 2915 5697 eg
2940 5628 3079 5697 ωσι-ε.

1950 5702 1971 5723 ⁹
1995 5685 2115 5747 8³νῖ
2134 5697 2214 5744 καὶ
2246 5696 2320 5754 οὐ,
2345 5694 2518 5754 Monlf.
2568 5685 2710 5748 ἀλλά.
2732 5685 2868 5743 υιιόε
2891 5692 3098 5742 fecimus
3118 5689 3223 5741 ἀλλ’
3243 5687 3317 5742 οὗ.
3356 5685 3473 5741 l0!

1885 5759 2083 5823 quidam
2111 5748 2382 5823 διαρπάσαιῖ
2407 5757 2542 5807 ιδοιτ.
3039 5826 3119 5887 26
