4018 6190
215 347 317 400 ⁸)ῧῆ

207 465 540 524 sisanaveris
569 465 888 520 tolerantia:
932 465 1017 519 ille
1063 472 1110 520 te
1137 464 1289 518 faciet
1310 463 1550 518 ditiorem
1593 462 1779 533 quovis

199 559 476 616 thesauro.
513 557 613 624 Qui
637 557 770 611 enim
799 555 1026 611 eduxerit
1057 558 1329 626 pretiosum
1358 573 1388 608 a
1419 557 1524 620 vili,
1547 565 1782 625 tauquam

202 667 262 704 os
291 664 459 702 meum
487 648 585 702 erit
622 645 754 718 (Jer.
777 645 996 717 15.19),
1032 648 1200 717 inquit
1227 648 1334 702 ille.
1365 647 1500 716 Quid
1545 647 1665 701 huic
1693 662 1785 716 po-

191 740 329 792 terit
353 737 705 808 mquiparari?
733 737 883 802 Quod
913 751 1083 808 neque
1106 737 1366 807 jejunium
1389 780 1403 805 ,
1433 753 1604 808 neque
1639 737 1784 791 lmmi

194 839 436 900 peractae
467 829 811 896 cubationes,
857 845 1031 900 neque
1075 831 1383 900 pervigilia,
1431 847 1602 900 neque
1642 831 1784 884 aliud

197 923 472 994 quidpiam
505 931 681 992 potest
720 921 969 990 efficere,
1013 923 1063 977 id
1091 923 1258 978 efficit
1298 922 1476 977 fratris
1505 935 1784 993 procurata

199 1017 372 1071 salus.
416 1016 601 1087 Cogita
632 1031 789 1086 quam
829 1016 992 1070 multa
1035 1025 1182 1071 tuum
1221 1031 1281 1072 os
1329 1015 1631 1085 frequenter
1665 1030 1787 1086 pec-

200 1108 428 1174 caverit,
455 1123 612 1178 quam
641 1108 804 1162 nmlta
832 1106 996 1163 verba
1020 1109 1271 1164 obscmna
1301 1109 1598 1178 protulerit,
1629 1123 1786 1177 quam

205 1197 374 1257 multa
397 1198 636 1252 convicia
657 1237 674 1264 ,
696 1213 855 1267 quam
875 1199 1042 1253 multa
1069 1199 1348 1254 maledicta
1373 1200 1674 1254 evomuerit
1693 1241 1707 1264 ,
1735 1209 1789 1254 et

203 1291 429 1345 omnino
453 1291 717 1360 suscipies
752 1289 971 1360 collapsi
1013 1305 1216 1346 curam.
1252 1290 1383 1345 Nam
1412 1291 1512 1345 hoc
1554 1305 1660 1344 uno
1697 1291 1789 1345 be-

204 1381 420 1436 nefacto
443 1396 656 1436 omnem
688 1381 830 1435 illam
850 1381 1028 1436 delere
1053 1381 1310 1436 maculam
1334 1381 1552 1450 poteris.
1577 1380 1644 1435 Et
1664 1380 1787 1450 quid

205 1472 334 1526 dico
359 1470 572 1526 delere?
597 1471 783 1526 Facies
807 1480 866 1526 ut
885 1471 955 1526 sit
983 1486 1043 1528 os
1070 1480 1218 1526 tuum
1251 1472 1388 1526 sicut
1417 1487 1476 1526 os
1506 1472 1620 1526 Dei.
1650 1472 1788 1540 Quid

209 1561 340 1615 huic
386 1559 573 1615 honori
624 1563 793 1630 possit
828 1561 1181 1632 aequipa’rari?
1209 1561 1323 1616 Non
1352 1563 1492 1616 enim
1544 1577 1643 1633 ego
1690 1562 1787 1616 ista

203 1652 498 1719 polliceor;
526 1651 638 1720 ipse
678 1651 819 1706 Deus
847 1651 949 1706 hoc
990 1652 1138 1708 dixit.
1185 1652 1241 1708 Si
1283 1669 1443 1707 unum
1487 1654 1788 1724 quempiam

205 1745 480 1810 eduxeris,
513 1744 703 1814 inquit,
733 1753 792 1801 ut
831 1760 892 1800 os
935 1760 1144 1811 meum,
1178 1747 1279 1801 erit
1307 1762 1369 1802 os
1411 1755 1557 1801 tuum
1600 1762 1789 1816 purum

205 1847 582 1906 sanctumque.
626 1835 704 1891 Ne
757 1836 916 1906 igitur
959 1837 1288 1908 negligemus
1341 1839 1564 1903 fratres,
1619 1855 1792 1908 neque

205 1926 608 1980 circumeuntes
636 1925 894 1991 dicamus,
923 1941 1080 1996 quam
1107 1927 1258 1982 multi
1284 1927 1610 1997 jejunarunt,
1632 1945 1790 1999 quam

209 2015 364 2068 multi
406 2015 681 2083 intercepti
708 2023 864 2083 sunt,
893 2015 985 2070 sed
1017 2030 1197 2070 curam
1235 2017 1527 2073 habeamus
1557 2019 1786 2074 illorum.

211 2105 436 2158 Etiamsi
484 2105 634 2159 multi
663 2105 768 2159 sint
803 2106 892 2175 qui
920 2106 1269 2176 jejunarunt:
1317 2117 1405 2173 tu,
1451 2109 1678 2176 dilecte,
1725 2126 1792 2164 ne

209 2198 434 2268 evulges
448 2197 852 2268 ignominiaeque
873 2213 1108 2268 exponas
1128 2199 1380 2255 Ecclesia:
1402 2201 1787 2267 calamitatem;

209 2289 308 2344 sed
338 2289 553 2344 medere
593 2290 787 2359 potius.
816 2289 884 2344 Et
921 2290 966 2345 si
996 2291 1114 2361 quis
1152 2290 1366 2355 dixerit,
1405 2293 1552 2347 multi
1584 2292 1793 2362 jejuna-

210 2389 358 2442 runt,
381 2381 570 2434 obtura
596 2381 669 2434 illi
697 2396 777 2446 os,
803 2397 870 2436 ne
897 2381 1041 2437 fama
1067 2382 1382 2453 divulgetur,
1407 2385 1562 2453 eique
1582 2384 1744 2439 dit-ito
1776 2403 1787 2438 :

210 2484 313 2541 ego
341 2470 608 2525 nemiuem
637 2472 792 2537 novi;
822 2472 1074 2542 deceptus
1103 2489 1162 2528 es
1181 2515 1195 2540 ,
1229 2475 1409 2539 homo,
1442 2473 1744 2545 fallerisque
1776 2493 1788 2529 :

210 2577 441 2633 cumque
489 2579 653 2618 unum
700 2573 863 2634 atque
911 2566 1132 2621 alterum
1174 2567 1522 2637 interceptum
1562 2569 1788 2634 videris,

212 2655 351 2708 dicis
387 2655 504 2708 illos
534 2670 655 2710 esse
697 2657 914 2712 multos.
955 2659 1033 2713 Ac
1072 2657 1294 2714 delatori
1336 2660 1548 2730 quidem
1579 2661 1793 2731 impone

207 2746 480 2801 silentium
511 2764 526 2802 :
554 2757 809 2803 caeterum
849 2764 944 2805 eos
980 2751 1071 2821 qui
1113 2751 1391 2823 intercepti
1434 2761 1558 2808 sunt
1599 2768 1668 2808 ne
1698 2769 1793 2809 ne-

208 2834 462 2906 glexeris,
511 2847 570 2892 ut
596 2839 844 2910 utrinque
886 2842 1048 2896 multa
1085 2844 1340 2898 securitas
1381 2845 1653 2917 contingat
1692 2845 1795 2900 Ec-

205 2928 411 2991 clesiae,
446 2938 555 2984 tum
599 2945 668 2985 ex
704 2945 770 2986 eo
805 2931 947 3002 quod
985 2934 1124 2988 fama
1161 2948 1266 2988 non
1311 2936 1382 2989 sit
1417 2936 1647 3008 vulgata,
1682 2948 1792 2992 tum

207 3019 354 3089 quod
395 3035 492 3077 eos
536 3022 682 3092 ipsos
721 3022 1044 3095 interceptas
1080 3025 1146 3081 ad
1193 3040 1404 3082 sacrum
1449 3044 1662 3100 gregem
1711 3046 1793 3085 re~

211 3110 452 3166 duxeris.

277 3201 500 3256 Peccata
519 3202 737 3272 fratrum
759 3205 1082 3277 corrigenda,
1103 3224 1202 3262 non
1225 3209 1497 3280 vulganda.
1518 3210 1675 3267 —Ne
1696 3212 1794 3282 igi-

206 3301 292 3347 tur
329 3292 733 3349 obambulantes
758 3296 1048 3352 referamus
1074 3299 1162 3369 qui
1186 3303 1549 3369 peccaverint;
1581 3303 1675 3357 sed
1717 3303 1794 3359 fe-

204 3383 470 3438 stinemus
486 3393 542 3437 ut
561 3398 655 3439 eos
671 3384 861 3452 solum,
887 3387 976 3457 qui
999 3397 1304 3457 peccarunt,
1326 3392 1668 3462 corrigamus.
1701 3393 1795 3448 Est

202 3473 350 3527 enim
378 3488 541 3542 prava
562 3477 914 3546 consuetudo,
945 3486 1148 3534 tantum
1176 3495 1428 3538 accusare
1455 3482 1664 3551 fratres,
1697 3501 1795 3541 nec

203 3563 421 3619 illorum
450 3579 629 3620 curam
663 3566 894 3635 habere;
923 3569 1137 3641 vulgare
1158 3573 1295 3627 mala
1319 3574 1672 3643 infirmorum,
1692 3592 1793 3632 nec

201 3655 435 3712 mederi.
463 3657 776 3715 Auferamus
818 3659 978 3730 igitur
1014 3662 1150 3717 hanc
1189 3677 1405 3733 pravam
1447 3667 1792 3721 consuetudi-

197 3763 351 3814 nem,
408 3749 667 3806 carissimi
698 3766 712 3804 :
744 3767 914 3822 neque
943 3754 1085 3808 enim
1116 3770 1178 3810 ea
1218 3755 1540 3812 mediocrem
1588 3769 1790 3828 pestem

200 3838 432 3893 invehit.
477 3838 546 3893 Et
573 3855 680 3910 quo
706 3850 880 3911 pacto,
909 3856 1010 3914 ego
1048 3845 1240 3900 dicam.
1270 3847 1485 3903 Audivit
1508 3849 1700 3920 aliquis
1729 3868 1793 3907 ex

203 3938 261 3984 te
300 3929 447 3998 quod
474 3933 625 3986 multi
673 3947 794 3987 cum
840 3933 1041 3990 Judaeis
1084 3936 1487 4009 jejunaverint;
1541 3942 1796 4015 nulloque

198 4023 489 4091 [immisso
526 4027 772 4081 examine
809 4027 899 4082 alii
937 4029 990 4083 in
1036 4031 1254 4086 verbum
1299 4035 1506 4104 aperuit
1549 4049 1564 4090 :
1608 4051 1795 4093 rursus

195 4114 294 4169 ille
325 4129 514 4189 parum
541 4124 793 4183 attentus,
837 4119 994 4174 alteri
1024 4119 1126 4176 hoc
1145 4122 1318 4192 ipsum
1343 4127 1622 4197 eloquutus
1664 4136 1747 4185 est
1776 4145 1791 4196 ;

195 4205 403 4262 deinde
432 4207 686 4278 paulatim
710 4208 810 4264 bac
839 4212 976 4266 mala
1003 4210 1140 4267 fama
1165 4216 1515 4285 increscente,
1546 4235 1795 4291 magnum

198 4298 429 4368 quidem
455 4301 708 4369 probrum
729 4301 1026 4360 offunditur
1069 4306 1360 4362 Ecclesiae:
1408 4309 1492 4366 his
1533 4327 1660 4369 vero
1703 4316 1794 4386 qui

193 4391 502 4461 perierunt,
533 4393 676 4448 nulla
704 4393 924 4452 affertur
949 4397 1170 4467 utilitas,
1201 4400 1331 4470 quin
1357 4402 1533 4472 potius
1578 4406 1787 4477 gravis-

194 4483 348 4538 sima
379 4498 538 4552 noxa,
572 4496 681 4540 tum
708 4486 812 4556 his,
863 4496 974 4544 tum
1003 4490 1143 4546 aliis.
1188 4492 1410 4549 Etiamsi
1454 4496 1596 4552 enim
1639 4500 1794 4569 pauci

191 4574 429 4640 fuerint,
458 4590 557 4632 nos
584 4587 761 4634 tamen
791 4594 886 4636 eos
914 4583 1221 4639 rumoribus
1261 4585 1445 4642 multis
1480 4589 1675 4644 multos
1717 4589 1794 4646 fa-

194 4669 406 4731 cimus,
432 4679 486 4724 et
520 4684 613 4724 eos
638 4672 726 4741 qui
767 4680 930 4738 stant,
971 4674 1344 4734 imbecilliores
1379 4679 1648 4736 reddimus
1677 4696 1692 4738 :
1741 4693 1796 4739 et

185 4771 300 4814 eos
329 4758 419 4827 qui
437 4758 502 4813 ad
529 4775 711 4816 casum
738 4763 1005 4832 proclives
1034 4775 1176 4834 sunt,
1225 4767 1567 4840 impellimus.
1601 4773 1795 4830 Frater

182 4851 353 4906 enim
373 4851 597 4908 audiens
620 4869 741 4911 esse
766 4858 963 4913 multos
989 4860 1076 4928 qui
1101 4859 1430 4933 jejunarunt,
1477 4867 1593 4938 ipse
1620 4871 1788 4940 negli-

179 4944 418 5016 gentior
439 4946 562 5000 erit.
592 4947 796 5005 Deinde
813 4967 998 5006 rursus
1022 4954 1110 5023 qui
1137 4955 1396 5012 infirmior
1425 4971 1526 5028 est,
1557 4960 1660 5017 hoc
1691 4978 1790 5018 au-

182 5037 323 5090 dito
352 5049 595 5094 accurret
617 5040 685 5096 ad
709 5043 1101 5100 multitudinem
1123 5061 1332 5116 eorum,
1355 5053 1442 5122 qui
1461 5055 1788 5114 ceciderunt.

180 5126 276 5183 Ne
330 5127 488 5197 igitur
528 5131 611 5185 vel
649 5147 812 5203 super
857 5135 978 5202 hoc,
1026 5137 1111 5193 vel
1137 5153 1302 5209 super
1336 5143 1441 5197 alio
1471 5147 1657 5213 quovis
1691 5148 1791 5202 im-

178 5219 378 5289 probo
402 5218 542 5275 facto
577 5224 921 5294 gaudeamus,
951 5229 1158 5284 etiamsi
1193 5232 1344 5287 multi
1379 5233 1572 5291 fuerint
1598 5252 1787 5307 pecca-

177 5319 370 5376 tores,
402 5312 470 5366 ita
497 5321 554 5366 ut
583 5315 922 5373 traducamus
945 5335 1062 5389 eos,
1085 5336 1148 5377 ac
1170 5322 1409 5381 dicamus
1435 5329 1630 5383 multos
1642 5344 1778 5396 esse,

176 5402 289 5456 sed
338 5403 517 5473 potius
557 5405 867 5465 obturemus
903 5425 996 5479 os,
1043 5422 1098 5468 et
1129 5429 1490 5472 coerceamus.
1535 5419 1612 5475 Ne
1655 5422 1787 5479 mihi

173 5495 426 5560 dixeris,
457 5498 609 5553 multi
639 5509 766 5555 sunt
788 5502 877 5572 qui
900 5503 1205 5574 jejunarunt
1225 5549 1241 5574 ,
1288 5509 1382 5565 sed
1425 5511 1620 5567 multos
1668 5515 1787 5572 illos

179 5588 426 5657 corrige.
450 5588 564 5643 Non
588 5591 706 5647 ideo
727 5593 860 5657 mihi
879 5607 1249 5668 consumptum
1270 5611 1350 5656 est
1369 5609 1568 5657 tantum
1592 5605 1783 5660 verbo-
1833 5597 1861 5626 ³

177 5693 343 5746 rum,
367 5688 429 5736 ut
456 5698 676 5741 accuses
703 5687 940 5755 multos;
968 5689 1064 5745 sed
1084 5700 1141 5746 ut
1169 5708 1234 5748 ex
1267 5694 1445 5749 multis
1469 5695 1629 5751 facias
1649 5709 1781 5760 ρειηο

169 5789 289 5827 eos
321 5790 334 5826 :
367 5774 478 5829 imo
507 5779 684 5846 potius
713 5794 779 5834 ne
809 5794 1007 5851 paucos
1027 5783 1238 5854 quidem
1258 5823 1276 5853 ,
1305 5785 1399 5842 sed
1425 5796 1478 5842 et
1509 5787 1605 5844 hos
1634 5788 1778 5860 ipsos

1404 350 1761 406 ADVERSUS
1799 334 2100 406 tumes.
2129 349 2265 405 vin.

3357 345 3461 399 931

1892 463 2053 516 etiam
2076 476 2249 516 sanes.
2275 459 2349 516 Ne
2373 462 2548 531 itaque
2573 460 2787 531 cvulges
2815 469 3045 530 peccata,
3065 461 3156 516 sed
3179 476 3324 515 sana.
3355 459 3473 518 Sic-

1895 564 1952 610 ut
1981 554 2120 610 enim
2151 555 2242 625 qui
2301 554 2566 624 evulgant,
2615 563 2669 611 et
2715 554 2840 610 huic
2875 563 3076 608 tantum
3119 554 3195 608 rei
3240 564 3466 608 vacant:

1892 645 2099 700 etiamsi
2116 645 2268 716 pauci
2283 645 2495 710 fuerint,
2514 646 2599 714 qui
2620 655 2990 715 peccaverunt,
3017 644 3213 699 faciunt
3229 655 3286 700 ut
3317 647 3470 700 inuiti

1891 751 2012 791 esse
2037 745 2286 805 putentur
2315 752 2329 786 :
2367 736 2447 790 sic
2475 736 2561 805 qui
2587 737 2864 803 cohibent,
2903 751 2966 791 ac
2999 736 3264 791 silentium
3294 737 3440 804 impo

1894 838 2026 884 nunt
2044 829 2452 896 traductoribus,
2473 829 2843 899 lapsorumque
2855 844 3033 883 curam
3054 829 3268 895 habent,
3285 830 3474 884 etiam-

1893 923 1938 976 si
1979 922 2128 976 multi
2160 921 2393 987 fuerint;
2440 931 2494 976 et
2520 936 2613 976 eos
2672 923 2814 992 ipsos
2849 923 3001 977 facile
3027 922 3330 990 corrigunt,
3371 936 3469 976 nec

1900 1014 2198 1082 quempiam
2230 1013 2411 1068 sinunt
2435 1029 2499 1067 ex
2521 1013 2711 1067 horum
2742 1013 2880 1068 fama
2919 1013 3060 1066 lardi.
3093 1012 3206 1065 Non
3243 1012 3469 1076 audisti,

1893 1104 2044 1171 Quod
2073 1104 2235 1158 David
2263 1103 2542 1173 deplorans
2573 1104 2810 1170 Saﬁlem,
2833 1103 2966 1158 dixit
2992 1121 3006 1156 :
3041 1103 3304 1170 Quomodo
3333 1102 3466 1154 ceci-

1895 1196 2077 1250 derunt
2110 1196 2374 1266 potentes?
2417 1195 2501 1250 Ne
2543 1196 2968 1250 annunciaveritis
3011 1196 3064 1249 in
3109 1193 3272 1261 Geth,
3317 1211 3473 1261 neque

1897 1286 2287 1355 prwdicaveritis
2313 1287 2365 1340 in
2392 1287 2484 1339 viis
2507 1287 2768 1341 Ascalonis
2785 1304 2806 1350 ,ο
2837 1303 2901 1342 ne
2927 1287 3158 1340 fatemur
3201 1285 3324 1351 ﬁlia:
3350 1285 3472 1338 alie-

1895 1379 2226 1448 nigenarum,
2271 1393 2428 1446 neque
2476 1377 2724 1432 exsultent
2744 1377 2869 1444 ﬁlia:
2891 1377 3352 1431 ineircumcisorum
3381 1375 3470 1446 (9.

1897 1469 2026 1541 Reg.
2061 1471 2111 1523 i.
2148 1470 2234 1525 l9.
2258 1468 2375 1542 ΞΟ).
2425 1469 2577 1538 Quod
2612 1471 2654 1524 si
2689 1470 2778 1524 ille
2803 1485 2914 1524 rem
2943 1469 3274 1523 manifestam
3306 1468 3473 1524 noluit

1897 1561 2154 1632 evulgari,
2184 1576 2251 1616 ne
2272 1562 2592 1616 adversariis
2618 1562 2850 1631 gigneret
2880 1562 3203 1630 voluptatem
3235 1577 3248 1614 :
3277 1570 3473 1632 quanto

1899 1652 2068 1722 magis
2095 1667 2200 1707 non
2227 1660 2438 1722 Oportet
2463 1653 2578 1706 hmc
2602 1652 2792 1708 efferre
2817 1652 2885 1706 ad
2912 1667 3069 1707 aures
3090 1653 3288 1707 alienas
3310 1668 3324 1704 :
3345 1653 3471 1722 quin

1896 1757 1997 1796 nec
2023 1742 2088 1796 ad
2121 1752 2422 1797 nostrorum
2447 1758 2606 1798 aures
2638 1760 2652 1797 :
2685 1752 2744 1797 ut
2767 1758 2937 1812 neque
2965 1743 3147 1798 hostes
3197 1743 3471 1798 audientes

1893 1833 2193 1903 gaudeant,
2239 1848 2408 1902 neque
2457 1833 2622 1888 nostri
2663 1849 2721 1888 re
2745 1833 2956 1904 cognita
2996 1833 3277 1888 concidant
3317 1848 3331 1884 :
3376 1834 3471 1886 sed

1895 1935 2102 1994 oportet
2120 1925 2373 1980 cohibere
2388 1941 2654 1981 rumorem
2673 1934 2726 1981 et
2742 1925 3088 1995 undequaque
3108 1939 3471 1995 compescere.

1895 2016 1973 2072 Ne
1993 2017 2124 2071 mihi
2150 2016 2371 2083 dixeris,
2403 2016 2506 2072 hoc
2541 2017 2617 2072 illi
2644 2016 2755 2072 dixi
2781 2032 2794 2069 :
2839 2015 2978 2086 apud
3009 2017 3231 2086 leipsum
3259 2017 3473 2070 contine

1896 2108 2136 2163 verbum.
2169 2107 2321 2163 Sicut
2340 2108 2481 2162 enim
2516 2117 2570 2163 tu
2597 2122 2700 2162 non
2729 2107 2944 2178 potuisti
2990 2116 3167 2162 tacere
3191 2147 3207 2172 ,
3258 2107 3329 2160 ita
3375 2120 3473 2159 nec

1895 2200 1986 2254 ille
2009 2200 2204 2269 poterit
2229 2199 2343 2255 ι]ωο
2368 2199 2505 2270 apud
2536 2213 2656 2256 sese
2677 2200 2972 2254 continere.

1965 2291 2020 2345 5.
2054 2289 2176 2344 Haec
2203 2305 2306 2343 non
2327 2290 2395 2346 de
2415 2290 2516 2344 hoc
2542 2297 2806 2360 praesente
2846 2298 3048 2345 tantum
3072 2289 3277 2360 jejunio
3305 2289 3424 2344 dico
3456 2331 3470 2352 ,

1894 2383 1988 2438 sed
2009 2382 2077 2436 de
2097 2383 2305 2438 caeteris
2334 2382 2494 2437 etiam
2520 2383 2990 2438 innumerabilibus
3013 2385 3258 2453 peccatis.
3276 2379 3354 2436 Ne
3371 2380 3474 2434 hoc

1893 2474 2290 2530 consideremus
2311 2483 2536 2543 tantum,
2564 2489 2632 2529 an
2655 2475 2804 2529 multi
2824 2474 2930 2529 sint
2951 2474 3158 2544 abrepti
3182 2489 3194 2526 :
3226 2472 3322 2528 sed
3343 2469 3474 2526 illud

1895 2564 2313 2632 consideremus,
2333 2564 2599 2635 quomodo
2611 2565 2728 2620 illos
2744 2563 3081 2620 reducamus.
3097 2563 3175 2619 Ne
3186 2577 3476 2634 exaggere-

1897 2670 2014 2710 mus
2039 2670 2125 2710 res
2146 2654 2400 2724 hostium,
2424 2671 2488 2711 ac
2513 2664 2723 2712 nostras
2748 2656 3062 2727 dejiciamus
3091 2673 3105 2708 :
3137 2671 3205 2711 ne
3233 2655 3352 2710 illos
3373 2668 3472 2725 po-

1897 2754 2068 2802 tentes
2092 2746 2456 2814 ostendamus,
2484 2756 2696 2802 nostras
2721 2762 2849 2803 vero
2874 2762 2961 2802 res
2995 2746 3325 2812 imbecilles;
3377 2747 3475 2800 sed

1895 2839 2074 2894 omnia
2119 2837 2291 2909 potius
2318 2838 2371 2892 in
2425 2838 2751 2894 contrarium
2791 2837 3070 2894 faciamus.
3109 2837 3268 2893 Novit
3313 2837 3476 2892 etiam

1895 2927 2036 2983 fama
2060 2944 2203 2999 saepe
2228 2929 2312 2984 vel
2329 2929 2582 2998 dejicere,
2608 2931 2692 2984 vel
2722 2930 2926 3000 erigere
2952 2929 3186 2984 animum
3207 2970 3222 2994 ,
3271 2937 3327 2984 ct
3360 2928 3477 2982 ala-

1895 3020 2160 3086 critatem,
2191 3034 2308 3088 qua:
2337 3035 2444 3074 non
2483 3017 2610 3087 fuit,
2644 3020 2896 3090 injicere;
2923 3027 2978 3076 et
3019 3033 3136 3074 eam
3178 3033 3299 3090 qua:
3341 3018 3474 3084 fuit,

1895 3125 2106 3165 rursum
2136 3110 2446 3166 dissolvere.
2473 3110 2700 3180 Ideoque
2724 3125 2936 3175 moneo,
2970 3119 3027 3164 ut
3067 3109 3188 3165 illos
3230 3124 3474 3165 rumores

1897 3216 2205 3272 augeamus,
2235 3202 2324 3272 qui
2353 3216 2440 3258 res
2469 3211 2678 3256 nOStras
2703 3202 2986 3268 attollunt,
3026 3216 3352 3272 magnasque
3391 3202 3472 3256 vi-

1898 3294 2012 3349 deri
2043 3293 2243 3349 faciunt
2274 3312 2288 3349 :
2323 3309 2430 3350 non
2459 3305 2638 3350 autem
2666 3293 2788 3350 illos
2811 3295 2902 3366 qui
2933 3295 3030 3350 toti
3062 3293 3283 3350 fratrum
3310 3294 3470 3350 soda-

1898 3386 2030 3442 litati
2051 3386 2284 3441 dedecus
2299 3386 2595 3442 ofl‘undunt.
2612 3386 2764 3454 Quod
2779 3387 2824 3441 si
2841 3386 2967 3456 quid
2981 3386 3308 3442 audierimus
3326 3386 3476 3451 boni,

1899 3481 2040 3552 apud
2069 3495 2256 3536 omnes
2284 3479 2612 3543 proferamus
2637 3496 2651 3534 :
2683 3481 2729 3535 si
2757 3480 2883 3552 quid
2904 3494 3030 3536 vero
3048 3480 3173 3535 mali
3201 3480 3472 3549 pravique,

1899 3573 2041 3644 apud
2070 3587 2168 3628 nos
2197 3573 2341 3645 ipsos
2366 3573 2716 3640 occultemus,
2757 3573 2915 3644 idque
2940 3584 2999 3628 ut
3021 3573 3297 3641 tollamus,
3343 3573 3477 3630 nihil

1901 3681 2006 3720 non
2026 3664 2300 3720 faciamus.
2319 3664 2472 3720 Nunc
2483 3666 2640 3736 igitur
2650 3665 3076 3735 obambulemus,
3098 3667 3307 3722 curiose
3326 3683 3478 3722 seruo

1904 3766 2096 3824 temur,
2122 3757 2547 3826 contemplemur
2565 3772 2680 3823 eos,
2719 3759 2809 3828 qui
2834 3757 2967 3828 lapsi
2992 3766 3120 3814 sunt
3149 3776 3162 3812 :
3193 3759 3402 3814 etiamsi
3421 3761 3475 3814 in

1903 3848 2046 3903 aedes
2078 3857 2316 3918 oporteat
2345 3847 2568 3918 ingredi,
2611 3864 2678 3903 ne
2694 3863 3001 3916 gravemur.
3035 3848 3185 3916 Quod
3203 3851 3248 3904 si
3266 3851 3477 3920 ignotus

1900 3939 2080 4007 fuerit,
2109 3956 2208 3997 nec
2223 3942 2328 3997 ulla
2366 3956 2428 3996 ex
2455 3951 2604 4012 parte
2616 3942 2682 3997 ad
2704 3953 2753 3997 te
2769 3943 3059 4013 pertinens,
3083 3943 3126 3999 is
3147 3944 3236 4013 qui
3266 3944 3474 4008 cecidit,

1898 4041 2156 4098 scrutare,
2170 4040 2284 4089 esto
2301 4033 2559 4100 curiosus,
2578 4049 2734 4104 quem
2749 4033 2939 4090 habeat
2953 4035 3181 4092 amicum
3197 4047 3286 4091 aut
3299 4050 3474 4093 neces-

1897 4125 2116 4190 sarium,
2152 4125 2313 4181 etcui
2331 4125 2919 4196 maximeobtemperet,
2938 4126 3040 4182 hoc
3055 4137 3348 4199 assumpto,
3390 4130 3472 4182 iu-

1898 4218 2121 4290 grederc
2137 4219 2190 4274 in
2202 4219 2366 4286 aedes,
2384 4235 2452 4274 ne
2463 4228 2515 4275 te
2534 4219 2748 4290 pudeat,
2767 4235 2939 4290 neque
2966 4221 3272 4276 erubescas.
3301 4219 3356 4276 Si
3396 4222 3478 4276 iu-

1897 4312 2195 4382 gredereris
2209 4313 2482 4383 pecuniam
2523 4312 3010 4382 postulaturus,aut
3041 4311 3356 4369 beneficium
3389 4328 3478 4368 ac-

1897 4417 2148 4477 cepturus
2175 4405 2244 4461 ab
2263 4407 2601 4486 illo,a:quum
2619 4405 3169 4462 eraterubescerezsi
3211 4419 3342 4460 vero
3379 4419 3479 4477 pro

1899 4500 2040 4556 illius
2051 4501 2220 4555 salute
2231 4513 2435 4564 curras,
2455 4497 2666 4553 occasio
2679 4498 2926 4553 introitus
2936 4496 3082 4554 omni
3098 4505 3150 4553 te
3164 4497 3354 4553 liberat
3369 4498 3475 4553 cri-

1897 4592 2060 4647 mine.
2081 4591 2270 4647 Asside
2285 4605 2434 4659 sane,
2453 4591 2667 4661 loquere
2683 4605 2804 4646 cum
2825 4590 2934 4657 illo,
2953 4590 3150 4647 aliisde
3166 4589 3324 4646 rebus
3341 4589 3480 4645 facto

1897 4685 2158 4741 sermonis
2176 4685 2416 4751 exordio,
2437 4698 2544 4756 quo
2561 4685 2822 4740 correctio
2841 4694 3020 4739 careat
3036 4685 3356 4755 suspicione.
3384 4683 3476 4738 Dic

1899 4781 2050 4849 mihi,
2083 4781 2338 4836 laudasne
2361 4779 2572 4836 Judaaos
2600 4793 2666 4834 eo
2707 4778 2848 4850 quod
2876 4778 3148 4834 Christum
3193 4779 3473 4834 crucifixe-

1895 4876 2020 4940 rint,
2049 4875 2296 4945 quodque
2325 4889 2447 4929 eum
2473 4873 2631 4929 hodie
2657 4872 2912 4928 conviciis
2941 4871 3173 4927 afficiant
3197 4913 3212 4938 ,
3243 4879 3300 4925 et
3337 4871 3472 4940 legis

1895 4975 2340 5037 transgressorem
2380 4965 2689 5036 appellent?
2726 4964 2972 5020 Profecto
3009 4978 3114 5018 non
3153 4961 3469 5028 sustinebit,

1894 5059 1938 5112 si
1970 5059 2126 5114 fuerit
2171 5057 2538 5122 Christianus,
2591 5057 2799 5112 etiamsi
2835 5054 3027 5110 millies
3062 5052 3328 5123 iudaizet,
3367 5066 3474 5108 non

1893 5149 2178 5206 sustinebit
2197 5150 2397 5214 dicere,
2431 5148 2588 5204 laudo
2613 5165 2628 5202 :
2658 5147 2753 5204 sed
2782 5147 3056 5204 obturabit
3083 5161 3263 5216 aures,
3295 5146 3468 5203 dicet-

1893 5258 1996 5313 que
2026 5243 2140 5310 tibi,
2171 5241 2338 5306 absit;
2371 5241 2511 5296 bona
2539 5240 2720 5305 verba,
2763 5253 2966 5310 quzeso.
3016 5241 3148 5295 Dein
3191 5255 3313 5296 cum
3345 5253 3470 5294 eum

1891 5332 1992 5388 hac
2035 5333 2085 5388 in
2129 5349 2185 5386 re
2213 5340 2388 5386 tecum
2423 5331 2842 5386 consentientem
2885 5332 3242 5402 compereris,
3286 5346 3474 5389 rursus

1890 5424 2167 5490 assumito,
2198 5422 2381 5477 dicens
2407 5438 2422 5476 :
2453 5421 2720 5492 quomodo
2747 5422 2904 5492 igitur
2931 5436 3051 5477 cum
3072 5421 3299 5488 illis,dic
3313 5422 3470 5490 mihi,

1889 5514 2283 5571 communieas?
2312 5513 2582 5583 quomodo
2609 5513 2874 5583 particeps
2901 5528 2959 5568 es
3015 5512 3174 5569 festi?
3203 5514 3476 5585 quomodo

1887 5623 2008 5664 cum
2056 5605 2160 5662 illis
2205 5604 2449 5675 jejunas?
2484 5604 2725 5660 Posthaec
2752 5620 2941 5662 accusa
2971 5606 3178 5660 illorum
3210 5605 3472 5676 improbi-

1888 5709 2075 5763 tatem,
2129 5713 2335 5768 expone
2357 5713 2568 5752 omnem
2602 5698 2956 5769 iniquitatem,
2988 5713 3145 5770 quam
3175 5683 3470 5770 superiori-

1889 5792 1988 5848 bus
2011 5789 2196 5847 diebus
2223 5790 2502 5846 narrabam
2527 5790 2662 5860 apud
2687 5800 2915 5847 vestram
2943 5807 3021 5847 eat
3038 5793 3241 5860 itatem,
3271 5810 3298 5848 τι
3317 5794 3474 5859 loco,
