  <div class='ocr_page' id='page_1' title='image "/cluster/home/n/w/nwhite01/storage/ocr_20150623/48/hvd.32044073501892/413.png"; bbox 0 0 4018 6190; ppageno 0'>
   <div class='ocr_carea' id='block_1_1' title="bbox 552 303 654 356">
    <p class='ocr_par' dir='ltr' id='par_1_1' title="bbox 552 303 654 356">
     <span class='ocr_line' id='line_1_1' title="bbox 552 303 654 356; baseline 0 0"><span class='ocrx_word' id='word_1_1' title='bbox 552 303 654 356; x_wconf 69' lang='grc'><strong>935</strong></span> 
     </span>
    </p>
   </div>
   <div class='ocr_carea' id='block_1_2' title="bbox 555 440 2133 514">
    <p class='ocr_par' dir='ltr' id='par_1_2' title="bbox 555 440 2133 514">
     <span class='ocr_line' id='line_1_2' title="bbox 555 440 2133 514; baseline -0.003 -16"><span class='ocrx_word' id='word_1_2' title='bbox 555 459 583 498; x_wconf 77' lang='lat' dir='ltr'><strong>a</strong></span> <span class='ocrx_word' id='word_1_3' title='bbox 606 453 871 514; x_wconf 83' lang='lat' dir='ltr'><strong>tempore,</strong></span> <span class='ocrx_word' id='word_1_4' title='bbox 890 458 918 496; x_wconf 87' lang='lat' dir='ltr'><strong>a</strong></span> <span class='ocrx_word' id='word_1_5' title='bbox 943 445 1163 514; x_wconf 83' lang='lat' dir='ltr'><strong>templo,</strong></span> <span class='ocrx_word' id='word_1_6' title='bbox 1187 459 1215 498; x_wconf 90' lang='lat' dir='ltr'><strong>a</strong></span> <span class='ocrx_word' id='word_1_7' title='bbox 1243 444 1585 514; x_wconf 57' lang='lat' dir='ltr'><strong>praedictione</strong></span> <span class='ocrx_word' id='word_1_8' title='bbox 1614 441 1989 513; x_wconf 85' lang='lat' dir='ltr'><strong>prephetarum</strong></span> <span class='ocrx_word' id='word_1_9' title='bbox 2011 440 2133 495; x_wconf 86' lang='lat' dir='ltr'><strong>red-</strong></span> 
     </span>
    </p>
   </div>
   <div class='ocr_carea' id='block_1_3' title="bbox 557 532 2136 608">
    <p class='ocr_par' dir='ltr' id='par_1_3' title="bbox 557 532 2136 608">
     <span class='ocr_line' id='line_1_3' title="bbox 557 532 2136 608; baseline -0.003 -19"><span class='ocrx_word' id='word_1_10' title='bbox 557 539 726 606; x_wconf 87' lang='lat' dir='ltr'><strong>argui.</strong></span> <span class='ocrx_word' id='word_1_11' title='bbox 767 535 1001 593; x_wconf 90' lang='lat' dir='ltr'><strong>Ostende</strong></span> <span class='ocrx_word' id='word_1_12' title='bbox 1035 535 1302 608; x_wconf 83' lang='lat' dir='ltr'><strong>quomodo</strong></span> <span class='ocrx_word' id='word_1_13' title='bbox 1330 535 1528 591; x_wconf 83' lang='lat' dir='ltr'><strong>frustm</strong></span> <span class='ocrx_word' id='word_1_14' title='bbox 1557 545 1613 590; x_wconf 86' lang='lat' dir='ltr'><strong>et</strong></span> <span class='ocrx_word' id='word_1_15' title='bbox 1663 535 1930 591; x_wconf 82' lang='lat' dir='ltr'><strong>incassum</strong></span> <span class='ocrx_word' id='word_1_16' title='bbox 1961 532 2136 588; x_wconf 80' lang='lat' dir='ltr'><strong>omnia</strong></span> 
     </span>
    </p>
   </div>
   <div class='ocr_carea' id='block_1_4' title="bbox 561 623 2137 699">
    <p class='ocr_par' dir='ltr' id='par_1_4' title="bbox 561 623 2137 699">
     <span class='ocr_line' id='line_1_4' title="bbox 561 623 2137 699; baseline -0.001 -19"><span class='ocrx_word' id='word_1_17' title='bbox 561 628 761 682; x_wconf 82' lang='lat' dir='ltr'><strong>faciunt</strong></span> <span class='ocrx_word' id='word_1_18' title='bbox 789 667 804 692; x_wconf 94' lang='lat'><strong>,</strong></span> <span class='ocrx_word' id='word_1_19' title='bbox 859 643 958 682; x_wconf 88' lang='lat' dir='ltr'><strong>nec</strong></span> <span class='ocrx_word' id='word_1_20' title='bbox 1009 643 1259 699; x_wconf 87' lang='lat' dir='ltr'><strong>umquam</strong></span> <span class='ocrx_word' id='word_1_21' title='bbox 1292 627 1358 683; x_wconf 87' lang='lat' dir='ltr'><strong>ad</strong></span> <span class='ocrx_word' id='word_1_22' title='bbox 1388 628 1668 698; x_wconf 88' lang='lat' dir='ltr'><strong>pristinum</strong></span> <span class='ocrx_word' id='word_1_23' title='bbox 1694 636 1890 681; x_wconf 82' lang='lat' dir='ltr'><strong>statum</strong></span> <span class='ocrx_word' id='word_1_24' title='bbox 1919 623 2137 681; x_wconf 87' lang='lat' dir='ltr'><strong>redituri</strong></span> 
     </span>
    </p>
   </div>
   <div class='ocr_carea' id='block_1_5' title="bbox 558 718 2137 791">
    <p class='ocr_par' dir='ltr' id='par_1_5' title="bbox 558 718 2137 791">
     <span class='ocr_line' id='line_1_5' title="bbox 558 718 2137 791; baseline -0.003 -17"><span class='ocrx_word' id='word_1_25' title='bbox 558 729 682 774; x_wconf 90' lang='lat' dir='ltr'><strong>sunt</strong></span> <span class='ocrx_word' id='word_1_26' title='bbox 707 760 722 784; x_wconf 96' lang='lat'><strong>,</strong></span> <span class='ocrx_word' id='word_1_27' title='bbox 776 719 1024 791; x_wconf 84' lang='lat' dir='ltr'><strong>quodque</strong></span> <span class='ocrx_word' id='word_1_28' title='bbox 1077 719 1157 776; x_wconf 86' lang='lat' dir='ltr'><strong>fas</strong></span> <span class='ocrx_word' id='word_1_29' title='bbox 1205 721 1309 776; x_wconf 88' lang='lat' dir='ltr'><strong>illis</strong></span> <span class='ocrx_word' id='word_1_30' title='bbox 1338 735 1445 776; x_wconf 90' lang='lat' dir='ltr'><strong>non</strong></span> <span class='ocrx_word' id='word_1_31' title='bbox 1472 729 1552 776; x_wconf 89' lang='lat' dir='ltr'><strong>est</strong></span> <span class='ocrx_word' id='word_1_32' title='bbox 1577 730 1725 776; x_wconf 88' lang='lat' dir='ltr'><strong>extra</strong></span> <span class='ocrx_word' id='word_1_33' title='bbox 1749 718 2137 789; x_wconf 82' lang='lat' dir='ltr'><strong>Jerosolymam</strong></span> 
     </span>
    </p>
   </div>
   <div class='ocr_carea' id='block_1_6' title="bbox 553 809 2142 881">
    <p class='ocr_par' dir='ltr' id='par_1_6' title="bbox 553 809 2142 881">
     <span class='ocr_line' id='line_1_6' title="bbox 553 809 2142 881; baseline -0.003 -17"><span class='ocrx_word' id='word_1_34' title='bbox 553 810 840 881; x_wconf 82' lang='lat' dir='ltr'><strong>quidquam</strong></span> <span class='ocrx_word' id='word_1_35' title='bbox 883 813 986 867; x_wconf 91' lang='lat' dir='ltr'><strong>tale</strong></span> <span class='ocrx_word' id='word_1_36' title='bbox 1013 811 1214 870; x_wconf 87' lang='lat' dir='ltr'><strong>facere.</strong></span> <span class='ocrx_word' id='word_1_37' title='bbox 1267 811 1347 867; x_wconf 80' lang='lat' dir='ltr'><strong>Ad</strong></span> <span class='ocrx_word' id='word_1_38' title='bbox 1393 811 1508 866; x_wconf 71' lang='lat' dir='ltr'><strong>hmo</strong></span> <span class='ocrx_word' id='word_1_39' title='bbox 1553 809 1996 867; x_wconf 84' lang='lat' dir='ltr'><strong>commonefacias</strong></span> <span class='ocrx_word' id='word_1_40' title='bbox 2050 823 2142 877; x_wconf 79' lang='lat' dir='ltr'><strong>ge-</strong></span> 
     </span>
    </p>
   </div>
   <div class='ocr_carea' id='block_1_7' title="bbox 559 899 2138 972">
    <p class='ocr_par' dir='ltr' id='par_1_7' title="bbox 559 899 2138 972">
     <span class='ocr_line' id='line_1_7' title="bbox 559 899 2138 972; baseline -0.004 -14"><span class='ocrx_word' id='word_1_41' title='bbox 559 905 772 972; x_wconf 63' lang='lat' dir='ltr'><strong>hennae,</strong></span> <span class='ocrx_word' id='word_1_42' title='bbox 824 903 1147 962; x_wconf 87' lang='lat' dir='ltr'><strong>formidandi</strong></span> <span class='ocrx_word' id='word_1_43' title='bbox 1178 905 1456 962; x_wconf 82' lang='lat' dir='ltr'><strong>tribunalis</strong></span> <span class='ocrx_word' id='word_1_44' title='bbox 1493 901 1738 967; x_wconf 87' lang='lat' dir='ltr'><strong>Domini,</strong></span> <span class='ocrx_word' id='word_1_45' title='bbox 1789 899 2138 970; x_wconf 74' lang='lat' dir='ltr'><strong>qumsﬁonum</strong></span> 
     </span>
    </p>
   </div>
   <div class='ocr_carea' id='block_1_8' title="bbox 565 992 2134 1073">
    <p class='ocr_par' dir='ltr' id='par_1_8' title="bbox 565 992 2134 1073">
     <span class='ocr_line' id='line_1_8' title="bbox 565 992 2134 1073; baseline -0.003 -20"><span class='ocrx_word' id='word_1_46' title='bbox 565 1015 686 1068; x_wconf 76' lang='lat' dir='ltr'><strong>qua:</strong></span> <span class='ocrx_word' id='word_1_47' title='bbox 715 1000 825 1054; x_wconf 93' lang='lat' dir='ltr'><strong>illic</strong></span> <span class='ocrx_word' id='word_1_48' title='bbox 850 999 1135 1069; x_wconf 85' lang='lat' dir='ltr'><strong>habentur,</strong></span> <span class='ocrx_word' id='word_1_49' title='bbox 1180 1000 1432 1073; x_wconf 87' lang='lat' dir='ltr'><strong>quodque</strong></span> <span class='ocrx_word' id='word_1_50' title='bbox 1455 999 1666 1054; x_wconf 88' lang='lat' dir='ltr'><strong>illorum</strong></span> <span class='ocrx_word' id='word_1_51' title='bbox 1697 996 1936 1052; x_wconf 91' lang='lat' dir='ltr'><strong>omnium</strong></span> <span class='ocrx_word' id='word_1_52' title='bbox 1963 992 2134 1050; x_wconf 85' lang='lat' dir='ltr'><strong>reddi-</strong></span> 
     </span>
    </p>
   </div>
   <div class='ocr_carea' id='block_1_9' title="bbox 561 1089 2141 1162">
    <p class='ocr_par' dir='ltr' id='par_1_9' title="bbox 561 1089 2141 1162">
     <span class='ocr_line' id='line_1_9' title="bbox 561 1089 2141 1162; baseline -0.003 -18"><span class='ocrx_word' id='word_1_53' title='bbox 561 1091 662 1147; x_wconf 88' lang='lat' dir='ltr'><strong>tori</strong></span> <span class='ocrx_word' id='word_1_54' title='bbox 690 1106 876 1150; x_wconf 89' lang='lat' dir='ltr'><strong>sumus</strong></span> <span class='ocrx_word' id='word_1_55' title='bbox 905 1095 1191 1160; x_wconf 90' lang='lat' dir='ltr'><strong>rationem,</strong></span> <span class='ocrx_word' id='word_1_56' title='bbox 1220 1101 1275 1148; x_wconf 88' lang='lat' dir='ltr'><strong>ct</strong></span> <span class='ocrx_word' id='word_1_57' title='bbox 1301 1093 1432 1147; x_wconf 83' lang='lat' dir='ltr'><strong>ultio</strong></span> <span class='ocrx_word' id='word_1_58' title='bbox 1461 1089 1703 1162; x_wconf 80' lang='lat' dir='ltr'><strong>quaedam</strong></span> <span class='ocrx_word' id='word_1_59' title='bbox 1731 1103 1835 1144; x_wconf 92' lang='lat' dir='ltr'><strong>non</strong></span> <span class='ocrx_word' id='word_1_60' title='bbox 1868 1101 2024 1158; x_wconf 89' lang='lat' dir='ltr'><strong>parva</strong></span> <span class='ocrx_word' id='word_1_61' title='bbox 2053 1098 2141 1140; x_wconf 89' lang='lat' dir='ltr'><strong>re-</strong></span> 
     </span>
    </p>
   </div>
   <div class='ocr_carea' id='block_1_10' title="bbox 563 1178 2144 1255">
    <p class='ocr_par' dir='ltr' id='par_1_10' title="bbox 563 1178 2144 1255">
     <span class='ocr_line' id='line_1_10' title="bbox 563 1178 2144 1255; baseline -0.005 -16"><span class='ocrx_word' id='word_1_62' title='bbox 563 1184 736 1252; x_wconf 87' lang='lat' dir='ltr'><strong>posita</strong></span> <span class='ocrx_word' id='word_1_63' title='bbox 763 1187 984 1248; x_wconf 81' lang='lat' dir='ltr'><strong>csteis,</strong></span> <span class='ocrx_word' id='word_1_64' title='bbox 1023 1187 1111 1255; x_wconf 91' lang='lat' dir='ltr'><strong>qui</strong></span> <span class='ocrx_word' id='word_1_65' title='bbox 1158 1185 1282 1239; x_wconf 90' lang='lat' dir='ltr'><strong>talia</strong></span> <span class='ocrx_word' id='word_1_66' title='bbox 1325 1183 1539 1240; x_wconf 86' lang='lat' dir='ltr'><strong>audent.</strong></span> <span class='ocrx_word' id='word_1_67' title='bbox 1590 1178 2040 1237; x_wconf 88' lang='lat' dir='ltr'><strong>Commonefacito</strong></span> <span class='ocrx_word' id='word_1_68' title='bbox 2089 1183 2144 1232; x_wconf 90' lang='lat' dir='ltr'><strong>et</strong></span> 
     </span>
    </p>
   </div>
   <div class='ocr_carea' id='block_1_11' title="bbox 563 1269 2144 1349">
    <p class='ocr_par' dir='ltr' id='par_1_11' title="bbox 563 1269 2144 1349">
     <span class='ocr_line' id='line_1_11' title="bbox 563 1269 2144 1349; baseline -0.006 -17"><span class='ocrx_word' id='word_1_69' title='bbox 563 1275 712 1332; x_wconf 83' lang='lat' dir='ltr'><strong>Pauli</strong></span> <span class='ocrx_word' id='word_1_70' title='bbox 741 1278 969 1333; x_wconf 81' lang='lat' dir='ltr'><strong>dicentis</strong></span> <span class='ocrx_word' id='word_1_71' title='bbox 995 1279 1329 1349; x_wconf 84' lang='lat' dir='ltr'><strong>:Quieumque</strong></span> <span class='ocrx_word' id='word_1_72' title='bbox 1346 1278 1398 1331; x_wconf 89' lang='lat' dir='ltr'><strong>in</strong></span> <span class='ocrx_word' id='word_1_73' title='bbox 1419 1277 1528 1348; x_wconf 85' lang='lat' dir='ltr'><strong>lege</strong></span> <span class='ocrx_word' id='word_1_74' title='bbox 1548 1271 1930 1346; x_wconf 69' lang='lat' dir='ltr'><strong>justi/Scantini,</strong></span> <span class='ocrx_word' id='word_1_75' title='bbox 1978 1269 2144 1340; x_wconf 86' lang='lat' dir='ltr'><strong>gratia</strong></span> 
     </span>
    </p>
   </div>
   <div class='ocr_carea' id='block_1_12' title="bbox 563 1360 2144 1444">
    <p class='ocr_par' dir='ltr' id='par_1_12' title="bbox 563 1360 2144 1444">
     <span class='ocr_line' id='line_1_12' title="bbox 563 1360 2144 1444; baseline -0.004 -22"><span class='ocrx_word' id='word_1_76' title='bbox 563 1372 822 1425; x_wconf 71' lang='lat' dir='ltr'><strong>excidistis</strong></span> <span class='ocrx_word' id='word_1_77' title='bbox 851 1369 991 1444; x_wconf 84' lang='lat' dir='ltr'><strong>(Gal.</strong></span> <span class='ocrx_word' id='word_1_78' title='bbox 1022 1373 1074 1426; x_wconf 83' lang='lat'><strong>5.</strong></span> <span class='ocrx_word' id='word_1_79' title='bbox 1120 1372 1220 1441; x_wconf 64' lang='lat'><strong>&#39;4):</strong></span> <span class='ocrx_word' id='word_1_80' title='bbox 1277 1379 1331 1425; x_wconf 90' lang='lat' dir='ltr'><strong>et</strong></span> <span class='ocrx_word' id='word_1_81' title='bbox 1379 1384 1562 1423; x_wconf 89' lang='lat' dir='ltr'><strong>rursus</strong></span> <span class='ocrx_word' id='word_1_82' title='bbox 1609 1364 2026 1420; x_wconf 89' lang='lat' dir='ltr'><strong>comminantis:</strong></span> <span class='ocrx_word' id='word_1_83' title='bbox 2082 1360 2144 1416; x_wconf 87' lang='lat' dir='ltr'><strong>Si</strong></span> 
     </span>
    </p>
   </div>
   <div class='ocr_carea' id='block_1_13' title="bbox 563 1453 2140 1529">
    <p class='ocr_par' dir='ltr' id='par_1_13' title="bbox 563 1453 2140 1529">
     <span class='ocr_line' id='line_1_13' title="bbox 563 1453 2140 1529; baseline -0.004 -15"><span class='ocrx_word' id='word_1_84' title='bbox 563 1462 1015 1529; x_wconf 81' lang='lat' dir='ltr'><strong>circumeidamini,</strong></span> <span class='ocrx_word' id='word_1_85' title='bbox 1035 1462 1280 1518; x_wconf 78' lang='lat' dir='ltr'><strong>Christus</strong></span> <span class='ocrx_word' id='word_1_86' title='bbox 1301 1461 1431 1515; x_wconf 83' lang='lat' dir='ltr'><strong>nihil</strong></span> <span class='ocrx_word' id='word_1_87' title='bbox 1450 1460 1586 1514; x_wconf 73' lang='lat' dir='ltr'><strong>vobis</strong></span> <span class='ocrx_word' id='word_1_88' title='bbox 1610 1457 1834 1528; x_wconf 84' lang='lat' dir='ltr'><strong>proderit</strong></span> <span class='ocrx_word' id='word_1_89' title='bbox 1859 1455 1964 1529; x_wconf 89' lang='lat' dir='ltr'><strong>(Ib.</strong></span> <span class='ocrx_word' id='word_1_90' title='bbox 1993 1471 2039 1508; x_wconf 83' lang='grc' dir='ltr'><strong>υ.</strong></span> <span class='ocrx_word' id='word_1_91' title='bbox 2062 1453 2140 1526; x_wconf 75' lang='grc'><strong>2).</strong></span> 
     </span>
    </p>
   </div>
   <div class='ocr_carea' id='block_1_14' title="bbox 564 1549 2146 1626">
    <p class='ocr_par' dir='ltr' id='par_1_14' title="bbox 564 1549 2146 1626">
     <span class='ocr_line' id='line_1_14' title="bbox 564 1549 2146 1626; baseline -0.003 -20"><span class='ocrx_word' id='word_1_92' title='bbox 564 1553 862 1623; x_wconf 71' lang='grc' dir='ltr'><strong>Πίοῑιοῃιθ,</strong></span> <span class='ocrx_word' id='word_1_93' title='bbox 895 1555 1036 1626; x_wconf 88' lang='lat' dir='ltr'><strong>quod</strong></span> <span class='ocrx_word' id='word_1_94' title='bbox 1062 1553 1508 1626; x_wconf 81' lang='lat' dir='ltr'><strong>quemadmodum</strong></span> <span class='ocrx_word' id='word_1_95' title='bbox 1557 1551 1926 1617; x_wconf 88' lang='lat' dir='ltr'><strong>circumcisio,</strong></span> <span class='ocrx_word' id='word_1_96' title='bbox 1974 1549 2044 1603; x_wconf 91' lang='lat' dir='ltr'><strong>ita</strong></span> <span class='ocrx_word' id='word_1_97' title='bbox 2091 1556 2146 1604; x_wconf 91' lang='lat' dir='ltr'><strong>et</strong></span> 
     </span>
    </p>
   </div>
   <div class='ocr_carea' id='block_1_15' title="bbox 564 1641 2147 1716">
    <p class='ocr_par' dir='ltr' id='par_1_15' title="bbox 564 1641 2147 1716">
     <span class='ocr_line' id='line_1_15' title="bbox 564 1641 2147 1716; baseline -0.005 -15"><span class='ocrx_word' id='word_1_98' title='bbox 564 1646 816 1716; x_wconf 71' lang='lat' dir='ltr'><strong>ieiunium</strong></span> <span class='ocrx_word' id='word_1_99' title='bbox 835 1647 1112 1704; x_wconf 80' lang='lat' dir='ltr'><strong>JudaiCum</strong></span> <span class='ocrx_word' id='word_1_100' title='bbox 1141 1663 1172 1703; x_wconf 93' lang='lat' dir='ltr'><strong>e</strong></span> <span class='ocrx_word' id='word_1_101' title='bbox 1202 1647 1345 1702; x_wconf 75' lang='lat' dir='ltr'><strong>czelis</strong></span> <span class='ocrx_word' id='word_1_102' title='bbox 1359 1644 1580 1716; x_wconf 85' lang='lat' dir='ltr'><strong>expellit</strong></span> <span class='ocrx_word' id='word_1_103' title='bbox 1590 1643 1934 1714; x_wconf 83' lang='lat' dir='ltr'><strong>jejunantem,</strong></span> <span class='ocrx_word' id='word_1_104' title='bbox 1959 1641 2147 1696; x_wconf 85' lang='lat' dir='ltr'><strong>ctiam-</strong></span> 
     </span>
    </p>
   </div>
   <div class='ocr_carea' id='block_1_16' title="bbox 564 1729 2148 1802">
    <p class='ocr_par' dir='ltr' id='par_1_16' title="bbox 564 1729 2148 1802">
     <span class='ocr_line' id='line_1_16' title="bbox 564 1729 2148 1802; baseline -0.004 -13"><span class='ocrx_word' id='word_1_105' title='bbox 564 1736 608 1790; x_wconf 91' lang='lat' dir='ltr'><strong>si</strong></span> <span class='ocrx_word' id='word_1_106' title='bbox 625 1736 868 1792; x_wconf 81' lang='lat' dir='ltr'><strong>habuerit</strong></span> <span class='ocrx_word' id='word_1_107' title='bbox 882 1739 981 1792; x_wconf 91' lang='lat' dir='ltr'><strong>alia</strong></span> <span class='ocrx_word' id='word_1_108' title='bbox 997 1736 1399 1792; x_wconf 85' lang='lat' dir='ltr'><strong>innumerabilia</strong></span> <span class='ocrx_word' id='word_1_109' title='bbox 1414 1733 1709 1790; x_wconf 80' lang='lat' dir='ltr'><strong>benefacta.</strong></span> <span class='ocrx_word' id='word_1_110' title='bbox 1726 1733 1819 1786; x_wconf 88' lang='lat' dir='ltr'><strong>Dic</strong></span> <span class='ocrx_word' id='word_1_111' title='bbox 1835 1730 1976 1802; x_wconf 91' lang='lat' dir='ltr'><strong>quod</strong></span> <span class='ocrx_word' id='word_1_112' title='bbox 1995 1729 2148 1784; x_wconf 81' lang='lat' dir='ltr'><strong>Chri-</strong></span> 
     </span>
    </p>
   </div>
   <div class='ocr_carea' id='block_1_17' title="bbox 564 1824 2146 1900">
    <p class='ocr_par' dir='ltr' id='par_1_17' title="bbox 564 1824 2146 1900">
     <span class='ocr_line' id='line_1_17' title="bbox 564 1824 2146 1900; baseline -0.003 -20"><span class='ocrx_word' id='word_1_113' title='bbox 564 1828 723 1882; x_wconf 84' lang='lat' dir='ltr'><strong>stiani</strong></span> <span class='ocrx_word' id='word_1_114' title='bbox 747 1839 962 1900; x_wconf 88' lang='lat' dir='ltr'><strong>propter</strong></span> <span class='ocrx_word' id='word_1_115' title='bbox 984 1830 1084 1885; x_wconf 92' lang='lat' dir='ltr'><strong>hoc</strong></span> <span class='ocrx_word' id='word_1_116' title='bbox 1098 1843 1352 1884; x_wconf 82' lang='lat' dir='ltr'><strong>vocamur</strong></span> <span class='ocrx_word' id='word_1_117' title='bbox 1368 1837 1644 1892; x_wconf 89' lang='lat' dir='ltr'><strong>et-sumus,</strong></span> <span class='ocrx_word' id='word_1_118' title='bbox 1664 1834 1720 1880; x_wconf 92' lang='lat' dir='ltr'><strong>ut</strong></span> <span class='ocrx_word' id='word_1_119' title='bbox 1735 1824 1945 1880; x_wconf 83' lang='lat' dir='ltr'><strong>Christo</strong></span> <span class='ocrx_word' id='word_1_120' title='bbox 1957 1838 2146 1892; x_wconf 85' lang='lat' dir='ltr'><strong>parca-</strong></span> 
     </span>
    </p>
   </div>
   <div class='ocr_carea' id='block_1_18' title="bbox 564 1917 2146 1988">
    <p class='ocr_par' dir='ltr' id='par_1_18' title="bbox 564 1917 2146 1988">
     <span class='ocr_line' id='line_1_18' title="bbox 564 1917 2146 1988; baseline -0.001 -18"><span class='ocrx_word' id='word_1_121' title='bbox 564 1933 704 1984; x_wconf 88' lang='lat' dir='ltr'><strong>mus,</strong></span> <span class='ocrx_word' id='word_1_122' title='bbox 727 1937 830 1974; x_wconf 90' lang='lat' dir='ltr'><strong>non</strong></span> <span class='ocrx_word' id='word_1_123' title='bbox 854 1930 909 1975; x_wconf 91' lang='lat' dir='ltr'><strong>ut</strong></span> <span class='ocrx_word' id='word_1_124' title='bbox 927 1921 993 1976; x_wconf 91' lang='lat' dir='ltr'><strong>ad</strong></span> <span class='ocrx_word' id='word_1_125' title='bbox 1017 1921 1197 1976; x_wconf 90' lang='lat' dir='ltr'><strong>hostes</strong></span> <span class='ocrx_word' id='word_1_126' title='bbox 1213 1933 1510 1976; x_wconf 90' lang='lat' dir='ltr'><strong>curramus.</strong></span> <span class='ocrx_word' id='word_1_127' title='bbox 1533 1917 1683 1987; x_wconf 87' lang='lat' dir='ltr'><strong>Quod</strong></span> <span class='ocrx_word' id='word_1_128' title='bbox 1705 1917 1748 1972; x_wconf 90' lang='lat' dir='ltr'><strong>si</strong></span> <span class='ocrx_word' id='word_1_129' title='bbox 1773 1926 2028 1988; x_wconf 72' lang='lat' dir='ltr'><strong>prmtcxat</strong></span> <span class='ocrx_word' id='word_1_130' title='bbox 2050 1929 2146 1969; x_wconf 89' lang='lat' dir='ltr'><strong>en-</strong></span> 
     </span>
    </p>
   </div>
   <div class='ocr_carea' id='block_1_19' title="bbox 564 2007 2142 2083">
    <p class='ocr_par' dir='ltr' id='par_1_19' title="bbox 564 2007 2142 2083">
     <span class='ocr_line' id='line_1_19' title="bbox 564 2007 2142 2083; baseline -0.002 -21"><span class='ocrx_word' id='word_1_131' title='bbox 564 2010 800 2066; x_wconf 80' lang='lat' dir='ltr'><strong>rationes</strong></span> <span class='ocrx_word' id='word_1_132' title='bbox 825 2012 1048 2082; x_wconf 80' lang='lat' dir='ltr'><strong>aliquas,</strong></span> <span class='ocrx_word' id='word_1_133' title='bbox 1073 2011 1318 2083; x_wconf 86' lang='lat' dir='ltr'><strong>dicatque</strong></span> <span class='ocrx_word' id='word_1_134' title='bbox 1346 2010 1807 2081; x_wconf 42' lang='lat' dir='ltr'><strong>tibi,&#39;pollieentur</strong></span> <span class='ocrx_word' id='word_1_135' title='bbox 1827 2007 2142 2073; x_wconf 79' lang='lat' dir='ltr'><strong>remedium,</strong></span> 
     </span>
    </p>
   </div>
   <div class='ocr_carea' id='block_1_20' title="bbox 565 2100 2143 2175">
    <p class='ocr_par' dir='ltr' id='par_1_20' title="bbox 565 2100 2143 2175">
     <span class='ocr_line' id='line_1_20' title="bbox 565 2100 2143 2175; baseline 0 -22"><span class='ocrx_word' id='word_1_136' title='bbox 565 2109 621 2153; x_wconf 83' lang='lat' dir='ltr'><strong>et</strong></span> <span class='ocrx_word' id='word_1_137' title='bbox 649 2100 768 2156; x_wconf 90' lang='lat' dir='ltr'><strong>ideo</strong></span> <span class='ocrx_word' id='word_1_138' title='bbox 798 2103 862 2158; x_wconf 89' lang='lat' dir='ltr'><strong>ad</strong></span> <span class='ocrx_word' id='word_1_139' title='bbox 886 2103 1006 2157; x_wconf 89' lang='lat' dir='ltr'><strong>illos</strong></span> <span class='ocrx_word' id='word_1_140' title='bbox 1029 2119 1190 2160; x_wconf 84' lang='lat' dir='ltr'><strong>curro</strong></span> <span class='ocrx_word' id='word_1_141' title='bbox 1215 2123 1228 2158; x_wconf 92' lang='lat'>:</span> <span class='ocrx_word' id='word_1_142' title='bbox 1254 2102 1538 2175; x_wconf 87' lang='lat' dir='ltr'><strong>patefacito</strong></span> <span class='ocrx_word' id='word_1_143' title='bbox 1564 2101 1774 2156; x_wconf 89' lang='lat' dir='ltr'><strong>illorum</strong></span> <span class='ocrx_word' id='word_1_144' title='bbox 1802 2101 2143 2171; x_wconf 88' lang='lat' dir='ltr'><strong>imposturas,</strong></span> 
     </span>
    </p>
   </div>
   <div class='ocr_carea' id='block_1_21' title="bbox 562 2189 2149 2265">
    <p class='ocr_par' dir='ltr' id='par_1_21' title="bbox 562 2189 2149 2265">
     <span class='ocr_line' id='line_1_21' title="bbox 562 2189 2149 2265; baseline 0.001 -20"><span class='ocrx_word' id='word_1_145' title='bbox 562 2190 970 2262; x_wconf 78' lang='lat' dir='ltr'><strong>incantationes,</strong></span> <span class='ocrx_word' id='word_1_146' title='bbox 986 2193 1708 2265; x_wconf 60' lang='lat' dir='ltr'><strong>an&#39;tuleta,veneficia.Neque</strong></span> <span class='ocrx_word' id='word_1_147' title='bbox 1719 2192 1860 2248; x_wconf 88' lang='lat' dir='ltr'><strong>enim</strong></span> <span class='ocrx_word' id='word_1_148' title='bbox 1872 2192 1978 2246; x_wconf 91' lang='lat' dir='ltr'><strong>alio</strong></span> <span class='ocrx_word' id='word_1_149' title='bbox 1990 2189 2149 2246; x_wconf 91' lang='lat' dir='ltr'><strong>modo</strong></span> 
     </span>
    </p>
   </div>
   <div class='ocr_carea' id='block_1_22' title="bbox 567 2282 2147 2359">
    <p class='ocr_par' dir='ltr' id='par_1_22' title="bbox 567 2282 2147 2359">
     <span class='ocr_line' id='line_1_22' title="bbox 567 2282 2147 2359; baseline 0.001 -23"><span class='ocrx_word' id='word_1_150' title='bbox 567 2285 814 2341; x_wconf 78' lang='lat' dir='ltr'><strong>videntur</strong></span> <span class='ocrx_word' id='word_1_151' title='bbox 843 2288 1066 2353; x_wconf 83' lang='lat' dir='ltr'><strong>mederi,</strong></span> <span class='ocrx_word' id='word_1_152' title='bbox 1095 2303 1268 2359; x_wconf 90' lang='lat' dir='ltr'><strong>neque</strong></span> <span class='ocrx_word' id='word_1_153' title='bbox 1298 2303 1422 2344; x_wconf 84' lang='lat' dir='ltr'><strong>vere</strong></span> <span class='ocrx_word' id='word_1_154' title='bbox 1466 2286 1779 2350; x_wconf 87' lang='lat' dir='ltr'><strong>medentur,</strong></span> <span class='ocrx_word' id='word_1_155' title='bbox 1825 2284 1978 2338; x_wconf 89' lang='lat' dir='ltr'><strong>absit.</strong></span> <span class='ocrx_word' id='word_1_156' title='bbox 2013 2282 2147 2351; x_wconf 92' lang='lat' dir='ltr'><strong>Quin</strong></span> 
     </span>
    </p>
   </div>
   <div class='ocr_carea' id='block_1_23' title="bbox 565 2377 2150 2452">
    <p class='ocr_par' dir='ltr' id='par_1_23' title="bbox 565 2377 2150 2452">
     <span class='ocr_line' id='line_1_23' title="bbox 565 2377 2150 2452; baseline 0 -21"><span class='ocrx_word' id='word_1_157' title='bbox 565 2393 666 2448; x_wconf 77' lang='lat' dir='ltr'><strong>ego</strong></span> <span class='ocrx_word' id='word_1_158' title='bbox 695 2380 909 2449; x_wconf 84' lang='lat' dir='ltr'><strong>quidem</strong></span> <span class='ocrx_word' id='word_1_159' title='bbox 939 2381 1065 2436; x_wconf 88' lang='lat' dir='ltr'><strong>illud</strong></span> <span class='ocrx_word' id='word_1_160' title='bbox 1084 2382 1240 2452; x_wconf 88' lang='lat' dir='ltr'><strong>longe</strong></span> <span class='ocrx_word' id='word_1_161' title='bbox 1263 2381 1555 2436; x_wconf 86' lang='lat' dir='ltr'><strong>mirabilius</strong></span> <span class='ocrx_word' id='word_1_162' title='bbox 1575 2379 1768 2444; x_wconf 90' lang='lat' dir='ltr'><strong>dicam,</strong></span> <span class='ocrx_word' id='word_1_163' title='bbox 1794 2377 2001 2434; x_wconf 90' lang='lat' dir='ltr'><strong>etiamsi</strong></span> <span class='ocrx_word' id='word_1_164' title='bbox 2023 2391 2150 2431; x_wconf 89' lang='lat' dir='ltr'><strong>vere</strong></span> 
     </span>
    </p>
   </div>
   <div class='ocr_carea' id='block_1_24' title="bbox 563 2470 2151 2544">
    <p class='ocr_par' dir='ltr' id='par_1_24' title="bbox 563 2470 2151 2544">
     <span class='ocr_line' id='line_1_24' title="bbox 563 2470 2151 2544; baseline -0.001 -19"><span class='ocrx_word' id='word_1_165' title='bbox 563 2483 836 2538; x_wconf 67' lang='lat' dir='ltr'><strong>mutarent,</strong></span> <span class='ocrx_word' id='word_1_166' title='bbox 870 2475 1037 2530; x_wconf 89' lang='lat' dir='ltr'><strong>satius</strong></span> <span class='ocrx_word' id='word_1_167' title='bbox 1067 2483 1243 2529; x_wconf 88' lang='lat' dir='ltr'><strong>tamen</strong></span> <span class='ocrx_word' id='word_1_168' title='bbox 1274 2489 1393 2530; x_wconf 89' lang='lat' dir='ltr'><strong>esse</strong></span> <span class='ocrx_word' id='word_1_169' title='bbox 1415 2475 1605 2538; x_wconf 88' lang='lat' dir='ltr'><strong>emori,</strong></span> <span class='ocrx_word' id='word_1_170' title='bbox 1637 2488 1795 2544; x_wconf 90' lang='lat' dir='ltr'><strong>quam</strong></span> <span class='ocrx_word' id='word_1_171' title='bbox 1819 2471 1884 2526; x_wconf 88' lang='lat' dir='ltr'><strong>ad</strong></span> <span class='ocrx_word' id='word_1_172' title='bbox 1904 2471 1998 2525; x_wconf 88' lang='lat' dir='ltr'><strong>Dei</strong></span> <span class='ocrx_word' id='word_1_173' title='bbox 2029 2470 2151 2524; x_wconf 84' lang='lat' dir='ltr'><strong>hos-</strong></span> 
     </span>
    </p>
   </div>
   <div class='ocr_carea' id='block_1_25' title="bbox 564 2561 2150 2634">
    <p class='ocr_par' dir='ltr' id='par_1_25' title="bbox 564 2561 2150 2634">
     <span class='ocr_line' id='line_1_25' title="bbox 564 2561 2150 2634; baseline 0.002 -22"><span class='ocrx_word' id='word_1_174' title='bbox 564 2569 646 2616; x_wconf 79' lang='lat' dir='ltr'><strong>tes</strong></span> <span class='ocrx_word' id='word_1_175' title='bbox 661 2576 963 2629; x_wconf 88' lang='lat' dir='ltr'><strong>accurrere,</strong></span> <span class='ocrx_word' id='word_1_176' title='bbox 983 2565 1164 2634; x_wconf 89' lang='lat' dir='ltr'><strong>itaque</strong></span> <span class='ocrx_word' id='word_1_177' title='bbox 1187 2565 1382 2619; x_wconf 85' lang='lat' dir='ltr'><strong>sanari.</strong></span> <span class='ocrx_word' id='word_1_178' title='bbox 1404 2563 1538 2632; x_wconf 87' lang='lat' dir='ltr'><strong>Quid</strong></span> <span class='ocrx_word' id='word_1_179' title='bbox 1564 2563 1705 2618; x_wconf 92' lang='lat' dir='ltr'><strong>enim</strong></span> <span class='ocrx_word' id='word_1_180' title='bbox 1733 2561 1948 2632; x_wconf 88' lang='lat' dir='ltr'><strong>prodest</strong></span> <span class='ocrx_word' id='word_1_181' title='bbox 1963 2576 2150 2615; x_wconf 89' lang='lat' dir='ltr'><strong>curare</strong></span> 
     </span>
    </p>
   </div>
   <div class='ocr_carea' id='block_1_26' title="bbox 564 2652 2152 2724">
    <p class='ocr_par' dir='ltr' id='par_1_26' title="bbox 564 2652 2152 2724">
     <span class='ocr_line' id='line_1_26' title="bbox 564 2652 2152 2724; baseline 0 -20"><span class='ocrx_word' id='word_1_182' title='bbox 564 2667 782 2721; x_wconf 85' lang='lat' dir='ltr'><strong>corpus,</strong></span> <span class='ocrx_word' id='word_1_183' title='bbox 796 2654 970 2708; x_wconf 87' lang='lat' dir='ltr'><strong>anima</strong></span> <span class='ocrx_word' id='word_1_184' title='bbox 990 2656 1278 2724; x_wconf 87' lang='lat' dir='ltr'><strong>pereunte?</strong></span> <span class='ocrx_word' id='word_1_185' title='bbox 1294 2655 1430 2724; x_wconf 85' lang='lat' dir='ltr'><strong>Quid</strong></span> <span class='ocrx_word' id='word_1_186' title='bbox 1446 2665 1620 2709; x_wconf 87' lang='lat' dir='ltr'><strong>autem</strong></span> <span class='ocrx_word' id='word_1_187' title='bbox 1646 2654 1800 2719; x_wconf 90' lang='lat' dir='ltr'><strong>lucri,</strong></span> <span class='ocrx_word' id='word_1_188' title='bbox 1815 2654 1859 2708; x_wconf 90' lang='lat' dir='ltr'><strong>si</strong></span> <span class='ocrx_word' id='word_1_189' title='bbox 1879 2652 2002 2722; x_wconf 89' lang='lat' dir='ltr'><strong>quid</strong></span> <span class='ocrx_word' id='word_1_190' title='bbox 2019 2652 2152 2706; x_wconf 84' lang='lat' dir='ltr'><strong>sola-</strong></span> 
     </span>
    </p>
   </div>
   <div class='ocr_carea' id='block_1_27' title="bbox 564 2743 2150 2818">
    <p class='ocr_par' dir='ltr' id='par_1_27' title="bbox 564 2743 2150 2818">
     <span class='ocr_line' id='line_1_27' title="bbox 564 2743 2150 2818; baseline 0.001 -22"><span class='ocrx_word' id='word_1_191' title='bbox 564 2743 621 2797; x_wconf 74' lang='lat' dir='ltr'><strong>lii</strong></span> <span class='ocrx_word' id='word_1_192' title='bbox 639 2744 1122 2814; x_wconf 82' lang='lat' dir='ltr'><strong>hicnanciscamur,</strong></span> <span class='ocrx_word' id='word_1_193' title='bbox 1137 2762 1258 2802; x_wconf 89' lang='lat' dir='ltr'><strong>mox</strong></span> <span class='ocrx_word' id='word_1_194' title='bbox 1275 2748 1592 2818; x_wconf 84' lang='lat' dir='ltr'><strong>conjiciendi</strong></span> <span class='ocrx_word' id='word_1_195' title='bbox 1609 2747 1659 2801; x_wconf 92' lang='lat' dir='ltr'><strong>in</strong></span> <span class='ocrx_word' id='word_1_196' title='bbox 1677 2748 1851 2818; x_wconf 91' lang='lat' dir='ltr'><strong>ignem</strong></span> <span class='ocrx_word' id='word_1_197' title='bbox 1866 2744 2150 2800; x_wconf 76' lang='lat' dir='ltr'><strong>aeternum?</strong></span> 
     </span>
    </p>
   </div>
   <div class='ocr_carea' id='block_1_28' title="bbox 508 2833 2150 2917">
    <p class='ocr_par' dir='ltr' id='par_1_28' title="bbox 508 2833 2150 2917">
     <span class='ocr_line' id='line_1_28' title="bbox 508 2833 2150 2917; baseline 0.001 -29"><span class='ocrx_word' id='word_1_198' title='bbox 508 2893 521 2917; x_wconf 36' lang='grc' dir='ltr'>ι</span> <span class='ocrx_word' id='word_1_199' title='bbox 567 2833 721 2900; x_wconf 81' lang='lat' dir='ltr'><strong>Nam,</strong></span> <span class='ocrx_word' id='word_1_200' title='bbox 744 2850 813 2891; x_wconf 91' lang='lat' dir='ltr'><strong>ne</strong></span> <span class='ocrx_word' id='word_1_201' title='bbox 840 2835 1078 2893; x_wconf 88' lang='lat' dir='ltr'><strong>dicerent</strong></span> <span class='ocrx_word' id='word_1_202' title='bbox 1105 2839 1224 2907; x_wconf 88' lang='lat' dir='ltr'><strong>ista,</strong></span> <span class='ocrx_word' id='word_1_203' title='bbox 1251 2839 1372 2894; x_wconf 88' lang='lat' dir='ltr'><strong>audi</strong></span> <span class='ocrx_word' id='word_1_204' title='bbox 1400 2839 1526 2909; x_wconf 87' lang='lat' dir='ltr'><strong>quid</strong></span> <span class='ocrx_word' id='word_1_205' title='bbox 1552 2838 1679 2893; x_wconf 89' lang='lat' dir='ltr'><strong>dicit</strong></span> <span class='ocrx_word' id='word_1_206' title='bbox 1709 2839 1848 2893; x_wconf 88' lang='lat' dir='ltr'><strong>Dens</strong></span> <span class='ocrx_word' id='word_1_207' title='bbox 1869 2855 1881 2891; x_wconf 91' lang='lat'><strong>:</strong></span> <span class='ocrx_word' id='word_1_208' title='bbox 1903 2837 1962 2894; x_wconf 85' lang='lat' dir='ltr'><strong>Si</strong></span> <span class='ocrx_word' id='word_1_209' title='bbox 1994 2839 2150 2892; x_wconf 77' lang='lat' dir='ltr'><strong>exsti-</strong></span> 
     </span>
    </p>
   </div>
   <div class='ocr_carea' id='block_1_29' title="bbox 566 2924 2152 2998">
    <p class='ocr_par' dir='ltr' id='par_1_29' title="bbox 566 2924 2152 2998">
     <span class='ocr_line' id='line_1_29' title="bbox 566 2924 2152 2998; baseline 0.004 -23"><span class='ocrx_word' id='word_1_210' title='bbox 566 2924 683 2977; x_wconf 86' lang='lat' dir='ltr'><strong>terit</strong></span> <span class='ocrx_word' id='word_1_211' title='bbox 708 2927 952 2998; x_wconf 83' lang='lat' dir='ltr'><strong>prop/tetu</strong></span> <span class='ocrx_word' id='word_1_212' title='bbox 971 2928 1024 2981; x_wconf 89' lang='lat' dir='ltr'><strong>in</strong></span> <span class='ocrx_word' id='word_1_213' title='bbox 1050 2937 1115 2992; x_wconf 86' lang='lat' dir='ltr'><strong>te,</strong></span> <span class='ocrx_word' id='word_1_214' title='bbox 1143 2938 1233 2982; x_wconf 91' lang='lat' dir='ltr'><strong>aut</strong></span> <span class='ocrx_word' id='word_1_215' title='bbox 1254 2929 1511 2984; x_wconf 79' lang='lat' dir='ltr'><strong>somnium</strong></span> <span class='ocrx_word' id='word_1_216' title='bbox 1536 2929 1814 2994; x_wconf 81' lang='lat' dir='ltr'><strong>somnians,</strong></span> <span class='ocrx_word' id='word_1_217' title='bbox 1840 2928 2152 2997; x_wconf 83' lang='lat' dir='ltr'><strong>edideritque</strong></span> 
     </span>
    </p>
   </div>
   <div class='ocr_carea' id='block_1_30' title="bbox 565 3015 2150 3092">
    <p class='ocr_par' dir='ltr' id='par_1_30' title="bbox 565 3015 2150 3092">
     <span class='ocr_line' id='line_1_30' title="bbox 565 3015 2150 3092; baseline 0.001 -23"><span class='ocrx_word' id='word_1_218' title='bbox 565 3015 765 3086; x_wconf 84' lang='lat' dir='ltr'><strong>signum</strong></span> <span class='ocrx_word' id='word_1_219' title='bbox 791 3035 852 3071; x_wconf 83' lang='lat' dir='ltr'><strong>ac</strong></span> <span class='ocrx_word' id='word_1_220' title='bbox 867 3019 1176 3091; x_wconf 81' lang='lat' dir='ltr'><strong>prodigium,</strong></span> <span class='ocrx_word' id='word_1_221' title='bbox 1209 3022 1521 3092; x_wconf 82' lang='lat' dir='ltr'><strong>eoeneritque</strong></span> <span class='ocrx_word' id='word_1_222' title='bbox 1547 3021 1748 3090; x_wconf 85' lang='lat' dir='ltr'><strong>signum</strong></span> <span class='ocrx_word' id='word_1_223' title='bbox 1775 3036 1835 3073; x_wconf 85' lang='lat' dir='ltr'><strong>ac</strong></span> <span class='ocrx_word' id='word_1_224' title='bbox 1863 3020 2150 3090; x_wconf 82' lang='lat' dir='ltr'><strong>prodigium</strong></span> 
     </span>
    </p>
   </div>
   <div class='ocr_carea' id='block_1_31' title="bbox 561 3107 2151 3182">
    <p class='ocr_par' dir='ltr' id='par_1_31' title="bbox 561 3107 2151 3182">
     <span class='ocr_line' id='line_1_31' title="bbox 561 3107 2151 3182; baseline 0.004 -22"><span class='ocrx_word' id='word_1_225' title='bbox 561 3107 701 3178; x_wconf 78' lang='lat' dir='ltr'><strong>quod</strong></span> <span class='ocrx_word' id='word_1_226' title='bbox 727 3108 960 3182; x_wconf 82' lang='lat' dir='ltr'><strong>loquutus</strong></span> <span class='ocrx_word' id='word_1_227' title='bbox 985 3120 1058 3166; x_wconf 85' lang='lat' dir='ltr'><strong>est</strong></span> <span class='ocrx_word' id='word_1_228' title='bbox 1081 3154 1095 3176; x_wconf 93' lang='lat'><strong>,</strong></span> <span class='ocrx_word' id='word_1_229' title='bbox 1126 3111 1406 3182; x_wconf 68' lang='lat' dir='ltr'><strong>dixeritque</strong></span> <span class='ocrx_word' id='word_1_230' title='bbox 1435 3128 1453 3167; x_wconf 92' lang='lat'><em>:</em></span> <span class='ocrx_word' id='word_1_231' title='bbox 1481 3128 1653 3167; x_wconf 77' lang='lat' dir='ltr'><strong>eamus</strong></span> <span class='ocrx_word' id='word_1_232' title='bbox 1679 3123 1725 3167; x_wconf 86' lang='lat' dir='ltr'><strong>et</strong></span> <span class='ocrx_word' id='word_1_233' title='bbox 1753 3113 2024 3167; x_wconf 82' lang='lat' dir='ltr'><strong>serviamus</strong></span> <span class='ocrx_word' id='word_1_234' title='bbox 2054 3113 2151 3166; x_wconf 87' lang='lat' dir='ltr'><strong>diis</strong></span> 
     </span>
    </p>
   </div>
   <div class='ocr_carea' id='block_1_32' title="bbox 560 3195 2152 3274">
    <p class='ocr_par' dir='ltr' id='par_1_32' title="bbox 560 3195 2152 3274">
     <span class='ocr_line' id='line_1_32' title="bbox 560 3195 2152 3274; baseline 0.003 -24"><span class='ocrx_word' id='word_1_235' title='bbox 560 3195 681 3252; x_wconf 83' lang='lat' dir='ltr'><strong>aliis</strong></span> <span class='ocrx_word' id='word_1_236' title='bbox 703 3215 728 3253; x_wconf 84' lang='lat'><strong><em>:</em></strong></span> <span class='ocrx_word' id='word_1_237' title='bbox 752 3216 854 3254; x_wconf 90' lang='lat' dir='ltr'><strong>non</strong></span> <span class='ocrx_word' id='word_1_238' title='bbox 894 3202 1240 3258; x_wconf 84' lang='lat' dir='ltr'><strong>auseultabitis</strong></span> <span class='ocrx_word' id='word_1_239' title='bbox 1277 3202 1536 3274; x_wconf 76' lang='lat' dir='ltr'><strong>propheta:</strong></span> <span class='ocrx_word' id='word_1_240' title='bbox 1570 3204 1648 3257; x_wconf 86' lang='lat' dir='ltr'><strong>illi</strong></span> <span class='ocrx_word' id='word_1_241' title='bbox 1679 3218 1698 3257; x_wconf 91' lang='lat'><em>:</em></span> <span class='ocrx_word' id='word_1_242' title='bbox 1733 3203 1970 3273; x_wconf 84' lang='lat' dir='ltr'><strong>quoniam</strong></span> <span class='ocrx_word' id='word_1_243' title='bbox 1999 3210 2152 3256; x_wconf 81' lang='lat' dir='ltr'><strong>tentat</strong></span> 
     </span>
    </p>
   </div>
   <div class='ocr_carea' id='block_1_33' title="bbox 562 3288 2150 3366">
    <p class='ocr_par' dir='ltr' id='par_1_33' title="bbox 562 3288 2150 3366">
     <span class='ocr_line' id='line_1_33' title="bbox 562 3288 2150 3366; baseline 0.002 -23"><span class='ocrx_word' id='word_1_244' title='bbox 562 3302 652 3344; x_wconf 67' lang='lat' dir='ltr'><strong>vos</strong></span> <span class='ocrx_word' id='word_1_245' title='bbox 691 3288 941 3346; x_wconf 84' lang='lat' dir='ltr'><strong>Dominus</strong></span> <span class='ocrx_word' id='word_1_246' title='bbox 981 3292 1152 3360; x_wconf 90' lang='lat' dir='ltr'><strong>Deus,</strong></span> <span class='ocrx_word' id='word_1_247' title='bbox 1188 3309 1257 3348; x_wconf 81' lang='lat' dir='ltr'><strong>an</strong></span> <span class='ocrx_word' id='word_1_248' title='bbox 1297 3295 1519 3366; x_wconf 79' lang='lat' dir='ltr'><strong>diligatis</strong></span> <span class='ocrx_word' id='word_1_249' title='bbox 1554 3293 1829 3347; x_wconf 87' lang='lat' dir='ltr'><strong>Dominum</strong></span> <span class='ocrx_word' id='word_1_250' title='bbox 1861 3293 2026 3348; x_wconf 76' lang='lat' dir='ltr'><strong>Deum</strong></span> <span class='ocrx_word' id='word_1_251' title='bbox 2065 3310 2150 3347; x_wconf 71' lang='lat' dir='ltr'><strong>ve-</strong></span> 
     </span>
    </p>
   </div>
   <div class='ocr_carea' id='block_1_34' title="bbox 564 3383 2148 3455">
    <p class='ocr_par' dir='ltr' id='par_1_34' title="bbox 564 3383 2148 3455">
     <span class='ocr_line' id='line_1_34' title="bbox 564 3383 2148 3455; baseline 0.003 -21"><span class='ocrx_word' id='word_1_252' title='bbox 564 3389 725 3434; x_wconf 86' lang='lat' dir='ltr'><strong>strum</strong></span> <span class='ocrx_word' id='word_1_253' title='bbox 749 3397 812 3436; x_wconf 80' lang='lat' dir='ltr'><strong>ea:</strong></span> <span class='ocrx_word' id='word_1_254' title='bbox 832 3391 935 3436; x_wconf 89' lang='lat' dir='ltr'><strong>toto</strong></span> <span class='ocrx_word' id='word_1_255' title='bbox 959 3383 1109 3437; x_wconf 88' lang='lat' dir='ltr'><strong>corde</strong></span> <span class='ocrx_word' id='word_1_256' title='bbox 1130 3393 1291 3437; x_wconf 75' lang='lat' dir='ltr'><strong>uestro</strong></span> <span class='ocrx_word' id='word_1_257' title='bbox 1315 3393 1362 3437; x_wconf 90' lang='lat' dir='ltr'><strong>et</strong></span> <span class='ocrx_word' id='word_1_258' title='bbox 1387 3401 1448 3438; x_wconf 82' lang='lat' dir='ltr'><strong>ea:</strong></span> <span class='ocrx_word' id='word_1_259' title='bbox 1472 3393 1575 3438; x_wconf 89' lang='lat' dir='ltr'><strong>tota</strong></span> <span class='ocrx_word' id='word_1_260' title='bbox 1600 3386 1770 3437; x_wconf 87' lang='lat' dir='ltr'><strong>anima</strong></span> <span class='ocrx_word' id='word_1_261' title='bbox 1789 3394 1949 3438; x_wconf 83' lang='lat' dir='ltr'><strong>vestra</strong></span> <span class='ocrx_word' id='word_1_262' title='bbox 1971 3383 2148 3455; x_wconf 68' lang='lat' dir='ltr'><strong>(Deut.</strong></span> 
     </span>
    </p>
   </div>
   <div class='ocr_carea' id='block_1_35' title="bbox 565 3467 2153 3544">
    <p class='ocr_par' dir='ltr' id='par_1_35' title="bbox 565 3467 2153 3544">
     <span class='ocr_line' id='line_1_35' title="bbox 565 3467 2153 3544; baseline 0.005 -23"><span class='ocrx_word' id='word_1_263' title='bbox 565 3467 656 3523; x_wconf 78' lang='grc'><strong>15.</strong></span> <span class='ocrx_word' id='word_1_264' title='bbox 685 3469 820 3540; x_wconf 80' lang='grc'><strong>1-5).</strong></span> <span class='ocrx_word' id='word_1_265' title='bbox 843 3470 996 3536; x_wconf 89' lang='lat' dir='ltr'><strong>Quod</strong></span> <span class='ocrx_word' id='word_1_266' title='bbox 1020 3471 1168 3538; x_wconf 90' lang='lat' dir='ltr'><strong>dicit,</strong></span> <span class='ocrx_word' id='word_1_267' title='bbox 1199 3472 1303 3527; x_wconf 87' lang='lat' dir='ltr'><strong>tale</strong></span> <span class='ocrx_word' id='word_1_268' title='bbox 1328 3483 1412 3527; x_wconf 89' lang='lat' dir='ltr'><strong>est</strong></span> <span class='ocrx_word' id='word_1_269' title='bbox 1438 3491 1451 3527; x_wconf 90' lang='lat'><strong>:</strong></span> <span class='ocrx_word' id='word_1_270' title='bbox 1473 3473 1516 3527; x_wconf 91' lang='lat' dir='ltr'><strong>si</strong></span> <span class='ocrx_word' id='word_1_271' title='bbox 1545 3474 1685 3543; x_wconf 87' lang='lat' dir='ltr'><strong>quis,</strong></span> <span class='ocrx_word' id='word_1_272' title='bbox 1713 3474 1896 3544; x_wconf 81' lang='lat' dir='ltr'><strong>inquit,</strong></span> <span class='ocrx_word' id='word_1_273' title='bbox 1922 3474 2153 3544; x_wconf 89' lang='lat' dir='ltr'><strong>pr0phe-</strong></span> 
     </span>
    </p>
   </div>
   <div class='ocr_carea' id='block_1_36' title="bbox 565 3559 2153 3632">
    <p class='ocr_par' dir='ltr' id='par_1_36' title="bbox 565 3559 2153 3632">
     <span class='ocr_line' id='line_1_36' title="bbox 565 3559 2153 3632; baseline 0.004 -19"><span class='ocrx_word' id='word_1_274' title='bbox 565 3567 618 3613; x_wconf 75' lang='lat' dir='ltr'><strong>ta</strong></span> <span class='ocrx_word' id='word_1_275' title='bbox 645 3559 859 3627; x_wconf 79' lang='lat' dir='ltr'><strong>dixerit,</strong></span> <span class='ocrx_word' id='word_1_276' title='bbox 887 3576 1101 3632; x_wconf 90' lang='lat' dir='ltr'><strong>possum</strong></span> <span class='ocrx_word' id='word_1_277' title='bbox 1125 3565 1360 3619; x_wconf 77' lang='lat' dir='ltr'><strong>excitare</strong></span> <span class='ocrx_word' id='word_1_278' title='bbox 1388 3575 1676 3628; x_wconf 89' lang='lat' dir='ltr'><strong>mortuum,</strong></span> <span class='ocrx_word' id='word_1_279' title='bbox 1705 3573 1795 3619; x_wconf 90' lang='lat' dir='ltr'><strong>aut</strong></span> <span class='ocrx_word' id='word_1_280' title='bbox 1820 3565 2023 3620; x_wconf 85' lang='lat' dir='ltr'><strong>mederi</strong></span> <span class='ocrx_word' id='word_1_281' title='bbox 2049 3580 2153 3620; x_wconf 75' lang='lat' dir='ltr'><strong>ea:-</strong></span> 
     </span>
    </p>
   </div>
   <div class='ocr_carea' id='block_1_37' title="bbox 559 3651 2147 3725">
    <p class='ocr_par' dir='ltr' id='par_1_37' title="bbox 559 3651 2147 3725">
     <span class='ocr_line' id='line_1_37' title="bbox 559 3651 2147 3725; baseline 0.003 -17"><span class='ocrx_word' id='word_1_282' title='bbox 559 3667 631 3708; x_wconf 78' lang='lat' dir='ltr'><strong>eo</strong></span> <span class='ocrx_word' id='word_1_283' title='bbox 663 3669 676 3706; x_wconf 76' lang='grc' dir='ltr'>ε</span> <span class='ocrx_word' id='word_1_284' title='bbox 708 3651 802 3708; x_wconf 87' lang='lat' dir='ltr'><strong>sed</strong></span> <span class='ocrx_word' id='word_1_285' title='bbox 843 3654 1209 3725; x_wconf 85' lang='lat' dir='ltr'><strong>obtemperate</strong></span> <span class='ocrx_word' id='word_1_286' title='bbox 1243 3656 1372 3710; x_wconf 92' lang='lat' dir='ltr'><strong>mihi</strong></span> <span class='ocrx_word' id='word_1_287' title='bbox 1398 3698 1411 3721; x_wconf 93' lang='lat'><strong>,</strong></span> <span class='ocrx_word' id='word_1_288' title='bbox 1445 3663 1499 3710; x_wconf 92' lang='lat' dir='ltr'><strong>et</strong></span> <span class='ocrx_word' id='word_1_289' title='bbox 1527 3656 1809 3711; x_wconf 85' lang='lat' dir='ltr'><strong>adoremus</strong></span> <span class='ocrx_word' id='word_1_290' title='bbox 1837 3656 2109 3712; x_wconf 81' lang='lat' dir='ltr'><strong>daemones</strong></span> <span class='ocrx_word' id='word_1_291' title='bbox 2133 3697 2147 3722; x_wconf 91' lang='lat'><strong>,</strong></span> 
     </span>
    </p>
   </div>
   <div class='ocr_carea' id='block_1_38' title="bbox 569 3744 2148 3820">
    <p class='ocr_par' dir='ltr' id='par_1_38' title="bbox 569 3744 2148 3820">
     <span class='ocr_line' id='line_1_38' title="bbox 569 3744 2148 3820; baseline 0.002 -20"><span class='ocrx_word' id='word_1_292' title='bbox 569 3753 663 3800; x_wconf 78' lang='lat' dir='ltr'><strong>aut</strong></span> <span class='ocrx_word' id='word_1_293' title='bbox 691 3744 1470 3804; x_wconf 16' lang='lat' dir='ltr'><strong>immolemus.ido|is.tl)einde</strong></span> <span class='ocrx_word' id='word_1_294' title='bbox 1500 3748 1542 3804; x_wconf 89' lang='lat' dir='ltr'><strong>si</strong></span> <span class='ocrx_word' id='word_1_295' title='bbox 1569 3789 1585 3814; x_wconf 94' lang='lat'><strong>,</strong></span> <span class='ocrx_word' id='word_1_296' title='bbox 1619 3750 1704 3819; x_wconf 90' lang='lat' dir='ltr'><strong>qui</strong></span> <span class='ocrx_word' id='word_1_297' title='bbox 1737 3749 1852 3804; x_wconf 63' lang='lat' dir='ltr'><strong>ha&#39;c</strong></span> <span class='ocrx_word' id='word_1_298' title='bbox 1879 3749 2148 3820; x_wconf 82' lang='lat' dir='ltr'><strong>loquitur;</strong></span> 
     </span>
    </p>
   </div>
   <div class='ocr_carea' id='block_1_39' title="bbox 566 3834 2150 3907">
    <p class='ocr_par' dir='ltr' id='par_1_39' title="bbox 566 3834 2150 3907">
     <span class='ocr_line' id='line_1_39' title="bbox 566 3834 2150 3907; baseline 0.004 -17"><span class='ocrx_word' id='word_1_299' title='bbox 566 3834 734 3906; x_wconf 87' lang='lat' dir='ltr'><strong>possit</strong></span> <span class='ocrx_word' id='word_1_300' title='bbox 763 3837 964 3893; x_wconf 90' lang='lat' dir='ltr'><strong>mederi</strong></span> <span class='ocrx_word' id='word_1_301' title='bbox 994 3852 1138 3895; x_wconf 65' lang='lat' dir='ltr'><strong>casco</strong></span> <span class='ocrx_word' id='word_1_302' title='bbox 1157 3881 1172 3907; x_wconf 97' lang='lat'><strong>,</strong></span> <span class='ocrx_word' id='word_1_303' title='bbox 1202 3847 1293 3894; x_wconf 90' lang='lat' dir='ltr'><strong>aut</strong></span> <span class='ocrx_word' id='word_1_304' title='bbox 1320 3841 1560 3895; x_wconf 84' lang='lat' dir='ltr'><strong>excitare</strong></span> <span class='ocrx_word' id='word_1_305' title='bbox 1589 3841 1852 3896; x_wconf 86' lang='lat' dir='ltr'><strong>mortuum</strong></span> <span class='ocrx_word' id='word_1_306' title='bbox 1879 3883 1892 3905; x_wconf 93' lang='lat'><strong>,</strong></span> <span class='ocrx_word' id='word_1_307' title='bbox 1925 3859 2022 3898; x_wconf 91' lang='lat' dir='ltr'><strong>nec</strong></span> <span class='ocrx_word' id='word_1_308' title='bbox 2051 3843 2150 3897; x_wconf 81' lang='lat' dir='ltr'><strong>ista</strong></span> 
     </span>
    </p>
   </div>
   <div class='ocr_carea' id='block_1_40' title="bbox 566 3929 2150 4002">
    <p class='ocr_par' dir='ltr' id='par_1_40' title="bbox 566 3929 2150 4002">
     <span class='ocr_line' id='line_1_40' title="bbox 566 3929 2150 4002; baseline 0.004 -20"><span class='ocrx_word' id='word_1_309' title='bbox 566 3929 836 3998; x_wconf 72' lang='lat' dir='ltr'><strong>prmstanti</strong></span> <span class='ocrx_word' id='word_1_310' title='bbox 865 3929 1188 3995; x_wconf 90' lang='lat' dir='ltr'><strong>credideris,</strong></span> <span class='ocrx_word' id='word_1_311' title='bbox 1217 3930 1406 4002; x_wconf 90' lang='lat' dir='ltr'><strong>inquit,</strong></span> <span class='ocrx_word' id='word_1_312' title='bbox 1439 3931 1569 3986; x_wconf 87' lang='lat' dir='ltr'><strong>cur?</strong></span> <span class='ocrx_word' id='word_1_313' title='bbox 1596 3931 1671 3986; x_wconf 90' lang='lat' dir='ltr'><strong>Eo</strong></span> <span class='ocrx_word' id='word_1_314' title='bbox 1696 3931 1837 4001; x_wconf 83' lang='lat' dir='ltr'><strong>quod</strong></span> <span class='ocrx_word' id='word_1_315' title='bbox 1869 3933 2006 3988; x_wconf 87' lang='lat' dir='ltr'><strong>Deus</strong></span> <span class='ocrx_word' id='word_1_316' title='bbox 2033 3943 2150 3988; x_wconf 89' lang='lat' dir='ltr'><strong>ten-</strong></span> 
     </span>
    </p>
   </div>
   <div class='ocr_carea' id='block_1_41' title="bbox 568 4019 2152 4092">
    <p class='ocr_par' dir='ltr' id='par_1_41' title="bbox 568 4019 2152 4092">
     <span class='ocr_line' id='line_1_41' title="bbox 568 4019 2152 4092; baseline 0.004 -21"><span class='ocrx_word' id='word_1_317' title='bbox 568 4025 688 4072; x_wconf 81' lang='lat' dir='ltr'><strong>tans</strong></span> <span class='ocrx_word' id='word_1_318' title='bbox 715 4025 788 4084; x_wconf 93' lang='lat' dir='ltr'><strong>te,</strong></span> <span class='ocrx_word' id='word_1_319' title='bbox 821 4019 1062 4087; x_wconf 83' lang='lat' dir='ltr'><strong>permisit</strong></span> <span class='ocrx_word' id='word_1_320' title='bbox 1087 4027 1145 4074; x_wconf 88' lang='lat' dir='ltr'><strong>ut</strong></span> <span class='ocrx_word' id='word_1_321' title='bbox 1167 4021 1254 4076; x_wconf 92' lang='lat' dir='ltr'><strong>ille</strong></span> <span class='ocrx_word' id='word_1_322' title='bbox 1279 4021 1380 4076; x_wconf 91' lang='lat' dir='ltr'><strong>hoc</strong></span> <span class='ocrx_word' id='word_1_323' title='bbox 1406 4021 1569 4090; x_wconf 88' lang='lat' dir='ltr'><strong>possit</strong></span> <span class='ocrx_word' id='word_1_324' title='bbox 1596 4039 1609 4075; x_wconf 88' lang='lat'><strong>:</strong></span> <span class='ocrx_word' id='word_1_325' title='bbox 1637 4037 1743 4075; x_wconf 89' lang='lat' dir='ltr'><strong>non</strong></span> <span class='ocrx_word' id='word_1_326' title='bbox 1769 4021 1907 4092; x_wconf 91' lang='lat' dir='ltr'><strong>quod</strong></span> <span class='ocrx_word' id='word_1_327' title='bbox 1932 4023 2019 4078; x_wconf 88' lang='lat' dir='ltr'><strong>ille</strong></span> <span class='ocrx_word' id='word_1_328' title='bbox 2045 4039 2152 4079; x_wconf 89' lang='lat' dir='ltr'><strong>non</strong></span> 
     </span>
    </p>
   </div>
   <div class='ocr_carea' id='block_1_42' title="bbox 567 4113 2156 4185">
    <p class='ocr_par' dir='ltr' id='par_1_42' title="bbox 567 4113 2156 4185">
     <span class='ocr_line' id='line_1_42' title="bbox 567 4113 2156 4185; baseline 0.005 -20"><span class='ocrx_word' id='word_1_329' title='bbox 567 4118 752 4166; x_wconf 87' lang='lat' dir='ltr'><strong>nosset</strong></span> <span class='ocrx_word' id='word_1_330' title='bbox 778 4121 925 4168; x_wconf 89' lang='lat' dir='ltr'><strong>tuum</strong></span> <span class='ocrx_word' id='word_1_331' title='bbox 951 4113 1208 4180; x_wconf 89' lang='lat' dir='ltr'><strong>animum,</strong></span> <span class='ocrx_word' id='word_1_332' title='bbox 1238 4113 1334 4170; x_wconf 89' lang='lat' dir='ltr'><strong>sed</strong></span> <span class='ocrx_word' id='word_1_333' title='bbox 1361 4123 1418 4170; x_wconf 94' lang='lat' dir='ltr'><strong>ut</strong></span> <span class='ocrx_word' id='word_1_334' title='bbox 1444 4115 1536 4169; x_wconf 89' lang='lat' dir='ltr'><strong>tibi</strong></span> <span class='ocrx_word' id='word_1_335' title='bbox 1565 4115 1891 4185; x_wconf 90' lang='lat' dir='ltr'><strong>probationis</strong></span> <span class='ocrx_word' id='word_1_336' title='bbox 1916 4118 2156 4173; x_wconf 88' lang='lat' dir='ltr'><strong>occasio-</strong></span> 
     </span>
    </p>
   </div>
   <div class='ocr_carea' id='block_1_43' title="bbox 569 4204 2150 4278">
    <p class='ocr_par' dir='ltr' id='par_1_43' title="bbox 569 4204 2150 4278">
     <span class='ocr_line' id='line_1_43' title="bbox 569 4204 2150 4278; baseline 0.003 -19"><span class='ocrx_word' id='word_1_337' title='bbox 569 4219 690 4259; x_wconf 87' lang='lat' dir='ltr'><strong>nem</strong></span> <span class='ocrx_word' id='word_1_338' title='bbox 732 4204 1037 4272; x_wconf 89' lang='lat' dir='ltr'><strong>exhiberet,</strong></span> <span class='ocrx_word' id='word_1_339' title='bbox 1069 4221 1135 4260; x_wconf 91' lang='lat' dir='ltr'><strong>an</strong></span> <span class='ocrx_word' id='word_1_340' title='bbox 1173 4222 1299 4263; x_wconf 87' lang='lat' dir='ltr'><strong>vere</strong></span> <span class='ocrx_word' id='word_1_341' title='bbox 1335 4206 1584 4278; x_wconf 88' lang='lat' dir='ltr'><strong>diligeres</strong></span> <span class='ocrx_word' id='word_1_342' title='bbox 1624 4206 1808 4262; x_wconf 89' lang='lat' dir='ltr'><strong>Deum.</strong></span> <span class='ocrx_word' id='word_1_343' title='bbox 1842 4207 1937 4262; x_wconf 88' lang='lat' dir='ltr'><strong>Est</strong></span> <span class='ocrx_word' id='word_1_344' title='bbox 1973 4217 2150 4263; x_wconf 89' lang='lat' dir='ltr'><strong>autem</strong></span> 
     </span>
    </p>
   </div>
   <div class='ocr_carea' id='block_1_44' title="bbox 568 4297 2153 4372">
    <p class='ocr_par' dir='ltr' id='par_1_44' title="bbox 568 4297 2153 4372">
     <span class='ocr_line' id='line_1_44' title="bbox 568 4297 2153 4372; baseline 0.004 -22"><span class='ocrx_word' id='word_1_345' title='bbox 568 4297 797 4352; x_wconf 84' lang='lat' dir='ltr'><strong>amantis</strong></span> <span class='ocrx_word' id='word_1_346' title='bbox 821 4339 836 4364; x_wconf 96' lang='lat'><strong>,</strong></span> <span class='ocrx_word' id='word_1_347' title='bbox 864 4297 1023 4352; x_wconf 88' lang='lat' dir='ltr'><strong>etiam</strong></span> <span class='ocrx_word' id='word_1_348' title='bbox 1059 4299 1104 4353; x_wconf 88' lang='lat' dir='ltr'><strong>si</strong></span> <span class='ocrx_word' id='word_1_349' title='bbox 1142 4299 1418 4355; x_wconf 84' lang='lat' dir='ltr'><strong>exanimes</strong></span> <span class='ocrx_word' id='word_1_350' title='bbox 1446 4299 1512 4354; x_wconf 90' lang='lat' dir='ltr'><strong>ad</strong></span> <span class='ocrx_word' id='word_1_351' title='bbox 1540 4299 1701 4354; x_wconf 90' lang='lat' dir='ltr'><strong>vitam</strong></span> <span class='ocrx_word' id='word_1_352' title='bbox 1743 4309 2030 4366; x_wconf 90' lang='lat' dir='ltr'><strong>revocent,</strong></span> <span class='ocrx_word' id='word_1_353' title='bbox 2061 4302 2153 4372; x_wconf 92' lang='lat' dir='ltr'><strong>qui</strong></span> 
     </span>
    </p>
   </div>
   <div class='ocr_carea' id='block_1_45' title="bbox 567 4391 2151 4463">
    <p class='ocr_par' dir='ltr' id='par_1_45' title="bbox 567 4391 2151 4463">
     <span class='ocr_line' id='line_1_45' title="bbox 567 4391 2151 4463; baseline 0.001 -18"><span class='ocrx_word' id='word_1_354' title='bbox 567 4403 667 4445; x_wconf 76' lang='lat' dir='ltr'><strong>nos</strong></span> <span class='ocrx_word' id='word_1_355' title='bbox 688 4400 952 4446; x_wconf 79' lang='lat' dir='ltr'><strong>conantur</strong></span> <span class='ocrx_word' id='word_1_356' title='bbox 975 4391 1043 4447; x_wconf 88' lang='lat' dir='ltr'><strong>ab</strong></span> <span class='ocrx_word' id='word_1_357' title='bbox 1069 4399 1246 4446; x_wconf 86' lang='lat' dir='ltr'><strong>amato</strong></span> <span class='ocrx_word' id='word_1_358' title='bbox 1272 4391 1590 4459; x_wconf 86' lang='lat' dir='ltr'><strong>distrahere,</strong></span> <span class='ocrx_word' id='word_1_359' title='bbox 1617 4407 1947 4463; x_wconf 89' lang='lat' dir='ltr'><strong>nequaquam</strong></span> <span class='ocrx_word' id='word_1_360' title='bbox 1975 4401 2151 4448; x_wconf 91' lang='lat' dir='ltr'><strong>tamen</strong></span> 
     </span>
    </p>
   </div>
   <div class='ocr_carea' id='block_1_46' title="bbox 569 4480 2152 4552">
    <p class='ocr_par' dir='ltr' id='par_1_46' title="bbox 569 4480 2152 4552">
     <span class='ocr_line' id='line_1_46' title="bbox 569 4480 2152 4552; baseline 0.003 -17"><span class='ocrx_word' id='word_1_361' title='bbox 569 4480 638 4536; x_wconf 89' lang='lat' dir='ltr'><strong>ab</strong></span> <span class='ocrx_word' id='word_1_362' title='bbox 664 4491 842 4537; x_wconf 89' lang='lat' dir='ltr'><strong>amato</strong></span> <span class='ocrx_word' id='word_1_363' title='bbox 871 4483 1122 4539; x_wconf 87' lang='lat' dir='ltr'><strong>deficere.</strong></span> <span class='ocrx_word' id='word_1_364' title='bbox 1173 4483 1324 4552; x_wconf 92' lang='lat' dir='ltr'><strong>Quod</strong></span> <span class='ocrx_word' id='word_1_365' title='bbox 1344 4485 1396 4539; x_wconf 77' lang='lat' dir='ltr'><strong>si</strong></span> <span class='ocrx_word' id='word_1_366' title='bbox 1427 4485 1540 4540; x_wconf 61' lang='lat' dir='ltr'><strong>haec</strong></span> <span class='ocrx_word' id='word_1_367' title='bbox 1567 4484 1699 4540; x_wconf 90' lang='lat' dir='ltr'><strong>dixit</strong></span> <span class='ocrx_word' id='word_1_368' title='bbox 1725 4485 1954 4550; x_wconf 73' lang='lat' dir='ltr'><strong>Judmis,</strong></span> <span class='ocrx_word' id='word_1_369' title='bbox 1987 4486 2152 4540; x_wconf 91' lang='lat' dir='ltr'><strong>multo</strong></span> 
     </span>
    </p>
   </div>
   <div class='ocr_carea' id='block_1_47' title="bbox 569 4573 2145 4648">
    <p class='ocr_par' dir='ltr' id='par_1_47' title="bbox 569 4573 2145 4648">
     <span class='ocr_line' id='line_1_47' title="bbox 569 4573 2145 4648; baseline 0.004 -23"><span class='ocrx_word' id='word_1_370' title='bbox 569 4573 738 4642; x_wconf 88' lang='lat' dir='ltr'><strong>magis</strong></span> <span class='ocrx_word' id='word_1_371' title='bbox 763 4573 939 4640; x_wconf 87' lang='lat' dir='ltr'><strong>nobis,</strong></span> <span class='ocrx_word' id='word_1_372' title='bbox 962 4590 1095 4645; x_wconf 89' lang='lat' dir='ltr'><strong>quos</strong></span> <span class='ocrx_word' id='word_1_373' title='bbox 1117 4575 1182 4630; x_wconf 91' lang='lat' dir='ltr'><strong>ad</strong></span> <span class='ocrx_word' id='word_1_374' title='bbox 1203 4577 1462 4647; x_wconf 84' lang='lat' dir='ltr'><strong>majorem</strong></span> <span class='ocrx_word' id='word_1_375' title='bbox 1491 4577 1880 4648; x_wconf 88' lang='lat' dir='ltr'><strong>philosophiam</strong></span> <span class='ocrx_word' id='word_1_376' title='bbox 1905 4577 2145 4645; x_wconf 90' lang='lat' dir='ltr'><strong>deduxit,</strong></span> 
     </span>
    </p>
   </div>
   <div class='ocr_carea' id='block_1_48' title="bbox 569 4663 2150 4740">
    <p class='ocr_par' dir='ltr' id='par_1_48' title="bbox 569 4663 2150 4740">
     <span class='ocr_line' id='line_1_48' title="bbox 569 4663 2150 4740; baseline 0.006 -25"><span class='ocrx_word' id='word_1_377' title='bbox 569 4663 762 4732; x_wconf 80' lang='lat' dir='ltr'><strong>quibus</strong></span> <span class='ocrx_word' id='word_1_378' title='bbox 782 4667 1184 4723; x_wconf 86' lang='lat' dir='ltr'><strong>resurrectionis</strong></span> <span class='ocrx_word' id='word_1_379' title='bbox 1205 4669 1398 4723; x_wconf 89' lang='lat' dir='ltr'><strong>ostium</strong></span> <span class='ocrx_word' id='word_1_380' title='bbox 1420 4669 1647 4738; x_wconf 85' lang='lat' dir='ltr'><strong>aperuit,</strong></span> <span class='ocrx_word' id='word_1_381' title='bbox 1669 4669 1860 4740; x_wconf 81' lang='lat' dir='ltr'><strong>quibus</strong></span> <span class='ocrx_word' id='word_1_382' title='bbox 1887 4669 2150 4740; x_wconf 67' lang='lat' dir='ltr'><strong>praecipit,</strong></span> 
     </span>
    </p>
   </div>
   <div class='ocr_carea' id='block_1_49' title="bbox 569 4759 2154 4835">
    <p class='ocr_par' dir='ltr' id='par_1_49' title="bbox 569 4759 2154 4835">
     <span class='ocr_line' id='line_1_49' title="bbox 569 4759 2154 4835; baseline 0.004 -22"><span class='ocrx_word' id='word_1_383' title='bbox 569 4773 637 4814; x_wconf 91' lang='lat' dir='ltr'><strong>ne</strong></span> <span class='ocrx_word' id='word_1_384' title='bbox 664 4759 716 4814; x_wconf 91' lang='lat' dir='ltr'><strong>in</strong></span> <span class='ocrx_word' id='word_1_385' title='bbox 745 4759 905 4816; x_wconf 82' lang='lat' dir='ltr'><strong>rebus</strong></span> <span class='ocrx_word' id='word_1_386' title='bbox 935 4762 1287 4830; x_wconf 69' lang='lat' dir='ltr'><strong>praesentibus</strong></span> <span class='ocrx_word' id='word_1_387' title='bbox 1314 4763 1564 4818; x_wconf 88' lang='lat' dir='ltr'><strong>sistamus</strong></span> <span class='ocrx_word' id='word_1_388' title='bbox 1598 4777 1836 4819; x_wconf 87' lang='lat' dir='ltr'><strong>amorem</strong></span> <span class='ocrx_word' id='word_1_389' title='bbox 1858 4805 1871 4830; x_wconf 92' lang='lat'><strong>,</strong></span> <span class='ocrx_word' id='word_1_390' title='bbox 1901 4763 1994 4819; x_wconf 91' lang='lat' dir='ltr'><strong>sed</strong></span> <span class='ocrx_word' id='word_1_391' title='bbox 2029 4778 2154 4835; x_wconf 91' lang='lat' dir='ltr'><strong>spes</strong></span> 
     </span>
    </p>
   </div>
   <div class='ocr_carea' id='block_1_50' title="bbox 569 4852 1726 4910">
    <p class='ocr_par' dir='ltr' id='par_1_50' title="bbox 569 4852 1726 4910">
     <span class='ocr_line' id='line_1_50' title="bbox 569 4852 1726 4910; baseline 0.001 -4"><span class='ocrx_word' id='word_1_392' title='bbox 569 4868 760 4908; x_wconf 87' lang='lat' dir='ltr'><strong>omnes</strong></span> <span class='ocrx_word' id='word_1_393' title='bbox 785 4852 852 4909; x_wconf 79' lang='lat' dir='ltr'><strong>ad</strong></span> <span class='ocrx_word' id='word_1_394' title='bbox 880 4853 1297 4909; x_wconf 40' lang='lat' dir='ltr'><strong>vitamlfuturam</strong></span> <span class='ocrx_word' id='word_1_395' title='bbox 1325 4853 1726 4910; x_wconf 78' lang='lat' dir='ltr'><strong>transferamus.</strong></span> 
     </span>
    </p>
   </div>
   <div class='ocr_carea' id='block_1_51' title="bbox 637 5028 2154 5105">
    <p class='ocr_par' dir='ltr' id='par_1_51' title="bbox 637 5028 2154 5105">
     <span class='ocr_line' id='line_1_51' title="bbox 637 5028 2154 5105; baseline 0.001 -19"><span class='ocrx_word' id='word_1_396' title='bbox 637 5028 692 5086; x_wconf 85' lang='lat'><strong>6.</strong></span> <span class='ocrx_word' id='word_1_397' title='bbox 719 5029 839 5085; x_wconf 75' lang='grc' dir='ltr'><strong>Ιοὺὶ</strong></span> <span class='ocrx_word' id='word_1_398' title='bbox 863 5031 1102 5099; x_wconf 83' lang='lat' dir='ltr'><strong>patientia</strong></span> <span class='ocrx_word' id='word_1_399' title='bbox 1144 5033 1196 5086; x_wconf 90' lang='lat' dir='ltr'><strong>in</strong></span> <span class='ocrx_word' id='word_1_400' title='bbox 1241 5033 1525 5104; x_wconf 70' lang='lat' dir='ltr'><strong>exmplum</strong></span> <span class='ocrx_word' id='word_1_401' title='bbox 1557 5031 1789 5100; x_wconf 76' lang='lat' dir='ltr'><strong>aﬂ&#39;ertur.</strong></span> <span class='ocrx_word' id='word_1_402' title='bbox 1809 5031 1997 5089; x_wconf 89' lang='lat' dir='ltr'><strong>--Sed</strong></span> <span class='ocrx_word' id='word_1_403' title='bbox 2026 5034 2154 5105; x_wconf 86' lang='lat' dir='ltr'><strong>quid</strong></span> 
     </span>
    </p>
   </div>
   <div class='ocr_carea' id='block_1_52' title="bbox 568 5121 2150 5197">
    <p class='ocr_par' dir='ltr' id='par_1_52' title="bbox 568 5121 2150 5197">
     <span class='ocr_line' id='line_1_52' title="bbox 568 5121 2150 5197; baseline 0.006 -24"><span class='ocrx_word' id='word_1_404' title='bbox 568 5121 735 5181; x_wconf 82' lang='lat' dir='ltr'><strong>dicis?</strong></span> <span class='ocrx_word' id='word_1_405' title='bbox 774 5122 973 5194; x_wconf 72' lang='lat' dir='ltr'><strong>Aﬁligit</strong></span> <span class='ocrx_word' id='word_1_406' title='bbox 1003 5133 1056 5180; x_wconf 91' lang='lat' dir='ltr'><strong>te</strong></span> <span class='ocrx_word' id='word_1_407' title='bbox 1099 5125 1396 5196; x_wconf 86' lang='lat' dir='ltr'><strong>premitque</strong></span> <span class='ocrx_word' id='word_1_408' title='bbox 1433 5126 1674 5196; x_wconf 85' lang='lat' dir='ltr'><strong>corporis</strong></span> <span class='ocrx_word' id='word_1_409' title='bbox 1701 5127 1954 5181; x_wconf 86' lang='lat' dir='ltr'><strong>morbus?</strong></span> <span class='ocrx_word' id='word_1_410' title='bbox 1993 5128 2150 5197; x_wconf 82' lang='lat' dir='ltr'><strong>Atqui</strong></span> 
     </span>
    </p>
   </div>
   <div class='ocr_carea' id='block_1_53' title="bbox 571 5212 2154 5287">
    <p class='ocr_par' dir='ltr' id='par_1_53' title="bbox 571 5212 2154 5287">
     <span class='ocr_line' id='line_1_53' title="bbox 571 5212 2154 5287; baseline 0.004 -19"><span class='ocrx_word' id='word_1_411' title='bbox 571 5212 982 5268; x_wconf 86' lang='lat' dir='ltr'><strong>nondum.tanta</strong></span> <span class='ocrx_word' id='word_1_412' title='bbox 1015 5231 1201 5285; x_wconf 88' lang='lat' dir='ltr'><strong>passus</strong></span> <span class='ocrx_word' id='word_1_413' title='bbox 1225 5232 1304 5283; x_wconf 85' lang='lat' dir='ltr'><strong>es,</strong></span> <span class='ocrx_word' id='word_1_414' title='bbox 1336 5226 1530 5287; x_wconf 86' lang='lat' dir='ltr'><strong>quanta</strong></span> <span class='ocrx_word' id='word_1_415' title='bbox 1561 5217 1746 5273; x_wconf 89' lang='lat' dir='ltr'><strong>beatus</strong></span> <span class='ocrx_word' id='word_1_416' title='bbox 1776 5217 1866 5272; x_wconf 90' lang='lat' dir='ltr'><strong>ille</strong></span> <span class='ocrx_word' id='word_1_417' title='bbox 1893 5216 2014 5282; x_wconf 82' lang='lat' dir='ltr'><strong>Joh,</strong></span> <span class='ocrx_word' id='word_1_418' title='bbox 2047 5219 2154 5274; x_wconf 88' lang='lat' dir='ltr'><strong>imo</strong></span> 
     </span>
    </p>
   </div>
   <div class='ocr_carea' id='block_1_54' title="bbox 573 5304 2150 5378">
    <p class='ocr_par' dir='ltr' id='par_1_54' title="bbox 573 5304 2150 5378">
     <span class='ocr_line' id='line_1_54' title="bbox 573 5304 2150 5378; baseline 0.004 -21"><span class='ocrx_word' id='word_1_419' title='bbox 573 5319 636 5358; x_wconf 86' lang='lat' dir='ltr'><strong>ne</strong></span> <span class='ocrx_word' id='word_1_420' title='bbox 660 5304 928 5358; x_wconf 85' lang='lat' dir='ltr'><strong>minimam</strong></span> <span class='ocrx_word' id='word_1_421' title='bbox 952 5305 1163 5376; x_wconf 87' lang='lat' dir='ltr'><strong>quidem</strong></span> <span class='ocrx_word' id='word_1_422' title='bbox 1187 5317 1386 5376; x_wconf 90' lang='lat' dir='ltr'><strong>partem</strong></span> <span class='ocrx_word' id='word_1_423' title='bbox 1411 5308 1668 5363; x_wconf 88' lang='lat' dir='ltr'><strong>malorum</strong></span> <span class='ocrx_word' id='word_1_424' title='bbox 1697 5308 1854 5363; x_wconf 90' lang='lat' dir='ltr'><strong>illius.</strong></span> <span class='ocrx_word' id='word_1_425' title='bbox 1879 5307 2150 5378; x_wconf 86' lang='lat' dir='ltr'><strong>Siquidem</strong></span> 
     </span>
    </p>
   </div>
   <div class='ocr_carea' id='block_1_55' title="bbox 574 5398 2152 5472">
    <p class='ocr_par' dir='ltr' id='par_1_55' title="bbox 574 5398 2152 5472">
     <span class='ocr_line' id='line_1_55' title="bbox 574 5398 2152 5472; baseline 0.006 -27"><span class='ocrx_word' id='word_1_426' title='bbox 574 5406 850 5467; x_wconf 82' lang='lat' dir='ltr'><strong>postquam</strong></span> <span class='ocrx_word' id='word_1_427' title='bbox 881 5398 1040 5453; x_wconf 92' lang='lat' dir='ltr'><strong>simul</strong></span> <span class='ocrx_word' id='word_1_428' title='bbox 1070 5399 1393 5456; x_wconf 85' lang='lat' dir='ltr'><strong>interiissent</strong></span> <span class='ocrx_word' id='word_1_429' title='bbox 1417 5416 1604 5472; x_wconf 89' lang='lat' dir='ltr'><strong>greges</strong></span> <span class='ocrx_word' id='word_1_430' title='bbox 1633 5409 1688 5456; x_wconf 90' lang='lat' dir='ltr'><strong>et</strong></span> <span class='ocrx_word' id='word_1_431' title='bbox 1725 5410 1966 5456; x_wconf 88' lang='lat' dir='ltr'><strong>armenta</strong></span> <span class='ocrx_word' id='word_1_432' title='bbox 1987 5441 2001 5466; x_wconf 95' lang='lat'><strong>,</strong></span> <span class='ocrx_word' id='word_1_433' title='bbox 2032 5416 2152 5456; x_wconf 91' lang='lat' dir='ltr'><strong>cum</strong></span> 
     </span>
    </p>
   </div>
   <div class='ocr_carea' id='block_1_56' title="bbox 576 5491 2150 5562">
    <p class='ocr_par' dir='ltr' id='par_1_56' title="bbox 576 5491 2150 5562">
     <span class='ocr_line' id='line_1_56' title="bbox 576 5491 2150 5562; baseline 0.003 -20"><span class='ocrx_word' id='word_1_434' title='bbox 576 5491 785 5543; x_wconf 68' lang='lat' dir='ltr'><strong>ueteris</strong></span> <span class='ocrx_word' id='word_1_435' title='bbox 808 5492 1054 5546; x_wconf 86' lang='lat' dir='ltr'><strong>omnibus</strong></span> <span class='ocrx_word' id='word_1_436' title='bbox 1073 5491 1324 5562; x_wconf 89' lang='lat' dir='ltr'><strong>abreptus</strong></span> <span class='ocrx_word' id='word_1_437' title='bbox 1343 5501 1425 5548; x_wconf 90' lang='lat' dir='ltr'><strong>est</strong></span> <span class='ocrx_word' id='word_1_438' title='bbox 1451 5493 1738 5549; x_wconf 89' lang='lat' dir='ltr'><strong>liberorum</strong></span> <span class='ocrx_word' id='word_1_439' title='bbox 1766 5501 1907 5548; x_wconf 90' lang='lat' dir='ltr'><strong>totus</strong></span> <span class='ocrx_word' id='word_1_440' title='bbox 1932 5493 2150 5559; x_wconf 87' lang='lat' dir='ltr'><strong>chorus,</strong></span> 
     </span>
    </p>
   </div>
   <div class='ocr_carea' id='block_1_57' title="bbox 576 5583 2154 5655">
    <p class='ocr_par' dir='ltr' id='par_1_57' title="bbox 576 5583 2154 5655">
     <span class='ocr_line' id='line_1_57' title="bbox 576 5583 2154 5655; baseline 0.004 -21"><span class='ocrx_word' id='word_1_441' title='bbox 576 5595 744 5650; x_wconf 88' lang='lat' dir='ltr'><strong>eaque</strong></span> <span class='ocrx_word' id='word_1_442' title='bbox 759 5583 936 5637; x_wconf 85' lang='lat' dir='ltr'><strong>omnia</strong></span> <span class='ocrx_word' id='word_1_443' title='bbox 958 5599 1063 5638; x_wconf 91' lang='lat' dir='ltr'><strong>uno</strong></span> <span class='ocrx_word' id='word_1_444' title='bbox 1079 5584 1166 5639; x_wconf 90' lang='lat' dir='ltr'><strong>die</strong></span> <span class='ocrx_word' id='word_1_445' title='bbox 1187 5595 1400 5655; x_wconf 88' lang='lat' dir='ltr'><strong>peracta</strong></span> <span class='ocrx_word' id='word_1_446' title='bbox 1419 5595 1563 5653; x_wconf 88' lang='lat' dir='ltr'><strong>sunt,</strong></span> <span class='ocrx_word' id='word_1_447' title='bbox 1586 5596 1644 5640; x_wconf 89' lang='lat' dir='ltr'><strong>ut</strong></span> <span class='ocrx_word' id='word_1_448' title='bbox 1665 5600 1768 5641; x_wconf 90' lang='lat' dir='ltr'><strong>non</strong></span> <span class='ocrx_word' id='word_1_449' title='bbox 1790 5585 1949 5640; x_wconf 91' lang='lat' dir='ltr'><strong>modo</strong></span> <span class='ocrx_word' id='word_1_450' title='bbox 1971 5595 2154 5640; x_wconf 84' lang='lat' dir='ltr'><strong>natura</strong></span> 
     </span>
    </p>
   </div>
   <div class='ocr_carea' id='block_1_58' title="bbox 572 5670 2159 5744">
    <p class='ocr_par' dir='ltr' id='par_1_58' title="bbox 572 5670 2159 5744">
     <span class='ocr_line' id='line_1_58' title="bbox 572 5670 2159 5744; baseline 0.005 -22"><span class='ocrx_word' id='word_1_451' title='bbox 572 5670 948 5733; x_wconf 81' lang='lat' dir='ltr'><strong>calamitatum.</strong></span> <span class='ocrx_word' id='word_1_452' title='bbox 979 5689 1165 5729; x_wconf 86' lang='lat' dir='ltr'><strong>verum</strong></span> <span class='ocrx_word' id='word_1_453' title='bbox 1191 5675 1350 5730; x_wconf 92' lang='lat' dir='ltr'><strong>etiam</strong></span> <span class='ocrx_word' id='word_1_454' title='bbox 1379 5675 1702 5731; x_wconf 88' lang='lat' dir='ltr'><strong>eontinuitas</strong></span> <span class='ocrx_word' id='word_1_455' title='bbox 1722 5674 1955 5743; x_wconf 87' lang='lat' dir='ltr'><strong>dejicere</strong></span> <span class='ocrx_word' id='word_1_456' title='bbox 1977 5683 2159 5744; x_wconf 87' lang='lat' dir='ltr'><strong>posset</strong></span> 
     </span>
    </p>
   </div>
   <div class='ocr_carea' id='block_1_59' title="bbox 577 5760 2154 5839">
    <p class='ocr_par' dir='ltr' id='par_1_59' title="bbox 577 5760 2154 5839">
     <span class='ocr_line' id='line_1_59' title="bbox 577 5760 2154 5839; baseline 0.009 -29"><span class='ocrx_word' id='word_1_457' title='bbox 577 5760 848 5814; x_wconf 80' lang='lat' dir='ltr'><strong>athletam.</strong></span> <span class='ocrx_word' id='word_1_458' title='bbox 885 5763 1012 5818; x_wconf 80' lang='lat' dir='ltr'><strong>Post</strong></span> <span class='ocrx_word' id='word_1_459' title='bbox 1053 5764 1167 5820; x_wconf 62' lang='lat' dir='ltr'><strong>haec</strong></span> <span class='ocrx_word' id='word_1_460' title='bbox 1194 5766 1368 5820; x_wconf 87' lang='lat' dir='ltr'><strong>omnia</strong></span> <span class='ocrx_word' id='word_1_461' title='bbox 1398 5767 1587 5824; x_wconf 87' lang='lat' dir='ltr'><strong>vulnus</strong></span> <span class='ocrx_word' id='word_1_462' title='bbox 1607 5766 1670 5822; x_wconf 80' lang='lat' dir='ltr'><strong>in</strong></span> <span class='ocrx_word' id='word_1_463' title='bbox 1698 5780 1924 5839; x_wconf 78' lang='lat' dir='ltr'><strong>corpore</strong></span> <span class='ocrx_word' id='word_1_464' title='bbox 1949 5766 2154 5836; x_wconf 79' lang='lat' dir='ltr'><strong>accepit</strong></span> 
     </span>
    </p>
   </div>
   <div class='ocr_carea' id='block_1_60' title="bbox 1297 299 3100 383">
    <p class='ocr_par' dir='ltr' id='par_1_60' title="bbox 1297 299 3100 383">
     <span class='ocr_line' id='line_1_60' title="bbox 1297 299 3100 383; baseline -0.002 -24"><span class='ocrx_word' id='word_1_465' title='bbox 1297 306 1353 359; x_wconf 84' lang='lat' dir='ltr'><strong>S.</strong></span> <span class='ocrx_word' id='word_1_466' title='bbox 1395 301 1670 360; x_wconf 73' lang='lat' dir='ltr'><strong>JOANNIS</strong></span> <span class='ocrx_word' id='word_1_467' title='bbox 1698 300 2178 383; x_wconf 15' lang='lat' dir='ltr'><strong>CIIRY‘SOS&#39;I&#39;OMI</strong></span> <span class='ocrx_word' id='word_1_468' title='bbox 2214 299 2527 354; x_wconf 71' lang='lat' dir='ltr'><strong>AllClllEl‘.</strong></span> <span class='ocrx_word' id='word_1_469' title='bbox 2568 302 3100 357; x_wconf 72' lang='lat' dir='ltr'><strong>CONSTANTINOP.</strong></span> 
     </span>
    </p>
   </div>
   <div class='ocr_carea' id='block_1_61' title="bbox 3711 302 3817 356">
    <p class='ocr_par' dir='ltr' id='par_1_61' title="bbox 3711 302 3817 356">
     <span class='ocr_line' id='line_1_61' title="bbox 3711 302 3817 356; baseline -0.019 0"><span class='ocrx_word' id='word_1_470' title='bbox 3711 302 3817 356; x_wconf 72' lang='lat'><strong>956</strong></span> 
     </span>
    </p>
   </div>
   <div class='ocr_carea' id='block_1_62' title="bbox 2245 417 3818 495">
    <p class='ocr_par' dir='ltr' id='par_1_62' title="bbox 2245 417 3818 495">
     <span class='ocr_line' id='line_1_62' title="bbox 2245 417 3818 495; baseline 0.008 -24"><span class='ocrx_word' id='word_1_471' title='bbox 2245 417 2458 482; x_wconf 82' lang='lat' dir='ltr'><strong>lctltalc,</strong></span> <span class='ocrx_word' id='word_1_472' title='bbox 2493 419 2619 473; x_wconf 88' lang='lat' dir='ltr'><strong>vidit</strong></span> <span class='ocrx_word' id='word_1_473' title='bbox 2649 435 2856 475; x_wconf 89' lang='lat' dir='ltr'><strong>vermes</strong></span> <span class='ocrx_word' id='word_1_474' title='bbox 2879 430 2996 474; x_wconf 80' lang='lat' dir='ltr'><strong>toto</strong></span> <span class='ocrx_word' id='word_1_475' title='bbox 3025 420 3257 490; x_wconf 85' lang='lat' dir='ltr'><strong>undique</strong></span> <span class='ocrx_word' id='word_1_476' title='bbox 3281 436 3504 491; x_wconf 88' lang='lat' dir='ltr'><strong>corpore</strong></span> <span class='ocrx_word' id='word_1_477' title='bbox 3529 435 3818 495; x_wconf 78' lang='lat' dir='ltr'><strong>scatentes,</strong></span> 
     </span>
    </p>
   </div>
   <div class='ocr_carea' id='block_1_63' title="bbox 2246 510 3820 585">
    <p class='ocr_par' dir='ltr' id='par_1_63' title="bbox 2246 510 3820 585">
     <span class='ocr_line' id='line_1_63' title="bbox 2246 510 3820 585; baseline 0.008 -23"><span class='ocrx_word' id='word_1_478' title='bbox 2246 510 2523 578; x_wconf 89' lang='lat' dir='ltr'><strong>nudusque</strong></span> <span class='ocrx_word' id='word_1_479' title='bbox 2550 512 2687 566; x_wconf 87' lang='lat' dir='ltr'><strong>sedit</strong></span> <span class='ocrx_word' id='word_1_480' title='bbox 2716 513 2766 565; x_wconf 92' lang='lat' dir='ltr'><strong>in</strong></span> <span class='ocrx_word' id='word_1_481' title='bbox 2793 513 3146 582; x_wconf 86' lang='lat' dir='ltr'><strong>sterquilinio,</strong></span> <span class='ocrx_word' id='word_1_482' title='bbox 3181 512 3444 582; x_wconf 89' lang='lat' dir='ltr'><strong>publicum</strong></span> <span class='ocrx_word' id='word_1_483' title='bbox 3477 516 3542 570; x_wconf 91' lang='lat' dir='ltr'><strong>iis</strong></span> <span class='ocrx_word' id='word_1_484' title='bbox 3568 519 3653 585; x_wconf 90' lang='lat' dir='ltr'><strong>qui</strong></span> <span class='ocrx_word' id='word_1_485' title='bbox 3689 521 3820 574; x_wconf 67' lang='lat' dir='ltr'><strong>adeo</strong></span> 
     </span>
    </p>
   </div>
   <div class='ocr_carea' id='block_1_64' title="bbox 2244 601 3823 675">
    <p class='ocr_par' dir='ltr' id='par_1_64' title="bbox 2244 601 3823 675">
     <span class='ocr_line' id='line_1_64' title="bbox 2244 601 3823 675; baseline 0.007 -22"><span class='ocrx_word' id='word_1_486' title='bbox 2244 609 2364 654; x_wconf 85' lang='lat' dir='ltr'><strong>rant</strong></span> <span class='ocrx_word' id='word_1_487' title='bbox 2391 601 2702 654; x_wconf 85' lang='lat' dir='ltr'><strong>calamitatis</strong></span> <span class='ocrx_word' id='word_1_488' title='bbox 2730 602 3087 672; x_wconf 85' lang='lat' dir='ltr'><strong>spectaculum</strong></span> <span class='ocrx_word' id='word_1_489' title='bbox 3109 645 3128 668; x_wconf 92' lang='lat'><strong>,</strong></span> <span class='ocrx_word' id='word_1_490' title='bbox 3172 603 3260 658; x_wconf 90' lang='lat' dir='ltr'><strong>ille</strong></span> <span class='ocrx_word' id='word_1_491' title='bbox 3283 604 3476 675; x_wconf 86' lang='lat' dir='ltr'><strong>justus,</strong></span> <span class='ocrx_word' id='word_1_492' title='bbox 3510 606 3597 663; x_wconf 90' lang='lat' dir='ltr'><strong>ille</strong></span> <span class='ocrx_word' id='word_1_493' title='bbox 3624 624 3784 664; x_wconf 86' lang='lat' dir='ltr'><strong>verax</strong></span> <span class='ocrx_word' id='word_1_494' title='bbox 3806 653 3823 675; x_wconf 86' lang='lat'><strong>,</strong></span> 
     </span>
    </p>
   </div>
   <div class='ocr_carea' id='block_1_65' title="bbox 2244 692 3824 764">
    <p class='ocr_par' dir='ltr' id='par_1_65' title="bbox 2244 692 3824 764">
     <span class='ocr_line' id='line_1_65' title="bbox 2244 692 3824 764; baseline 0.005 -18"><span class='ocrx_word' id='word_1_495' title='bbox 2244 692 2332 747; x_wconf 90' lang='lat' dir='ltr'><strong>ille</strong></span> <span class='ocrx_word' id='word_1_496' title='bbox 2375 693 2490 760; x_wconf 91' lang='lat' dir='ltr'><strong>pius</strong></span> <span class='ocrx_word' id='word_1_497' title='bbox 2511 734 2526 756; x_wconf 92' lang='lat'><strong>,</strong></span> <span class='ocrx_word' id='word_1_498' title='bbox 2573 692 2664 747; x_wconf 90' lang='lat' dir='ltr'><strong>ille</strong></span> <span class='ocrx_word' id='word_1_499' title='bbox 2696 693 2764 746; x_wconf 89' lang='lat' dir='ltr'><strong>ab</strong></span> <span class='ocrx_word' id='word_1_500' title='bbox 2790 693 2932 746; x_wconf 91' lang='lat' dir='ltr'><strong>omni</strong></span> <span class='ocrx_word' id='word_1_501' title='bbox 2961 693 3100 748; x_wconf 91' lang='lat' dir='ltr'><strong>malo</strong></span> <span class='ocrx_word' id='word_1_502' title='bbox 3118 710 3287 764; x_wconf 85' lang='lat' dir='ltr'><strong>opere</strong></span> <span class='ocrx_word' id='word_1_503' title='bbox 3311 697 3604 752; x_wconf 78' lang='lat' dir='ltr'><strong>abStinens.</strong></span> <span class='ocrx_word' id='word_1_504' title='bbox 3640 699 3714 753; x_wconf 83' lang='lat' dir='ltr'><strong>Ne</strong></span> <span class='ocrx_word' id='word_1_505' title='bbox 3740 700 3824 756; x_wconf 86' lang='lat' dir='ltr'><strong>hic</strong></span> 
     </span>
    </p>
   </div>
   <div class='ocr_carea' id='block_1_66' title="bbox 2244 783 3853 852">
    <p class='ocr_par' dir='ltr' id='par_1_66' title="bbox 2244 783 3853 852">
     <span class='ocr_line' id='line_1_66' title="bbox 2244 783 3853 852; baseline 0.007 -17"><span class='ocrx_word' id='word_1_506' title='bbox 2244 783 2458 852; x_wconf 90' lang='lat' dir='ltr'><strong>quidem</strong></span> <span class='ocrx_word' id='word_1_507' title='bbox 2496 793 2610 837; x_wconf 89' lang='lat' dir='ltr'><strong>erat</strong></span> <span class='ocrx_word' id='word_1_508' title='bbox 2651 783 2908 838; x_wconf 86' lang='lat' dir='ltr'><strong>malorum</strong></span> <span class='ocrx_word' id='word_1_509' title='bbox 2938 784 3058 838; x_wconf 86' lang='lat' dir='ltr'><strong>finis</strong></span> <span class='ocrx_word' id='word_1_510' title='bbox 3078 827 3092 850; x_wconf 91' lang='lat'><strong>,</strong></span> <span class='ocrx_word' id='word_1_511' title='bbox 3135 786 3227 841; x_wconf 87' lang='lat' dir='ltr'><strong>sed</strong></span> <span class='ocrx_word' id='word_1_512' title='bbox 3257 786 3467 842; x_wconf 89' lang='lat' dir='ltr'><strong>dolores</strong></span> <span class='ocrx_word' id='word_1_513' title='bbox 3492 790 3820 847; x_wconf 83' lang='lat' dir='ltr'><strong>addebantur</strong></span> <span class='ocrx_word' id='word_1_514' title='bbox 3847 816 3853 825; x_wconf 66' lang='grc' dir='ltr'><strong><em>ι</em></strong></span> 
     </span>
    </p>
   </div>
   <div class='ocr_carea' id='block_1_67' title="bbox 2245 874 3825 950">
    <p class='ocr_par' dir='ltr' id='par_1_67' title="bbox 2245 874 3825 950">
     <span class='ocr_line' id='line_1_67' title="bbox 2245 874 3825 950; baseline 0.007 -22"><span class='ocrx_word' id='word_1_515' title='bbox 2245 874 2417 929; x_wconf 88' lang='lat' dir='ltr'><strong>diurni</strong></span> <span class='ocrx_word' id='word_1_516' title='bbox 2471 878 2672 945; x_wconf 87' lang='lat' dir='ltr'><strong>pariter</strong></span> <span class='ocrx_word' id='word_1_517' title='bbox 2723 890 2790 930; x_wconf 87' lang='lat' dir='ltr'><strong>ac</strong></span> <span class='ocrx_word' id='word_1_518' title='bbox 2845 878 3119 943; x_wconf 85' lang='lat' dir='ltr'><strong>nocturni;</strong></span> <span class='ocrx_word' id='word_1_519' title='bbox 3177 893 3420 949; x_wconf 81' lang='lat' dir='ltr'><strong>novaque</strong></span> <span class='ocrx_word' id='word_1_520' title='bbox 3475 883 3723 950; x_wconf 71' lang='lat' dir='ltr'><strong>quasdam</strong></span> <span class='ocrx_word' id='word_1_521' title='bbox 3774 895 3825 940; x_wconf 83' lang='lat' dir='ltr'><strong>et</strong></span> 
     </span>
    </p>
   </div>
   <div class='ocr_carea' id='block_1_68' title="bbox 2247 966 3824 1040">
    <p class='ocr_par' dir='ltr' id='par_1_68' title="bbox 2247 966 3824 1040">
     <span class='ocr_line' id='line_1_68' title="bbox 2247 966 3824 1040; baseline 0.006 -19"><span class='ocrx_word' id='word_1_522' title='bbox 2247 967 2603 1038; x_wconf 51' lang='lat' dir='ltr'><strong>inexspectata</strong></span> <span class='ocrx_word' id='word_1_523' title='bbox 2645 967 2794 1022; x_wconf 91' lang='lat' dir='ltr'><strong>illum</strong></span> <span class='ocrx_word' id='word_1_524' title='bbox 2835 966 3001 1024; x_wconf 86' lang='lat' dir='ltr'><strong>fames</strong></span> <span class='ocrx_word' id='word_1_525' title='bbox 3037 970 3393 1040; x_wconf 80' lang='lat' dir='ltr'><strong>Oppugnabat.</strong></span> <span class='ocrx_word' id='word_1_526' title='bbox 3426 970 3711 1039; x_wconf 75' lang='lat' dir='ltr'><strong>thtorem,</strong></span> <span class='ocrx_word' id='word_1_527' title='bbox 3745 975 3824 1030; x_wconf 81' lang='lat' dir='ltr'><strong>in-</strong></span> 
     </span>
    </p>
   </div>
   <div class='ocr_carea' id='block_1_69' title="bbox 2237 1055 3822 1134">
    <p class='ocr_par' dir='ltr' id='par_1_69' title="bbox 2237 1055 3822 1134">
     <span class='ocr_line' id='line_1_69' title="bbox 2237 1055 3822 1134; baseline 0.003 -21"><span class='ocrx_word' id='word_1_528' title='bbox 2237 1059 2538 1130; x_wconf 78' lang='lat' dir='ltr'><strong>quit,oideo</strong></span> <span class='ocrx_word' id='word_1_529' title='bbox 2566 1055 2737 1113; x_wconf 61' lang='lat' dir='ltr'><strong>cilium</strong></span> <span class='ocrx_word' id='word_1_530' title='bbox 2775 1076 2948 1116; x_wconf 85' lang='lat' dir='ltr'><strong>meum</strong></span> <span class='ocrx_word' id='word_1_531' title='bbox 2985 1058 3107 1132; x_wconf 82' lang='lat' dir='ltr'><strong>(Job</strong></span> <span class='ocrx_word' id='word_1_532' title='bbox 3143 1059 3196 1115; x_wconf 88' lang='lat'><strong>6.</strong></span> <span class='ocrx_word' id='word_1_533' title='bbox 3224 1061 3299 1130; x_wconf 85' lang='grc'><strong>7),</strong></span> <span class='ocrx_word' id='word_1_534' title='bbox 3329 1061 3528 1132; x_wconf 86' lang='lat' dir='ltr'><strong>probra</strong></span> <span class='ocrx_word' id='word_1_535' title='bbox 3551 1065 3822 1134; x_wconf 83' lang='lat' dir='ltr'><strong>quotidia-</strong></span> 
     </span>
    </p>
   </div>
   <div class='ocr_carea' id='block_1_70' title="bbox 2236 1152 3814 1222">
    <p class='ocr_par' dir='ltr' id='par_1_70' title="bbox 2236 1152 3814 1222">
     <span class='ocr_line' id='line_1_70' title="bbox 2236 1152 3814 1222; baseline 0.003 -16"><span class='ocrx_word' id='word_1_536' title='bbox 2236 1165 2331 1216; x_wconf 90' lang='lat' dir='ltr'><strong>na,</strong></span> <span class='ocrx_word' id='word_1_537' title='bbox 2367 1152 2853 1219; x_wconf 89' lang='lat' dir='ltr'><strong>subsannationes,</strong></span> <span class='ocrx_word' id='word_1_538' title='bbox 2888 1162 3214 1220; x_wconf 88' lang='lat' dir='ltr'><strong>scommata,</strong></span> <span class='ocrx_word' id='word_1_539' title='bbox 3237 1153 3404 1209; x_wconf 90' lang='lat' dir='ltr'><strong>risus.</strong></span> <span class='ocrx_word' id='word_1_540' title='bbox 3431 1152 3568 1210; x_wconf 88' lang='lat' dir='ltr'><strong>Nam</strong></span> <span class='ocrx_word' id='word_1_541' title='bbox 3604 1155 3814 1222; x_wconf 86' lang='lat' dir='ltr'><strong>famuli,</strong></span> 
     </span>
    </p>
   </div>
   <div class='ocr_carea' id='block_1_71' title="bbox 2246 1242 3819 1314">
    <p class='ocr_par' dir='ltr' id='par_1_71' title="bbox 2246 1242 3819 1314">
     <span class='ocr_line' id='line_1_71' title="bbox 2246 1242 3819 1314; baseline 0.005 -17"><span class='ocrx_word' id='word_1_542' title='bbox 2246 1242 2450 1314; x_wconf 90' lang='lat' dir='ltr'><strong>inquit,</strong></span> <span class='ocrx_word' id='word_1_543' title='bbox 2483 1245 2615 1309; x_wconf 92' lang='lat' dir='ltr'><strong>mei,</strong></span> <span class='ocrx_word' id='word_1_544' title='bbox 2646 1254 2700 1300; x_wconf 91' lang='lat' dir='ltr'><strong>et</strong></span> <span class='ocrx_word' id='word_1_545' title='bbox 2731 1247 3167 1302; x_wconf 90' lang='lat' dir='ltr'><strong>concubinarum</strong></span> <span class='ocrx_word' id='word_1_546' title='bbox 3190 1261 3433 1303; x_wconf 89' lang='lat' dir='ltr'><strong>mearum</strong></span> <span class='ocrx_word' id='word_1_547' title='bbox 3455 1247 3549 1303; x_wconf 84' lang='lat' dir='ltr'><strong>lilii</strong></span> <span class='ocrx_word' id='word_1_548' title='bbox 3578 1250 3819 1305; x_wconf 86' lang='lat' dir='ltr'><strong>insurre-</strong></span> 
     </span>
    </p>
   </div>
   <div class='ocr_carea' id='block_1_72' title="bbox 2240 1335 3819 1409">
    <p class='ocr_par' dir='ltr' id='par_1_72' title="bbox 2240 1335 3819 1409">
     <span class='ocr_line' id='line_1_72' title="bbox 2240 1335 3819 1409; baseline 0.004 -21"><span class='ocrx_word' id='word_1_549' title='bbox 2240 1342 2441 1389; x_wconf 77' lang='lat' dir='ltr'><strong>xerunt</strong></span> <span class='ocrx_word' id='word_1_550' title='bbox 2459 1335 2748 1390; x_wconf 89' lang='lat' dir='ltr'><strong>adversum</strong></span> <span class='ocrx_word' id='word_1_551' title='bbox 2767 1351 2873 1400; x_wconf 89' lang='lat' dir='ltr'><strong>me,</strong></span> <span class='ocrx_word' id='word_1_552' title='bbox 2895 1344 2947 1392; x_wconf 91' lang='lat' dir='ltr'><strong>et</strong></span> <span class='ocrx_word' id='word_1_553' title='bbox 2964 1337 3017 1390; x_wconf 93' lang='lat' dir='ltr'><strong>in</strong></span> <span class='ocrx_word' id='word_1_554' title='bbox 3040 1337 3819 1409; x_wconf 80' lang='lat' dir='ltr'><strong>somnisterrores,cogitatio—</strong></span> 
     </span>
    </p>
   </div>
   <div class='ocr_carea' id='block_1_73' title="bbox 2241 1427 3818 1499">
    <p class='ocr_par' dir='ltr' id='par_1_73' title="bbox 2241 1427 3818 1499">
     <span class='ocr_line' id='line_1_73' title="bbox 2241 1427 3818 1499; baseline 0.003 -19"><span class='ocrx_word' id='word_1_555' title='bbox 2241 1428 2376 1482; x_wconf 80' lang='lat' dir='ltr'><strong>itum</strong></span> <span class='ocrx_word' id='word_1_556' title='bbox 2402 1437 2662 1497; x_wconf 89' lang='lat' dir='ltr'><strong>perpetua</strong></span> <span class='ocrx_word' id='word_1_557' title='bbox 2689 1429 2936 1498; x_wconf 75' lang='lat' dir='ltr'><strong>quaedam</strong></span> <span class='ocrx_word' id='word_1_558' title='bbox 2961 1427 3263 1483; x_wconf 85' lang='lat' dir='ltr'><strong>fluctuatio.</strong></span> <span class='ocrx_word' id='word_1_559' title='bbox 3295 1430 3455 1499; x_wconf 90' lang='lat' dir='ltr'><strong>Atqui</strong></span> <span class='ocrx_word' id='word_1_560' title='bbox 3479 1447 3622 1484; x_wconf 83' lang='lat' dir='ltr'><strong>uxor</strong></span> <span class='ocrx_word' id='word_1_561' title='bbox 3639 1435 3818 1485; x_wconf 81' lang='lat' dir='ltr'><strong>consi-</strong></span> 
     </span>
    </p>
   </div>
   <div class='ocr_carea' id='block_1_74' title="bbox 2243 1520 3815 1587">
    <p class='ocr_par' dir='ltr' id='par_1_74' title="bbox 2243 1520 3815 1587">
     <span class='ocr_line' id='line_1_74' title="bbox 2243 1520 3815 1587; baseline 0.001 -12"><span class='ocrx_word' id='word_1_562' title='bbox 2243 1520 2375 1575; x_wconf 90' lang='lat' dir='ltr'><strong>lium</strong></span> <span class='ocrx_word' id='word_1_563' title='bbox 2398 1520 2568 1582; x_wconf 90' lang='lat' dir='ltr'><strong>dedit,</strong></span> <span class='ocrx_word' id='word_1_564' title='bbox 2594 1529 2653 1574; x_wconf 93' lang='lat' dir='ltr'><strong>nt</strong></span> <span class='ocrx_word' id='word_1_565' title='bbox 2681 1522 2748 1575; x_wconf 92' lang='lat' dir='ltr'><strong>ab</strong></span> <span class='ocrx_word' id='word_1_566' title='bbox 2773 1522 2860 1576; x_wconf 88' lang='lat' dir='ltr'><strong>bis</strong></span> <span class='ocrx_word' id='word_1_567' title='bbox 2887 1521 3144 1575; x_wconf 88' lang='lat' dir='ltr'><strong>omnibus</strong></span> <span class='ocrx_word' id='word_1_568' title='bbox 3173 1521 3332 1575; x_wconf 89' lang='lat' dir='ltr'><strong>malis</strong></span> <span class='ocrx_word' id='word_1_569' title='bbox 3366 1522 3717 1587; x_wconf 87' lang='lat' dir='ltr'><strong>liberaretur,</strong></span> <span class='ocrx_word' id='word_1_570' title='bbox 3745 1523 3815 1577; x_wconf 85' lang='lat' dir='ltr'><strong>ita</strong></span> 
     </span>
    </p>
   </div>
   <div class='ocr_carea' id='block_1_75' title="bbox 2243 1611 3816 1683">
    <p class='ocr_par' dir='ltr' id='par_1_75' title="bbox 2243 1611 3816 1683">
     <span class='ocr_line' id='line_1_75' title="bbox 2243 1611 3816 1683; baseline 0 -16"><span class='ocrx_word' id='word_1_571' title='bbox 2243 1612 2476 1681; x_wconf 81' lang='lat' dir='ltr'><strong>loquens</strong></span> <span class='ocrx_word' id='word_1_572' title='bbox 2503 1631 2515 1666; x_wconf 94' lang='lat'>:</span> <span class='ocrx_word' id='word_1_573' title='bbox 2542 1611 2640 1665; x_wconf 85' lang='lat' dir='ltr'><strong>Dic</strong></span> <span class='ocrx_word' id='word_1_574' title='bbox 2667 1611 2882 1683; x_wconf 88' lang='lat' dir='ltr'><strong>aliquod</strong></span> <span class='ocrx_word' id='word_1_575' title='bbox 2904 1611 3114 1666; x_wconf 87' lang='lat' dir='ltr'><strong>verbum</strong></span> <span class='ocrx_word' id='word_1_576' title='bbox 3143 1612 3393 1668; x_wconf 78' lang='lat' dir='ltr'><strong>adversus</strong></span> <span class='ocrx_word' id='word_1_577' title='bbox 3416 1612 3732 1677; x_wconf 80' lang='lat' dir='ltr'><strong>Dominum,</strong></span> <span class='ocrx_word' id='word_1_578' title='bbox 3759 1631 3816 1668; x_wconf 84' lang='lat' dir='ltr'><strong>oc</strong></span> 
     </span>
    </p>
   </div>
   <div class='ocr_carea' id='block_1_76' title="bbox 2245 1703 3820 1775">
    <p class='ocr_par' dir='ltr' id='par_1_76' title="bbox 2245 1703 3820 1775">
     <span class='ocr_line' id='line_1_76' title="bbox 2245 1703 3820 1775; baseline 0.002 -19"><span class='ocrx_word' id='word_1_579' title='bbox 2245 1720 2448 1758; x_wconf 85' lang='lat' dir='ltr'><strong>morere</strong></span> <span class='ocrx_word' id='word_1_580' title='bbox 2469 1703 2579 1775; x_wconf 88' lang='lat' dir='ltr'><strong>(Id.</strong></span> <span class='ocrx_word' id='word_1_581' title='bbox 2596 1703 2653 1758; x_wconf 64' lang='grc' dir='ltr'><strong>ἓ.</strong></span> <span class='ocrx_word' id='word_1_582' title='bbox 2676 1705 2752 1772; x_wconf 87' lang='grc'><strong>9).</strong></span> <span class='ocrx_word' id='word_1_583' title='bbox 2777 1703 2892 1768; x_wconf 90' lang='lat' dir='ltr'><strong>Dic,</strong></span> <span class='ocrx_word' id='word_1_584' title='bbox 2920 1705 3117 1774; x_wconf 92' lang='lat' dir='ltr'><strong>inquit,</strong></span> <span class='ocrx_word' id='word_1_585' title='bbox 3141 1705 3556 1775; x_wconf 84' lang='lat' dir='ltr'><strong>blasphemiam,</strong></span> <span class='ocrx_word' id='word_1_586' title='bbox 3575 1714 3630 1760; x_wconf 91' lang='lat' dir='ltr'><strong>et</strong></span> <span class='ocrx_word' id='word_1_587' title='bbox 3647 1707 3718 1759; x_wconf 89' lang='lat' dir='ltr'><strong>ab</strong></span> <span class='ocrx_word' id='word_1_588' title='bbox 3734 1721 3820 1759; x_wconf 87' lang='lat' dir='ltr'><strong>ur-</strong></span> 
     </span>
    </p>
   </div>
   <div class='ocr_carea' id='block_1_77' title="bbox 2246 1793 3822 1866">
    <p class='ocr_par' dir='ltr' id='par_1_77' title="bbox 2246 1793 3822 1866">
     <span class='ocr_line' id='line_1_77' title="bbox 2246 1793 3822 1866; baseline 0.002 -18"><span class='ocrx_word' id='word_1_589' title='bbox 2246 1795 2502 1865; x_wconf 74' lang='lat' dir='ltr'><strong>gentibus</strong></span> <span class='ocrx_word' id='word_1_590' title='bbox 2518 1795 2675 1848; x_wconf 88' lang='lat' dir='ltr'><strong>malis</strong></span> <span class='ocrx_word' id='word_1_591' title='bbox 2693 1795 3020 1850; x_wconf 84' lang='lat' dir='ltr'><strong>liberabere.</strong></span> <span class='ocrx_word' id='word_1_592' title='bbox 3039 1794 3181 1861; x_wconf 90' lang='lat' dir='ltr'><strong>Quid</strong></span> <span class='ocrx_word' id='word_1_593' title='bbox 3197 1795 3385 1866; x_wconf 79' lang='lat' dir='ltr'><strong>igitur?</strong></span> <span class='ocrx_word' id='word_1_594' title='bbox 3400 1793 3537 1850; x_wconf 86' lang='lat' dir='ltr'><strong>Num</strong></span> <span class='ocrx_word' id='word_1_595' title='bbox 3560 1796 3822 1851; x_wconf 82' lang='lat' dir='ltr'><strong>subvertit</strong></span> 
     </span>
    </p>
   </div>
   <div class='ocr_carea' id='block_1_78' title="bbox 2250 1884 3835 1941">
    <p class='ocr_par' dir='ltr' id='par_1_78' title="bbox 2250 1884 3835 1941">
     <span class='ocr_line' id='line_1_78' title="bbox 2250 1884 3835 1941; baseline -0.002 -1"><span class='ocrx_word' id='word_1_596' title='bbox 2250 1895 2503 1941; x_wconf 87' lang='lat' dir='ltr'><strong>sanctum</strong></span> <span class='ocrx_word' id='word_1_597' title='bbox 2523 1886 2674 1940; x_wconf 91' lang='lat' dir='ltr'><strong>illum</strong></span> <span class='ocrx_word' id='word_1_598' title='bbox 2698 1886 2875 1940; x_wconf 86' lang='lat' dir='ltr'><strong>virum</strong></span> <span class='ocrx_word' id='word_1_599' title='bbox 2893 1887 3137 1941; x_wconf 88' lang='lat' dir='ltr'><strong>mulieris</strong></span> <span class='ocrx_word' id='word_1_600' title='bbox 3155 1885 3472 1940; x_wconf 84' lang='lat' dir='ltr'><strong>consilium?</strong></span> <span class='ocrx_word' id='word_1_601' title='bbox 3486 1884 3603 1940; x_wconf 89' lang='lat' dir='ltr'><strong>lmo</strong></span> <span class='ocrx_word' id='word_1_602' title='bbox 3620 1894 3835 1940; x_wconf 58' lang='lat' dir='ltr'><strong>contrae</strong></span> 
     </span>
    </p>
   </div>
   <div class='ocr_carea' id='block_1_79' title="bbox 2249 1975 3827 2048">
    <p class='ocr_par' dir='ltr' id='par_1_79' title="bbox 2249 1975 3827 2048">
     <span class='ocr_line' id='line_1_79' title="bbox 2249 1975 3827 2048; baseline -0.001 -17"><span class='ocrx_word' id='word_1_603' title='bbox 2249 1976 2392 2031; x_wconf 86' lang='lat' dir='ltr'><strong>rium</strong></span> <span class='ocrx_word' id='word_1_604' title='bbox 2407 1975 2552 2041; x_wconf 86' lang='lat' dir='ltr'><strong>fecit,</strong></span> <span class='ocrx_word' id='word_1_605' title='bbox 2571 1976 2854 2048; x_wconf 85' lang='lat' dir='ltr'><strong>magisque</strong></span> <span class='ocrx_word' id='word_1_606' title='bbox 2876 1977 3023 2032; x_wconf 90' lang='lat' dir='ltr'><strong>illum</strong></span> <span class='ocrx_word' id='word_1_607' title='bbox 3047 1977 3448 2044; x_wconf 85' lang='lat' dir='ltr'><strong>corroboravit,</strong></span> <span class='ocrx_word' id='word_1_608' title='bbox 3471 1977 3552 2031; x_wconf 90' lang='lat' dir='ltr'><strong>sic</strong></span> <span class='ocrx_word' id='word_1_609' title='bbox 3581 1979 3752 2032; x_wconf 85' lang='lat' dir='ltr'><strong>etiam</strong></span> <span class='ocrx_word' id='word_1_610' title='bbox 3772 1986 3827 2030; x_wconf 86' lang='lat' dir='ltr'><strong>ut</strong></span> 
     </span>
    </p>
   </div>
   <div class='ocr_carea' id='block_1_80' title="bbox 2252 2068 3828 2139">
    <p class='ocr_par' dir='ltr' id='par_1_80' title="bbox 2252 2068 3828 2139">
     <span class='ocr_line' id='line_1_80' title="bbox 2252 2068 3828 2139; baseline -0.001 -15"><span class='ocrx_word' id='word_1_611' title='bbox 2252 2069 2562 2139; x_wconf 82' lang='lat' dir='ltr'><strong>increparet</strong></span> <span class='ocrx_word' id='word_1_612' title='bbox 2581 2084 2830 2123; x_wconf 89' lang='lat' dir='ltr'><strong>uxorem.</strong></span> <span class='ocrx_word' id='word_1_613' title='bbox 2852 2068 3043 2124; x_wconf 83' lang='lat' dir='ltr'><strong>Potius</strong></span> <span class='ocrx_word' id='word_1_614' title='bbox 3063 2069 3209 2124; x_wconf 92' lang='lat' dir='ltr'><strong>enim</strong></span> <span class='ocrx_word' id='word_1_615' title='bbox 3233 2068 3392 2124; x_wconf 90' lang='lat' dir='ltr'><strong>duxit</strong></span> <span class='ocrx_word' id='word_1_616' title='bbox 3413 2069 3727 2138; x_wconf 83' lang='lat' dir='ltr'><strong>majoribus</strong></span> <span class='ocrx_word' id='word_1_617' title='bbox 3747 2068 3828 2123; x_wconf 82' lang='lat' dir='ltr'><strong>af-</strong></span> 
     </span>
    </p>
   </div>
   <div class='ocr_carea' id='block_1_81' title="bbox 2256 2159 3831 2233">
    <p class='ocr_par' dir='ltr' id='par_1_81' title="bbox 2256 2159 3831 2233">
     <span class='ocr_line' id='line_1_81' title="bbox 2256 2159 3831 2233; baseline -0.002 -15"><span class='ocrx_word' id='word_1_618' title='bbox 2256 2163 2341 2218; x_wconf 86' lang='lat' dir='ltr'><strong>fici</strong></span> <span class='ocrx_word' id='word_1_619' title='bbox 2358 2163 2540 2218; x_wconf 90' lang='lat' dir='ltr'><strong>crucia</strong></span> <span class='ocrx_word' id='word_1_620' title='bbox 2550 2162 2706 2233; x_wconf 87' lang='lat' dir='ltr'><strong>rique</strong></span> <span class='ocrx_word' id='word_1_621' title='bbox 2717 2159 3420 2226; x_wconf 77' lang='lat' dir='ltr'><strong>doloribus,innumeranne</strong></span> <span class='ocrx_word' id='word_1_622' title='bbox 3437 2161 3650 2232; x_wconf 77' lang='lat' dir='ltr'><strong>perpeti</strong></span> <span class='ocrx_word' id='word_1_623' title='bbox 3670 2159 3831 2225; x_wconf 73' lang='lat' dir='ltr'><strong>mala,</strong></span> 
     </span>
    </p>
   </div>
   <div class='ocr_carea' id='block_1_82' title="bbox 2256 2249 3833 2327">
    <p class='ocr_par' dir='ltr' id='par_1_82' title="bbox 2256 2249 3833 2327">
     <span class='ocr_line' id='line_1_82' title="bbox 2256 2249 3833 2327; baseline -0.006 -16"><span class='ocrx_word' id='word_1_624' title='bbox 2256 2271 2414 2327; x_wconf 87' lang='lat' dir='ltr'><strong>quam</strong></span> <span class='ocrx_word' id='word_1_625' title='bbox 2444 2255 2768 2325; x_wconf 83' lang='lat' dir='ltr'><strong>blasphemia</strong></span> <span class='ocrx_word' id='word_1_626' title='bbox 2802 2255 2906 2309; x_wconf 88' lang='lat' dir='ltr'><strong>ulla</strong></span> <span class='ocrx_word' id='word_1_627' title='bbox 2938 2259 3204 2308; x_wconf 81' lang='lat' dir='ltr'><strong>tantorum</strong></span> <span class='ocrx_word' id='word_1_628' title='bbox 3244 2251 3502 2311; x_wconf 89' lang='lat' dir='ltr'><strong>malorum</strong></span> <span class='ocrx_word' id='word_1_629' title='bbox 3546 2249 3833 2305; x_wconf 75' lang='lat' dir='ltr'><strong>relaxatio-</strong></span> 
     </span>
    </p>
   </div>
   <div class='ocr_carea' id='block_1_83' title="bbox 2256 2341 3834 2418">
    <p class='ocr_par' dir='ltr' id='par_1_83' title="bbox 2256 2341 3834 2418">
     <span class='ocr_line' id='line_1_83' title="bbox 2256 2341 3834 2418; baseline -0.005 -15"><span class='ocrx_word' id='word_1_630' title='bbox 2256 2365 2377 2404; x_wconf 90' lang='lat' dir='ltr'><strong>nem</strong></span> <span class='ocrx_word' id='word_1_631' title='bbox 2403 2349 2676 2418; x_wconf 89' lang='lat' dir='ltr'><strong>consequi.</strong></span> <span class='ocrx_word' id='word_1_632' title='bbox 2711 2346 2892 2402; x_wconf 85' lang='lat' dir='ltr'><strong>Itidem</strong></span> <span class='ocrx_word' id='word_1_633' title='bbox 2919 2356 2973 2401; x_wconf 92' lang='lat' dir='ltr'><strong>et</strong></span> <span class='ocrx_word' id='word_1_634' title='bbox 3001 2345 3086 2400; x_wconf 90' lang='lat' dir='ltr'><strong>ille</strong></span> <span class='ocrx_word' id='word_1_635' title='bbox 3105 2385 3121 2412; x_wconf 95' lang='lat'><strong>,</strong></span> <span class='ocrx_word' id='word_1_636' title='bbox 3165 2344 3257 2415; x_wconf 92' lang='lat' dir='ltr'><strong>qui</strong></span> <span class='ocrx_word' id='word_1_637' title='bbox 3288 2344 3503 2414; x_wconf 84' lang='lat' dir='ltr'><strong>triginta</strong></span> <span class='ocrx_word' id='word_1_638' title='bbox 3529 2353 3656 2398; x_wconf 91' lang='lat' dir='ltr'><strong>octo</strong></span> <span class='ocrx_word' id='word_1_639' title='bbox 3683 2341 3834 2395; x_wconf 85' lang='lat' dir='ltr'><strong>annis</strong></span> 
     </span>
    </p>
   </div>
   <div class='ocr_carea' id='block_1_84' title="bbox 2255 2435 3835 2506">
    <p class='ocr_par' dir='ltr' id='par_1_84' title="bbox 2255 2435 3835 2506">
     <span class='ocr_line' id='line_1_84' title="bbox 2255 2435 3835 2506; baseline -0.007 -9"><span class='ocrx_word' id='word_1_640' title='bbox 2255 2443 2503 2497; x_wconf 89' lang='lat' dir='ltr'><strong>detentus</strong></span> <span class='ocrx_word' id='word_1_641' title='bbox 2529 2441 2701 2497; x_wconf 84' lang='lat' dir='ltr'><strong>fuerat</strong></span> <span class='ocrx_word' id='word_1_642' title='bbox 2729 2443 2781 2494; x_wconf 91' lang='lat' dir='ltr'><strong>in</strong></span> <span class='ocrx_word' id='word_1_643' title='bbox 2810 2440 3119 2495; x_wconf 83' lang='lat' dir='ltr'><strong>infirmitate</strong></span> <span class='ocrx_word' id='word_1_644' title='bbox 3143 2453 3258 2501; x_wconf 87' lang='lat' dir='ltr'><strong>sua,</strong></span> <span class='ocrx_word' id='word_1_645' title='bbox 3290 2436 3510 2506; x_wconf 86' lang='lat' dir='ltr'><strong>singulis</strong></span> <span class='ocrx_word' id='word_1_646' title='bbox 3532 2435 3692 2489; x_wconf 87' lang='lat' dir='ltr'><strong>annis</strong></span> <span class='ocrx_word' id='word_1_647' title='bbox 3718 2449 3835 2487; x_wconf 79' lang='lat' dir='ltr'><strong>cur-</strong></span> 
     </span>
    </p>
   </div>
   <div class='ocr_carea' id='block_1_85' title="bbox 2257 2528 3837 2604">
    <p class='ocr_par' dir='ltr' id='par_1_85' title="bbox 2257 2528 3837 2604">
     <span class='ocr_line' id='line_1_85' title="bbox 2257 2528 3837 2604; baseline -0.006 -16"><span class='ocrx_word' id='word_1_648' title='bbox 2257 2535 2409 2589; x_wconf 88' lang='lat' dir='ltr'><strong>rebat</strong></span> <span class='ocrx_word' id='word_1_649' title='bbox 2432 2533 2497 2587; x_wconf 87' lang='lat' dir='ltr'><strong>ad</strong></span> <span class='ocrx_word' id='word_1_650' title='bbox 2529 2532 2804 2604; x_wconf 88' lang='lat' dir='ltr'><strong>piscinam,</strong></span> <span class='ocrx_word' id='word_1_651' title='bbox 2827 2540 2883 2586; x_wconf 87' lang='lat' dir='ltr'><strong>et</strong></span> <span class='ocrx_word' id='word_1_652' title='bbox 2906 2530 3126 2600; x_wconf 82' lang='lat' dir='ltr'><strong>singulis</strong></span> <span class='ocrx_word' id='word_1_653' title='bbox 3149 2529 3302 2584; x_wconf 87' lang='lat' dir='ltr'><strong>annis</strong></span> <span class='ocrx_word' id='word_1_654' title='bbox 3327 2528 3710 2599; x_wconf 85' lang='lat' dir='ltr'><strong>repellebatur,</strong></span> <span class='ocrx_word' id='word_1_655' title='bbox 3745 2540 3837 2580; x_wconf 83' lang='lat' dir='ltr'><strong>nec</strong></span> 
     </span>
    </p>
   </div>
   <div class='ocr_carea' id='block_1_86' title="bbox 2255 2617 3840 2695">
    <p class='ocr_par' dir='ltr' id='par_1_86' title="bbox 2255 2617 3840 2695">
     <span class='ocr_line' id='line_1_86' title="bbox 2255 2617 3840 2695; baseline -0.005 -16"><span class='ocrx_word' id='word_1_656' title='bbox 2255 2625 2636 2695; x_wconf 84' lang='lat' dir='ltr'><strong>assequebatur</strong></span> <span class='ocrx_word' id='word_1_657' title='bbox 2655 2624 2932 2679; x_wconf 88' lang='lat' dir='ltr'><strong>sanitatem</strong></span> <span class='ocrx_word' id='word_1_658' title='bbox 2959 2621 3141 2692; x_wconf 84' lang='lat' dir='ltr'><strong>(Joan.</strong></span> <span class='ocrx_word' id='word_1_659' title='bbox 3169 2621 3256 2691; x_wconf 78' lang='lat'><strong>5);</strong></span> <span class='ocrx_word' id='word_1_660' title='bbox 3285 2619 3378 2674; x_wconf 89' lang='lat' dir='ltr'><strong>sed</strong></span> <span class='ocrx_word' id='word_1_661' title='bbox 3405 2617 3696 2690; x_wconf 88' lang='lat' dir='ltr'><strong>qu0tannis</strong></span> <span class='ocrx_word' id='word_1_662' title='bbox 3716 2632 3840 2673; x_wconf 84' lang='lat' dir='ltr'><strong>eon-</strong></span> 
     </span>
    </p>
   </div>
   <div class='ocr_carea' id='block_1_87' title="bbox 2255 2713 3841 2789">
    <p class='ocr_par' dir='ltr' id='par_1_87' title="bbox 2255 2713 3841 2789">
     <span class='ocr_line' id='line_1_87' title="bbox 2255 2713 3841 2789; baseline -0.007 -12"><span class='ocrx_word' id='word_1_663' title='bbox 2255 2718 2511 2789; x_wconf 79' lang='lat' dir='ltr'><strong>Spiciebat</strong></span> <span class='ocrx_word' id='word_1_664' title='bbox 2533 2718 2666 2774; x_wconf 82' lang='lat' dir='ltr'><strong>alios</strong></span> <span class='ocrx_word' id='word_1_665' title='bbox 2685 2715 3047 2788; x_wconf 82' lang='lat' dir='ltr'><strong>sanari,quod</strong></span> <span class='ocrx_word' id='word_1_666' title='bbox 3073 2715 3266 2770; x_wconf 91' lang='lat' dir='ltr'><strong>multos</strong></span> <span class='ocrx_word' id='word_1_667' title='bbox 3280 2713 3566 2779; x_wconf 88' lang='lat' dir='ltr'><strong>haberent,</strong></span> <span class='ocrx_word' id='word_1_668' title='bbox 3595 2728 3627 2767; x_wconf 92' lang='lat' dir='ltr'><strong>a</strong></span> <span class='ocrx_word' id='word_1_669' title='bbox 3651 2713 3841 2783; x_wconf 88' lang='lat' dir='ltr'><strong>quibus</strong></span> 
     </span>
    </p>
   </div>
   <div class='ocr_carea' id='block_1_88' title="bbox 2255 2806 3841 2878">
    <p class='ocr_par' dir='ltr' id='par_1_88' title="bbox 2255 2806 3841 2878">
     <span class='ocr_line' id='line_1_88' title="bbox 2255 2806 3841 2878; baseline -0.008 -8"><span class='ocrx_word' id='word_1_670' title='bbox 2255 2819 2607 2878; x_wconf 78' lang='lat' dir='ltr'><strong>Curarentur,</strong></span> <span class='ocrx_word' id='word_1_671' title='bbox 2649 2825 2708 2865; x_wconf 90' lang='lat' dir='ltr'><strong>se</strong></span> <span class='ocrx_word' id='word_1_672' title='bbox 2743 2825 2870 2866; x_wconf 87' lang='lat' dir='ltr'><strong>vero</strong></span> <span class='ocrx_word' id='word_1_673' title='bbox 2898 2809 3206 2866; x_wconf 87' lang='lat' dir='ltr'><strong>destitutum</strong></span> <span class='ocrx_word' id='word_1_674' title='bbox 3250 2807 3476 2862; x_wconf 87' lang='lat' dir='ltr'><strong>aliorum</strong></span> <span class='ocrx_word' id='word_1_675' title='bbox 3516 2806 3743 2867; x_wconf 87' lang='lat' dir='ltr'><strong>auxilio,</strong></span> <span class='ocrx_word' id='word_1_676' title='bbox 3788 2806 3841 2859; x_wconf 90' lang='lat' dir='ltr'><strong>in</strong></span> 
     </span>
    </p>
   </div>
   <div class='ocr_carea' id='block_1_89' title="bbox 2257 2897 3841 2974">
    <p class='ocr_par' dir='ltr' id='par_1_89' title="bbox 2257 2897 3841 2974">
     <span class='ocr_line' id='line_1_89' title="bbox 2257 2897 3841 2974; baseline -0.005 -14"><span class='ocrx_word' id='word_1_677' title='bbox 2257 2916 2512 2974; x_wconf 82' lang='lat' dir='ltr'><strong>perpetua</strong></span> <span class='ocrx_word' id='word_1_678' title='bbox 2554 2919 2770 2959; x_wconf 87' lang='lat' dir='ltr'><strong>manere</strong></span> <span class='ocrx_word' id='word_1_679' title='bbox 2811 2902 3058 2973; x_wconf 84' lang='lat' dir='ltr'><strong>paralysi.</strong></span> <span class='ocrx_word' id='word_1_680' title='bbox 3103 2901 3211 2956; x_wconf 85' lang='lat' dir='ltr'><strong>Nec</strong></span> <span class='ocrx_word' id='word_1_681' title='bbox 3250 2901 3328 2955; x_wconf 86' lang='lat' dir='ltr'><strong>sic</strong></span> <span class='ocrx_word' id='word_1_682' title='bbox 3363 2898 3582 2970; x_wconf 87' lang='lat' dir='ltr'><strong>quidem</strong></span> <span class='ocrx_word' id='word_1_683' title='bbox 3610 2897 3841 2967; x_wconf 80' lang='lat' dir='ltr'><strong>confugit</strong></span> 
     </span>
    </p>
   </div>
   <div class='ocr_carea' id='block_1_90' title="bbox 2256 2990 3838 3061">
    <p class='ocr_par' dir='ltr' id='par_1_90' title="bbox 2256 2990 3838 3061">
     <span class='ocr_line' id='line_1_90' title="bbox 2256 2990 3838 3061; baseline -0.004 -11"><span class='ocrx_word' id='word_1_684' title='bbox 2256 2997 2321 3051; x_wconf 90' lang='lat' dir='ltr'><strong>ad</strong></span> <span class='ocrx_word' id='word_1_685' title='bbox 2348 3008 2512 3061; x_wconf 88' lang='lat' dir='ltr'><strong>vates,</strong></span> <span class='ocrx_word' id='word_1_686' title='bbox 2538 3013 2641 3051; x_wconf 89' lang='lat' dir='ltr'><strong>non</strong></span> <span class='ocrx_word' id='word_1_687' title='bbox 2665 2995 2794 3051; x_wconf 87' lang='lat' dir='ltr'><strong>adiit</strong></span> <span class='ocrx_word' id='word_1_688' title='bbox 2814 2997 3191 3060; x_wconf 87' lang='lat' dir='ltr'><strong>incantatores,</strong></span> <span class='ocrx_word' id='word_1_689' title='bbox 3209 3007 3313 3047; x_wconf 92' lang='lat' dir='ltr'><strong>non</strong></span> <span class='ocrx_word' id='word_1_690' title='bbox 3334 2990 3572 3060; x_wconf 81' lang='lat' dir='ltr'><strong>alligavit</strong></span> <span class='ocrx_word' id='word_1_691' title='bbox 3589 2991 3838 3053; x_wconf 83' lang='lat' dir='ltr'><strong>amuleta,</strong></span> 
     </span>
    </p>
   </div>
   <div class='ocr_carea' id='block_1_91' title="bbox 2256 3073 3842 3158">
    <p class='ocr_par' dir='ltr' id='par_1_91' title="bbox 2256 3073 3842 3158">
     <span class='ocr_line' id='line_1_91' title="bbox 2256 3073 3842 3158; baseline -0.008 -14"><span class='ocrx_word' id='word_1_692' title='bbox 2256 3090 2350 3144; x_wconf 87' lang='lat' dir='ltr'><strong>sed</strong></span> <span class='ocrx_word' id='word_1_693' title='bbox 2399 3090 2722 3158; x_wconf 78' lang='lat' dir='ltr'><strong>exspectavit</strong></span> <span class='ocrx_word' id='word_1_694' title='bbox 2763 3087 2994 3142; x_wconf 79' lang='lat' dir='ltr'><strong>divinam</strong></span> <span class='ocrx_word' id='word_1_695' title='bbox 3023 3099 3178 3155; x_wconf 90' lang='lat' dir='ltr'><strong>opem</strong></span> <span class='ocrx_word' id='word_1_696' title='bbox 3207 3102 3220 3138; x_wconf 91' lang='lat'><strong>:</strong></span> <span class='ocrx_word' id='word_1_697' title='bbox 3245 3083 3365 3138; x_wconf 91' lang='lat' dir='ltr'><strong>ideo</strong></span> <span class='ocrx_word' id='word_1_698' title='bbox 3406 3082 3623 3136; x_wconf 89' lang='lat' dir='ltr'><strong>tandem</strong></span> <span class='ocrx_word' id='word_1_699' title='bbox 3672 3073 3842 3136; x_wconf 80' lang='lat' dir='ltr'><strong>admi-</strong></span> 
     </span>
    </p>
   </div>
   <div class='ocr_carea' id='block_1_92' title="bbox 2255 3171 3838 3250">
    <p class='ocr_par' dir='ltr' id='par_1_92' title="bbox 2255 3171 3838 3250">
     <span class='ocr_line' id='line_1_92' title="bbox 2255 3171 3838 3250; baseline -0.008 -15"><span class='ocrx_word' id='word_1_700' title='bbox 2255 3180 2474 3236; x_wconf 87' lang='lat' dir='ltr'><strong>randam</strong></span> <span class='ocrx_word' id='word_1_701' title='bbox 2496 3178 2778 3250; x_wconf 91' lang='lat' dir='ltr'><strong>quamdam</strong></span> <span class='ocrx_word' id='word_1_702' title='bbox 2799 3189 2852 3234; x_wconf 90' lang='lat' dir='ltr'><strong>et</strong></span> <span class='ocrx_word' id='word_1_703' title='bbox 2874 3176 3162 3232; x_wconf 87' lang='lat' dir='ltr'><strong>inauditam</strong></span> <span class='ocrx_word' id='word_1_704' title='bbox 3187 3175 3465 3228; x_wconf 89' lang='lat' dir='ltr'><strong>sanitatem</strong></span> <span class='ocrx_word' id='word_1_705' title='bbox 3488 3171 3719 3241; x_wconf 90' lang='lat' dir='ltr'><strong>adeptus</strong></span> <span class='ocrx_word' id='word_1_706' title='bbox 3741 3179 3838 3225; x_wconf 83' lang='lat' dir='ltr'><strong>est.</strong></span> 
     </span>
    </p>
   </div>
   <div class='ocr_carea' id='block_1_93' title="bbox 2257 3261 3843 3330">
    <p class='ocr_par' dir='ltr' id='par_1_93' title="bbox 2257 3261 3843 3330">
     <span class='ocr_line' id='line_1_93' title="bbox 2257 3261 3843 3330; baseline -0.008 -2"><span class='ocrx_word' id='word_1_707' title='bbox 2257 3274 2486 3328; x_wconf 88' lang='lat' dir='ltr'><strong>Lazarus</strong></span> <span class='ocrx_word' id='word_1_708' title='bbox 2511 3281 2685 3325; x_wconf 86' lang='lat' dir='ltr'><strong>autem</strong></span> <span class='ocrx_word' id='word_1_709' title='bbox 2708 3284 2829 3324; x_wconf 92' lang='lat' dir='ltr'><strong>cum</strong></span> <span class='ocrx_word' id='word_1_710' title='bbox 2853 3267 3017 3330; x_wconf 89' lang='lat' dir='ltr'><strong>fame,</strong></span> <span class='ocrx_word' id='word_1_711' title='bbox 3039 3282 3159 3322; x_wconf 88' lang='lat' dir='ltr'><strong>cum</strong></span> <span class='ocrx_word' id='word_1_712' title='bbox 3184 3264 3391 3328; x_wconf 91' lang='lat' dir='ltr'><strong>morbo,</strong></span> <span class='ocrx_word' id='word_1_713' title='bbox 3407 3277 3531 3316; x_wconf 89' lang='lat' dir='ltr'><strong>eum</strong></span> <span class='ocrx_word' id='word_1_714' title='bbox 3557 3261 3843 3315; x_wconf 85' lang='lat' dir='ltr'><strong>solitudine</strong></span> 
     </span>
    </p>
   </div>
   <div class='ocr_carea' id='block_1_94' title="bbox 2257 3353 3842 3434">
    <p class='ocr_par' dir='ltr' id='par_1_94' title="bbox 2257 3353 3842 3434">
     <span class='ocr_line' id='line_1_94' title="bbox 2257 3353 3842 3434; baseline -0.011 -14"><span class='ocrx_word' id='word_1_715' title='bbox 2257 3380 2354 3434; x_wconf 90' lang='lat' dir='ltr'><strong>per</strong></span> <span class='ocrx_word' id='word_1_716' title='bbox 2379 3379 2592 3418; x_wconf 89' lang='lat' dir='ltr'><strong>omnem</strong></span> <span class='ocrx_word' id='word_1_717' title='bbox 2622 3363 2783 3416; x_wconf 83' lang='lat' dir='ltr'><strong>vitam</strong></span> <span class='ocrx_word' id='word_1_718' title='bbox 2815 3360 3129 3414; x_wconf 85' lang='lat' dir='ltr'><strong>colluctatus</strong></span> <span class='ocrx_word' id='word_1_719' title='bbox 3152 3365 3254 3422; x_wconf 84' lang='lat' dir='ltr'><strong>est,</strong></span> <span class='ocrx_word' id='word_1_720' title='bbox 3278 3371 3384 3409; x_wconf 92' lang='lat' dir='ltr'><strong>non</strong></span> <span class='ocrx_word' id='word_1_721' title='bbox 3403 3353 3703 3422; x_wconf 80' lang='lat' dir='ltr'><strong>trigintaet</strong></span> <span class='ocrx_word' id='word_1_722' title='bbox 3723 3363 3842 3405; x_wconf 88' lang='lat' dir='ltr'><strong>octo</strong></span> 
     </span>
    </p>
   </div>
   <div class='ocr_carea' id='block_1_95' title="bbox 2255 3445 3841 3517">
    <p class='ocr_par' dir='ltr' id='par_1_95' title="bbox 2255 3445 3841 3517">
     <span class='ocr_line' id='line_1_95' title="bbox 2255 3445 3841 3517; baseline -0.008 -7"><span class='ocrx_word' id='word_1_723' title='bbox 2255 3471 2428 3511; x_wconf 90' lang='lat' dir='ltr'><strong>annos</strong></span> <span class='ocrx_word' id='word_1_724' title='bbox 2455 3464 2671 3510; x_wconf 76' lang='lat' dir='ltr'><strong>tantum</strong></span> <span class='ocrx_word' id='word_1_725' title='bbox 2712 3463 2952 3509; x_wconf 88' lang='lat' dir='ltr'><strong>versatus</strong></span> <span class='ocrx_word' id='word_1_726' title='bbox 2992 3451 3044 3506; x_wconf 91' lang='lat' dir='ltr'><strong>in</strong></span> <span class='ocrx_word' id='word_1_727' title='bbox 3087 3450 3170 3504; x_wconf 92' lang='lat' dir='ltr'><strong>his</strong></span> <span class='ocrx_word' id='word_1_728' title='bbox 3196 3490 3211 3516; x_wconf 97' lang='lat'><strong>,</strong></span> <span class='ocrx_word' id='word_1_729' title='bbox 3262 3448 3356 3504; x_wconf 90' lang='lat' dir='ltr'><strong>sed</strong></span> <span class='ocrx_word' id='word_1_730' title='bbox 3399 3461 3498 3517; x_wconf 86' lang='lat' dir='ltr'><strong>per</strong></span> <span class='ocrx_word' id='word_1_731' title='bbox 3530 3461 3694 3500; x_wconf 89' lang='lat' dir='ltr'><strong>omne</strong></span> <span class='ocrx_word' id='word_1_732' title='bbox 3722 3445 3841 3498; x_wconf 75' lang='lat' dir='ltr'><strong>vita:</strong></span> 
     </span>
    </p>
   </div>
   <div class='ocr_carea' id='block_1_96' title="bbox 2257 3538 3837 3620">
    <p class='ocr_par' dir='ltr' id='par_1_96' title="bbox 2257 3538 3837 3620">
     <span class='ocr_line' id='line_1_96' title="bbox 2257 3538 3837 3620; baseline -0.009 -16"><span class='ocrx_word' id='word_1_733' title='bbox 2257 3559 2485 3620; x_wconf 85' lang='lat' dir='ltr'><strong>tempus.</strong></span> <span class='ocrx_word' id='word_1_734' title='bbox 2513 3548 2601 3603; x_wconf 88' lang='lat' dir='ltr'><strong>Sic</strong></span> <span class='ocrx_word' id='word_1_735' title='bbox 2623 3547 2781 3616; x_wconf 89' lang='lat' dir='ltr'><strong>igitur</strong></span> <span class='ocrx_word' id='word_1_736' title='bbox 2806 3553 2860 3600; x_wconf 88' lang='lat' dir='ltr'><strong>et</strong></span> <span class='ocrx_word' id='word_1_737' title='bbox 2885 3542 3175 3614; x_wconf 85' lang='lat' dir='ltr'><strong>exspiravit</strong></span> <span class='ocrx_word' id='word_1_738' title='bbox 3203 3541 3254 3596; x_wconf 91' lang='lat' dir='ltr'><strong>in</strong></span> <span class='ocrx_word' id='word_1_739' title='bbox 3279 3539 3458 3594; x_wconf 87' lang='lat' dir='ltr'><strong>divitis</strong></span> <span class='ocrx_word' id='word_1_740' title='bbox 3477 3538 3618 3593; x_wconf 84' lang='lat' dir='ltr'><strong>ostio</strong></span> <span class='ocrx_word' id='word_1_741' title='bbox 3629 3538 3837 3605; x_wconf 74' lang='lat' dir='ltr'><strong>iacens,</strong></span> 
     </span>
    </p>
   </div>
   <div class='ocr_carea' id='block_1_97' title="bbox 2257 3625 3838 3710">
    <p class='ocr_par' dir='ltr' id='par_1_97' title="bbox 2257 3625 3838 3710">
     <span class='ocr_line' id='line_1_97' title="bbox 2257 3625 3838 3710; baseline -0.011 -14"><span class='ocrx_word' id='word_1_742' title='bbox 2257 3651 2614 3710; x_wconf 83' lang='lat' dir='ltr'><strong>contemptus,</strong></span> <span class='ocrx_word' id='word_1_743' title='bbox 2634 3640 2840 3704; x_wconf 89' lang='lat' dir='ltr'><strong>irrisus,</strong></span> <span class='ocrx_word' id='word_1_744' title='bbox 2870 3634 3132 3698; x_wconf 87' lang='lat' dir='ltr'><strong>esuriens,</strong></span> <span class='ocrx_word' id='word_1_745' title='bbox 3161 3631 3379 3687; x_wconf 86' lang='lat' dir='ltr'><strong>canibus</strong></span> <span class='ocrx_word' id='word_1_746' title='bbox 3406 3628 3649 3698; x_wconf 68' lang='lat' dir='ltr'><strong>obiectus</strong></span> <span class='ocrx_word' id='word_1_747' title='bbox 3673 3625 3838 3696; x_wconf 69' lang='lat' dir='ltr'><strong>palus-</strong></span> 
     </span>
    </p>
   </div>
   <div class='ocr_carea' id='block_1_98' title="bbox 2255 3721 3837 3805">
    <p class='ocr_par' dir='ltr' id='par_1_98' title="bbox 2255 3721 3837 3805">
     <span class='ocr_line' id='line_1_98' title="bbox 2255 3721 3837 3805; baseline -0.013 -14"><span class='ocrx_word' id='word_1_748' title='bbox 2255 3736 2366 3791; x_wconf 91' lang='lat' dir='ltr'><strong>lum</strong></span> <span class='ocrx_word' id='word_1_749' title='bbox 2397 3733 2542 3805; x_wconf 83' lang='lat' dir='ltr'><strong>(Luc.</strong></span> <span class='ocrx_word' id='word_1_750' title='bbox 2573 3731 2684 3803; x_wconf 87' lang='grc'><strong>16).</strong></span> <span class='ocrx_word' id='word_1_751' title='bbox 2706 3730 2795 3786; x_wconf 89' lang='lat' dir='ltr'><strong>Sic</strong></span> <span class='ocrx_word' id='word_1_752' title='bbox 2811 3729 2953 3785; x_wconf 93' lang='lat' dir='ltr'><strong>enim</strong></span> <span class='ocrx_word' id='word_1_753' title='bbox 2974 3727 3114 3782; x_wconf 90' lang='lat' dir='ltr'><strong>illius</strong></span> <span class='ocrx_word' id='word_1_754' title='bbox 3132 3738 3328 3794; x_wconf 87' lang='lat' dir='ltr'><strong>corpus</strong></span> <span class='ocrx_word' id='word_1_755' title='bbox 3349 3721 3683 3777; x_wconf 83' lang='lat' dir='ltr'><strong>debilitatum</strong></span> <span class='ocrx_word' id='word_1_756' title='bbox 3704 3725 3837 3780; x_wconf 74' lang='lat' dir='ltr'><strong>erat.</strong></span> 
     </span>
    </p>
   </div>
   <div class='ocr_carea' id='block_1_99' title="bbox 2256 3811 3843 3884">
    <p class='ocr_par' dir='ltr' id='par_1_99' title="bbox 2256 3811 3843 3884">
     <span class='ocr_line' id='line_1_99' title="bbox 2256 3811 3843 3884; baseline -0.012 -2"><span class='ocrx_word' id='word_1_757' title='bbox 2256 3837 2316 3882; x_wconf 92' lang='lat' dir='ltr'><strong>ut</strong></span> <span class='ocrx_word' id='word_1_758' title='bbox 2364 3840 2466 3881; x_wconf 88' lang='lat' dir='ltr'><strong>nec</strong></span> <span class='ocrx_word' id='word_1_759' title='bbox 2520 3837 2681 3880; x_wconf 88' lang='lat' dir='ltr'><strong>canes</strong></span> <span class='ocrx_word' id='word_1_760' title='bbox 2722 3822 2996 3877; x_wconf 74' lang='lat' dir='ltr'><strong>irruentes</strong></span> <span class='ocrx_word' id='word_1_761' title='bbox 3049 3817 3336 3884; x_wconf 87' lang='lat' dir='ltr'><strong>ulceraque</strong></span> <span class='ocrx_word' id='word_1_762' title='bbox 3387 3813 3530 3868; x_wconf 87' lang='lat' dir='ltr'><strong>illius</strong></span> <span class='ocrx_word' id='word_1_763' title='bbox 3559 3811 3843 3880; x_wconf 76' lang='lat' dir='ltr'><strong>lingeates</strong></span> 
     </span>
    </p>
   </div>
   <div class='ocr_carea' id='block_1_100' title="bbox 2257 3905 3834 3989">
    <p class='ocr_par' dir='ltr' id='par_1_100' title="bbox 2257 3905 3834 3989">
     <span class='ocr_line' id='line_1_100' title="bbox 2257 3905 3834 3989; baseline -0.012 -15"><span class='ocrx_word' id='word_1_764' title='bbox 2257 3926 2440 3989; x_wconf 85' lang='lat' dir='ltr'><strong>posset</strong></span> <span class='ocrx_word' id='word_1_765' title='bbox 2465 3916 2698 3985; x_wconf 87' lang='lat' dir='ltr'><strong>abigere.</strong></span> <span class='ocrx_word' id='word_1_766' title='bbox 2729 3911 2879 3968; x_wconf 83' lang='lat' dir='ltr'><strong>Haud</strong></span> <span class='ocrx_word' id='word_1_767' title='bbox 2909 3919 3088 3966; x_wconf 87' lang='lat' dir='ltr'><strong>tamen</strong></span> <span class='ocrx_word' id='word_1_768' title='bbox 3115 3905 3389 3978; x_wconf 85' lang='lat' dir='ltr'><strong>quaerebat</strong></span> <span class='ocrx_word' id='word_1_769' title='bbox 3419 3905 3834 3966; x_wconf 84' lang='lat' dir='ltr'><strong>incantatorem,</strong></span> 
     </span>
    </p>
   </div>
   <div class='ocr_carea' id='block_1_101' title="bbox 2257 3993 3832 4079">
    <p class='ocr_par' dir='ltr' id='par_1_101' title="bbox 2257 3993 3832 4079">
     <span class='ocr_line' id='line_1_101' title="bbox 2257 3993 3832 4079; baseline -0.013 -15"><span class='ocrx_word' id='word_1_770' title='bbox 2257 4025 2365 4064; x_wconf 91' lang='lat' dir='ltr'><strong>non</strong></span> <span class='ocrx_word' id='word_1_771' title='bbox 2392 4003 2992 4079; x_wconf 74' lang='lat' dir='ltr'><strong>petalacircumligavit,</strong></span> <span class='ocrx_word' id='word_1_772' title='bbox 3011 4014 3115 4056; x_wconf 89' lang='lat' dir='ltr'><strong>non</strong></span> <span class='ocrx_word' id='word_1_773' title='bbox 3135 4005 3389 4068; x_wconf 88' lang='lat' dir='ltr'><strong>expertus</strong></span> <span class='ocrx_word' id='word_1_774' title='bbox 3409 4002 3492 4051; x_wconf 89' lang='lat' dir='ltr'><strong>est</strong></span> <span class='ocrx_word' id='word_1_775' title='bbox 3517 3993 3832 4063; x_wconf 67' lang='lat' dir='ltr'><strong>praestigias,</strong></span> 
     </span>
    </p>
   </div>
   <div class='ocr_carea' id='block_1_102' title="bbox 2259 4087 3830 4162">
    <p class='ocr_par' dir='ltr' id='par_1_102' title="bbox 2259 4087 3830 4162">
     <span class='ocr_line' id='line_1_102' title="bbox 2259 4087 3830 4162; baseline -0.015 0"><span class='ocrx_word' id='word_1_776' title='bbox 2259 4119 2364 4162; x_wconf 87' lang='lat' dir='ltr'><strong>non</strong></span> <span class='ocrx_word' id='word_1_777' title='bbox 2392 4099 2659 4157; x_wconf 87' lang='lat' dir='ltr'><strong>veneficos</strong></span> <span class='ocrx_word' id='word_1_778' title='bbox 2683 4099 2750 4153; x_wconf 84' lang='lat' dir='ltr'><strong>ad</strong></span> <span class='ocrx_word' id='word_1_779' title='bbox 2777 4112 2838 4152; x_wconf 89' lang='lat' dir='ltr'><strong>se</strong></span> <span class='ocrx_word' id='word_1_780' title='bbox 2867 4096 3101 4160; x_wconf 85' lang='lat' dir='ltr'><strong>vocavit,</strong></span> <span class='ocrx_word' id='word_1_781' title='bbox 3133 4106 3232 4148; x_wconf 90' lang='lat' dir='ltr'><strong>nec</strong></span> <span class='ocrx_word' id='word_1_782' title='bbox 3257 4089 3397 4146; x_wconf 88' lang='lat' dir='ltr'><strong>aliud</strong></span> <span class='ocrx_word' id='word_1_783' title='bbox 3423 4087 3710 4159; x_wconf 87' lang='lat' dir='ltr'><strong>quidquam</strong></span> <span class='ocrx_word' id='word_1_784' title='bbox 3741 4099 3830 4138; x_wconf 80' lang='lat' dir='ltr'><strong>ve-</strong></span> 
     </span>
    </p>
   </div>
   <div class='ocr_carea' id='block_1_103' title="bbox 2259 4174 3829 4256">
    <p class='ocr_par' dir='ltr' id='par_1_103' title="bbox 2259 4174 3829 4256">
     <span class='ocr_line' id='line_1_103' title="bbox 2259 4174 3829 4256; baseline -0.013 -7"><span class='ocrx_word' id='word_1_785' title='bbox 2259 4195 2470 4250; x_wconf 80' lang='lat' dir='ltr'><strong>titorum</strong></span> <span class='ocrx_word' id='word_1_786' title='bbox 2509 4192 2701 4246; x_wconf 80' lang='lat' dir='ltr'><strong>artium</strong></span> <span class='ocrx_word' id='word_1_787' title='bbox 2729 4188 2981 4256; x_wconf 81' lang='lat' dir='ltr'><strong>tentavit,</strong></span> <span class='ocrx_word' id='word_1_788' title='bbox 3013 4185 3106 4242; x_wconf 87' lang='lat' dir='ltr'><strong>sed</strong></span> <span class='ocrx_word' id='word_1_789' title='bbox 3127 4185 3275 4256; x_wconf 88' lang='lat' dir='ltr'><strong>prius</strong></span> <span class='ocrx_word' id='word_1_790' title='bbox 3294 4181 3478 4236; x_wconf 86' lang='lat' dir='ltr'><strong>habuit</strong></span> <span class='ocrx_word' id='word_1_791' title='bbox 3499 4179 3602 4234; x_wconf 89' lang='lat' dir='ltr'><strong>illis</strong></span> <span class='ocrx_word' id='word_1_792' title='bbox 3627 4174 3829 4231; x_wconf 77' lang='grc' dir='ltr'><strong>ἰηιωωὶ</strong></span> 
     </span>
    </p>
   </div>
   <div class='ocr_carea' id='block_1_104' title="bbox 2258 4267 3826 4354">
    <p class='ocr_par' dir='ltr' id='par_1_104' title="bbox 2258 4267 3826 4354">
     <span class='ocr_line' id='line_1_104' title="bbox 2258 4267 3826 4354; baseline -0.013 -14"><span class='ocrx_word' id='word_1_793' title='bbox 2258 4285 2435 4349; x_wconf 90' lang='lat' dir='ltr'><strong>malis,</strong></span> <span class='ocrx_word' id='word_1_794' title='bbox 2461 4281 2755 4354; x_wconf 85' lang='lat' dir='ltr'><strong>quamnlla</strong></span> <span class='ocrx_word' id='word_1_795' title='bbox 2796 4295 2862 4335; x_wconf 88' lang='lat' dir='ltr'><strong>ex</strong></span> <span class='ocrx_word' id='word_1_796' title='bbox 2895 4285 3054 4350; x_wconf 87' lang='lat' dir='ltr'><strong>.parte</strong></span> <span class='ocrx_word' id='word_1_797' title='bbox 3093 4277 3343 4331; x_wconf 89' lang='lat' dir='ltr'><strong>deserere</strong></span> <span class='ocrx_word' id='word_1_798' title='bbox 3371 4271 3641 4342; x_wconf 87' lang='lat' dir='ltr'><strong>pietatem.</strong></span> <span class='ocrx_word' id='word_1_799' title='bbox 3667 4267 3826 4335; x_wconf 70' lang='lat' dir='ltr'><strong>Quam</strong></span> 
     </span>
    </p>
   </div>
   <div class='ocr_carea' id='block_1_105' title="bbox 2259 4358 3822 4449">
    <p class='ocr_par' dir='ltr' id='par_1_105' title="bbox 2259 4358 3822 4449">
     <span class='ocr_line' id='line_1_105' title="bbox 2259 4358 3822 4449; baseline -0.014 -16"><span class='ocrx_word' id='word_1_800' title='bbox 2259 4380 2416 4449; x_wconf 86' lang='lat' dir='ltr'><strong>igitur</strong></span> <span class='ocrx_word' id='word_1_801' title='bbox 2435 4377 2643 4431; x_wconf 89' lang='lat' dir='ltr'><strong>veniam</strong></span> <span class='ocrx_word' id='word_1_802' title='bbox 2665 4389 2763 4430; x_wconf 90' lang='lat' dir='ltr'><strong>nos</strong></span> <span class='ocrx_word' id='word_1_803' title='bbox 2783 4371 3203 4444; x_wconf 83' lang='lat' dir='ltr'><strong>impetrabimus,</strong></span> <span class='ocrx_word' id='word_1_804' title='bbox 3226 4366 3337 4438; x_wconf 90' lang='lat' dir='ltr'><strong>qui,</strong></span> <span class='ocrx_word' id='word_1_805' title='bbox 3355 4380 3476 4420; x_wconf 89' lang='lat' dir='ltr'><strong>cum</strong></span> <span class='ocrx_word' id='word_1_806' title='bbox 3499 4363 3571 4418; x_wconf 92' lang='lat' dir='ltr'><strong>illi</strong></span> <span class='ocrx_word' id='word_1_807' title='bbox 3595 4363 3645 4415; x_wconf 87' lang='lat' dir='ltr'><strong>in</strong></span> <span class='ocrx_word' id='word_1_808' title='bbox 3673 4358 3822 4415; x_wconf 79' lang='lat' dir='ltr'><strong>tantis</strong></span> 
     </span>
    </p>
   </div>
   <div class='ocr_carea' id='block_1_106' title="bbox 2259 4452 3820 4541">
    <p class='ocr_par' dir='ltr' id='par_1_106' title="bbox 2259 4452 3820 4541">
     <span class='ocr_line' id='line_1_106' title="bbox 2259 4452 3820 4541; baseline -0.015 -14"><span class='ocrx_word' id='word_1_809' title='bbox 2259 4471 2415 4528; x_wconf 87' lang='lat' dir='ltr'><strong>malis</strong></span> <span class='ocrx_word' id='word_1_810' title='bbox 2454 4468 2823 4541; x_wconf 87' lang='lat' dir='ltr'><strong>perdurarint,</strong></span> <span class='ocrx_word' id='word_1_811' title='bbox 2872 4465 2942 4520; x_wconf 94' lang='lat' dir='ltr'><strong>ob</strong></span> <span class='ocrx_word' id='word_1_812' title='bbox 2983 4461 3314 4526; x_wconf 86' lang='lat' dir='ltr'><strong>febriculam,</strong></span> <span class='ocrx_word' id='word_1_813' title='bbox 3363 4466 3456 4514; x_wconf 81' lang='lat' dir='ltr'><strong>aut</strong></span> <span class='ocrx_word' id='word_1_814' title='bbox 3503 4457 3617 4511; x_wconf 88' lang='lat' dir='ltr'><strong>leve</strong></span> <span class='ocrx_word' id='word_1_815' title='bbox 3645 4452 3820 4506; x_wconf 70' lang='lat' dir='ltr'><strong>vulnus</strong></span> 
     </span>
    </p>
   </div>
   <div class='ocr_carea' id='block_1_107' title="bbox 2259 4550 3820 4637">
    <p class='ocr_par' dir='ltr' id='par_1_107' title="bbox 2259 4550 3820 4637">
     <span class='ocr_line' id='line_1_107' title="bbox 2259 4550 3820 4637; baseline -0.013 -17"><span class='ocrx_word' id='word_1_816' title='bbox 2259 4564 2621 4637; x_wconf 87' lang='lat' dir='ltr'><strong>procurrimus</strong></span> <span class='ocrx_word' id='word_1_817' title='bbox 2644 4560 2709 4615; x_wconf 91' lang='lat' dir='ltr'><strong>ad</strong></span> <span class='ocrx_word' id='word_1_818' title='bbox 2740 4573 3034 4632; x_wconf 83' lang='lat' dir='ltr'><strong>synagogas</strong></span> <span class='ocrx_word' id='word_1_819' title='bbox 3058 4599 3072 4620; x_wconf 95' lang='lat'><strong>,</strong></span> <span class='ocrx_word' id='word_1_820' title='bbox 3101 4555 3398 4618; x_wconf 84' lang='lat' dir='ltr'><strong>veneﬁcos,</strong></span> <span class='ocrx_word' id='word_1_821' title='bbox 3429 4565 3492 4605; x_wconf 85' lang='lat' dir='ltr'><strong>ac</strong></span> <span class='ocrx_word' id='word_1_822' title='bbox 3521 4550 3820 4618; x_wconf 66' lang='lat' dir='ltr'><strong>impastae!</strong></span> 
     </span>
    </p>
   </div>
   <div class='ocr_carea' id='block_1_108' title="bbox 2259 4639 3817 4716">
    <p class='ocr_par' dir='ltr' id='par_1_108' title="bbox 2259 4639 3817 4716">
     <span class='ocr_line' id='line_1_108' title="bbox 2259 4639 3817 4716; baseline -0.017 -1"><span class='ocrx_word' id='word_1_823' title='bbox 2259 4661 2310 4715; x_wconf 92' lang='lat' dir='ltr'><strong>in</strong></span> <span class='ocrx_word' id='word_1_824' title='bbox 2340 4658 2482 4716; x_wconf 80' lang='lat' dir='ltr'><strong>:edes</strong></span> <span class='ocrx_word' id='word_1_825' title='bbox 2509 4665 2717 4712; x_wconf 80' lang='lat' dir='ltr'><strong>n05tras</strong></span> <span class='ocrx_word' id='word_1_826' title='bbox 2755 4649 3114 4708; x_wconf 85' lang='lat' dir='ltr'><strong>accersimus?</strong></span> <span class='ocrx_word' id='word_1_827' title='bbox 3151 4648 3265 4703; x_wconf 87' lang='lat' dir='ltr'><strong>Non</strong></span> <span class='ocrx_word' id='word_1_828' title='bbox 3309 4644 3500 4700; x_wconf 88' lang='lat' dir='ltr'><strong>audisti</strong></span> <span class='ocrx_word' id='word_1_829' title='bbox 3545 4640 3666 4714; x_wconf 90' lang='lat' dir='ltr'><strong>quid</strong></span> <span class='ocrx_word' id='word_1_830' title='bbox 3689 4639 3817 4692; x_wconf 66' lang='lat' dir='ltr'><strong>dicit</strong></span> 
     </span>
    </p>
   </div>
   <div class='ocr_carea' id='block_1_109' title="bbox 2259 4737 3811 4822">
    <p class='ocr_par' dir='ltr' id='par_1_109' title="bbox 2259 4737 3811 4822">
     <span class='ocr_line' id='line_1_109' title="bbox 2259 4737 3811 4822; baseline -0.018 -14"><span class='ocrx_word' id='word_1_831' title='bbox 2259 4749 2567 4822; x_wconf 86' lang='lat' dir='ltr'><strong>Scriptura?</strong></span> <span class='ocrx_word' id='word_1_832' title='bbox 2595 4747 2723 4813; x_wconf 72' lang='lat' dir='ltr'><strong>Fili,</strong></span> <span class='ocrx_word' id='word_1_833' title='bbox 2753 4747 2796 4800; x_wconf 90' lang='lat' dir='ltr'><strong>si</strong></span> <span class='ocrx_word' id='word_1_834' title='bbox 2820 4744 3014 4798; x_wconf 73' lang='lat' dir='ltr'><strong>accedis</strong></span> <span class='ocrx_word' id='word_1_835' title='bbox 3036 4742 3302 4796; x_wconf 68' lang='lat' dir='ltr'><strong>serviturus</strong></span> <span class='ocrx_word' id='word_1_836' title='bbox 3332 4737 3570 4800; x_wconf 87' lang='lat' dir='ltr'><strong>Domino,</strong></span> <span class='ocrx_word' id='word_1_837' title='bbox 3600 4743 3811 4804; x_wconf 56' lang='lat' dir='ltr'><strong>prima!</strong></span> 
     </span>
    </p>
   </div>
   <div class='ocr_carea' id='block_1_110' title="bbox 2257 4831 3802 4901">
    <p class='ocr_par' dir='ltr' id='par_1_110' title="bbox 2257 4831 3802 4901">
     <span class='ocr_line' id='line_1_110' title="bbox 2257 4831 3802 4901; baseline -0.013 -6"><span class='ocrx_word' id='word_1_838' title='bbox 2257 4842 2479 4895; x_wconf 87' lang='lat' dir='ltr'><strong>animam</strong></span> <span class='ocrx_word' id='word_1_839' title='bbox 2508 4850 2644 4892; x_wconf 86' lang='lat' dir='ltr'><strong>tuam</strong></span> <span class='ocrx_word' id='word_1_840' title='bbox 2672 4837 2740 4890; x_wconf 87' lang='lat' dir='ltr'><strong>ad</strong></span> <span class='ocrx_word' id='word_1_841' title='bbox 2774 4838 3092 4889; x_wconf 69' lang='lat' dir='ltr'><strong>tentationem</strong></span> <span class='ocrx_word' id='word_1_842' title='bbox 3114 4849 3132 4885; x_wconf 90' lang='lat'><strong><em>:</em></strong></span> <span class='ocrx_word' id='word_1_843' title='bbox 3155 4831 3315 4901; x_wconf 86' lang='lat' dir='ltr'><strong>dirige</strong></span> <span class='ocrx_word' id='word_1_844' title='bbox 3341 4845 3426 4882; x_wconf 89' lang='lat' dir='ltr'><strong>cor</strong></span> <span class='ocrx_word' id='word_1_845' title='bbox 3453 4837 3609 4890; x_wconf 77' lang='lat' dir='ltr'><strong>tuum,</strong></span> <span class='ocrx_word' id='word_1_846' title='bbox 3636 4834 3679 4877; x_wconf 80' lang='lat' dir='ltr'><strong>et</strong></span> <span class='ocrx_word' id='word_1_847' title='bbox 3700 4835 3802 4886; x_wconf 69' lang='lat' dir='ltr'><strong>vrr-</strong></span> 
     </span>
    </p>
   </div>
   <div class='ocr_carea' id='block_1_111' title="bbox 2259 4911 3794 4997">
    <p class='ocr_par' dir='ltr' id='par_1_111' title="bbox 2259 4911 3794 4997">
     <span class='ocr_line' id='line_1_111' title="bbox 2259 4911 3794 4997; baseline -0.016 -10"><span class='ocrx_word' id='word_1_848' title='bbox 2259 4937 2389 4988; x_wconf 85' lang='lat' dir='ltr'><strong>dura</strong></span> <span class='ocrx_word' id='word_1_849' title='bbox 2412 4949 2430 4986; x_wconf 92' lang='lat'><strong><em>:</em></strong></span> <span class='ocrx_word' id='word_1_850' title='bbox 2452 4933 2500 4985; x_wconf 84' lang='lat' dir='ltr'><strong>in</strong></span> <span class='ocrx_word' id='word_1_851' title='bbox 2533 4929 2703 4983; x_wconf 84' lang='lat' dir='ltr'><strong>morbo</strong></span> <span class='ocrx_word' id='word_1_852' title='bbox 2730 4943 2790 4980; x_wconf 90' lang='lat' dir='ltr'><strong>ac</strong></span> <span class='ocrx_word' id='word_1_853' title='bbox 2817 4934 3111 4997; x_wconf 82' lang='lat' dir='ltr'><strong>paupertate</strong></span> <span class='ocrx_word' id='word_1_854' title='bbox 3135 4923 3188 4976; x_wconf 90' lang='lat' dir='ltr'><strong>in</strong></span> <span class='ocrx_word' id='word_1_855' title='bbox 3230 4921 3320 4974; x_wconf 79' lang='lat' dir='ltr'><strong>illo</strong></span> <span class='ocrx_word' id='word_1_856' title='bbox 3346 4919 3506 4988; x_wconf 74' lang='lat' dir='ltr'><strong>fidens</strong></span> <span class='ocrx_word' id='word_1_857' title='bbox 3535 4927 3646 4970; x_wconf 83' lang='lat' dir='ltr'><strong>esto.</strong></span> <span class='ocrx_word' id='word_1_858' title='bbox 3677 4911 3794 4964; x_wconf 67' lang='lat' dir='ltr'><strong>Sit-1</strong></span> 
     </span>
    </p>
   </div>
   <div class='ocr_carea' id='block_1_112' title="bbox 2258 4999 3793 5094">
    <p class='ocr_par' dir='ltr' id='par_1_112' title="bbox 2258 5011 3793 5094">
     <span class='ocr_line' id='line_1_112' title="bbox 2258 5011 3793 5094; baseline -0.014 -15"><span class='ocrx_word' id='word_1_859' title='bbox 2258 5027 2388 5080; x_wconf 84' lang='lat' dir='ltr'><strong>enim</strong></span> <span class='ocrx_word' id='word_1_860' title='bbox 2420 5025 2470 5076; x_wconf 86' lang='lat' dir='ltr'><strong>in</strong></span> <span class='ocrx_word' id='word_1_861' title='bbox 2498 5023 2602 5094; x_wconf 84' lang='lat' dir='ltr'><strong>igni</strong></span> <span class='ocrx_word' id='word_1_862' title='bbox 2642 5020 2880 5090; x_wconf 82' lang='lat' dir='ltr'><strong>probatur</strong></span> <span class='ocrx_word' id='word_1_863' title='bbox 2903 5033 3118 5082; x_wconf 77' lang='lat' dir='ltr'><strong>aurum,</strong></span> <span class='ocrx_word' id='word_1_864' title='bbox 3154 5015 3228 5068; x_wconf 86' lang='lat' dir='ltr'><strong>sic</strong></span> <span class='ocrx_word' id='word_1_865' title='bbox 3255 5013 3406 5066; x_wconf 80' lang='lat' dir='ltr'><strong>homo</strong></span> <span class='ocrx_word' id='word_1_866' title='bbox 3434 5011 3491 5078; x_wconf 80' lang='lat' dir='ltr'><strong>ﬁt</strong></span> <span class='ocrx_word' id='word_1_867' title='bbox 3519 5014 3793 5077; x_wconf 65' lang='lat' dir='ltr'><strong>occeptm-</strong></span> 
     </span>
    </p>
   </div>
   <div class='ocr_carea' id='block_1_113' title="bbox 2261 5094 3793 5184">
    <p class='ocr_par' dir='ltr' id='par_1_113' title="bbox 2261 5094 3793 5184">
     <span class='ocr_line' id='line_1_113' title="bbox 2261 5094 3793 5184; baseline -0.016 -12"><span class='ocrx_word' id='word_1_868' title='bbox 2261 5120 2458 5172; x_wconf 82' lang='lat' dir='ltr'><strong>camino</strong></span> <span class='ocrx_word' id='word_1_869' title='bbox 2501 5113 2864 5170; x_wconf 83' lang='lat' dir='ltr'><strong>Immiliationis</strong></span> <span class='ocrx_word' id='word_1_870' title='bbox 2908 5109 3091 5184; x_wconf 85' lang='lat' dir='ltr'><strong>(Eccli.</strong></span> <span class='ocrx_word' id='word_1_871' title='bbox 3121 5107 3176 5162; x_wconf 74' lang='lat'><strong>2.</strong></span> <span class='ocrx_word' id='word_1_872' title='bbox 3226 5106 3371 5174; x_wconf 77' lang='grc'><strong>1-5).</strong></span> <span class='ocrx_word' id='word_1_873' title='bbox 3401 5102 3470 5158; x_wconf 81' lang='lat' dir='ltr'><strong>Si</strong></span> <span class='ocrx_word' id='word_1_874' title='bbox 3499 5113 3553 5156; x_wconf 80' lang='lat' dir='ltr'><strong>tu</strong></span> <span class='ocrx_word' id='word_1_875' title='bbox 3581 5094 3793 5154; x_wconf 64' lang='lat' dir='ltr'><strong>famulum</strong></span> 
     </span>
    </p>
   </div>
   <div class='ocr_carea' id='block_1_114' title="bbox 2262 5191 3799 5278">
    <p class='ocr_par' dir='ltr' id='par_1_114' title="bbox 2262 5191 3799 5278">
     <span class='ocr_line' id='line_1_114' title="bbox 2262 5191 3799 5278; baseline -0.016 -15"><span class='ocrx_word' id='word_1_876' title='bbox 2262 5220 2407 5264; x_wconf 87' lang='lat' dir='ltr'><strong>tuum</strong></span> <span class='ocrx_word' id='word_1_877' title='bbox 2439 5207 2617 5278; x_wconf 65' lang='lat' dir='ltr'><strong>flagris</strong></span> <span class='ocrx_word' id='word_1_878' title='bbox 2657 5204 2914 5260; x_wconf 88' lang='lat' dir='ltr'><strong>cecideris</strong></span> <span class='ocrx_word' id='word_1_879' title='bbox 2937 5244 2952 5266; x_wconf 89' lang='lat'><strong>,</strong></span> <span class='ocrx_word' id='word_1_880' title='bbox 2983 5212 3035 5255; x_wconf 93' lang='lat' dir='ltr'><strong>et</strong></span> <span class='ocrx_word' id='word_1_881' title='bbox 3064 5200 3179 5264; x_wconf 90' lang='lat' dir='ltr'><strong>ille,</strong></span> <span class='ocrx_word' id='word_1_882' title='bbox 3214 5197 3429 5266; x_wconf 84' lang='lat' dir='ltr'><strong>triginta</strong></span> <span class='ocrx_word' id='word_1_883' title='bbox 3458 5203 3547 5248; x_wconf 87' lang='lat' dir='ltr'><strong>aut</strong></span> <span class='ocrx_word' id='word_1_884' title='bbox 3573 5191 3799 5261; x_wconf 56' lang='lat' dir='ltr'><strong>quinum-</strong></span> 
     </span>
    </p>
   </div>
   <div class='ocr_carea' id='block_1_115' title="bbox 2258 5284 3816 5377">
    <p class='ocr_par' dir='ltr' id='par_1_115' title="bbox 2258 5284 3816 5377">
     <span class='ocr_line' id='line_1_115' title="bbox 2258 5284 3816 5377; baseline -0.012 -22"><span class='ocrx_word' id='word_1_885' title='bbox 2258 5303 2400 5371; x_wconf 87' lang='lat' dir='ltr'><strong>ginta</strong></span> <span class='ocrx_word' id='word_1_886' title='bbox 2431 5299 2596 5368; x_wconf 83' lang='lat' dir='ltr'><strong>plagis</strong></span> <span class='ocrx_word' id='word_1_887' title='bbox 2624 5295 2854 5364; x_wconf 85' lang='lat' dir='ltr'><strong>acceptis</strong></span> <span class='ocrx_word' id='word_1_888' title='bbox 2883 5335 2897 5359; x_wconf 95' lang='lat'><strong>,</strong></span> <span class='ocrx_word' id='word_1_889' title='bbox 2948 5293 3087 5345; x_wconf 86' lang='lat' dir='ltr'><strong>illico</strong></span> <span class='ocrx_word' id='word_1_890' title='bbox 3114 5297 3366 5360; x_wconf 81' lang='lat' dir='ltr'><strong>provocet</strong></span> <span class='ocrx_word' id='word_1_891' title='bbox 3397 5285 3464 5340; x_wconf 87' lang='lat' dir='ltr'><strong>ad</strong></span> <span class='ocrx_word' id='word_1_892' title='bbox 3504 5284 3750 5377; x_wconf 45' lang='lat' dir='ltr'><strong>libertatem</strong></span> <span class='ocrx_word' id='word_1_893' title='bbox 3789 5311 3816 5336; x_wconf 71' lang='grc' dir='ltr'><strong>ν</strong></span> 
     </span>
    </p>
   </div>
   <div class='ocr_carea' id='block_1_116' title="bbox 2259 5378 3813 5448">
    <p class='ocr_par' dir='ltr' id='par_1_116' title="bbox 2259 5378 3813 5448">
     <span class='ocr_line' id='line_1_116' title="bbox 2259 5378 3813 5448; baseline -0.017 0"><span class='ocrx_word' id='word_1_894' title='bbox 2259 5403 2352 5448; x_wconf 87' lang='lat' dir='ltr'><strong>aut</strong></span> <span class='ocrx_word' id='word_1_895' title='bbox 2377 5393 2591 5446; x_wconf 85' lang='lat' dir='ltr'><strong>deserat</strong></span> <span class='ocrx_word' id='word_1_896' title='bbox 2633 5397 2778 5442; x_wconf 88' lang='lat' dir='ltr'><strong>tuttm</strong></span> <span class='ocrx_word' id='word_1_897' title='bbox 2821 5385 3149 5448; x_wconf 86' lang='lat' dir='ltr'><strong>dominium,</strong></span> <span class='ocrx_word' id='word_1_898' title='bbox 3188 5391 3243 5436; x_wconf 88' lang='lat' dir='ltr'><strong>et</strong></span> <span class='ocrx_word' id='word_1_899' title='bbox 3280 5379 3346 5433; x_wconf 89' lang='lat' dir='ltr'><strong>ad</strong></span> <span class='ocrx_word' id='word_1_900' title='bbox 3385 5379 3520 5432; x_wconf 81' lang='lat' dir='ltr'><strong>alios</strong></span> <span class='ocrx_word' id='word_1_901' title='bbox 3554 5378 3813 5445; x_wconf 69' lang='lat' dir='ltr'><strong>questum</strong></span> 
     </span>
    </p>
   </div>
   <div class='ocr_carea' id='block_1_117' title="bbox 2261 5459 3818 5548">
    <p class='ocr_par' dir='ltr' id='par_1_117' title="bbox 2261 5459 3818 5548">
     <span class='ocr_line' id='line_1_117' title="bbox 2261 5459 3818 5548; baseline -0.015 -10"><span class='ocrx_word' id='word_1_902' title='bbox 2261 5498 2378 5538; x_wconf 88' lang='lat' dir='ltr'><strong>sese</strong></span> <span class='ocrx_word' id='word_1_903' title='bbox 2405 5480 2676 5545; x_wconf 86' lang='lat' dir='ltr'><strong>conferat,</strong></span> <span class='ocrx_word' id='word_1_904' title='bbox 2709 5476 2798 5548; x_wconf 89' lang='lat' dir='ltr'><strong>qui</strong></span> <span class='ocrx_word' id='word_1_905' title='bbox 2839 5485 2891 5531; x_wconf 92' lang='lat' dir='ltr'><strong>te</strong></span> <span class='ocrx_word' id='word_1_906' title='bbox 2918 5475 3160 5540; x_wconf 88' lang='lat' dir='ltr'><strong>oderint,</strong></span> <span class='ocrx_word' id='word_1_907' title='bbox 3187 5485 3387 5539; x_wconf 88' lang='lat' dir='ltr'><strong>eosque</strong></span> <span class='ocrx_word' id='word_1_908' title='bbox 3413 5470 3464 5523; x_wconf 94' lang='lat' dir='ltr'><strong>in</strong></span> <span class='ocrx_word' id='word_1_909' title='bbox 3493 5477 3543 5522; x_wconf 87' lang='lat' dir='ltr'><strong>te</strong></span> <span class='ocrx_word' id='word_1_910' title='bbox 3565 5459 3764 5520; x_wconf 64' lang='lat' dir='ltr'><strong>concitet</strong></span> <span class='ocrx_word' id='word_1_911' title='bbox 3791 5471 3818 5510; x_wconf 72' lang='grc' dir='ltr'>ε</span> 
     </span>
    </p>
   </div>
   <div class='ocr_carea' id='block_1_118' title="bbox 2260 5550 3829 5644">
    <p class='ocr_par' dir='ltr' id='par_1_118' title="bbox 2260 5550 3829 5644">
     <span class='ocr_line' id='line_1_118' title="bbox 2260 5550 3829 5644; baseline -0.02 -9"><span class='ocrx_word' id='word_1_912' title='bbox 2260 5580 2347 5636; x_wconf 92' lang='lat' dir='ltr'><strong>dic</strong></span> <span class='ocrx_word' id='word_1_913' title='bbox 2375 5579 2519 5644; x_wconf 84' lang='lat' dir='ltr'><strong>mihi,</strong></span> <span class='ocrx_word' id='word_1_914' title='bbox 2554 5592 2678 5632; x_wconf 88' lang='lat' dir='ltr'><strong>num</strong></span> <span class='ocrx_word' id='word_1_915' title='bbox 2707 5575 2752 5629; x_wconf 92' lang='lat' dir='ltr'><strong>is</strong></span> <span class='ocrx_word' id='word_1_916' title='bbox 2778 5574 2875 5629; x_wconf 87' lang='lat' dir='ltr'><strong>abs</strong></span> <span class='ocrx_word' id='word_1_917' title='bbox 2902 5581 2954 5627; x_wconf 92' lang='lat' dir='ltr'><strong>te</strong></span> <span class='ocrx_word' id='word_1_918' title='bbox 2975 5570 3179 5624; x_wconf 85' lang='lat' dir='ltr'><strong>veniam</strong></span> <span class='ocrx_word' id='word_1_919' title='bbox 3207 5567 3584 5635; x_wconf 80' lang='lat' dir='ltr'><strong>impetraturos</strong></span> <span class='ocrx_word' id='word_1_920' title='bbox 3605 5554 3696 5612; x_wconf 86' lang='lat' dir='ltr'><strong>sit?</strong></span> <span class='ocrx_word' id='word_1_921' title='bbox 3716 5550 3829 5604; x_wconf 71' lang='lat' dir='ltr'><strong>An</strong></span> 
     </span>
    </p>
   </div>
   <div class='ocr_carea' id='block_1_119' title="bbox 2261 5651 3820 5741">
    <p class='ocr_par' dir='ltr' id='par_1_119' title="bbox 2261 5651 3820 5741">
     <span class='ocr_line' id='line_1_119' title="bbox 2261 5651 3820 5741; baseline -0.022 -16"><span class='ocrx_word' id='word_1_922' title='bbox 2261 5670 2540 5741; x_wconf 90' lang='lat' dir='ltr'><strong>quisquam</strong></span> <span class='ocrx_word' id='word_1_923' title='bbox 2565 5681 2660 5734; x_wconf 90' lang='lat' dir='ltr'><strong>pro</strong></span> <span class='ocrx_word' id='word_1_924' title='bbox 2683 5664 2774 5718; x_wconf 89' lang='lat' dir='ltr'><strong>illo</strong></span> <span class='ocrx_word' id='word_1_925' title='bbox 2793 5661 2988 5733; x_wconf 91' lang='lat' dir='ltr'><strong>poterit</strong></span> <span class='ocrx_word' id='word_1_926' title='bbox 3007 5673 3128 5715; x_wconf 88' lang='lat' dir='ltr'><strong>esse</strong></span> <span class='ocrx_word' id='word_1_927' title='bbox 3151 5654 3443 5727; x_wconf 85' lang='lat' dir='ltr'><strong>patronus?</strong></span> <span class='ocrx_word' id='word_1_928' title='bbox 3470 5651 3820 5739; x_wconf 60' lang='lat' dir='ltr'><strong>Nequaquam.</strong></span> 
     </span>
    </p>
   </div>
   <div class='ocr_carea' id='block_1_120' title="bbox 2264 5741 3819 5824">
    <p class='ocr_par' dir='ltr' id='par_1_120' title="bbox 2264 5741 3819 5824">
     <span class='ocr_line' id='line_1_120' title="bbox 2264 5741 3819 5824; baseline -0.014 -6"><span class='ocrx_word' id='word_1_929' title='bbox 2264 5762 2372 5818; x_wconf 90' lang='lat' dir='ltr'><strong>Cur</strong></span> <span class='ocrx_word' id='word_1_930' title='bbox 2391 5762 2467 5816; x_wconf 77' lang='lat' dir='ltr'><strong>ita</strong></span> <span class='ocrx_word' id='word_1_931' title='bbox 2495 5757 2746 5816; x_wconf 82' lang='lat' dir='ltr'><strong>tandem?</strong></span> <span class='ocrx_word' id='word_1_932' title='bbox 2785 5754 3048 5824; x_wconf 86' lang='lat' dir='ltr'><strong>Quoniam</strong></span> <span class='ocrx_word' id='word_1_933' title='bbox 3093 5749 3324 5806; x_wconf 85' lang='lat' dir='ltr'><strong>officium</strong></span> <span class='ocrx_word' id='word_1_934' title='bbox 3363 5753 3446 5801; x_wconf 83' lang='lat' dir='ltr'><strong>est</strong></span> <span class='ocrx_word' id='word_1_935' title='bbox 3481 5741 3605 5808; x_wconf 82' lang='lat' dir='ltr'><strong>heri,</strong></span> <span class='ocrx_word' id='word_1_936' title='bbox 3632 5745 3819 5808; x_wconf 64' lang='lat' dir='ltr'><strong>punire</strong></span> 
     </span>
    </p>
   </div>
  </div>
