4018 6190
249 298 349 352 937

248 409 526 466 famulum.
569 407 686 465 Non
723 407 794 466 ob
827 409 882 466 id
914 417 1115 466 tantum
1142 451 1159 471 .
1190 428 1374 470 verum
1401 416 1559 469 etiam
1587 415 1654 470 ob
1685 414 1813 480 hoc,

245 503 412 573 quod,
457 503 502 558 si
546 502 848 574 fugiendum
894 515 1030 573 erat,
1076 519 1180 559 non
1223 505 1290 560 ad
1333 506 1513 561 hostes
1549 516 1605 561 et
1639 521 1822 560 osores

246 595 448 649 domini
474 595 664 664 prioris
689 595 967 665 oportebat
990 595 1192 667 fugere,
1224 597 1316 652 sed
1343 598 1407 652 ad
1428 598 1627 652 amicos
1653 609 1708 652 et
1733 613 1823 652 co-

240 694 456 756 gnatos.

322 776 630 831 Sanctorum
684 776 972 848 Martyrum
1017 777 1264 832 invocatio
1317 787 1365 832 et
1413 778 1720 832 intercessio.
1753 807 1826 818 --

243 867 480 922 Proinde
526 877 581 922 tu
621 883 832 937 quoque
855 908 871 935 ,
914 867 961 922 si
999 867 1196 923 videris
1225 877 1275 923 te
1303 867 1474 938 puniri
1505 883 1534 922 a
1565 867 1676 922 Deo
1697 909 1710 932 ,
1758 883 1823 923 ne

245 957 518 1028 profugias
543 956 610 1012 ad
653 957 766 1028 ejus
793 956 1036 1012 inimicos
1074 957 1320 1024 Judmos,
1367 973 1435 1013 ne
1471 959 1637 1028 magis
1663 958 1824 1013 etiam

245 1050 398 1103 ilium
427 1048 480 1103 in
510 1056 560 1102 te
582 1062 875 1118 provoces:
899 1047 992 1102 sed
1038 1048 1105 1102 ad
1149 1049 1351 1104 amicos
1379 1049 1536 1114 illius,
1567 1047 1826 1119 martyres

243 1158 315 1196 ac
343 1151 590 1208 sanctos,
622 1141 712 1209 qui
740 1141 813 1194 illi
853 1139 1196 1210 placuerunt,
1223 1141 1417 1211 quique
1444 1141 1662 1195 multam
1687 1139 1824 1210 apud

246 1233 397 1286 illum
427 1233 622 1288 habent
645 1233 1032 1288 auctoritatem.
1051 1233 1155 1288 Sed
1179 1234 1304 1303 quid
1329 1235 1514 1302 loquor
1527 1232 1593 1287 de
1617 1232 1826 1288 famulis

244 1332 306 1378 et
341 1323 520 1378 heris?
550 1323 718 1378 Filius
756 1339 862 1378 non
886 1325 1081 1395 poterit
1109 1324 1212 1379 hoc
1239 1323 1442 1388 facere,
1483 1324 1768 1394 castigatus
1795 1337 1826 1376 a

247 1424 425 1483 patre,
459 1428 558 1469 nec
595 1414 857 1484 abuegare
887 1417 1254 1484 cognationem
1281 1454 1294 1476 ,
1326 1429 1484 1484 quam
1518 1413 1674 1467 habet
1707 1427 1828 1468 cum

249 1514 427 1572 patre.
468 1504 598 1558 Nam
626 1513 681 1558 et
703 1513 906 1558 naturae
934 1505 1110 1575 leges,
1157 1513 1212 1558 et
1251 1505 1392 1574 leges
1421 1502 1487 1556 ab
1527 1502 1829 1558 hominibus

246 1593 524 1657 institutas,
552 1595 758 1648 etiamsi
787 1594 969 1664 ï¬‚agris
997 1594 1164 1648 czedat
1194 1604 1360 1663 pater,
1390 1593 1433 1648 si
1460 1609 1488 1646 a
1521 1609 1703 1648 mensa
1731 1592 1827 1647 de-

250 1685 441 1752 pellat,
469 1685 514 1738 si
535 1685 740 1739 aedibus
768 1685 961 1754 exigat,
1002 1685 1047 1739 si
1075 1700 1406 1755 quocumque
1432 1685 1590 1738 modo
1618 1688 1830 1754 puniat,

239 1775 442 1845 jubent
468 1776 645 1831 omnia
685 1775 893 1831 fortiter
921 1777 1160 1847 perpeti,
1207 1792 1308 1832 nec
1331 1777 1488 1832 ullam
1516 1776 1590 1830 illi
1623 1777 1830 1832 veniam

247 1866 588 1934 concedunt,
627 1867 681 1922 ni
710 1867 940 1936 paruerit
971 1867 1370 1937 pertuleritque.
1417 1868 1554 1933 Quin
1597 1870 1759 1922 etiam
1787 1868 1830 1922 si

251 1959 401 2013 filius
424 1973 594 2014 caesus
619 1959 923 2015 innumeras
953 1960 1312 2030 querimonias
1340 1961 1626 2032 deplorans
1657 1960 1833 2031 profe-

249 2056 362 2116 rat,
391 2047 505 2103 haec
536 2051 693 2105 verba
719 2050 869 2104 audit
893 2050 960 2106 ab
981 2051 1226 2108 omnibus
1250 2069 1266 2108 :
1293 2064 1442 2124 pater
1462 2064 1541 2108 est
1565 2054 1654 2123 qui
1691 2053 1834 2108 ceci-

248 2140 338 2194 dit
360 2155 422 2194 ac
447 2139 711 2207 dominus,
757 2141 1021 2212 habetque
1055 2155 1374 2212 putestatem
1404 2145 1454 2198 in
1487 2155 1538 2200 te
1563 2144 1702 2214 quod
1727 2144 1839 2198 vult

247 2229 507 2298 faciendi,
537 2240 590 2286 et
617 2242 829 2302 oportet
856 2233 1033 2288 omnia
1062 2237 1269 2306 placide
1297 2237 1455 2292 ferre.
1486 2236 1627 2307 Ergo
1653 2235 1837 2290 famuli

249 2324 469 2394 quidem
510 2324 684 2380 ferunt
724 2325 1004 2392 dominos,
1056 2327 1154 2383 lilii
1209 2336 1488 2399 parentes,
1537 2328 1842 2398 frequenter

249 2427 314 2472 et
357 2427 552 2486 printer
585 2433 793 2487 aequum
839 2419 1156 2488 punientcs;
1211 2431 1262 2475 tu
1294 2435 1419 2476 vero
1456 2434 1561 2474 non
1611 2418 1840 2473 sustines

251 2508 428 2563 Deum
474 2517 524 2564 te
551 2509 965 2578 corripientem,
1015 2514 1105 2584 qui
1149 2513 1268 2584 plus
1315 2513 1474 2567 habet
1515 2513 1564 2566 in
1594 2520 1648 2567 te
1669 2511 1837 2581 juris,

248 2607 443 2668 utpote
468 2615 591 2654 vere
619 2600 894 2666 dominus;
941 2607 1030 2671 qui
1063 2606 1182 2674 plus
1211 2615 1260 2660 te
1290 2605 1461 2673 diligit
1485 2619 1642 2674 quam
1671 2610 1839 2672 pater,

249 2691 457 2760 quique
487 2691 613 2746 nihil
645 2707 738 2760 per
761 2692 1113 2765 iracundiam,
1143 2697 1234 2752 sed
1262 2697 1438 2751 omnia
1468 2696 1590 2752 facit
1616 2696 1668 2750 in
1699 2704 1840 2749 tuam

251 2782 579 2838 utilitatem?
602 2782 707 2838 Sed
733 2784 776 2838 si
799 2783 930 2839 levis
953 2788 1146 2859 aliquis
1166 2788 1385 2843 morbus
1405 2787 1680 2850 acciderit,
1701 2787 1844 2841 illico

251 2873 508 2928 resiliens
533 2874 598 2929 ab
626 2874 763 2928 illius
791 2875 1032 2935 dominio
1054 2921 1070 2947 ,
1110 2879 1178 2934 ad
1199 2878 1469 2934 dcemones
1498 2879 1730 2934 accurris
1749 2920 1763 2944 ,
1792 2886 1846 2932 et

251 2963 328 3019 ad
377 2979 671 3037 synagogas
719 2964 1017 3036 confugis?
1058 2971 1125 3025 Et
1159 2986 1316 3041 quam
1372 2968 1584 3025 tandem
1635 2969 1842 3024 veniam

251 3061 638 3131 conseqtteris?
664 3060 781 3129 Quo
809 3072 965 3132 pacto
999 3066 1201 3122 valebis
1226 3066 1374 3120 illum
1398 3065 1573 3120 denuo
1599 3063 1694 3118 tibi
1727 3077 1848 3132 pro-

254 3152 448 3221 pitium
482 3152 745 3208 reddere?
774 3153 912 3220 Quin
942 3159 1124 3224 potius
1151 3171 1250 3212 uec
1276 3157 1414 3211 alius
1443 3155 1719 3226 quisquam
1749 3168 1846 3224 pro

254 3252 312 3297 te
338 3243 618 3313 deprecari
650 3247 863 3314 poterit,
912 3249 1126 3305 etiamsi
1166 3256 1372 3304 tantum
1400 3246 1577 3304 valeat
1615 3244 1847 3300 auctori-

254 3354 366 3397 tate
393 3382 408 3405 ,
438 3352 690 3410 quantum
714 3339 908 3394 Moses.
939 3337 1054 3391 Non
1081 3345 1161 3391 est
1181 3379 1195 3404 ,
1220 3335 1308 3405 qui
1333 3337 1431 3389 hoc
1462 3335 1634 3391 facere
1661 3336 1848 3405 possit.

253 3437 373 3490 bon
399 3432 550 3510 audis
571 3431 696 3501 quid
721 3431 858 3484 Deus
876 3429 1120 3499 loquatur
1143 3427 1208 3482 ad
1229 3426 1511 3482 Jeremiam
1534 3426 1601 3482 de
1616 3426 1851 3482 Judmis?

255 3527 343 3580 A'e
387 3525 670 3593 depreceris
715 3539 805 3592 pro
855 3520 1043 3590 populo
1084 3520 1214 3581 isto,
1264 3519 1500 3588 quoniam
1546 3519 1591 3571 si
1626 3519 1851 3573 steterim

256 3621 437 3674 Moses
465 3627 508 3670 et
537 3616 769 3678 Samuel,
807 3631 906 3667 non
934 3611 1200 3666 exaudiam
1239 3612 1355 3665 illos
1386 3609 1531 3682 (Jer.
1565 3612 1616 3664 7.
1665 3611 1753 3666 16.
1803 3623 1852 3664 et

259 3713 392 3766 15.1
420 3711 458 3772 ).
491 3709 644 3764 Adeo
667 3715 790 3760 sunt
818 3715 1030 3774 peccata
1052 3718 1264 3758 omnem
1292 3702 1660 3758 remissionem
1689 3717 1851 3772 supe-

258 3804 457 3866 rantia,
485 3815 707 3869 qumque
730 3798 923 3851 nullam
944 3795 1200 3864 recipiant
1224 3794 1640 3848 excusationem.
1674 3794 1853 3863 Itaque

262 3914 329 3952 ne
358 3904 562 3950 tantam
591 3907 688 3946 nos
715 3903 1063 3960 provocemus
1116 3886 1266 3940 iram.
1318 3885 1540 3940 Etiamsi
1579 3885 1720 3939 enim
1767 3885 1852 3939 vi-

260 3988 491 4042 deantur
543 3983 702 4052 aliqui
761 3980 962 4034 febrem
1018 3976 1423 4032 incantamentis
1479 3975 1699 4043 sedare,
1746 3991 1852 4029 non

256 4080 406 4137 enim
451 4091 580 4132 vere
623 4075 809 4130 sedant
841 4090 854 4126 :
890 4081 1064 4125 tamen
1093 4068 1249 4122 aliaat
1295 4067 1744 4122 vehementiorem
1797 4067 1850 4120 in

264 4173 651 4230 conscientiam
699 4169 952 4225 inducunt
991 4167 1210 4231 febrem,
1267 4163 1475 4217 ratione
1517 4160 1754 4232 quotidie
1801 4169 1852 4215 te

264 4267 618 4329 stimulante,
665 4263 1098 4331 conscientiaque
1144 4257 1445 4330 ï¬‚agellante
1490 4271 1554 4311 ac
1600 4256 1846 4311 dicente:

266 4359 437 4428 impie
487 4357 694 4421 fecisti,
752 4356 928 4424 inique
990 4353 1181 4423 egisti,
1246 4350 1451 4404 violasti
1501 4347 1676 4405 fmdus
1729 4361 1852 4401 cum

260 4450 522 4514 Christo;
563 4449 632 4504 ob
673 4447 944 4517 paululum
990 4445 1227 4500 adversa:
1256 4441 1574 4498 valetudinis
1602 4443 1850 4511 pietatem

263 4541 577 4597 deseruisti.
605 4539 739 4594 Num
770 4547 824 4593 tu
849 4537 993 4592 solus
1039 4536 1153 4590 haec
1180 4549 1366 4604 passus
1395 4533 1487 4594 es?
1539 4533 1729 4585 Annon
1761 4530 1853 4584 alii

262 4634 446 4689 multo
473 4647 633 4702 quam
661 4641 715 4686 tu
741 4631 1014 4686 acerbiora
1043 4629 1182 4698 passi
1213 4627 1368 4682 sunt?
1401 4626 1646 4680 Attamen
1675 4623 1851 4678 nullus

260 4725 487 4781 illorum
520 4723 622 4777 tale
647 4721 771 4794 quid
802 4735 963 4776 ausus
987 4761 1000 4786 ,
1032 4727 1088 4773 tu
1114 4733 1240 4772 vero
1268 4717 1444 4772 mollis
1477 4732 1538 4770 ac
1567 4714 1856 4770 dissolutus

257 4816 509 4873 animam
533 4824 671 4869 tuam
694 4814 957 4869 mactasti.
977 4812 1254 4880 Quomodo
1269 4809 1605 4868 excusaheris
1621 4808 1856 4863 Christo?

257 4907 555 4976 Quomodo
575 4906 725 4961 illum
752 4905 1060 4975 implorahis
1091 4902 1373 4973 precibus?
1394 4903 1504 4969 Qua
1531 4900 1854 4957 conscientia

257 4996 501 5070 posthac
527 4996 841 5066 ingredieris
869 4994 1197 5051 Ecclesiain?
1223 4993 1424 5061 Quibus
1458 4993 1626 5047 oculis
1653 4991 1856 5046 videbis

253 5087 653 5146 sacerdotem?
695 5087 810 5154 Qua
857 5103 1013 5141 manu
1058 5101 1262 5140 sacram
1311 5085 1538 5153 attinges
1575 5085 1858 5138 mensam?

253 5179 481 5247 Quibus
511 5178 726 5233 auribus
757 5177 940 5233 audies
965 5177 1268 5248 Scripturas
1296 5193 1413 5246 qua:
1440 5176 1548 5229 illic
1579 5175 1857 5245 leguntur?

348 5274 402 5328 7.
424 5273 804 5328 Incantationes
837 5282 882 5326 et
914 5272 1154 5343 ligamina
1188 5272 1240 5324 in
1262 5269 1445 5324 morbis
1479 5285 1576 5322 non
1612 5270 1857 5323 adhiben-

255 5371 365 5422 da.
396 5395 471 5407 -â€”
493 5366 616 5421 [late
653 5365 887 5436 quotidie
925 5377 1163 5435 pungens
1196 5372 1261 5420 te
1299 5363 1455 5427 ratio,
1484 5360 1860 5431 ï¬‚agellansque

251 5462 659 5518 conscientiam
702 5460 741 5526 ',
781 5459 940 5515 dicet.
992 5458 1120 5524 Qua:
1168 5457 1326 5528 igitur
1366 5457 1479 5510 haec
1514 5463 1599 5510 est
1638 5455 1857 5523 sanitas,

343 5637 357 5666 Â¹
396 5642 444 5699 ln_
471 5642 681 5699 quatuor
727 5642 830 5699 Mss.
880 5633 1091 5699 legitur:
1121 5634 1250 5699 Ratio
1293 5634 1364 5687 sic
1417 5643 1462 5687 te
1496 5649 1727 5699 pungcns,
1749 5649 1860 5688 con-

255 5695 618 5820 gestianâ€˜izme
635 5695 899 5762 ï¬‚agellatis,
922 5695 1110 5761 quidem
1136 5696 1316 5758 febrem
1338 5711 1428 5749 non
1451 5695 1732 5764 superabit?
1756 5712 1865 5764 Ï†Î±ÎµÎ½

430 5794 443 5818 ,
471 5775 500 5809 e
541 5775 566 5806 Î‡.

430 5794 443 5818 ,
471 5794 566 5809 Ï…Î½Ï…-

1407 301 1764 359 ADVERSUS
1799 301 2094 359 JUDEOS.
2136 299 2265 358 Vill.

3401 297 3517 352 9336

1937 430 2057 470 cum
2088 417 2228 471 intus
2252 423 2357 469 tam
2387 414 2582 468 multas
2609 412 2896 468 habeamus
2923 412 3268 482 cogitationes
3294 427 3506 468 accusa-

1933 507 2128 561 trices?
2152 503 2304 574 Quod
2324 505 2367 558 si
2395 503 2764 574 perduraveris
2785 503 3071 573 paulisper,
3099 516 3296 572 eosque
3316 502 3404 572 qui
3426 502 3514 557 vel

1934 597 2348 652 incantationem
2373 596 2601 666 aliquam
2628 609 2822 650 canere
2846 593 3131 659 voluerint,
3153 593 3237 648 vel
3263 593 3529 664 ligamina--

1933 689 2196 758 applicare
2240 688 2471 757 corpori,
2504 686 2653 741 nihili
2698 685 2922 752 feceris,
2971 683 3134 740 multa
3182 686 3339 739 etiam
3389 697 3511 738 cum

1933 779 2253 834 contumelia
2283 778 2386 833 tuis
2411 793 2475 834 ex
2503 778 2704 833 aedibus
2730 776 2952 847 ejeceris
2980 794 2993 830 :
3028 775 3270 845 protinus
3300 773 3367 829 ab
3396 775 3526 843 ipsa.

1934 869 2256 924 conscientia
2285 867 2743 939 refrigerationem
2787 867 3034 937 accipies.
3068 865 3290 922 Etiamsi
3320 865 3515 920 millies

1935 969 2123 1016 exurat.
2151 959 2315 1016 febris
2335 1001 2350 1026 ,
2379 960 2553 1014 anima
2581 969 2669 1012 tua
2697 958 2885 1029 quovis
2914 958 3152 1028 liquore,
3177 955 3363 1026 quovis
3392 971 3515 1010 rore

1937 1053 2208 1108 meliorem
2259 1052 2629 1120 utilioremque
2668 1048 3049 1119 mitigationem
3080 1047 3324 1102 adducet.
3367 1043 3513 1100 Sicut

1935 1143 2106 1208 enim,
2136 1150 2411 1211 postquam
2440 1139 2710 1210 receperis
2737 1138 3149 1192 ineantatiouem
3176 1150 3333 1191 sanus
3353 1135 3475 1188 licet
3497 1175 3519 1199 ,

1938 1236 2181 1290 miserius
2207 1234 2424 1289 affectus
2449 1248 2506 1288 es
2531 1233 2596 1288 iis
2617 1231 2705 1302 qui
2730 1231 2879 1286 febre
2904 1231 3166 1295 laborant,
3194 1227 3318 1282 dum
3343 1236 3513 1282 tecum

1937 1336 2152 1396 reputas
2203 1325 2403 1396 peccati
2453 1323 2908 1394 magnitudinem;
2954 1320 3032 1375 sic
3082 1333 3223 1374 nunc
3262 1332 3515 1389 quoque,

1937 1418 2145 1474 etiamsi
2188 1418 2486 1482 febricites,
2530 1416 2912 1485 innumeraque
2951 1413 3168 1484 patiaris
3210 1411 3382 1476 mala,
3429 1426 3517 1465 re-

1937 1511 2102 1578 pulsis
2128 1509 2302 1579 impiis
2332 1509 2454 1575 illis,
2485 1508 2672 1578 quovis
2703 1521 2834 1562 sano
2864 1505 3080 1559 homine
3105 1503 3315 1568 meiius,
3342 1510 3520 1556 mente

1939 1604 2236 1659 exsultante
2256 1644 2270 1670 ,
2304 1603 2410 1657 eris
2439 1602 2656 1657 affectus
2680 1642 2694 1664 ,
2721 1599 2897 1654 anima
2925 1596 3188 1669 gaudente
3223 1606 3275 1651 et
3315 1594 3522 1650 exhila-

1939 1706 2074 1762 rata,
2099 1694 2420 1750 conscientia
2450 1693 2698 1747 laudante
2727 1701 2776 1745 te
2795 1730 2810 1756 ,
2843 1689 3101 1759 probante
3121 1731 3134 1756 ,
3171 1703 3234 1743 ac
3271 1687 3480 1742 dicente
3505 1702 3520 1738 :

1941 1791 2108 1861 Euge,
2150 1803 2316 1858 euge,
2363 1786 2496 1842 heus
2540 1786 2733 1851 homo,
2765 1781 2960 1838 Christi
3001 1795 3187 1846 serve,
3217 1779 3391 1835 fidelis
3419 1778 3528 1843 vir,

1942 1879 2139 1934 athleta
2170 1879 2401 1948 pietatis,
2426 1878 2515 1949 qui
2544 1874 2798 1931 malueris
2825 1872 3086 1927 molestiis
3107 1869 3340 1935 immori,
3366 1882 3525 1938 quam

1943 1970 2192 2025 deserere
2223 1969 2491 2039 pietatem,
2521 1983 2642 2022 cum
2673 1965 2994 2036 martyribus
3023 1961 3188 2017 stabis
3217 1961 3268 2015 in
3302 1959 3394 2012 illo
3415 1957 3522 2010 die.

1943 2061 2400 2130 Quemadmodum
2449 2061 2590 2116 enim
2640 2058 2713 2113 illi
2761 2061 3122 2127 prmoptarunt
3171 2051 3302 2107 Î¿Ï‰á½±á½·
3348 2049 3542 2118 flagris

1946 2157 2304 2227 torquerique,
2338 2163 2395 2209 ut
2423 2153 2486 2208 ad
2516 2152 2770 2207 honorem
2799 2147 3134 2219 pervenirent
3161 2162 3173 2200 :
3198 2144 3269 2199 ita
3299 2152 3354 2197 tu
3392 2155 3526 2210 quo-

1946 2263 2048 2318 que
2092 2246 2249 2303 hodie
2292 2244 2597 2316 praeoptasti
2642 2239 2897 2312 ï¬‚agellari
2939 2235 3282 2307 torqueriquc
3324 2248 3353 2285 a
3395 2228 3549 2286 febri~

1947 2339 2356 2409 vulneribusque
2380 2379 2394 2404 ,
2441 2351 2508 2391 ne
2547 2334 2855 2389 admitteres
2896 2328 3054 2400 impia
3098 2329 3522 2382 incantamenta.

1950 2450 2083 2490 neve
2107 2433 2355 2498 amuleta,
2388 2439 2441 2485 et
2467 2429 2556 2484 tali
2582 2443 2677 2498 spe
2705 2425 2934 2482 nutritus
2955 2466 2969 2489 ,
2997 2437 3064 2478 ne
3088 2421 3286 2477 senties
3309 2415 3530 2488 quidem

1949 2527 2296 2581 adversantes
2325 2522 2557 2576 dolores.
2582 2519 2713 2574 Nam
2741 2519 2838 2572 etsi
2871 2525 2921 2571 te
2948 2529 3052 2570 non
3081 2511 3285 2568 auferat
3309 2510 3424 2564 ham
3450 2509 3531 2563 fe-

1951 2619 2079 2683 hris,
2109 2618 2207 2672 alia
2239 2630 2458 2685 prorsus
2485 2611 2688 2668 auferet
2717 2628 2730 2665 :
2759 2618 2829 2674 et,
2861 2607 2904 2662 si
2932 2622 3071 2661 nunc
3093 2621 3196 2660 non
3220 2602 3532 2663 moriamur,

1894 2741 1898 2746 -
1953 2723 2127 2766 tamen
2161 2708 2379 2780 posthac
2409 2706 2716 2761 moriemur.
2741 2700 2963 2756 Mortale
3002 2713 3196 2768 corpus
3237 2694 3410 2752 sortiti
3440 2708 3532 2748 su-

1954 2820 2071 2857 mus
2093 2844 2106 2867 ,
2139 2817 2242 2857 non
2289 2808 2348 2854 ut
2387 2799 2530 2853 illius
2572 2793 2950 2865 cupiditatibus
2978 2790 3407 2860 obtemperantes
3437 2785 3536 2839 im-

1954 2897 2203 2966 pietatem
2231 2893 2632 2960 amplectamur,
2664 2885 2760 2942 sed
2797 2895 2855 2939 ut
2891 2883 3033 2938 illius
3074 2877 3442 2935 affectionibus
3466 2876 3550 2930 ad

1954 2988 2205 3058 pietatem
2237 2994 2466 3037 utamur.
2512 2981 2637 3034 llaec
2676 2978 2819 3032 enim
2864 2971 3314 3043 corruptibilitas,
3346 2976 3400 3024 et
3435 2967 3536 3022 hoc

1955 3079 2128 3146 ipsum
2170 3075 2395 3130 mortale
2421 3087 2612 3141 corpus
2636 3112 2652 3138 ,
2689 3069 2732 3124 si
2763 3066 2927 3124 sobrii
2956 3064 3209 3120 fuerimus
3229 3104 3244 3129 ,
3272 3059 3428 3115 nobis
3455 3067 3538 3113 cst

1956 3170 2174 3226 materia
2200 3164 2702 3229 commendationis,
2730 3162 3056 3230 multamque
3085 3157 3238 3211 nobis
3262 3154 3316 3209 in
3341 3154 3430 3208 illo
3450 3151 3538 3206 die

1955 3261 2226 3333 prmstabit
2256 3259 2523 3324 ï¬duciam,
2549 3270 2654 3311 non
2691 3261 2869 3309 autem
2905 3251 2957 3306 in
2999 3249 3088 3304 illo
3114 3247 3285 3303 solum
3308 3287 3323 3312 ,
3351 3259 3536 3300 verum

1955 3354 2114 3409 etiam
2143 3353 2193 3406 in
2222 3350 2470 3421 praesenti
2505 3348 2628 3402 vita.
2660 3343 2931 3416 Siquidem
2957 3355 3078 3396 cum
3105 3337 3329 3410 ejeceris
3355 3335 3542 3390 incan-

1956 3456 2154 3502 latores
2179 3443 2344 3499 multa
2372 3457 2492 3497 cum
2519 3438 2838 3495 contumelia
2867 3451 2934 3492 ex
2965 3432 3169 3489 aedibus
3191 3429 3295 3486 tuis
3314 3470 3328 3494 ,
3353 3441 3543 3482 omnes

1957 3538 2058 3592 hoc
2081 3536 2260 3591 audito
2289 3532 2596 3597 laudabunt,
2621 3529 2974 3591 mirabuntur,
3002 3533 3056 3580 ct
3081 3524 3219 3579 inter
3243 3535 3304 3576 se
3326 3518 3538 3577 dicent:

1956 3632 2043 3686 illc
2064 3629 2310 3684 laborans
2337 3633 2724 3696 aâ€˜grotansque,
2751 3617 3016 3691 aliquibus
3040 3613 3293 3671 infinities
3318 3611 3543 3666 hortauâ€”

1957 3721 2118 3787 tibus,
2150 3718 2494 3774 suadentibus
2517 3724 2570 3770 et
2590 3712 2989 3769 consulentibus
3007 3717 3065 3763 ut
3088 3705 3306 3776 magicis
3326 3702 3546 3771 quihus-

1957 3815 2077 3871 dam
2108 3810 2517 3868 incantamentis
2538 3816 2798 3872 uteretur,
2819 3819 2927 3860 non
2946 3800 3181 3864 admisit,
3205 3796 3300 3852 sed
3321 3809 3543 3864 respon-

1957 3910 2071 3964 dit:
2101 3907 2266 3963 satius
2293 3915 2374 3961 est
2402 3904 2506 3960 hoc
2535 3911 2694 3974 pacto
2721 3899 2883 3967 mori,
2910 3912 3070 3968 quam
3094 3895 3346 3952 deserere
3372 3890 3542 3959 pieta-

1960 4011 2086 4058 tem.
2113 4000 2192 4055 Ad
2223 4001 2336 4054 haec
2361 4006 2758 4066 consequentur
2785 3992 2935 4048 multi
2977 3991 3193 4061 plausus
3236 3985 3302 4041 ab
3343 3983 3425 4039 his
3454 3983 3544 4052 qui

1958 4093 2244 4157 audierint,
2269 4089 2473 4145 cunctis
2499 4085 2837 4156 stupentibus
2857 4124 2872 4149 ,
2905 4083 3070 4136 Deum
3099 4074 3541 4149 glorificantibus.

1960 4186 2071 4240 lloc
2095 4192 2224 4254 quot
2252 4180 2440 4238 statuis
2469 4195 2571 4232 non
2601 4178 2702 4232 erit
2725 4175 2816 4230 tibi
2841 4169 3236 4228 honorabilius?
3261 4175 3391 4237 quot
3413 4164 3547 4218 ima-

1958 4277 2168 4347 ginibus
2223 4270 2680 4343 magnificentius?
2723 4274 2922 4338 quanto
2989 4262 3192 4317 honore
3250 4256 3548 4328 insignius?

1959 4355 2157 4424 Omnes
2187 4363 2512 4426 laudabunt,
2544 4374 2732 4416 omnes
2761 4369 2902 4412 tuam
2945 4353 3250 4410 felicitatem
3289 4347 3552 4420 prmdica-

1959 4461 2123 4521 bunt,
2155 4471 2342 4512 omnes
2389 4464 2442 4510 te
2489 4451 2838 4508 coronabunt.
2883 4448 3146 4502 Praiterea
3196 4441 3296 4514 ipsi
3337 4455 3549 4512 quoque

1963 4551 2211 4607 meliores
2251 4548 2416 4614 fient,
2447 4561 2510 4601 ac
2534 4543 2767 4599 vicissim
2806 4549 2954 4595 tuum
2986 4535 3289 4607 exemplum
3322 4530 3548 4589 amula-

1962 4645 2178 4708 huntur,
2205 4640 2660 4708 imitabonturque
2687 4645 2832 4691 tuam
2863 4632 3268 4689 fortitudinem:
3291 4636 3346 4685 et
3364 4626 3408 4682 si
3429 4625 3550 4698 quis

1961 4737 2096 4792 alius
2136 4735 2239 4790 tale
2281 4731 2550 4804 quidpiam
2590 4729 2795 4796 fecerit,
2839 4737 2893 4781 tu
2923 4723 3222 4782 mercedem
3268 4721 3428 4786 feres,
3457 4718 3551 4788 qui

1964 4827 2062 4882 zeli
2089 4825 2250 4880 fueris
2270 4831 2475 4878 auctor.
2501 4820 2682 4890 Neque
2711 4825 2912 4873 tantum
2941 4819 3334 4884 consequentur
3360 4806 3549 4863 laudes

1963 4929 2109 4976 recte
2130 4919 2408 4983 factorum,
2435 4929 2617 4970 verum
2645 4913 2804 4969 etiam
2825 4909 3102 4965 celerrima
3124 4903 3292 4959 morbi
3319 4899 3549 4957 levatio:

1965 5029 2085 5068 cum
2117 5013 2228 5084 ipsa
2251 5019 2339 5065 tua
2364 5007 2616 5079 prmclara
2633 5005 2907 5060 voluntate
2927 4998 3243 5055 conciliante
3266 4993 3357 5050 tibi
3380 4993 3548 5048 Deum

1964 5104 2030 5160 ad
2054 5104 2308 5174 majorem
2340 5097 2784 5162 benevolentiam,
2808 5105 2918 5149 tum
2942 5091 3143 5148 sanctis
3161 5087 3408 5144 omnibus
3429 5099 3551 5156 gra-

1967 5197 2257 5252 tulantibus
2280 5204 2382 5250 tua!
2404 5190 2841 5266 promptitudini,
2870 5196 3029 5258 atque
3055 5201 3119 5240 ex
3158 5182 3346 5238 intimo
3386 5178 3552 5235 corde

1966 5307 2064 5362 pro
2088 5299 2140 5345 te
2167 5303 2352 5360 preces
2381 5286 2738 5343 fundentibus.
2762 5284 2912 5351 Quod
2939 5281 2982 5335 si
3010 5279 3097 5334 hic
3123 5277 3246 5332 talia
3271 5282 3397 5330 sunt
3417 5287 3553 5344 prce-

1969 5384 2072 5437 mia
2115 5381 2438 5436 fortitudinis
2484 5377 2638 5447 hujus
2663 5417 2677 5438 ,
2710 5376 2880 5444 cogita
2909 5381 3135 5443 quantas
3175 5369 3284 5424 illic
3326 5365 3554 5436 recipies

1969 5489 2214 5536 coronas,
2243 5487 2382 5536 cum,
2416 5469 2618 5540 angelis
2647 5465 3020 5537 praesentibus,
3044 5460 3292 5516 omnibus
3317 5455 3548 5513 archan-

1967 5568 2121 5637 gelis,
2151 5563 2393 5620 Christus
2420 5559 2714 5616 adveniens
2740 5557 3002 5628 prehensa
3045 5568 3206 5608 manu
3236 5559 3322 5605 tua
3351 5550 3401 5604 in
3433 5564 3550 5603 me-

1969 5662 2113 5716 dium
2158 5668 2209 5712 te
2255 5645 2387 5711 illud
2432 5656 2696 5711 theatrum
2743 5648 3081 5721 produxerit,
3115 5644 3426 5714 cunctisque
3455 5657 3550 5695 au-

1972 5753 2238 5811 dientibus
2269 5751 2468 5806 dixerit
2499 5766 2508 5799 :
2546 5747 2629 5803 hic
2677 5746 2835 5801 homo
2858 5786 2871 5810 ,
2906 5758 3025 5797 cum
3073 5736 3354 5811 aliquando
3404 5735 3548 5790 fchrc
