4018 6190
497 231 600 288 939

498 356 773 417 correptus
800 354 964 411 esset,
993 345 1292 401 innumeris
1332 346 1504 417 ipsum
1536 346 1941 402 exhortantibus
1969 352 2030 400 ut
2056 358 2085 398 a

502 435 692 492 iiiorbo
720 435 1048 499 liberaretur,
1078 443 1292 505 propter
1313 449 1505 492 nomen
1529 451 1727 502 meum,
1751 451 1814 491 ac
1839 435 2084 490 timorem

504 529 554 582 in
588 542 693 590 me,
722 541 788 581 ne
816 525 869 580 in
890 524 1066 596 aliquo
1091 525 1407 595 offenderet,
1435 541 1622 583 omnes
1646 527 1735 598 qui
1765 525 2091 597 pollicebano

516 632 599 674 tur
626 614 724 689 ipsi
754 626 857 673 isto
884 626 1045 674 modo
1071 621 1389 683 sanitatem,
1422 620 1616 689 repulit
1635 661 1650 685 ,
1682 634 1911 690 cumque
1936 617 2091 688 igno-

509 711 668 763 .ninia
700 710 883 780 rejecit
914 728 928 763 :
959 726 1021 765 ac
1052 713 1361 779 prmoptavit
1408 711 1618 765 inunori
1651 710 1824 779 potius
1867 706 2093 774 morbo,

507 817 666 872 quam
709 801 961 857 deserere
999 802 1104 858 mei
1145 802 1400 858 studium.
1423 803 1631 859 Etenim
1670 802 1715 858 si
1758 816 1851 858 eos
1879 801 1975 873 qui
1994 801 2093 872 ipsi

509 905 690 963 putum
716 892 1000 962 dederunt,
1033 894 1122 965 qui
1151 896 1459 959 vestierunt,
1493 895 1580 964 qui
1603 895 1778 950 cibum
1807 895 2094 963 dederunt,

510 985 562 1037 in
615 980 855 1039 mediani
892 985 1338 1041 adducit:muito
1381 988 1550 1057 magis
1595 986 1822 1041 adducet
1849 1001 1976 1051 eos,
2006 988 2095 1056 qui

512 1086 731 1145 propter
779 1075 950 1144 ipsum
995 1086 1243 1147 optarunt
1286 1078 1500 1133 obnoxii
1544 1093 1664 1133 esse
1714 1077 1870 1134 febri.
1917 1076 2099 1148 Neque

511 1165 656 1219 enim
695 1166 867 1222 simile
894 1175 978 1222 est
1006 1169 1134 1222 dare
1166 1184 1354 1237 panem
1386 1183 1449 1223 ac
1478 1180 1718 1234 vestem,
1759 1177 1811 1224 ct
1855 1170 2099 1223 morbum

513 1257 775 1313 diutimnn
822 1258 1236 1330 perferre:imo
1282 1262 1384 1317 huc
1427 1261 1516 1316 illo
1564 1262 1732 1316 multo
1775 1261 1946 1332 majus
1994 1270 2096 1317 est.

513 1350 722 1416 Quanto
743 1358 919 1405 autem
944 1351 1139 1405 laboris
1163 1366 1226 1406 ac
1251 1351 1451 1408 doloris
1473 1354 1589 1422 plus
1610 1353 1893 1407 toleratum
1919 1352 2097 1417 fuerit,

518 1451 664 1496 tanto
691 1442 852 1497 etiam
874 1457 1069 1498 corona
1100 1443 1202 1498 erit
1228 1443 1674 1514 ntagnilicentior.

587 1530 805 1587 litoralis
843 1533 1381 1590 exltortatio.——li:ec
1424 1544 1478 1590 et
1526 1536 1639 1589 sani
1689 1534 2005 1590 meditemur
2051 1542 2105 1589 et

517 1632 841 1694 aegrotantes
861 1665 876 1691 ,
904 1624 1078 1696 deque
1110 1625 1193 1680 his
1223 1625 1364 1681 inter
1407 1642 1505 1681 nos
1543 1628 1930 1697 eolloquamur.
1967 1627 2031 1681 Et
2059 1627 2103 1682 si

518 1718 811 1773 viderimus
841 1732 938 1797 nos
968 1719 1113 1788 ipsos
1142 1719 1428 1789 aliquando
1458 1719 1589 1774 febri
1630 1718 1949 1775 intolerabili
1986 1734 2105 1772 cor-

518 1817 699 1879 reptos
720 1849 736 1875 ,
768 1808 896 1862 illud
922 1810 1060 1879 apud
1091 1825 1187 1864 nos
1214 1809 1358 1881 ipsos
1387 1810 1626 1865 dicamus
1656 1827 1668 1863 :
1699 1810 1824 1881 quid
1852 1821 2030 1865 autem
2059 1811 2105 1864 si

520 1902 673 1957 nobis
717 1902 962 1959 alicunde
1010 1903 1270 1960 intentata
1317 1903 1410 1959 lite
1452 1904 1517 1959 ad
1558 1904 1783 1960 tribunal
1814 1902 2102 1974 rapiamnr,

519 2007 753 2064 moxque
781 1993 1006 2049 sublatis
1032 1993 1307 2049 caedantur
1329 1995 1519 2063 latera,
1541 2010 1718 2051 annon
1748 2008 1970 2050 necesse
1990 1992 2108 2070 fne-

522 2083 596 2138 rit
621 2084 841 2140 omnino
867 2088 1097 2157 perpeti,
1132 2086 1290 2157 idque
1330 2086 1478 2142 nullo
1506 2088 1653 2142 lucro
1682 2087 1933 2156 nullaque
1963 2101 2107 2140 mer-

518 2175 686 2230 cede?
728 2175 842 2231 lloc
882 2185 937 2231 et
983 2193 1124 2233 nunc
1167 2180 1497 2248 cogitemus,
1545 2178 1816 2248 proposita
1852 2177 1921 2231 sit
1950 2177 2109 2231 etiam

520 2265 819 2323 tolerantia:
850 2282 1056 2324 merces
1076 2312 1090 2334 ,
1119 2270 1247 2324 satis
1274 2284 1493 2340 magna,
1525 2279 1581 2324 ut
1610 2269 1780 2340 erigat
1816 2268 2110 2339 collapsum

521 2358 778 2415 animum.
810 2357 915 2417 Sed
947 2362 1168 2417 molesta
1207 2370 1292 2418 est
1338 2362 1500 2418 febris
1529 2380 1541 2416 :
1571 2377 1753 2417 verum
1798 2376 2009 2433 oppone
2035 2360 2110 2415 illi

527 2450 833 2506 incendium
862 2451 1140 2520 gehenna‘,
1165 2452 1302 2523 quod
1331 2452 1552 2524 effugies
1578 2453 1826 2517 omnino.
1854 2452 1900 2507 si
1927 2452 2112 2506 volue-

525 2540 601 2595 ris
645 2542 798 2596 istam
830 2541 1020 2597 febrim
1049 2558 1170 2598 cum
1201 2544 1346 2599 omni
1394 2544 1678 2599 tolerantia
1708 2544 1967 2615 perferre.
2004 2543 2114 2599 Re-

524 2641 651 2702 puta
679 2640 874 2699 tecum,
899 2649 1057 2702 quam
1085 2634 1249 2688 multa
1276 2634 1413 2702 passi
1435 2634 1542 2689 sint
1560 2635 1807 2704 apostoli,
1831 2633 2111 2691 considera

519 2722 699 2793 justos
742 2733 1001 2794 perpetuo
1050 2724 1100 2776 in
1144 2724 1523 2780 afflictionibus
1569 2724 1770 2790 fuisse,
1826 2725 2114 2781 recordare

526 2813 667 2868 beati
689 2812 977 2880 Timothei,
1001 2816 1089 2885 qui
1120 2830 1406 2885 numquam
1445 2815 1512 2870 ab
1544 2814 1853 2870 infirmitate
1881 2815 2114 2886 respira-

526 2906 623 2972 vit,
654 2905 746 2961 sed
790 2906 856 2962 ab
897 2907 1258 2963 adolescentia
1299 2907 1409 2978 jugi
1456 2908 1645 2962 morbo
1670 2918 1787 2964 erat
1820 2909 2112 2979 obnoxius,

528 2995 688 3067 idque
736 2997 928 3053 Paulus
979 2999 1256 3054 declarans
1301 2998 1437 3055 dixit
1474 3017 1490 3054 :
1534 2998 1742 3054 Modico
1784 3004 1900 3055 vino
1937 3010 2109 3066 utere,

530 3100 735 3159 propter
781 3092 1094 3146 stomachth
1138 3102 1311 3156 tuum.
1361 3108 1423 3146 ac
1469 3097 1753 3164 frequentes
1799 3094 2117 3160 inﬁrmitates

530 3189 640 3235 tua:
666 3182 744 3252 (l.
781 3180 911 3236 Tim.
945 3182 996 3239 5.
1027 3183 1139 3252 εδ).
1164 3183 1318 3250 Quod
1344 3184 1387 3239 si
1414 3184 1590 3255 justus
1621 3184 1729 3245 ille,
1757 3192 1975 3240 sanctus
2001 3184 2113 3249 ille,

529 3272 617 3342 qui
644 3273 788 3327 orbis
819 3273 1186 3343 prtcf'ccturam
1214 3275 1486 3344 suscepit,
1513 3275 1602 3344 qui
1644 3286 1886 3331 mortuos
1917 3277 2119 3332 excita-

533 3364 626 3429 vit,
658 3363 747 3432 qui
774 3362 1045 3417 dwmones
1085 3362 1303 3433 abegit,
1334 3364 1426 3435 qui
1459 3365 1675 3420 morbos
1701 3365 2119 3423 innumerabiles

532 3455 582 3504 in
613 3453 732 3506 aliis
759 3453 1017 3517 correxit,
1051 3460 1158 3506 tam
1180 3452 1375 3507 acerba
1407 3469 1595 3523 passus
1616 3463 1699 3510 est
1721 3497 1734 3520 ,
1765 3470 1926 3525 quam
1957 3471 2120 3513 excu-

535 3542 797 3596 sationem
843 3541 1063 3597 habebis
1106 3553 1195 3608 tu,
1225 3545 1316 3615 qui
1353 3546 1693 3602 tumultuaria
1739 3563 1802 3603 ac
1842 3548 2026 3605 deficis
2065 3549 2117 3604 in

536 3633 736 3690 morbis
779 3634 1154 3704 temperat-iis?
1182 3635 1296 3691 Non
1333 3636 1528 3692 audisti
1571 3637 1898 3709 Scripturam
1938 3640 2121 3696 dicen-

537 3740 661 3790 tem,
696 3725 857 3794 Quem
882 3718 1067 3798 diligit
1101 3725 1378 3795 Dominus,
1408 3730 1620 3801 castigat
1649 3746 1670 3785 :
1695 3731 1923 3802 ﬂagellat
1950 3741 2120 3789 autem

534 3831 732 3870 autnem
755 3816 941 3885 ﬁlium,
964 3833 1112 3888 quem
1136 3819 1313 3889 recipit
1335 3817 1520 3893 (Hebr.
1545 3819 1632 3875 12.
1656 3820 1713 3891 6)
1734 3820 1758 3874 ?
1778 3820 1946 3888 Quam
1968 3823 2120 3879 multi

536 3905 842 3979 frequenter
862 3917 1118 3980 optarunt
1143 3911 1383 3984 martyrii
1411 3926 1664 3967 coronam
1692 3913 1974 3984 accipere?
1994 3914 2121 3972 llaec

533 4007 619 4054 est
650 4008 836 4071 parata
862 4002 1107 4074 martyrii
1134 4017 1354 4059 corona.
1384 4003 1497 4058 Non
1528 4004 1672 4060 enim
1702 4004 1755 4059 id
1793 4005 1954 4061 modo
1997 4006 2121 4064 facit

535 4099 844 4161 martyrem,
872 4092 916 4148 si
948 4093 1041 4164 qui
1078 4093 1262 4164 jussus
1298 4103 1380 4150 est
1401 4094 1727 4162 sacrificare,
1758 4095 1933 4166 patius
1965 4096 2124 4154 ducat

534 4182 727 4248 emori,
762 4197 947 4239 verum
973 4184 1136 4239 etiam
1179 4184 1224 4240 si
1269 4185 1388 4256 quis
1435 4195 1613 4242 servet
1640 4185 1940 4257 quidlibet,
1978 4188 2122 4259 quod

533 4284 765 4333 mortem
833 4285 1013 4347 potest
1079 4292 1358 4335 accersere
1382 4319 1397 4344 ,
1447 4277 1786 4336 manifestum
1843 4288 1926 4335 est
1980 4294 2122 4336 mar-

537 4367 753 4439 tyrium.

606 4458 661 4514 8.
688 4460 767 4514 Ac
795 4467 851 4515 ut
869 4459 1135 4532 intelligas
1156 4461 1258 4518 hoc
1279 4477 1399 4519 esse
1425 4478 1627 4528 verum,
1658 4462 1963 4530 recordare,
1988 4478 2125 4535 quo-

536 4548 699 4605 modo
726 4548 965 4606 Joannes
991 4551 1226 4622 Baptista
1253 4564 1498 4609 mortuus
1523 4555 1613 4621 sit,
1638 4562 1691 4609 et
1711 4571 1814 4625 qua
1844 4554 1912 4611 de
1937 4569 2120 4620 causa,

536 4640 809 4713 quomodo
847 4641 1001 4698 Abel.
1030 4641 1231 4698 Neuter
1267 4643 1409 4699 enim
1451 4644 1640 4700 horum
1667 4646 1755 4701 vel
1796 4646 1965 4701 altare
1992 4645 2126 4700 vidit

538 4734 838 4801 incensum,
869 4733 955 4789 vel
979 4741 1209 4789 statuam
1233 4734 1481 4805 positam,
1505 4735 1590 4790 vel
1607 4736 1789 4805 jussus
1811 4736 1907 4791 fuit
1935 4737 2128 4791 immo-

537 4826 652 4883 lare
676 4825 1051 4883 daemonibus:
1083 4825 1177 4884 sed
1203 4826 1296 4882 ille
1323 4826 1536 4898 quidem
1555 4869 1569 4892 ,
1596 4828 1718 4898 quia
1758 4826 2125 4887 tantummodo

538 4917 885 4985 reprehendit
913 4918 1201 4987 Herodem,
1226 4918 1523 4974 decollatus
1551 4927 1634 4974 est
1657 4936 1671 4971 :
1704 4918 1791 4973 hic
1818 4932 1966 4981 vero,
1992 4933 2127 4989 quo-

537 5010 680 5065 niam
713 5010 882 5067 Deum
913 5011 1120 5068 meliori
1153 5009 1415 5067 sacrificio
1446 5008 1726 5065 honoravit
1753 5022 1913 5079 quam
1940 5007 2122 5075 frater,

537 5105 749 5160 occisus
776 5113 878 5160 est.
905 5104 1041 5161 Num
1074 5105 1232 5177 igitur
1259 5105 1444 5175 privati
1472 5112 1596 5159 sunt
1620 5102 1859 5175 martyrii
1888 5102 2123 5157 corona?

537 5200 608 5254 At
648 5200 770 5268 quis
813 5198 918 5254 hoc
955 5199 1151 5254 audeat
1195 5199 1419 5256 dicere?
1457 5197 1898 5269 Quandoquidem
1951 5196 2125 5267 ipsum

537 5284 698 5346 etiam
739 5292 927 5348 mortis
967 5307 1136 5363 genus
1175 5292 1373 5347 sufficit
1409 5291 1474 5346 ad
1504 5291 1750 5345 omnibus
1795 5286 2124 5360 persuaden-

537 5385 664 5438 dum
691 5426 706 5450 ,
751 5399 845 5439 eos
873 5385 1012 5440 inter
1049 5385 1249 5454 primos
1279 5392 1541 5455 martyres
1582 5381 1870 5437 numerari.
1899 5380 2053 5449 Quod
2080 5381 2125 5435 si

542 5478 699 5531 etiam
726 5476 957 5530 divinam
981 5477 1295 5531 sententiam
1322 5490 1482 5545 super
1507 5474 1590 5529 his
1616 5475 1876 5544 prolatam
1899 5472 2117 5544 quaeris,

539 5567 664 5622 audi
693 5567 817 5637 quid
847 5567 976 5622 dicit
1012 5567 1225 5622 Paulus.
1263 5566 1396 5621 Nam
1438 5582 1556 5637 qua:
1600 5566 1689 5622 ille
1729 5565 1983 5636 loquitur,
2013 5566 2129 5620 sine

544 5657 707 5711 dubio
733 5657 959 5726 Spiritus
1001 5668 1140 5713 sunt.
1178 5657 1308 5712 Puto
1338 5659 1502 5725 enim,
1545 5657 1748 5727 inquit,
1790 5654 1927 5727 quod
1954 5665 2003 5712 et
2031 5672 2122 5727 ego

1200 233 1255 288 S.
1300 231 1579 288 JOANNIS
1616 229 2090 290 CHRYSOSTOMI
2132 226 2449 283 ARClliEP.
2491 222 3029 281 CONSTANTINOP.

3659 223 3765 280 960

2191 339 2444 409 Spiritum
2471 335 2568 391 Dei
2595 336 2805 391 habeam
2831 335 2919 407 (l.
2949 333 3071 391 Cor.
3090 333 3145 390 Ἰ.
3165 332 3288 409 40).
3311 334 3449 403 Quid
3488 336 3645 406 igitur
3688 335 3773 391 hic

2189 432 2352 487 dicit?
2373 430 2610 486 Exorsus
2634 428 2703 484 ab
2722 427 2876 495 Abel,
2895 441 3016 483 eum
3035 425 3256 484 dixisset
3274 425 3534 499 majorem
3550 426 3775 482 hostiam

2191 523 2324 579 Abel
2356 536 2466 594 pra:
2491 521 2625 578 Cain
2665 520 2924 577 obtulisse
2952 521 3067 578 Deo
3085 561 3101 587 ,
3129 529 3189 577 et
3224 531 3444 593 propter
3464 519 3608 576 hanc
3631 535 3779 575 mor-

2194 624 2345 670 tuum
2372 614 2548 670 adhuc
2577 612 2724 685 loqui
2756 630 2772 669 :
2801 611 2999 669 deinde
3042 611 3317 682 digressus
3356 610 3423 666 ad
3462 610 3776 682 prophetas,

2194 721 2260 764 ac
2284 706 2504 764 decursa
2530 705 2672 763 serie
2699 719 2866 776 usque
2904 703 2974 760 ad
3001 702 3260 760 Joannem
3281 746 3297 771 ,
3340 703 3566 759 dixisset
3593 720 3609 757 :
3641 700 3782 756 Occi-

2193 800 2337 856 sione
2380 799 2540 871 gladii
2566 798 2747 853 mortui
2772 807 2889 852 sunt
2913 839 2927 865 ,
2959 795 3050 852 alii
3079 813 3190 853 vero
3218 794 3428 851 distenti
3451 804 3569 850 sunt
3593 793 3780 866 (Hebr.

2200 892 2287 946 11.
2318 888 2447 964 57);
2485 889 2665 944 multis
2689 897 2744 943 et
2770 888 2998 943 diversis
3025 888 3213 942 mortis
3243 886 3528 958 generibus
3550 899 3784 941 comme-

2200 981 2439 1047 moratis,
2469 979 2694 1049 subjecit
2722 979 2823 1033 hoc
2847 978 3041 1033 modo:
3066 976 3248 1051 Itaque
3266 993 3359 1031 nos
3378 992 3575 1048 quoque
3594 983 3783 1029 tantam

2189 1073 2435 1128 'Itabentes
2476 1071 2870 1126 circumdantur»
2899 1086 2990 1125 nos
3027 1069 3211 1125 nubem
3250 1078 3530 1140 martyrum
3551 1109 3569 1135 ,
3594 1066 3783 1137 objects

2203 1166 2339 1220 omni
2364 1166 2601 1237 pondere,
2627 1181 2716 1236 per
2744 1163 3061 1218 tolerantiam
3089 1177 3351 1216 curramus
3394 1160 3414 1233 (
3456 1159 3537 1213 Ib.
3574 1159 3659 1214 12.
3684 1160 3709 1213 1
3741 1157 3779 1229 ).

2201 1255 2363 1312 Vides
2390 1256 2531 1327 quod
2556 1256 2715 1311 etiam
2743 1255 2875 1309 Abel
2894 1254 3178 1325 appellavit
3200 1263 3489 1325 martyrem
3512 1262 3568 1307 et
3586 1250 3713 1316 Noe,
3734 1261 3783 1304 ct

2201 1348 2493 1414 Abraham,
2527 1358 2581 1405 et
2607 1349 2773 1412 lsaac,
2801 1357 2854 1402 et
2875 1346 3061 1403 Jacob.
3083 1345 3217 1401 Nam
3245 1354 3299 1400 et
3328 1346 3551 1399 istorum
3575 1344 3780 1414 quidam

2203 1442 2284 1498 sic
2312 1452 2529 1513 propter
2556 1443 2720 1496 Deum
2753 1440 2948 1495 mortui
2979 1448 3124 1506 sunt,
3151 1437 3601 1509 quemadmodum
3622 1436 3781 1505 inquit

2205 1532 2420 1598 Paulus,
2450 1532 2685 1599 Quotidie
2710 1533 2898 1585 morior
2927 1531 3002 1605 (1.
3032 1530 3148 1585 Cor.
3176 1531 3263 1585 15.
3296 1530 3389 1601 51)
3413 1546 3426 1582 :
3454 1543 3560 1583 non
3578 1528 3779 1599 quidem

2208 1623 2460 1685 moriens,
2488 1622 2581 1677 sed
2608 1621 2878 1692 proposito
2901 1629 3105 1676 tantum
3126 1634 3412 1690 perpessus
3429 1628 3682 1674 mortem.
3703 1616 3782 1673 Sic

2207 1721 2261 1768 ct
2289 1720 2364 1780 tu,
2388 1713 2433 1768 si
2460 1711 2722 1782 repuleris
2750 1711 3160 1777 incantamenta,
3192 1708 3464 1776 veneficia,
3490 1723 3555 1763 ac
3584 1708 3785 1778 prasti-

2206 1806 2350 1876 gias,
2385 1807 2593 1862 etiamsi
2624 1806 2813 1863 morbo
2842 1806 3118 1872 moriaris,
3148 1813 3350 1876 martyr
3385 1802 3655 1874 perfectus
3682 1801 3783 1858 fue~
3822 1876 3826 1881 ρ

2208 1901 2284 1954 ris
2310 1943 2326 1966 ,
2365 1915 2434 1956 eo
2481 1900 2622 1970 quod
2646 1941 2662 1965 ,
2694 1900 2814 1956 aliis
2850 1898 3224 1970 pollicentibus
3260 1897 3431 1953 morbi
3476 1896 3784 1953 levationem

2209 2006 2330 2044 cum
2375 1990 2679 2060 impietate,
2721 1991 3039 2062 praeoptaris
3065 1996 3292 2045 mortem
3332 2004 3453 2045 cum
3485 1990 3698 2058 pietate.
3727 1987 3783 2042 Et

2210 2081 2327 2137 haec
2357 2082 2509 2138 nobis
2537 2082 2676 2138 dicta
2707 2091 2865 2139 sunto
2893 2082 3148 2139 adversus
3172 2096 3266 2138 eos
3285 2123 3300 2147 ,
3327 2081 3418 2153 qui
3444 2082 3653 2151 jactant
3670 2120 3684 2146 ,
3708 2081 3780 2135 di-

2209 2185 2441 2245 cuntque
2466 2173 2737 2230 daemones
2765 2174 2988 2230 mederi.
3016 2174 3303 2241 C:eterum,
3335 2183 3394 2228 ut
3421 2173 3702 2243 intelligas,
3724 2187 3782 2228 ne

2211 2265 2315 2321 hoc
2338 2266 2550 2337 quidem
2576 2281 2697 2323 esse
2720 2281 2902 2323 verum
2925 2309 2941 2333 ,
2981 2265 3104 2321 audi
3136 2265 3263 2337 quid
3297 2264 3540 2321 Christus
3566 2265 3703 2320 dicat
3726 2266 3783 2321 de

2212 2357 2466 2424 diabolo,
2500 2355 2605 2412 Ille
2645 2357 2901 2412 homicida
2936 2367 3044 2412 erat
3080 2356 3144 2410 ab
3181 2357 3326 2410 initio
3355 2354 3548 2426 (Joan.
3576 2355 3631 2410 8.
3659 2355 3781 2425 Η).

2215 2450 2359 2505 Deus
2387 2448 2537 2513 dicit,
2564 2448 2828 2505 homicida
2856 2458 2939 2505 est
2964 2466 2981 2505 :
3009 2457 3063 2505 et
3089 2438 3144 2505 tu
3165 2448 3232 2504 ad
3260 2448 3413 2504 illum
3439 2458 3702 2519 tamquam
3725 2448 3783 2501 ad

2216 2539 2483 2596 medicum
2514 2541 2724 2597 curris?
2753 2541 2850 2598 Die
2876 2539 3005 2595 mihi
3031 2582 3048 2607 ,
3089 2555 3210 2596 eum
3239 2540 3574 2597 accusaberis
3596 2580 3612 2605 ,
3642 2554 3784 2610 quam

2218 2631 2476 2688 rationem
2506 2631 2700 2688 afferre
2730 2633 2929 2702 poteris
2948 2674 2963 2696 ,
2987 2632 3077 2702 qui
3106 2631 3298 2688 credas
3327 2631 3516 2687 horum
3544 2633 3784 2702 imposta-

2216 2722 2291 2776 ris
2330 2736 2451 2777 esse
2496 2721 2765 2777 fidentium
2810 2723 3019 2793 potius,
3050 2737 3209 2794 quam
3246 2723 3444 2779 Christi
3486 2723 3784 2778 sententiae!

2214 2815 2350 2871 Cum
2397 2814 2539 2871 enim
2583 2816 2723 2873 Deus
2766 2817 2944 2880 dicat.
2975 2815 3245 2874 homicida
3285 2825 3413 2873 est:
3447 2817 3532 2871 isti
3566 2831 3689 2870 vero
3712 2814 3785 2870 di-

2216 2919 2379 2975 cant,
2417 2918 2592 2980 potest
2630 2925 2819 2966 curare
2860 2910 3112 2978 morbos,
3150 2909 3404 2966 nimirum
3450 2918 3787 2979 repugnantes

2218 3001 2496 3056 sententiae
2507 3000 2702 3056 divinae
2721 3019 2734 3054 :
2755 3009 2810 3056 tu
2823 3016 2953 3057 vero
2972 3001 3202 3072 recipias
3220 2999 3408 3055 horum
3430 2999 3688 3055 maleficia
3705 2998 3785 3053 illa

2218 3103 2272 3147 et
2307 3092 2701 3149 incantamenta
2730 3136 2744 3159 ,
2774 3093 2907 3149 nihil
2933 3092 3076 3148 aliud
3105 3092 3234 3163 ipsis
3260 3090 3417 3148 factis
3444 3093 3549 3147 tuis
3571 3091 3785 3161 iudicas,

2218 3199 2377 3257 quam
2428 3186 2650 3240 istorum
2680 3184 2858 3242 verbis
2900 3185 3076 3256 potius
3104 3183 3403 3240 habendam
3428 3182 3621 3248 fidem,
3647 3197 3789 3254 quam

2219 3278 2414 3334 Christi
2440 3296 2456 3333 :
2484 3278 2611 3334 licet
2636 3278 2816 3335 verbis
2852 3277 2906 3333 id
2948 3293 3055 3333 non
3084 3277 3252 3334 dicas.
3279 3274 3433 3344 Quod
3475 3275 3520 3330 si
3562 3274 3790 3329 diabolus

2221 3368 2486 3424 homicida
2516 3377 2620 3435 est,
2653 3368 2992 3424 manifestum
3015 3377 3094 3424 est
3116 3366 3258 3438 quod
3283 3366 3360 3421 illi
3382 3366 3677 3422 servientes
3697 3363 3792 3419 dte-

2219 3476 2406 3516 mones
2428 3471 2574 3516 sunt.
2603 3461 2669 3516 Et
2691 3463 2792 3516 hoc
2811 3475 3024 3531 quoque
3046 3470 3098 3516 te
3120 3459 3249 3527 ipsis
3275 3457 3427 3513 factis
3453 3456 3637 3512 docuit
3659 3455 3792 3511 Chri-

2220 3563 2337 3609 stus
2355 3595 2371 3618 ,
2396 3553 2486 3624 qui
2517 3553 2757 3624 permisit
2786 3554 2906 3609 illos
2937 3554 3141 3609 irruere
3165 3552 3220 3608 in
3246 3551 3394 3607 illum
3433 3565 3649 3621 gregem
3678 3564 3788 3619 por-

2219 3659 2428 3712 corum,
2459 3660 2618 3717 quem
2648 3646 2954 3701 universum
2979 3644 3034 3699 in
3056 3658 3202 3698 mare
3226 3642 3626 3714 prmeipitarunt
3655 3638 3784 3712 (Luc.

2221 3735 2275 3803 8,
2309 3735 2400 3791 52.
2425 3734 2611 3807 seqq.),
2635 3744 2694 3791 ut
2720 3735 3050 3806 intelligeres
3082 3733 3222 3804 quod
3249 3732 3435 3788 eadem
3476 3731 3665 3787 facturi
3691 3730 3786 3784 fuco

2222 3832 2329 3887 rint
2352 3830 2677 3896 hominibus,
2705 3831 2990 3900 statimque
3020 3827 3425 3899 prmfocassent,
3458 3824 3503 3879 si
3535 3824 3671 3878 Deus
3694 3821 3786 3876 illis

2224 3923 2573 3993 permisisset.
2598 3921 2749 3977 Nunc
2774 3934 2906 3977 vero
2947 3920 3061 3990 ipse
3101 3918 3220 3973 illos
3243 3915 3481 3972 coercuit
3514 3912 3785 3985 prohibuit-

2221 4028 2364 4085 que,
2412 4028 2511 4069 nec
2557 4012 2844 4084 quidquam
2886 4011 2963 4067 eis
3008 4009 3251 4082 permisit
3289 4007 3467 4063 facere
3495 4004 3778 4076 ejusmodi:

2222 4104 2364 4176 quod
2390 4104 2604 4175 quidem
2635 4104 2735 4175 ipsi
2769 4111 3033 4174 potestate
3071 4101 3127 4156 in
3154 4114 3347 4170 porcos
3386 4107 3601 4168 accepta
3630 4095 3779 4150 decla-

2222 4205 2430 4251 rarunt.
2459 4195 2669 4251 Etenim
2694 4194 2739 4249 si
2767 4194 2943 4264 porcis
2973 4207 3078 4248 non
3107 4198 3491 4262 pepercerunt,
3519 4186 3681 4241 multo
3698 4182 3775 4235 mi-

2224 4302 2325 4342 nus
2348 4302 2379 4341 a
2408 4286 2562 4341 nobis
2585 4284 2986 4349 abstinuissent,
3016 4283 3060 4337 si
3082 4281 3336 4337 adversus
3359 4294 3461 4334 nos
3492 4282 3772 4347 potestatem

2225 4379 2555 4435 habuissent.
2586 4376 2665 4433 Ne
2692 4376 2871 4447 igitur,
2903 4375 3098 4431 dilecte
3117 4414 3132 4440 ,
3167 4371 3439 4427 fraudibus
3467 4369 3667 4424 illorum
3688 4363 3766 4418 sb-

2223 4470 2466 4535 dnearis;
2498 4466 2591 4525 sed
2615 4476 2731 4524 esto
2757 4466 3104 4524 confirmatus
3129 4464 3181 4518 in
3209 4464 3402 4517 timore
3424 4460 3541 4515 Dei.

2297 4560 2460 4631 Signo
2478 4558 2643 4614 crucis
2663 4573 2818 4627 prava
2840 4564 3059 4627 potestas
3082 4553 3243 4608 omnis
3259 4554 3485 4624 fugatur.
3507 4578 3580 4590 —
3595 4546 3772 4616 thlo-

2226 4655 2386 4710 modo
2428 4650 2742 4722 ingredieris
2781 4647 3136 4722 synagogam?
3160 4646 3215 4702 Si
3245 4658 3477 4714 namque
3517 4635 3771 4711 signaret-it

2227 4746 2455 4801 frontem
2479 4753 2644 4807 tuam,
2675 4742 2821 4797 illico
2843 4740 3009 4810 fugiet
3034 4753 3195 4810 prava
3224 4745 3464 4807 potestas
3488 4740 3767 4807 synagogas!

2227 4838 2551 4895 inhabitans.
2583 4835 2641 4892 Si
2681 4848 2810 4890 vero
2839 4849 2944 4888 non
2974 4831 3302 4903 signaveris,
3351 4830 3405 4883 in
3451 4828 3578 4898 ipsis
3606 4821 3765 4879 foribus

2228 4933 2471 5006 protinus
2497 4944 2645 4986 arma
2671 4927 2912 4999 abjecisti
2931 4968 2945 4991 ,
2977 4941 3101 4981 mox
3127 4923 3326 4979 nudum
3349 4931 3407 4977 et
3434 4921 3678 4976 inermem
3697 4908 3762 5006 ξιξ

2227 4998 2437 5095 replum
2488 5029 2541 5076 te
2582 5018 2828 5076 diabolus
2881 5017 3034 5071 malis
3089 5015 3387 5070 innumeris
3439 5011 3647 5066 afﬁciet.
3689 4998 3760 5058 Sel

2228 5116 2355 5187 quid
2380 5114 2569 5169 attinet
2596 5111 2713 5168 haec
2733 5126 2765 5166 a
2788 5111 2939 5166 nobis
2964 5109 3112 5164 dici?
3138 5108 3268 5163 Nam
3297 5105 3439 5176 quod
3466 5105 3579 5175 ipse
3602 5105 3763 5168 quoque

2231 5205 2515 5262 maximum
2542 5211 2819 5276 peccatum
2837 5215 2957 5257 esse
2977 5199 3205 5270 judieas,
3229 5197 3296 5252 ad
3322 5199 3629 5252 sceleratum

2229 5301 2403 5356 locum
2449 5273 2765 5360 accurrere,
2810 5290 3146 5349 manifestum
3184 5298 3268 5345 est
3312 5304 3382 5344 ex
3426 5288 3541 5354 ipso
3580 5273 3770 5339 adeundi

2230 5393 2412 5457 modo.
2442 5391 2651 5449 Etenim
2677 5388 2816 5444 clam
2843 5386 2967 5441 illuc
2990 5382 3248 5439 accedere
3272 5379 3478 5443 studes,
3504 5384 3560 5433 et
3576 5367 3770 5428 famula.

2229 5487 2437 5555 amicis,
2465 5494 2626 5557 atque
2653 5480 2841 5538 vicinis
2866 5475 3160 5541 interdicis,
3187 5489 3252 5528 ne
3278 5482 3330 5527 te
3360 5470 3597 5525 deferant
3626 5459 3684 5557 ad
3702 5470 3773 5512 sa-

2229 5579 2482 5636 cerdotes
2510 5555 2624 5635 :Vac
2667 5573 2712 5628 si
2755 5571 2873 5644 quis
2914 5567 3204 5632 detulerit,
3257 5560 3564 5634 indignaris.
3610 5555 3772 5608 Annal

2232 5671 2392 5743 igitur
2436 5682 2639 5737 magna:
2681 5663 2964 5722 dementia:
2988 5661 3094 5731 sit,
3127 5658 3374 5716 homines
3411 5654 3540 5711 velle
3579 5645 3769 5705 fallere.
