4018 6190
294 262 398 319 9'39

292 378 370 449 τῷ
390 391 524 427 ποτε
552 373 801 451 ληφθεὶς,
835 376 1048 446 μυρίων
1070 376 1223 447 αὑτῷ
1260 374 1671 446 παραινούντων
1700 373 1875 427 ἀπαλ-

292 460 525 532 λαγῆναι
563 458 663 529 τῆς
700 458 881 521 νόσου,
922 458 1011 512 διά
1046 459 1108 512 τὸ
1138 458 1311 529 δνομα
1351 459 1414 512 τὸ
1457 458 1609 529 ἐμὸν,
1656 458 1750 511 καὶ
1785 455 1877 510 τὸν

294 542 460 614 φόὄον
478 542 571 595 τὸν
590 544 671 605 είς
697 543 819 612 ἐμὲ,
845 542 930 596 ἴνα
956 544 1015 595 ἐν
1038 543 1228 614 μηδενὶ
1256 540 1625 616 προσκρούσῃ,
1648 539 1879 593 διώσατο

294 629 389 689 καὶ
414 626 660 697 ἠτίμωσε
690 626 820 689 τοὺς
856 626 1320 698 ὑπισχνουμένους
1359 627 1521 680 αὑτὸν
1554 623 1881 697 θεραπεύειν

293 712 491 782 ἐκείνῳ
515 709 597 781 τῷ
622 710 830 781 τρόπῳ,
855 707 961 764 καὶ
990 711 1163 765 εἵλετο
1191 711 1392 783 μᾶλλον
1425 708 1776 764 ἐναποθανεῖν
1802 707 1880 779 τῷ

293 796 582 865 νοσήματι,
618 792 653 865 ἢ
685 792 976 865 προδοῦναι
1006 795 1105 865 τήν
1136 796 1215 857 είς
1247 794 1347 865 ἐμὲ
1376 792 1609 847 εὔνοιαν.
1636 793 1699 845 Εί
1722 792 1830 862 γὰρ
1860 802 1880 824 ⁸

292 880 421 942 τοὺς
449 875 779 940 ποτίσαντας
816 877 981 932 αὑτὸν
1015 880 1109 931 καὶ
1142 878 1469 941 ὲνδύσαντας
1514 878 1607 930 xal
1640 875 1878 947 θρέψαν-

291 979 393 1026 τας
422 964 504 1025 είς
533 960 701 1032 μέσον
728 964 989 1033 παράγει,
1020 961 1200 1031 πολλῷ
1232 961 1431 1032 μᾶλλον
1456 962 1584 1024 τοὺς
1616 959 1682 1013 δι’
1717 959 1879 1013 αὑτὸν

293 1044 582 1116 ἑλομένους
628 1044 918 1115 ἀνέχεσθαι
968 1046 1242 1119 πυρετῶν.
1280 1046 1354 1099 Οὑ
1405 1045 1513 1117 γάρ
1544 1046 1693 1097 ἐστιν
1741 1044 1877 1106 ίσον,

298 1126 458 1200 ὃρτον
502 1126 687 1182 δοῦναι
743 1130 837 1182 καὶ
884 1129 1120 1200 ἱμάτιον,
1159 1131 1254 1184 καὶ
1294 1129 1447 1183 νόσον
1487 1127 1705 1199 μακράν
1748 1127 1882 1180 ὑπο-

295 1214 500 1285 μένειν,
536 1210 675 1265 ἀλλά
722 1211 905 1283 πολλῷ
953 1213 1140 1283 μεῖζον
1181 1212 1343 1266 τοῦτο
1389 1212 1619 1266 ἐκείνου·
1664 1210 1776 1280 ὅσῳ
1822 1209 1880 1263 δὲ

296 1296 501 1367 μείζων
533 1296 562 1348 6
594 1294 777 1359 πόνος,
799 1294 1043 1368 τοσούτῳ
1075 1296 1169 1349 καὶ
1195 1297 1225 1349 6
1265 1296 1527 1365 στέφανος
1558 1293 1712 1348 ἔσται
1742 1292 1882 1363 λαμ-

295 1380 463 1451 πρότε
473 1395 584 1447 ρος.

363 1461 551 1516 Ταῦτα
579 1461 672 1515 καὶ
701 1460 1044 1529 ὑγιαίνοντες
1076 1460 1393 1533 μελετῶμεν
1432 1462 1527 1515 καὶ
1555 1461 1876 1533 κάμνοντες,

293 1545 389 1599 καὶ
408 1544 547 1615 πρὸς
574 1544 796 1615 ἐτέρους
823 1543 1092 1616 λέγωμεν·
1130 1544 1234 1599 κᾶν
1262 1544 1460 1616 ἴδωμεν
1494 1544 1721 1608 ἑαυτούς
1749 1561 1878 1597 ποτε

293 1630 351 1682 ἐν
381 1627 605 1701 πυρετῷ
628 1627 957 1698 γενομένους
983 1628 1264 1699 ἀφορήτῳ,
1296 1631 1474 1682 ἐκεῖνο
1500 1628 1637 1701 πρὸς
1655 1629 1881 1691 ἑαυτοὺς

292 1711 556 1783 εἴπωμεν·
591 1710 656 1763 Τί
685 1711 796 1775 δαὶ,
831 1712 884 1765 εί
901 1711 1065 1765 ποθεν
1092 1712 1472 1785 ἐπενεχθείσης
1492 1715 1625 1784 ήμῖν
1649 1729 1884 1784 κατηγο-

296 1795 439 1868 ρίας,
466 1798 547 1860 είς
579 1794 930 1866 δικαστήριον
960 1794 1379 1867 είσηνέχθημεν,
1407 1792 1526 1851 εἶτα
1550 1796 1873 1868 ἀναρτηθέν-

289 1895 381 1942 τες
415 1875 847 1947 κατεξαινόμεθα
872 1876 970 1940 τάς
998 1877 1259 1950 πλευρὰς,
1286 1879 1388 1933 οὑκ
1412 1881 1625 1952 ἀνάγκη
1654 1877 1722 1952 ἦν
1754 1883 1882 1934 ὑπο-

294 1964 478 2033 μεῖναι
510 1961 725 2023 πάντως
754 1960 851 2014 καὶ
878 1960 1126 2033 ἀκερδῶς
1164 1962 1259 2015 καὶ
1282 1962 1450 2035 χωρὶς
1491 1964 1683 2034 μισθοῦ
1706 1980 1880 2027 τινοςς

293 2043 466 2098 Τοῦτο
505 2045 600 2097 καὶ
640 2042 735 2097 νῦν
770 2041 1137 2114 λογιζώμεθα·
1179 2044 1528 2115 προσκείσθω
1574 2048 1754 2102 τοίνυν
1790 2049 1883 2101 καὶ

288 2127 394 2198 τῆς
436 2127 762 2199 ὑπομονῆςι)
818 2128 848 2180 6
893 2126 1106 2199 μισθὸς,
1163 2128 1350 2192 ἱκανὸς
1395 2129 1470 2181 ὢν
1517 2130 1733 2200 ἀλεῖψαι
1783 2130 1882 2202 τὴν

292 2213 645 2266 πεπτωκυῖαν
669 2211 929 2264 διάνοιαν.
966 2210 1128 2265 Ἀλλά
1151 2211 1385 2283 χαλεπὸς
1409 2214 1436 2266 6
1461 2213 1712 2285 πυρετός.
1737 2214 1881 2267 Ἀλλ’

291 2295 614 2367 ἀντίστησον
661 2294 741 2365 τῷ
781 2293 1000 2366 πυρετῷ
1038 2294 1101 2348 τὸ
1137 2294 1241 2365 τῆς
1286 2296 1512 2368 γεέννης
1544 2295 1676 2369 πῦρ,
1707 2297 1735 2349 ὃ
1764 2296 1882 2350 δια-

290 2378 466 2453 φεύξῃ
491 2378 727 2444 πάντως,
754 2378 850 2432 ἐὰν
870 2378 970 2452 ἐλῃ
994 2378 1183 2433 τοῦτον
1210 2378 1333 2450 μεθ’
1355 2380 1633 2451 ὑπομονῆς
1661 2381 1882 2450 ἀπάσης

290 2463 556 2531 ἐνεγκεῖνυ
587 2461 966 2532 ἀναμνήσθητι
989 2461 1095 2516 τῶν
1118 2463 1453 2529 ἀποστόλων,
1482 2464 1586 2517 ὃσα
1618 2463 1877 2535 ἔπασχον·

289 2544 672 2616 ἀναμνήσθητι
722 2543 831 2598 τῶν
877 2544 1124 2608 δικαίων,
1165 2546 1248 2599 ὅτι
1300 2545 1593 2609 διαπαντὸς
1637 2542 1779 2617 ἦσαν
1825 2550 1884 2600 ἐν

290 2627 559 2698 θλίψεσινο
607 2628 989 2699 ἀναμνήσθητι
1037 2628 1132 2684 τοῦ
1168 2629 1442 2702 μακαρίου
1479 2628 1765 2700 Τιμοθέου.
1801 2632 1883 2683 ὃτι

287 2711 546 2767 οὐδέποτε
574 2712 638 2764 ἐκ
667 2712 765 2781 τῆς
790 2712 1103 2784 ἀρρωστίας
1126 2713 1479 2776 ἀνέπνευσεν,
1504 2713 1642 2766 ἀλλά
1669 2714 1912 2785 σύντρο--

288 2815 391 2866 φος
419 2792 490 2868 ἦν
512 2796 777 2866 νοσήματι
802 2794 1057 2865 διηνεκεῖ.
1086 2797 1195 2849 Kal
1226 2796 1386 2849 τοῦτο
1415 2797 1444 2849 6
1472 2796 1684 2860 Παῦλος
1708 2796 1883 2869 δηλῶν

287 2881 499 2949 ελεγενο
540 2880 694 2944 Οίνῳ
720 2880 903 2948 ὀλίγῳ
939 2878 1063 2947 χρῶ
1108 2878 1207 2933 διὰ
1240 2882 1349 2933 τὸν
1384 2881 1696 2949 στόμαχόν
1741 2896 1880 2943 σου,

285 2964 389 3019 καί
439 2963 547 3029 τὰς
592 2961 830 3028 πυκνάς
869 2979 986 3016 σου
1028 2962 1369 3028 ἀσθενείας.
1408 2963 1471 3014 Et
1504 2962 1560 3015 δὲ
1601 2965 1629 3015 6
1675 2963 1882 3026 δίκαιος

285 3049 500 3110 ἐκεῖνος
550 3047 648 3100 καὶ
695 3045 872 3111 ἆγιος,
914 3046 1006 3099 καὶ
1028 3043 1127 3116 τὴν
1177 3044 1279 3115 τῆς
1333 3045 1661 3115 οἰκουμένης
1747 3067 1884 3120 προ.-

293 3123 1038 3199 στασίανέγκεχειρισμένος,
1077 3128 1173 3181 καὶ
1219 3128 1447 3197 νεκροὺς
1486 3125 1717 3197 ἐγείρων
1742 3166 1757 3191 ,
1786 3126 1883 3180 καὶ

284 3212 553 3289 δαίμονας
581 3209 842 3274 ἐλαύνων,
871 3210 966 3265 καὶ
994 3210 1167 3282 μυρία
1190 3212 1472 3282 νοσήματα
1501 3210 1882 3283 διορθούμενος

286 3298 347 3347 ἐν
384 3295 615 3367 ἑτέροις,
645 3293 886 3348 τοσαῦτα
916 3293 1119 3365 ἔπασχε
1153 3293 1321 3358 δεινά,
1353 3295 1475 3348 τίνα
1507 3293 1650 3361 ἔξεις
1682 3292 1881 3347 ἀπολο-

244 3379 421 3447 ’γεαν
449 3379 514 3433 σὺ
542 3380 572 3431 ὁ
596 3376 993 3450 (θορυϐούμενος
1033 3379 1128 3432 xal
1166 3378 1449 3449 ἀσχάλλων
1484 3379 1578 3432 ἐπὶ
1616 3378 1883 3450 προσκαί-

283 3480 411 3537 ροις
438 3463 778 3534 νοσήμασιν;
813 3462 928 3515 Οὑκ
952 3462 1194 3533 ήκουσας
1221 3464 1317 3533 τῆς
1343 3461 1565 3533 Γραφῆς
1596 3460 1881 3531 λεγούσης,

283 3548 378 3601 δτι
405 3547 515 3599 Ὃν
538 3542 742 3615 ἀγαπᾷ
766 3545 1004 3612 Κύριος,
1026 3544 1315 3606 παιδεύει,
1336 3544 1625 3615 μαστιγοῖ
1649 3543 1717 3598 δὲ
1743 3543 1887 3597 πάν-

285 3646 365 3684 τα
397 3628 553 3695 υἱὸν,
581 3628 654 3683 ὃν
677 3627 1108 3698 παραδέχεται;
1144 3629 1308 3683 Πόσοι
1346 3629 1576 3693 ποσάκις
1602 3628 1883 3699 ἐπεθύμη-

286 3730 398 3767 σαν
433 3713 738 3784 μαρτυρίου
777 3712 1041 3781 στέφανον
1078 3712 1298 3779 λαϐεῖνς
1335 3713 1507 3767 Τοῦτο
1541 3712 1886 3784 ἀπηρτισμέο

286 3813 384 3861 νος
417 3796 534 3849 ἐστὶ
562 3795 862 3867 μαρτυρίου
890 3796 1174 3865 στέφανος.
1202 3798 1276 3850 Οὑ
1305 3796 1415 3869 γάρ
1440 3796 1499 3851 τὸ
1529 3794 1885 3867 κελευσθῆναι

286 3881 482 3940 θῦσαι,
514 3874 633 3932 εἶτα
666 3878 882 3932 ἑλέσθαι
914 3878 1115 3949 μᾶλλον
1146 3879 1437 3933 ἀποθανεῖν
1467 3878 1499 3951 ή
1528 3878 1709 3943 θῦσαι,
1743 3881 1888 3932 ποιεῖ

289 3966 555 4037 μάρτυρα
583 3963 766 4033 μόνον,
791 3963 926 4016 ἀλλά
953 3962 1045 4016 καὶ
1066 3962 1127 4017 τὸ
1157 3962 1335 4017 ὁτιοῦν
1361 3961 1513 4035 [686]
1544 3962 1885 4033 φυλάττοντα

291 4050 461 4121 μένον
495 4047 791 4118 δυνάμενον
833 4046 1060 4100 θάνατον
1101 4046 1534 4114 ἐπισπάσασθαι,
1586 4044 1886 4118 μαρτύριόν

288 4134 417 4186 ἐστι
442 4130 635 4199 σαφές.

368 4221 439 4287 η’.
482 4215 591 4269 Kal
624 4212 711 4267 ἴνα
736 4212 913 4286 μάθῃς
940 4213 1021 4267 ὅτι
1046 4210 1205 4266 τοῦτό
1234 4212 1383 4266 ἐστιν
1398 4210 1617 4283 ἀληθὲς,
1640 4212 1887 4285 ἀναμνή-

297 4298 459 4370 σθητι
500 4298 617 4361 πῶς
656 4297 754 4368 μὲν
782 4297 811 4348 6
846 4295 1100 4367 Ἰωάννης
1122 4294 1382 4361 ἀπέθανε,
1419 4296 1515 4348 καὶ
1534 4294 1680 4360 τίνος
1701 4295 1889 4349 ἐνεκεν

295 4385 393 4436 καὶ
416 4383 506 4436 διὰ
530 4382 604 4445 τί,
636 4379 754 4443 πῶς
782 4378 839 4432 δὲ
870 4380 899 4431 6
936 4378 1122 4431 Ἀϐελ.
1148 4377 1441 4449 Οὑδέτερος
1468 4377 1578 4447 γάρ
1597 4377 1803 4433 τούτων
1825 4379 1887 4431 ού

298 4466 485 4537 βωμὸν
518 4461 625 4517 εἶδε
652 4464 963 4533 καιόμενον,
1013 4463 1074 4515 οὑ
1116 4460 1300 4528 ξόανον
1336 4460 1588 4531 ἑστηκὸς,
1630 4461 1693 4514 οὑ
1729 4460 1889 4514 θῦσαι

297 4548 546 4617 ἐπετάγη
571 4547 822 4619 δαίμοσιν
848 4559 861 4573 ⁸
899 4544 1012 4599 ἀλλ’
1045 4547 1074 4598 6
1103 4545 1221 4616 μὲν,
1265 4542 1452 4614 ἐπειδὴ
1501 4544 1660 4615 μόνον
1695 4543 1889 4616 ήλεγξε

291 4630 675 4704 τὸνἭρώδην,
701 4628 991 4699 ἀπετμήθη
1014 4628 1114 4699 τὴν
1147 4626 1412 4697 κεφαλὴν,
1443 4629 1472 4681 6
1497 4628 1554 4680 δέ
1588 4627 1774 4700 ἐπειδὴ
1798 4628 1891 4681 τὸν

291 4718 437 4770 Θεὸν
471 4713 700 4785 ἐτίμησε
723 4711 884 4783 θυσίᾳ
911 4710 1118 4765 πλείονι
1146 4709 1242 4765 τοῦ
1274 4708 1507 4781 ἀδελφοῦ
1528 4750 1544 4776 ,
1592 4712 1892 4781 κατεσφάτ-

293 4817 444 4854 τετο.
476 4793 605 4868 'Ap‘
629 4791 722 4851 οῦν
748 4794 1150 4865 ἀπεστέρηνται
1173 4793 1283 4847 τῶν
1302 4793 1397 4847 τοῦ
1433 4794 1734 4865 μαρτυρίου
1767 4810 1891 4847 στε-

297 4883 523 4954 φάνωνς
552 4879 650 4934 καὶ
670 4878 753 4942 τίς
778 4877 845 4931 ἀν
878 4876 1039 4930 τοῦτο
1061 4875 1379 4948 τολμήσειεν
1400 4877 1575 4929 εἰπεῖν
1600 4892 1615 4941 ;
1640 4875 1894 4931 Μάλιστα

300 4965 406 5041 μὲν
427 4963 541 5038 γάρ
568 4964 665 5018 xal
691 4961 855 5025 αὐτὸς
874 4960 904 5012 6
920 4959 1014 5013 τοῦ
1038 4959 1268 5013 θανάτου
1290 4959 1487 5031 τρόπος
1513 4959 1695 5024 ἱκανὸς
1721 4959 1893 5014 ἀπαν-

296 5065 406 5113 τας
438 5050 647 5108 πεῖσαι,
672 5046 754 5099 ὅτι
781 5044 861 5107 είς
890 5044 1017 5106 τοὺς
1055 5042 1304 5113 πρώτους
1335 5042 1444 5096 τῶν
1482 5043 1776 5115 μαρτύρων
1800 5059 1891 5095 τε-

298 5131 512 5185 λοῦσιν.
547 5129 611 5183 Εί
640 5127 697 5182 δέ
730 5128 825 5181 καὶ
851 5126 1032 5197 ψῆφον
1080 5125 1262 5196 ζητεῖς
1301 5124 1449 5179 θείαν
1495 5126 1637 5197 ὑπὲρ
1688 5125 1892 5179 τούτων

299 5212 742 5285 ἐξενηνεγμένην
775 5210 925 5275 ίδεῖν,
956 5209 1188 5263 ἄκουσον
1218 5208 1272 5261 τί
1300 5224 1464 5278 φησιν
1498 5210 1526 5262 6
1569 5209 1779 5273 Παῦλος
1802 5224 1816 5239 ’
1857 5207 1893 5262 ἀ

299 5300 421 5371 γάρ
438 5300 647 5359 ἐκεῖνος
664 5294 982 5366 φθέγγεται,
1002 5292 1159 5361 δῆλον
1187 5293 1270 5346 ὃτι
1294 5291 1389 5345 τοῦ
1415 5292 1729 5362 Πνεύματός
1744 5293 1890 5345 ἐστι·

301 5379 476 5438 Δοκῶ
510 5392 531 5420 ο
570 5381 700 5451 γὰρ.
731 5378 884 5449 φησὶ,
917 5374 1080 5447 κάγὼ
1116 5375 1359 5447 Πνεῦμα
1412 5374 1561 5431 Θεοῦ
1589 5374 1773 5444 ἔχειν.
1828 5373 1893 5427 Τί

370 5524 400 5555 ⁸
424 5521 578 5572 Savi’.
602 5522 681 5567 καὶ
703 5519 767 5579 μή
783 5519 1045 5583 θαυμπίσ-ῃς·
1071 5516 1112 5583 εῖ
1130 5516 1234 5579 γάρ.

371 5582 403 5627 δ
427 5584 597 5633 Manu.
625 5576 894 5646 προκείσθω
914 5576 996 5626 καὶ
1017 5584 1074 5640 τῇ
1095 5576 1326 5640 ὑπομονῇ.
1362 5576 1461 5628 Sed
1482 5582 1676 5639 septem
1702 5590 1819 5629 mss.
1842 5582 1896 5627 ut

310 5660 422 5697 νινε.
446 5647 567 5694 hort

374 5708 400 5741 ε
425 5708 525 5759 Alli
550 5704 807 5761 πνεύματός
829 5701 920 5752 εἰσι
942 5701 1093 5764 νόμοι.
1119 5700 1277 5751 Δοκῶ.

1424 263 1463 315 Α
1474 259 1793 315 DVERSUS
1830 259 2141 316 JUDASOS.
2186 262 2320 321 VIII.

3430 269 3553 323 ’940

1983 372 2078 430 οὖν
2115 370 2267 441 οὗτός
2293 396 2456 450 φησιν
2477 397 2491 445 ;
2536 380 2865 453 Ἀρξάμενος
2889 380 2998 434 ἀπὸ
3020 379 3115 433 τοῦ
3140 378 3329 439 Ἅϐελ,
3355 380 3459 434 xal‘
3476 386 3558 437 εί-

1980 460 2118 524 πὼν,
2148 463 2230 516 ὃτι
2252 463 2472 517 πλείονα
2493 464 2685 518 θυσίαν
2713 464 2876 517 Ἀϐελ
2904 463 3056 535 παρά
3084 465 3223 517 Κάῖν
3248 465 3558 535 προσήνεγο

1988 563 2051 599 κε
2078 545 2152 615 τῷ
2179 544 2317 614 Θεῷ,
2351 546 2445 597 καί
2475 545 2543 598 δι’
2584 546 2753 617 αὑτῆς
2785 545 3070 599 ἀποθανὼν
3107 545 3188 599 ἔτι
3227 545 3404 601 λαλεῖ·
3429 544 3549 600 εῖτα

1986 628 2226 692 καταϐάς
2242 631 2321 692 είς
2332 629 2456 691 τοὺς
2472 631 2777 700 προφήτας,
2796 631 2889 683 καὶ
2906 628 3125 682 διελθὼν
3147 631 3228 692 είς
3247 630 3339 684 τδν
3368 631 3549 689 Ἰωάν-

1984 731 2104 783 νην,
2130 713 2220 767 καὶ
2242 711 2409 766 εἰπών
2425 729 2439 743 ⁸
2472 713 2526 765 Ἐ
2529 732 2567 767 ν
2591 716 2753 782 φόνῳ
2768 714 3065 782 μαχαίρας
3086 711 3406 773 ἀπέθανον,
3427 713 3547 765 ἐτε-

1975 815 2071 866 ροι
2103 796 2170 850 δὲ
2198 796 2772 865 ἐτυμπανίσθησαν-ἀ
2795 813 2807 825 ·
2846 798 2938 849 καὶ
2966 795 3190 858 πολλοὺς
3238 797 3332 847 καὶ⁵
3363 795 3545 860 διαφό»

1985 898 2112 954 ρους
2134 882 2531 952 διηγησάμενος
2563 880 2844 943 θανάτους,
2885 881 3163 949 ἐπήγαγεν
3196 876 3339 930 οῦτω
3359 895 3372 909 ο
3430 883 3546 929 Τοι-

1982 966 2207 1036 γαροῦν
2230 965 2329 1018 καί
2353 965 2524 1035 ἡμεῖς
2545 965 2837 1020 τοσοῦτον
2866 964 3111 1033 ἔχοντες
3135 964 3549 1031 περικείμενον

1982 1049 2127 1119 ἡμῖν
2165 1048 2349 1120 νέφος
2371 1051 2707 1119 μαρτύρων,
2750 1047 2930 1117 ὄγκον
2962 1057 2985 1086 ο
3016 1047 3365 1115 ἀποθέμενοι
3394 1046 3544 1100 πάν-

1981 1146 2074 1193 τα,
2094 1130 2167 1183 δι’
2190 1130 2500 1200 ὑπομονῆς
2521 1130 2839 1200 τρέχωμεν.
2877 1130 3154 1201 ’ορᾷς,ὅτι
3170 1130 3263 1182 καὶ
3284 1130 3375 1182 τὸν
3396 1127 3561 1203 Ἀὁελ

1985 1213 2237 1284 μάρτυρα
2289 1213 2536 1278 ἐκάλεσε,
2585 1215 2681 1267 καὶ
2722 1213 2813 1267 τὸν
2847 1212 2992 1278 Νῶε,
3033 1211 3246 1266 καὶτὸν
3287 1210 3561 1283 Ἀϐραὰμ,

1982 1298 2078 1351 καὶ
2107 1296 2196 1351 τὸν
2237 1298 2441 1363 Ἱσαάκ,
2472 1298 2567 1351 xal
2592 1298 2685 1350 τὸν
2740 1295 2955 1350 Ἰακώ6.
3002 1297 3064 1349 Ol
3107 1295 3207 1366 μὲν
3239 1293 3350 1365 γὰρ
3382 1294 3562 1348 αὐτῶν

1984 1381 2152 1444 οὑτως
2196 1378 2215 1419 ἲ
2247 1380 2516 1435 ἀπέθανον
2545 1380 2634 1433 διὰ
2662 1379 2751 1433 τὸν
2774 1380 2904 1432 Θεόν
2922 1396 2937 1410 ο
2969 1379 3157 1450 ὥσπερ
3180 1374 3271 1431 οὖν
3304 1378 3400 1432 καὶ
3417 1376 3563 1430 Παῦ-

1983 1465 2073 1528 λός
2101 1481 2254 1534 φησι,
2281 1466 2419 1519 Καθ’
2439 1464 2665 1533 ἡμέραν
2692 1462 3080 1531 ἀποθνήσκω·
3107 1463 3281 1517 καίτοι
3302 1463 3402 1516 οὑκ
3423 1463 3562 1515 ἀπο-

1984 1547 2254 1619 θνήσκων,
2283 1547 2420 1601 ἀλλά
2444 1550 2510 1616 τῇ
2548 1546 2803 1617 προθέσει
2849 1548 3007 1617 μόνον
3055 1546 3340 1617 ὑπομένων
3383 1544 3563 1599 τοῦτο.

1985 1632 2141 1685 Οῦτω
2173 1632 2267 1684 καὶ
2287 1633 2375 1693 σὺ,
2411 1630 2477 1683 ἂν
2505 1629 2802 1701 διακρούσῃ
2831 1631 2927 1692 τὰς
2953 1630 3165 1701 ἐπῳδὰς
3195 1628 3409 1694 καὶτὰς
3434 1644 3563 1700 φαρ-

1987 1715 2218 1792 μακείας
2239 1714 2334 1769 καὶ
2359 1714 2459 1777 τάς
2492 1713 2850 1792 μαγγανείας,
2881 1714 2976 1766 καὶ
3006 1713 3283 1786 ἀποθάνῃς
3315 1716 3381 1783 τῇ
3403 1714 3564 1782 νόσῳ.

1987 1798 2195 1870 μάρτυς
2223 1797 2633 1868 ἀπηρτισμένος
2666 1791 2737 1858 εί,
2773 1797 2856 1849 ὅτι
2881 1795 3204 1865 ἀπαλλαγὴν
3247 1798 3385 1867 μετά
3440 1796 3567 1849 ἀσεο

1983 1882 2137 1946 6είας
2164 1880 2648 1951 ἐπαγγελλομένων
2677 1879 2877 1949 ἐτέρων
2901 1879 3044 1931 εἵλου
3069 1878 3300 1932 θάνατον
3334 1878 3449 1949 μετ’
3479 1878 3567 1931 εὑο

1985 1964 2202 2028 σεὸείας
2252 1965 2471 2035 μᾶλλον.
2513 1965 2620 2016 Kal
2661 1963 2835 2016 ταῦτα
2868 1962 2968 2033 μὲν
3003 1965 3136 2033 ήμῖν
3189 1962 3405 2033 εἴρηται
3431 1961 3567 2032 πρὸς

1981 2053 2110 2114 τοὺς
2142 2047 2522 2120 κομπάζοντας
2549 2048 2641 2102 καὶ
2662 2047 2941 2115 λέγοντας,
2970 2048 3051 2100 ὃτι
3077 2045 3567 2116 Θεραπεύουσιδαί-

1988 2151 2175 2206 μονεςο
2214 2136 2303 2188 ῖνα
2333 2133 2391 2187 δὲ
2436 2133 2647 2204 μάθῃς,
2681 2133 2763 2185 ὅτι
2796 2131 2920 2184 οὑδὲ
2959 2131 3119 2184 τοῦτό
3165 2132 3316 2182 ἐστιν
3345 2128 3567 2200 ἀληθὲς,

1985 2218 2217 2273 ἄκουσον
2242 2218 2295 2270 τί
2317 2233 2482 2287 φησιν
2509 2219 2538 2269 6
2559 2216 2794 2285 Χριστὸς
2821 2214 3062 2285 περὶτοῦ
3084 2212 3334 2266 διαϐόλου
3354 2229 3369 2242 ·
3392 2212 3568 2266 Ἐκεῖ·

1983 2319 2090 2368 νος
2114 2302 2607 2369 ἀνθρωποκτόνος
2637 2294 2716 2367 ἦν
2749 2298 2849 2352 ἀπ’
2877 2295 3092 2366 ἀρχῆς.
3145 2296 3202 2348 '0
3232 2294 3366 2359 Θεὸς
3395 2293 3566 2362 λέγει,

1985 2384 2450 2458 ἀνθρωποκτόνος,
2479 2383 2573 2434 καὶ
2603 2381 2666 2433 σὺ
2695 2380 2771 2444 ὡς
2797 2380 2932 2451 πρὸς
2964 2378 3149 2451 ἰατρὸν
3171 2378 3419 2448 τρέχεις;
3459 2379 3568 2431 Kal

1982 2470 2104 2523 τίνα
2134 2468 2278 2535 ἔξεις
2310 2466 2468 2534 λόγον
2494 2467 2668 2517 εἰπεῖν
2697 2462 3098 2533 ἐγκαλούμενος
3116 2503 3131 2527 ,
3161 2463 3285 2515 είπέ
3320 2478 3430 2532 μοι.
3468 2460 3569 2528 τῆς

1982 2552 2311 2623 ἀποφάσεως
2337 2548 2431 2602 τοῦ
2457 2546 2693 2619 Χριστοῦ
2720 2546 2819 2609 τὰς
2850 2546 3104 2616 γοητείας
3132 2543 3334 2597 τούτων
3358 2543 3570 2608 ἀξιοπι-

1986 2635 2241 2706 στοτέρας
2266 2628 2404 2687 εἶναι
2435 2632 2673 2702 νομίζων
2696 2648 2711 2695 ;
2737 2631 2906 2683 Ὅταν
2932 2630 3043 2701 γὰρ
3077 2632 3106 2682 6
3135 2629 3233 2699 μέν
3261 2626 3394 2689 Θεὸς
3414 2626 3569 2697 λέγῃ,

1982 2721 2064 2774 ὅτι
2088 2716 2535 2790 ἀνθρωποκτόνος
2564 2715 2734 2778 ἐστὶν,
2774 2709 2919 2767 οῦτοι
2946 2713 3002 2765 δὲ
3049 2713 3131 2765 ὅτι
3172 2711 3455 2781 νοσήματα
3479 2708 3569 2763 δύο

1982 2820 2141 2857 ναται
2170 2801 2320 2855 λύειν
2344 2799 2598 2868 λέγωσιν,
2626 2797 2954 2859 ἀπεναντίας
2975 2798 3043 2866 τῇ
3065 2794 3189 2865 θείᾳ
3212 2794 3402 2863 ψήφῳ,
3425 2792 3491 2845 σὺ
3512 2791 3572 2847 66

1984 2886 2256 2956 καταδέχῃ
2285 2884 2385 2947 τὰς
2434 2882 2774 2953 μαγγανείας
2831 2879 3036 2933 τούτων
3070 2878 3165 2953 καὶ
3194 2878 3293 2941 τὰς
3333 2876 3569 2946 ἐπῳδάς,

1983 2972 2134 3025 οὑδέν
2155 2970 2344 3040 ἕτερον
2378 2966 2492 3020 ἀλλ’
2524 2966 2557 3036 ἢ
2583 2965 2804 3027 τούτους
2842 2960 3323 3031 ἀξιοπιστοτέρους
3360 2958 3571 3012 ἐκείνου

1983 3052 2225 3123 νομίζεις
2249 3048 2389 3105 εἶναι
2421 3050 2488 3103 δι’
2517 3045 2592 3102 ὢν
2615 3050 2812 3113 ποιεῖς,
2835 3048 2940 3100 κᾶν
2972 3046 3047 3117 μὴ
3078 3044 3245 3117 λέγῃς
3271 3042 3431 3096 τοῦτο
3458 3046 3571 3106 τοῖς

1986 3138 2247 3209 ῥήμασιν.
2285 3134 2351 3187 El
2398 3132 2456 3185 δὲ
2490 3130 2786 3193 όδιάϐολος
2817 3128 3299 3200 ἀνθρωποκτόνος,
3351 3124 3571 3209 εὑδηλον

1974 3206 2066 3275 ,ὅτι
2095 3220 2190 3273 καὶ
2220 3218 2269 3270 οί
2296 3214 2671 3276 διακονοῦντες
2700 3211 2851 3282 αὑτῷ
2875 3212 3149 3281 δαίμονες.
3175 3210 3287 3262 Kal
3323 3206 3482 3262 τοῦτό
3508 3223 3571 3259 σε

1983 3304 2051 3357 δι’
2081 3300 2260 3357 αὑτῶν
2290 3300 2400 3354 τῶν
2428 3300 2607 3371 ἔργων
2628 3297 2949 3351 ἐπαίδευσεν
2976 3297 3006 3348 6
3029 3295 3264 3364 Χριστός
3282 3310 3296 3323 ο
3327 3292 3417 3346 ὅτε
3438 3290 3570 3359 γοῦν

1985 3386 2185 3449 αὐτοὺς
2219 3384 2434 3454 ἀφῆκεν
2464 3383 2727 3452 ἐμπεσεῖν
2756 3382 2835 3442 είς
2856 3378 2955 3450 τὴν
2984 3378 3186 3448 ἀγέλην
3218 3374 3325 3429 τῶν
3349 3374 3570 3446 χοίρων,

1986 3469 2381 3524 κατεπόντισαν
2419 3467 2498 3529 εἰς
2542 3465 2635 3517 τὸν
2679 3460 2925 3535 κρημνὸν
2965 3460 3183 3515 ἀπασαν
3212 3458 3312 3529 τὴν
3371 3457 3573 3527 ἀγέλην

1985 3552 2224 3622 ἐκείνην,
2265 3551 2351 3604 ῖνα
2404 3548 2603 3620 μάθῃς,
2648 3545 2853 3601 ὅτικαὶ
2876 3546 3001 3616 τοὺς
3036 3541 3359 3615 ἀνθρώπους
3400 3539 3574 3594 ταῦτα

1985 3636 2052 3691 ἀν
2082 3637 2429 3706 εἰργάσαντο,
2460 3635 2555 3685 καὶ
2581 3628 2883 3693 ἀπέπνιξαν
2926 3627 3148 3691 εὑθὲως,
3176 3628 3224 3679 εί
3260 3623 3573 3696 συνεχώρη-

1988 3738 2079 3773 σεν
2104 3720 2286 3782 αὑτοῖς
2308 3718 2337 3769 6
2364 3717 2515 3779 Θεὸς.
2551 3714 2688 3768 Νυνὶ
2709 3713 2766 3766 δέ
2787 3711 2950 3775 αὐτὸς
2989 3712 3188 3773 αὑτοὺς
3228 3711 3447 3777 κατεῖχε
3477 3708 3574 3762 καὶ

1986 3804 2247 3868 ἐκώλυσε,
2279 3801 2376 3854 καὶ
2405 3798 2557 3854 οὐδὲν
2579 3799 2731 3868 ἠφίει
2758 3793 3001 3850 τοιοῦτον
3019 3791 3359 3865 ἐργάσασθαι
3379 3804 3396 3823 ο
3420 3789 3569 3864 [687]

1987 3887 2261 3943 καὶτοῦτο
2306 3882 2554 3949 ἐξουσίαν
2589 3881 2845 3943 λαϐόντες
2883 3877 3027 3931 κατά
3057 3875 3167 3930 τῶν
3215 3873 3413 3945 χοίρων
3447 3872 3573 3941 ἐδήη

1986 3976 2188 4026 λωσαν.
2222 3970 2285 4023 El
2306 3968 2418 4039 γάρ
2448 3965 2645 4036 χοίρων
2673 3963 2775 4017 οὑκ
2797 3962 3109 4032 ἐφείσαντο,
3149 3955 3332 4026 πολλῷ
3370 3954 3572 4025 μᾶλλον

1986 4057 2148 4128 ήμῶν
2177 4054 2279 4107 οὑκ
2318 4052 2384 4107 ἀν
2418 4049 2740 4119 ἀπέσχοντο.
2775 4045 2868 4118 Μὴ
2890 4045 3094 4128 τοίνυν,
3119 4041 3371 4111 ἀγαπητέ
3391 4080 3406 4106 ,
3449 4041 3572 4128 ταῖς

1988 4124 2212 4194 ἐκείνων
2240 4136 2479 4198 ἀπάταις
2505 4130 2850 4203 παρασύρου,
2880 4128 2996 4184 ἀλλ’
3045 4126 3139 4181 ἐσο
3173 4124 3572 4196 ἐστηριγμένος

1988 4228 2048 4279 ἐν
2080 4223 2160 4294 τῷ
2183 4220 2333 4292 φόϐῳ
2361 4218 2455 4273 τοῦ
2481 4215 2638 4270 Θεοῦ.

2062 4326 2187 4390 Πῶς
2212 4324 2269 4378 δὲ
2301 4323 2395 4376 καὶ
2422 4317 2705 4389 εἰσελεύσῃ
2732 4318 2812 4380 είς
2834 4314 2936 4386 τὴν
2966 4311 3323 4381 συναγωγήνς
3350 4310 3447 4363 Ἂν
3471 4307 3572 4381 μὲν

1990 4410 2301 4482 σφραγίσῃς
2346 4404 2410 4458 τὸ
2452 4403 2765 4475 πρόσωπον,
2795 4399 2998 4482 εὐθέως
3029 4394 3378 4482 ἀπεῂδησεν
3475 4410 3573 4482 πο.-

1989 4474 2131 4565 νηρά
2153 4474 2390 4559 ⁷δύναμις
2430 4489 2464 4558 ἡ
2496 4474 2595 4558 τὴν
2643 4481 2965 4553 συναγωγὴν
3014 4479 3272 4565 οἰκοῦσαο
3402 4476 3465 4565 δὲ.
3496 4474 3572 4547 μὴ

1994 4562 2321 4649 σφραγίσῃς,
2351 4572 2460 4626 ἀπὸ
2479 4569 2587 4624 τῶν
2607 4566 2788 4640 θυρῶν
2816 4565 3018 4629 εὑθέως
3052 4563 3114 4649 τδ
3131 4563 3293 4649 ὅπλον
3318 4562 3571 4649 ἔρριψας·

1992 4644 2111 4719 εἶτα
2140 4644 2346 4732 γυμνὸν
2378 4659 2474 4713 καὶ
2505 4654 2705 4712 ἄοπλόν
2738 4670 2798 4707 σε
2826 4650 3007 4705 λαϐὼν
3036 4651 3064 4703 6
3084 4648 3322 4732 διάϐολος
3346 4685 3365 4732 ,
3392 4644 3574 4732 μυρία

1992 4727 2235 4819 διαθήσει
2250 4742 2418 4797 δεινά.
2441 4742 2553 4794 Kal
2575 4739 2627 4792 τί
2646 4736 2753 4809 χρὴ
2769 4734 3020 4803 λέγεσθαι
3036 4727 3570 4819 ταῦτα-παρὶήμῶη

1996 4809 2259 4901 Ὀτι-γὰρ
2293 4827 2389 4881 καὶ
2412 4823 2573 4887 αὐτὸς
2624 4822 2689 4874 σὺ
2721 4819 2984 4901 μεγίστην
3018 4815 3292 4901 ἀμαρτίαν
3323 4809 3462 4901 εἶναι
3477 4827 3576 4901 Σαρ-

1997 4894 2173 4984 μίξεις
2196 4894 2256 4966 τδ
2279 4909 2508 4982 δραμεῖν
2531 4906 2612 4970 είς
2644 4904 2706 4957 τὸ
2739 4899 2973 4972 πονηρὸν
3013 4900 3196 4984 ἐκεῖνο-
3218 4895 3438 4984 χωρίον,
3462 4894 3566 4984 δή·

1994 4976 2084 5051 λον
2112 4995 2220 5050 ἀπὸ
2266 4976 2361 5047 τοῦ
2387 4976 2609 5063 ’τρόπου
2637 4986 2738 5057 τῆς
2786 4984 3045 5054 ἀφίξεως.
3097 4979 3208 5034 Kal
3252 4978 3360 5048 γάρ
3387 4976 3573 5063 λαθεῖν

1996 5080 2319 5143 σπουδάζεις
2357 5060 2753 5147 ἀφικνούμενος
2805 5070 3007 5131 ἐκεῖσε,
3061 5064 3155 5119 καὶ
3196 5063 3436 5123 οἰκέταις
3482 5060 3575 5112 καὶ

1994 5166 2172 5235 φίλοις
2189 5163 2284 5217 καὶ
2298 5161 2502 5230 γείτοσι
2526 5153 2899 5225 παρακελεύῃ,
2926 5151 3000 5222 μὴ
3019 5150 3298 5203 κατειπεῖν
3323 5163 3417 5235 σου
3441 5148 3576 5235 πρξς

1994 5223 2121 5313 τοὺς
2150 5223 2352 5319 ίερέας,
2384 5223 2739 5311 κᾶν-διαϐάλῃ
2762 5223 3236 5319 τις,ἀγανακτεῖς.
3268 5229 3457 5319 ,Πόσης
3483 5223 3576 5280 οὑν

1993 5311 2304 5400 οὑκάνέίη
2342 5326 2549 5389 ἀνοίας,
2589 5319 2905 5392 ἀνθρώπους
2944 5315 3238 5389 πειρᾶσθαι
3268 5311 3574 5376 λανθάνειν,

2059 5572 2086 5612 ἰ
2110 5572 2232 5622 Oclo
2253 5581 2368 5618 ωειλ.
2394 5561 2869 5625 ἀπετυμπανίσθησαν

2065 5633 2267 5682 'S‘avil.
2294 5633 2447 5681 ὄκνον.
2518 5688 2521 5689 ν
2628 5686 2684 5689 ,_
2796 5683 2805 5689 ,
2930 5682 2943 5689 ,
3027 5680 3035 5688 .
3133 5677 3144 5687 .
3194 5679 3214 5689 ..
3310 5681 3323 5689 π.

2068 5695 2087 5739 Ι
2115 5696 2339 5757 Quinque
2368 5705 2479 5741 mss.
2515 5686 2705 5744 Ἰακὼϐ,
2728 5683 2879 5731 καίτοι
2904 5682 2946 5729 οἱ
2989 5682 3071 5742 μὲν
3101 5682 3249 5726 κύτῶν
3271 5682 3437 5736 οὕτως.
