4018 6190
521 213 626 270 θιι

516 330 614 385 τοῦ
635 329 694 384 δέ
729 328 864 385 Θεοῦ
889 329 1142 402 ὁρῶντος,
1161 328 1257 382 τοῦ
1283 327 1561 400 πανταχοῦ
1601 327 1871 399 παρόντος
1891 365 1905 388 ,
1949 325 2101 378 ἀναι-

521 413 764 486 σχύντως
804 415 902 483 τὴν
941 411 1287 484 παρανομίαν
1326 411 1535 482 ταύτην
1570 411 1810 482 τολμᾷνς
1871 409 2009 461 Ἀλλ’
2038 409 2099 461 ού

516 497 761 558 δέδοικας
788 494 879 548 τόν
904 495 1034 548 Θεόν
1055 511 1069 561 ;
1092 494 1300 550 Οὐκοῦν
1322 493 1425 548 κάν
1450 495 1650 558 αὐτοὺς
1677 492 1956 564 αἰδέσθητι
1975 492 2102 555 τοὺς

530 577 834 639 Ἰουδαίους.
875 576 1054 642 Ποίοις
1096 576 1206 649 γάρ
1255 578 1457 642 αὐτοὺς
1476 577 1772 647 ὀφθαλμοῖς
1818 575 1974 644 δψει;
2006 574 2102 627 καὶ

517 659 656 730 ποίῳ
681 658 898 732 διαλέξῃ
926 660 1175 731 στόματι,
1207 660 1534 732 Χριστιανὸς
1587 659 1686 730 μὲν
1732 655 1869 710 εἶναι
1907 656 2099 727 ὁμολο-

515 742 652 810 γῶν,
703 743 841 815 πρὸς
889 743 947 796 δέ
974 744 1076 807 τὰς
1109 744 1333 797 ἐκείνων
1371 742 1584 814 τρέχων
1627 738 1973 809 συναγωγάς,
2003 740 2102 794 καὶ

515 827 617 896 τῆς
648 831 668 856 ⁸
703 829 832 898 παρ’
860 827 1084 880 ἐκείνων
1115 826 1367 897 δεόμενος
1409 825 1698 898 βοηθείαςς
1734 825 1850 878 Οὐκ
1880 825 2098 888 ἐννοεῖς,

516 910 640 964 ὅσον
675 927 768 963 σου
814 911 1138 981 καταχέουσι
1173 910 1407 979 γέλωτα,
1443 911 1544 964 ὅσα
1577 909 1922 979 σκώμματα,
1969 907 2101 975 ὅσην

518 993 832 1064 χλευασίαν,
866 993 997 1064 ὅσην
1043 993 1327 1066 αἰσχύνην,
1386 994 1510 1046 ὅσον
1541 991 1762 1056 ὄνειδος,
1801 991 1850 1044 εί
1899 989 1995 1042 καὶ
2026 987 2102 1060 μὴ

519 1078 793 1149 φανερῶς.
829 1076 964 1130 ἀλλά
995 1076 1138 1130 κατὰ
1169 1078 1231 1130 τὸ
1265 1075 1503 1140 συνειδὸς
1529 1077 1591 1128 τδ
1629 1072 1872 1137 ἐαυτῶν;

592 1160 657 1213 θ’.
698 1159 860 1212 Ταῦτ’
889 1153 1002 1225 οῦν,
1035 1159 1157 1212 εἰπέ
1193 1177 1302 1231 μοι,
1335 1157 1550 1231 φορητὰ
1578 1157 1611 1228 ἢ
1639 1155 1870 1219 ἀνεκτά;
1904 1155 1966 1207 Εἰ
1992 1151 2103 1225 γὰρ

523 1241 750 1315 μυρίους
770 1237 1062 1296 ἀποθανεῖν
1093 1242 1358 1306 θανάτους
1389 1241 1516 1306 ἔδει,
1540 1242 1588 1292 εί
1617 1239 1725 1310 γὰρ
1742 1238 1811 1292 τὰ
1830 1239 2105 1308 ἀνήκεστα

520 1327 712 1380 παθεῖν
746 1326 796 1390 b,
829 1327 889 1378 ού
921 1326 1102 1396 πολλῷ
1139 1326 1345 1396 βέλτιον
1374 1321 1443 1397 ἦν
1470 1324 1686 1378 ἅπαντα
1716 1324 2003 1392 ὑπομεῖναι
2035 1319 2104 1374 τά

520 1408 756 1479 χαλεπὰ,
785 1407 818 1478 ἢ
860 1408 966 1462 τῶν
999 1408 1211 1479 μιαρῶν
1243 1407 1467 1462 ἐκείνων
1487 1406 1741 1475 γενέσθαι
1773 1403 1986 1471 γέλωτα
2011 1403 2104 1456 καὶ

521 1491 834 1562 χλευασίαν,
866 1491 960 1544 καὶ
979 1492 1117 1562 μετά
1147 1491 1446 1552 συνειδότος
1471 1491 1571 1560 ζῇν
1603 1485 1842 1559 πονηροῦ
1869 1502 1882 1551 ;
1917 1486 2103 1539 Ταῦτα

520 1573 688 1641 λέγω,
711 1573 808 1643 οὐχ
838 1572 925 1627 ἵνα
950 1573 1106 1626 αὐτοὶ
1140 1573 1375 1642 ἀκούητε
1404 1571 1584 1643 μόνον,
1619 1570 1734 1624 ἀλλ’
1768 1571 1856 1623 ἵνα
1887 1570 2012 1632 τοὺς
2035 1568 2102 1621 τά

521 1656 743 1710 τοιαῦτα
768 1656 1058 1720 νοσοῦντας
1082 1656 1444 1728 θεραπεύητε.
1474 1655 1686 1714 Ὥσπερ
1729 1652 1838 1725 γὰρ
1877 1652 2104 1714 ἐκείνοις

519 1739 884 1809 ἐγκαλοῦμεν,
936 1740 1019 1793 ὅτι
1062 1739 1348 1793 ἀσθενοῦσι
1379 1737 1507 1810 περὶ
1535 1737 1635 1806 τὴν
1682 1735 1884 1798 πίστιν,
1929 1734 2104 1797 οὕτως

523 1823 650 1892 ὑμῖν
672 1821 1030 1894 ἐγκαλοῦμεν,
1070 1822 1151 1874 ὅτι
1193 1823 1320 1885 τοὺς
1363 1819 1722 1882 ἀσθενοῦντας
1757 1817 2002 1890 διορθοῦν
2040 1817 2100 1869 οὐ

523 1903 798 1976 βούλεσθε.
824 1906 916 1976 Μὴ
948 1905 1057 1976 γὰρ
1086 1904 1242 1958 τοῦτό
1265 1905 1384 1956 ἐστι
1416 1903 1476 1955 τὸ
1505 1901 1858 1972 ζητούμενον,
1886 1901 2105 1971 ἀγαπη-

519 1987 602 2052 τέ,
631 1987 717 2040 ἵνα
751 1987 987 2041 ἐνταῦθα
1019 1986 1204 2040 εἰσιὼν
1229 1985 1469 2058 ἀκούσῃς
1496 1985 1565 2038 τὰ
1606 1984 1911 2055 λεγόμενα;
1945 1982 2104 2036 τοῦτο

523 2071 624 2142 μὲν
652 2066 745 2125 οῦν
776 2071 870 2125 καὶ
892 2071 1067 2142 κρῖμά
1097 2071 1264 2134 ἐστιν,
1296 2071 1420 2123 ὅταν
1457 2068 1531 2139 μὴ
1559 2071 1735 2139 προσῇ
1770 2070 1835 2139 τῇ
1879 2067 1988 2120 τῶν
2018 2065 2105 2118 λό-

519 2171 632 2223 γων
663 2155 922 2226 ἀκροάσει
954 2155 1049 2208 καῖ⁵
1088 2154 1270 2226 ἔργον.
1303 2153 1402 2206 Διά
1439 2152 1600 2206 τοῦτο
1646 2151 1974 2223 Χριστιανὸς
2006 2144 2057 2202 εἷ
2084 2189 2100 2216 ,

521 2237 610 2292 ἵνα
639 2236 730 2292 τὸν
758 2238 989 2310 Χριστὸν
1025 2239 1187 2309 μιμῇ,
1217 2237 1445 2298 καὶτοῖς
1473 2235 1679 2288 ἐκείνου
1713 2234 1875 2307 πείθῃ
1897 2233 2102 2304 νόμοις.

521 2321 588 2374 Τί
611 2321 700 2376 δαὶ
723 2323 929 2383 ἐκεῖνος
963 2320 1252 2390 ἐποίησεν;
1297 2319 1412 2372 Οὐκ
1442 2320 1500 2372 ἐν
1544 2316 1939 2390 Ἰεροσολύμοις
1981 2314 2108 2369 καθ-

521 2404 721 2476 ἡμενος
743 2403 927 2457 ἐκάλει
954 2403 1092 2474 πρὸς
1116 2403 1308 2456 ἐαυτὸν
1339 2407 1466 2463 τοὺς
1489 2399 1830 2472 ἀρρώστους,
1854 2398 1991 2452 ἀλλά
2015 2415 2108 2451 πεσ

525 2489 666 2559 ριῂει
693 2486 878 2549 πόλεις
931 2487 1026 2540 καὶ
1072 2484 1287 2557 κώμας,
1323 2485 1601 2556 ἑκατέρων
1647 2484 1744 2553 τὴν
1792 2483 2104 2555 ἀρρωστίαν

522 2570 864 2642 θεραπεύων,
885 2569 979 2621 καὶ
1000 2567 1098 2639 τὴν
1121 2567 1216 2620 τοῦ
1241 2566 1512 2638 σώματος,
1531 2569 1627 2620 καὶ
1654 2565 1752 2636 τὴν
1775 2565 1873 2634 τῆς
1905 2563 2103 2633 ψυχῆς.

523 2654 714 2710 Καίτοι
746 2669 811 2722 γε
857 2650 1086 2705 ἐδύνατο
1135 2653 1194 2705 ἐν
1223 2651 1304 2704 ἐνὶ
1333 2650 1654 2721 καθήμενος
1690 2649 1838 2719 τόπῳ
1898 2649 2106 2710 πάντας

522 2735 749 2791 ἑλκύσαι
788 2734 924 2806 πρὸς
953 2734 1180 2787 ἑαυτόν·
1211 2733 1327 2787 ἀλλ’
1357 2735 1457 2787 οὐκ
1489 2732 1716 2801 ἐποίησε
1744 2730 1929 2795 τοῦτο,
1974 2732 2105 2801 ἡμῖν

521 2819 702 2882 διδοὺς
741 2817 1044 2890 ὑπόδειγμα
1093 2819 1174 2881 είς
1223 2817 1285 2870 τὸ
1311 2817 1583 2889 περιιέναι
1617 2814 1713 2868 καὶ
1755 2815 1938 2884 ζητεῖν
1979 2815 2106 2878 τοὺς

522 2900 952 2972 ἀπολλυμένους.
995 2899 1165 2954 Πάλιν
1198 2901 1290 2954 καὶ
1311 2899 1400 2954 διά
1431 2899 1531 2970 τῆς
1571 2897 1712 2951 κατά
1752 2897 1842 2950 τὸν
1873 2895 2107 2972 ποιμένα

523 2983 838 3057 παραδολῆς
857 2983 1017 3038 τοῦτο
1049 2983 1286 3054 ᾐνίξατο.
1316 2983 1426 3036 Καὶ
1449 2983 1556 3053 γὰρ
1591 2982 1692 3036 οὐκ
1721 2981 1944 3035 ἐκάθισε
1972 2978 2110 3051 μετά

523 3067 633 3123 τῶν
661 3066 1148 3138 ἐνενηκονταεννέα
1171 3065 1482 3138 προόάτων,
1511 3065 1606 3118 καὶ
1627 3065 1878 3137 ἀνέμεινε
1900 3066 1961 3119 τὸ
1980 3064 2113 3118 πλα-

525 3153 766 3224 νώμενον
811 3150 985 3205 ἐλθεῖν
1014 3151 1153 3222 πρὸς
1180 3150 1365 3215 αὑτὸν,
1415 3149 1530 3204 ἀλλ’
1557 3150 1718 3214 αὐτὸς
1745 3149 1976 3220 ἀπῆλθε,
2017 3147 2112 3202 καὶ

523 3231 675 3306 εὗρε,
703 3235 800 3289 καὶ
837 3233 1014 3304 εὑρὼν
1059 3235 1155 3287 καὶ
1196 3233 1496 3286 ἐϐάστασεν
1520 3233 1612 3285 ἐπὶ
1638 3232 1748 3286 τῶν
1776 3231 1973 3303 ὤμων,
2015 3231 2112 3285 καλ⁴

525 3319 881 3389 ἀπεκόμισεν.
917 3319 1030 3387 Οὐχ
1083 3318 1218 3388 ὁρᾷς
1262 3317 1510 3379 καὶτοὺς
1551 3318 1768 3386 ἰατροὺς
1791 3317 1922 3369 αὐτὸ
1951 3315 2112 3369 τοῦτο

527 3401 818 3464 ποιοῦντας
839 3416 853 3465 ;
873 3402 974 3453 οὐκ
999 3398 1372 3467 ἀναγκάζουσι
1397 3399 1525 3461 τοὺς
1541 3398 1862 3470 ἀρρώστους
1890 3400 1982 3451 ἐπὶ
2001 3399 2110 3453 τῶν

527 3484 799 3539 κλινιδίων
830 3482 1256 3554 κατακειμένους
1288 3484 1369 3546 είς
1401 3481 1500 3546 τάς
1529 3480 1706 3544 οἰκίας
1737 3481 1916 3534 αὐτῶν
1945 3481 2110 3554 φέρε-

531 3567 680 3632 οθαι,
716 3567 830 3622 ἀλλ’
861 3567 1013 3620 αὑτοὶ
1033 3565 1288 3637 τρέχουσι
1323 3564 1458 3636 πρὸς
1503 3563 1764 3628 ἐκείνους.
1817 3566 1987 3618 Τοῦτο
2017 3567 2110 3620 καὶ

529 3651 598 3704 σὺ
622 3650 864 3723 ποίησον,
892 3648 1043 3723 [688]
1074 3649 1347 3719 ἀγαπητὲ,
1371 3646 1526 3710 εἰδὼς
1560 3648 1641 3702 ὅτι
1680 3647 1886 3719 βραχὺς
1905 3651 1932 3702 ό
1966 3666 2108 3721 παρ-

526 3731 605 3788 ὼν
636 3733 768 3804 βίος,
811 3734 914 3788 κᾶν
948 3733 1022 3804 μὴ
1055 3731 1230 3786 ταῦτα
1263 3731 1615 3803 κερδάνωμεν
1642 3731 1713 3783 τὰ
1741 3731 1929 3803 κέρδη,
1963 3732 2111 3786 οῦδε-

532 3817 663 3888 μίαν
696 3817 889 3888 ἕξομεν
933 3819 1048 3870 ἐκεῖ
1087 3815 1382 3885 σωτηρίαν.
1421 3813 1653 3868 Δύναται
1702 3814 1960 3878 πολλάκις
2013 3817 2110 3884 μία

529 3900 856 3974 κερδηθεῖσα
884 3899 1031 3971 ψυχὴ
1061 3899 1270 3970 μυρίων
1311 3899 1474 3966 όγκον
1521 3899 1936 3969 ἁμαρτημάτων
1963 3900 2107 3969 ἀφα-

529 3985 699 4048 νίσαι,
726 3984 820 4037 καὶ
838 3983 1090 4053 γενέσθαι
1121 3984 1254 4052 ἡμῖν
1278 3981 1570 4051 ἁντίψυχον
1603 3983 1660 4034 ὲν
1683 3981 1864 4053 ἐκείνῃ
1890 3984 1956 4053 τῇ
1979 3983 2111 4053 ἡμέ-

530 4083 622 4139 ρᾳ.
661 4067 942 4139 Ἐννόησον
974 4067 1062 4120 διὰ
1092 4066 1145 4118 τί
1175 4065 1471 4134 προφῆται,
1503 4064 1590 4117 διὰ
1622 4064 1673 4116 τί
1695 4065 2000 4133 ἀπόστολοι,
2020 4065 2109 4121 διά

530 4149 820 4215 τίδίκαιοι,
854 4149 943 4203 διὰ
977 4149 1029 4203 τί
1058 4148 1278 4219 ἄγγελοι
1306 4147 1565 4210 πολλάκις
1601 4147 1983 4218 ἐπέμφθησαν,
2017 4149 2108 4203 διὰ

528 4231 584 4284 τί
603 4232 764 4297 αὐτὸς
796 4236 824 4287 ό
862 4232 1156 4302 μονογενὴς
1179 4230 1304 4296 Υἱὸς
1324 4231 1418 4284 τοῦ
1449 4231 1582 4284 Θεοῦ
1616 4230 1947 4301 παρεγένετο
1966 4249 1979 4262 ·
2008 4233 2107 4304 οὐχ

533 4315 620 4368 ἵνα
667 4313 985 4386 ἀνθρώπους
1027 4314 1297 4386 διασώσῃ;
1354 4314 1452 4385 οὐχ
1506 4314 1593 4368 ἵνα
1655 4314 2107 4386 πεπλανημένους

596 4463 623 4528 ξ
650 4463 801 4528 ξανὶι.
822 4463 937 4528 πρὸς
955 4463 1074 4512 δὲτὰ
1095 4464 1160 4512 ἐκ.
1189 4465 1388 4528 τρέχων,
1413 4463 1493 4511 καὶ
1513 4469 1614 4528 τῆς.

598 4523 627 4564 δ
646 4523 730 4588 _S_ic
749 4523 952 4588 nggximAa
977 4538 1088 4588 pars
1113 4523 1572 4588 man'urs'ériplrorum,
1597 4524 1660 4575 Αι
1681 4525 1802 4576 editi
1823 4526 2108 4588 παθεῖνυπά-

530 4589 607 4644 οη.
644 4586 754 4634 Mox
783 4585 953 4659 ΜοιςιιἸ
977 4585 1008 4642 ἢ
1030 4587 1110 4634 τὸν
1127 4587 1299 4659 μιαρὸν
1323 4585 1517 4659 ἐκεῖνον,
1540 4586 1692 4659 Βενίι.
1718 4601 1836 4638 vero
1858 4596 1912 4638 et
1933 4585 2108 4650 migna

531 4604 607 4644 Im.
644 4604 754 4634 mox
783 4604 952 4656 ωυτςιι.
977 4604 1008 4642 η
1030 4604 1110 4634 τον
1123 4604 1299 4706 ἧιιαρον
1323 4604 1517 4660 εκεινον,
1541 4604 1692 4660 θανιι.

531 4661 644 4714 pars
663 4655 1100 4711 manuscnplorum
1177 4665 1272 4697 των
1295 4664 1474 4711 μιαρων
1498 4663 1704 4696 εκεινων.

1235 211 1294 268 S.
1333 208 1619 268 JOANNIS
1652 205 2149 266 CHRYSOSTOMI
2187 209 2508 268 ARCHIEP.
2560 203 3114 264 CONSTANTINOP.
3597 210 3686 268 9L2

2203 325 2562 396 ἐπαναγάγῃ;
2595 321 2767 375 Τοῦτο
2802 321 2898 375 καὶ
2934 320 2997 373 σὺ
3028 316 3245 387 ποίησον
3273 316 3399 370 κατά
3415 315 3688 399 δύναμιντὴν

2204 407 2323 479 σὴν,
2359 409 2454 461 καὶ
2479 407 2658 459 πᾶσαν
2681 404 2916 475 σπουδὴν
2963 401 3223 465 ἐπίδειξαι
3260 399 3348 452 καὶ
3390 401 3601 473 πρόνοιαν
3630 412 3692 465 εις

2201 491 2299 562 τὴν
2336 491 2444 544 τῶν
2468 489 2902 560 πεπλανημένων
2947 484 3221 540 ἐπάνοδον.
3257 482 3424 537 Ταῦτα
3465 485 3567 539 καθ’
3598 490 3698 544 ἐκάη

2204 592 2334 645 στην
2374 574 2502 644 ὑμῖν
2549 569 2833 642 παραινῶν
2889 568 3107 632 σύναξιν
3155 567 3214 620 ού
3260 565 3578 637 διαλιμπάνω,
3618 573 3700 627 κᾶν

2205 656 2530 728 προσέχητε,
2559 654 2664 708 κᾶν
2697 654 2772 725 μὴ
2801 652 3124 725 προσέχητε,
3153 650 3261 718 ἐγὼ
3279 649 3438 718 λέγων
3464 651 3516 703 ού
3543 653 3700 709 παύσο-

2207 757 2325 810 μαι,
2353 738 2524 791 Τοῦτο
2557 737 2664 809 γὰρ
2708 737 2842 808 ἡμῖν
2873 734 3027 806 παρά
3055 733 3146 787 τοῦ
3176 731 3306 786 Θεοῦ
3357 732 3520 803 νόμος,
3568 736 3620 789 ἀν
3659 755 3702 791 τε

2202 820 2412 894 ἀκούσῃ
2443 837 2548 884 τις,
2583 820 2648 874 ἀν
2673 835 2733 872 τε
2772 818 2846 890 μὴ
2888 816 3121 890 ἀκούσῃ,
3150 815 3248 886 τὴν
3275 814 3522 869 διακονίαν
3543 817 3702 890 ταύτην

2202 905 2465 977 πληροῦν.
2513 902 2658 957 Ἀλλ’
2681 903 2777 956 ἐὰν
2832 903 2930 974 μὲν
2971 899 3240 969 ἀκούσητε
3272 899 3361 952 καὶ
3390 900 3613 970 ποιήσητε
3653 903 3703 956 τὰ

2202 988 2471 1059 λεγόμενα
2497 1027 2513 1053 ,
2559 986 2699 1057 μετὰ
2732 985 2937 1056 πολλῆς
2963 983 3096 1038 αὐτὸ
3129 980 3284 1036 τοῦτο
3309 981 3614 1052 ἐργασόμεθα
3632 985 3704 1053 τῆς

2201 1071 2396 1143 ἡδονῆς
2414 1087 2428 1101 ⁸
2455 1069 2604 1124 ἀν’δέ
2630 1069 2948 1140 ἀμελήσητε
2981 1067 3074 1120 καὶ
3099 1063 3458 1137 ρᾳθυμήσητε,
3480 1065 3596 1134 μετά
3612 1065 3705 1118 πολο

2203 1155 2302 1227 λῆς
2330 1156 2430 1226 τῆς
2462 1152 2723 1224 ἀθυμίας.
2779 1153 2945 1223 Ἡμῖν
2990 1150 3091 1222 μὲν
3143 1149 3252 1220 γὰρ
3289 1151 3349 1202 ἐκ
3376 1152 3467 1219 τῆς
3493 1150 3708 1220 ὑμετέρας

2204 1237 2494 1309 παρακοῆς
2521 1235 2696 1300 οὐδεὶς
2724 1235 2876 1290 ἔσται
2905 1232 3090 1288 λοιπὸν
3121 1231 3385 1294 κίνδυνος’
3415 1231 3469 1284 τὸ
3494 1233 3584 1302 γὰρ
3602 1231 3705 1302 ἡμέ-

2202 1338 2362 1394 τερον
2395 1321 2543 1376 ἀπαν
2571 1317 2972 1390 ἐπληρώσαμεν
2993 1335 3007 1349 ·
3044 1316 3184 1387 πλὴν
3219 1315 3353 1369 ἀλλά
3394 1315 3489 1369 κᾶν
3540 1316 3598 1386 μὴ
3625 1333 3707 1369 κιν-

2203 1404 2510 1475 δυνεύωμεν
2526 1401 2604 1473 τῷ
2629 1401 3050 1476 πεπληρωκέναι
3074 1398 3143 1454 τά
3167 1400 3290 1470 παρ’
3313 1397 3503 1451 ἑαυτῶν
3525 1397 3704 1459 ἅπαντα,

2204 1487 2371 1556 ἀλγοῦ
2381 1503 2478 1557 μεν
2502 1487 2655 1556 ὑμῶν
2683 1483 3100 1555 ἐγκαλουμένων
3119 1481 3262 1536 κατά
3286 1480 3380 1553 τὴν
3403 1479 3588 1553 ἡμέραν
3611 1481 3709 1533 ὲκεί-

2205 1589 2322 1643 νην.
2357 1572 2431 1624 Οὐ
2467 1570 2576 1643 γὰρ
2616 1571 2900 1633 ἀκίνδυνος
2937 1569 3066 1640 ὑμῖν
3096 1566 3248 1619 ἔσται
3277 1568 3308 1636 ἡ
3335 1565 3595 1636 ἀκρόασις,
3616 1566 3710 1619 ὅταν

2205 1659 2238 1728 ή
2259 1657 2344 1711 διὰ
2367 1655 2473 1709 τῶν
2488 1655 2664 1726 ἔργων
2689 1653 2971 1726 προσθήκη
3002 1653 3077 1725 μὴ
3105 1652 3349 1722 γένηται.
3373 1651 3602 1702 Ἄκουσον
3614 1648 3710 1716 γοῦν

2205 1741 2322 1806 πῶς
2342 1742 2454 1804 τοῖς
2482 1739 2821 1803 διδασκάλοις
2838 1736 3089 1806 ἐγκαλῶν
3118 1737 3230 1798 τοῖς
3262 1733 3627 1806 ἀποκρύπτουσι
3644 1732 3711 1785 τὸν

2205 1823 2362 1892 λόγον
2392 1825 2420 1876 ὁ
2442 1823 2697 1893 Χριστὸς,
2722 1823 2819 1876 καὶ
2849 1823 2974 1884 τοὺς
3002 1817 3462 1891 μαθητευομένους
3483 1815 3709 1884 ἐφόϐησεν.

2204 1906 2387 1962 Εἰπὼν
2424 1907 2554 1975 γὰρ,
2603 1907 2764 1961 Ἔδει
2787 1921 2860 1960 σε
2881 1903 3244 1960 καταϐαλεῖν
3273 1901 3338 1956 τὸ
3359 1901 3605 1970 ἀργύριόν
3623 1917 3713 1969 μου

2204 1992 2301 2045 ἐπὶ
2319 1989 2463 2055 τοὺς
2481 1988 2827 2060 τραπεζίτας
2853 2006 2866 2018 ·
2892 1988 2985 2042 καὶ
3019 1984 3340 2055 ἐπαγαγὼν,
3369 1985 3444 2037 ὅτι
3479 1983 3621 2052 Κάγὼ
3639 1983 3713 2036 €1-

2207 2073 2331 2130 θὼν
2377 2076 2521 2140 μετὰ
2577 2074 2758 2128 τόκου
2799 2072 2877 2127 ἂν
2921 2072 3213 2141 ἀπῄτησα
3249 2067 3410 2132 αὐτὸ,
3442 2068 3628 2133 ἔδειξεν,
3655 2067 3714 2119 ὅτι

2211 2157 2348 2228 μετά
2375 2157 2475 2228 τὴν
2503 2157 2766 2229 ἀκρόασιν
2795 2155 2986 2226 (τοῦτο
3009 2154 3122 2226 γάρ
3147 2156 3294 2206 ἐστιν
3319 2154 3350 2222 ὴ
3386 2151 3472 2204 τοῦ
3505 2150 3712 2221 ἀργυρίου

2207 2237 2525 2309 καταϐολὴ),
2540 2239 2664 2302 τοὺς
2681 2238 3122 2309 ὑποδεξαμένους
3139 2236 3238 2304 τὴν
3264 2232 3580 2288 διδασκαλίαν
3596 2232 3714 2284 τόκον

2207 2321 2536 2394 ἐργάζεσθαι
2570 2323 2698 2393 χρή.
2731 2323 2900 2386 Τόκος
2936 2321 2991 2374 δὲ
3035 2317 3383 2381 διδασκαλίας
3413 2316 3544 2369 οὐδὲν
3574 2313 3717 2394 ἕτερόν

2208 2393 2376 2469 ἐστιν,
2405 2405 2518 2459 ἀλλ’
2561 2406 2592 2475 ἢ
2621 2407 2653 2476 ἠ
2683 2405 2770 2459 διὰ
2810 2404 2916 2459 τῶν
2949 2404 3130 2476 ἔργων
3168 2400 3436 2468 ἐπίδειξις.
3492 2398 3618 2451 Ἐπεὶ
3647 2393 3714 2449 οὖν

2208 2489 2302 2541 καὶ
2332 2489 2494 2560 ἡμεῖς
2529 2486 2903 2558 κατεϐάλομεν
2945 2487 3008 2540 τὸ
3040 2484 3304 2557 ἀργύριον
3359 2485 3434 2547 είς
3470 2481 3554 2553 τὴν
3589 2480 3716 2551 ἀκοὴν

2207 2570 2305 2640 τὴν
2333 2571 2604 2642 ὑμετέραν
2629 2612 2643 2634 ,
2686 2571 2902 2642 ἀνάγκη
2946 2568 3156 2634 λοιπὸν,
3198 2569 3339 2638 ὑμᾶς
3383 2566 3632 2621 ἀποδοῦναι
3651 2564 3717 2616 τὸν

2206 2655 2363 2706 τόκον
2394 2652 2471 2724 τῷ
2486 2653 2742 2726 δεσπότῃ,
2773 2653 3041 2715 τουτέστι,
3074 2651 3177 2724 τὴν
3212 2650 3471 2723 σωτηρίαν
3490 2647 3583 2701 τῶν
3602 2645 3718 2699 ἁδελ-

2211 2737 2326 2806 φῶν
2342 2737 2452 2790 τῶν
2479 2737 2786 2808 ὑμετέρων.
2821 2737 2985 2789 Ὥστε
3011 2736 3059 2788 εί
3097 2735 3310 2806 μένοιτε
3331 2734 3488 2787 ταῦτα
3519 2729 3720 2798 κατέχον-

2207 2837 2298 2883 τες
2326 2819 2392 2873 τὰ
2424 2820 2692 2890 εἰρημένα
2718 2819 2896 2890 μόνον,
2920 2819 3015 2873 καὶ
3047 2819 3217 2892 μηδὲν
3242 2819 3298 2871 ἐν
3327 2818 3522 2878 ἑαυτοῖς
3547 2810 3726 2883 ἐργαζό.

2212 2919 2384 2973 μενοι,
2413 2903 2636 2956 δέδοικα.
2658 2904 2732 2976 μὴ
2753 2903 2849 2975 τὴν
2875 2904 3046 2975 αὐτὴν
3077 2902 3159 2974 τῷ
3190 2903 3250 2956 τὸ
3270 2901 3512 2956 τάλαντον
3538 2899 3718 2966 κατορύ-

2211 2987 2362 3052 ξαντι
2411 2986 2549 3040 δῶτε
2602 2986 2780 3058 δίκην.
2833 2988 2942 3040 Καὶ
2975 2986 3088 3059 γὰρ
3134 2987 3338 3048 ἐκεῖνος
3357 2984 3437 3037 διά
3460 2981 3596 3035 τοῦτο
3626 2979 3720 3041 τοὺς

2213 3069 2378 3133 πόδας
2400 3071 2490 3123 καὶ
2518 3071 2616 3133 τὰς
2645 3073 2833 3142 χεῖρας
2854 3069 3044 3133 δεθεὶς,
3073 3070 3158 3133 είς
3180 3069 3241 3123 τὸ
3271 3067 3450 3129 σκότος
3477 3060 3722 3136 ἐξὴγετοτὸ

2210 3153 2495 3226 ἐξώτερον,
2527 3156 2607 3207 ὅτι
2642 3155 2742 3207 οὐκ
2771 3154 3066 3225 ἐξήνεγκεν
3097 3157 3177 3217 είς
3202 3153 3415 3224 ἐτέρους
3446 3151 3571 3219 ἅπερ
3599 3147 3724 3217 ἧκον·

2213 3254 2324 3291 σεν.
2355 3237 2452 3290 Ἴν’
2479 3232 2571 3291 οὖν
2603 3236 2676 3308 μὴ
2704 3238 2797 3290 καὶ
2823 3238 2985 3307 ἡμεῖς
3022 3235 3095 3289 τά
3124 3237 3267 3289 αὑτά
3297 3233 3557 3304 πάθωμεν,
3587 3230 3658 3282 τὴν
3675 3227 3724 3278 τὰ

2211 3319 2372 3373 πέντε
2399 3319 2713 3390 δεξάμενον,
2743 3319 2837 3371 καὶ
2863 3319 2954 3372 τὸν
2976 3317 3047 3371 τὰ
3070 3319 3167 3372 δύο
3186 3319 3434 3380 τάλαντα,
3464 3312 3724 3386 μιμησὼμε-

2211 3402 2280 3456 θα
2298 3419 2312 3433 ·
2339 3402 2442 3456 κάν
2468 3419 2529 3455 τε
2563 3402 2741 3470 λόγον,
2774 3401 2875 3454 κᾶν
2902 3418 2960 3454 τε
2986 3403 3280 3472 χρήματα,
3309 3402 3407 3455 κάν
3442 3415 3496 3452 τε
3529 3397 3724 3468 σώματος

2213 3487 2395 3547 πόνον,
2418 3485 2522 3538 κᾶν
2550 3485 2736 3556 εὐχὴν,
2763 3484 2864 3538 κᾶν
2891 3483 3006 3538 ἄλλ’
3024 3484 3208 3538 ὁτιοῦν
3237 3487 3315 3548 είς
3331 3484 3424 3556 τὴν
3448 3481 3532 3536 τοῦ
3549 3480 3725 3551 πλησίον

2213 3569 2489 3640 σωτηρίαν
2519 3569 2797 3622 ἀναλῶσαι
2819 3567 3012 3638 δεήσῃ,
3049 3568 3126 3639 μὴ
3158 3568 3502 3639 όκνήσωμεν,
3530 3565 3603 3616 ἵνα
3631 3578 3726 3614 παν·

2208 3652 2436 3722 ταχόθεν
2464 3651 2526 3704 τὺ
2551 3652 2700 3724 παρά
2727 3650 2821 3704 τοῦ
2856 3649 2992 3704 Θεοῦ
3027 3649 3184 3704 δοθὲν
3227 3652 3357 3722 ἡμῖν
3391 3649 3621 3703 τάλαντον
3639 3646 3727 3697 ἀνα-

2209 3735 2384 3804 λόγως
2414 3737 2632 3790 ἐκαστοι
2672 3733 3215 3798 πολυπλασιάσαντες
3238 3733 3538 3805 δυνηθῶμεν
3553 3730 3636 3800 τῆς
3657 3744 3727 3798 μα-

2211 3819 2408 3889 καρίας
2433 3820 2649 3892 ἐκείνης
2674 3816 2907 3874 ἀκοῦσαι
2932 3819 3140 3890 φωνῆς,
3170 3813 3281 3886 Εὖ,
3299 3817 3473 3878 δοῦλε
3486 3812 3642 3887 ἀγαθὲ
3655 3809 3727 3865 και

2209 3903 2406 3964 πιστέ,
2440 3903 2536 3957 ἐπὶ
2566 3904 2742 3972 ὀλίγα
2763 3900 2843 3975 ἦς
2873 3903 3112 3970 πιστὸς,
3131 3903 3229 3957 ἐπὶ
3249 3901 3490 3957 πολλῶν
3511 3917 3575 3954 σε
3594 3913 3728 3951 acuta-

2209 3985 2418 4053 στήσω
2437 4004 2449 4015 ·
2485 3988 2725 4042 εἴσελθε
2757 3992 2844 4054 εις
2872 3987 2989 4056 τὴν
3015 3985 3215 4057 χαρὰν
3245 3987 3350 4042 τοῦ
3395 3985 3596 4055 Κυρίου
3625 3998 3728 4036 σου.

2210 4066 2319 4135 Ἦς
2347 4073 2555 4140 γένοιτο
2593 4073 2800 4137 πάντας
2836 4074 2983 4144 ἡμᾶς
3016 4075 3317 4144 ἐπιτυχεῖν,
3337 4073 3509 4143 χάριτι
3539 4067 3617 4122 καὶ
3643 4064 3732 4144 qui:

2213 4138 2499 4229 ανθρὼπίᾳ
2548 4157 2640 4211 τοῦ
2675 4138 2889 4229 Κυρίου*
2943 4156 3102 4228 ἡμῶν
3145 4138 3321 4228 Ἰησοῦ
3338 4138 3586 4227 ⁷Χριστοῦ,
3613 4150 3666 4203 δι’
3685 4138 3728 4229 οῦ

2213 4227 2450 4310 καὶίμεθ⁹
2474 4227 2549 4296 οῦ
2572 4240 2649 4312 τῷ
2678 4227 2856 4312 Πατρὶ
2890 4243 2923 4312 ή
2954 4227 3081 4306 δόξα
3109 4227 3289 4294 καὶτὸ
3321 4239 3528 4309 κράτος,
3562 4235 3656 4304 ἃμα

2215 4323 2354 4395 ἁγίῳ
2379 4324 2676 4396 Πνεύματι,
2700 4327 2778 4390 εἰς
2798 4326 2926 4389 τοὺς
2949 4325 3152 4388 αἰῶνας
3168 4324 3282 4378 τῶν
3300 4324 3517 4378 αἰώνων.
3531 4318 3672 4389 Ἀμήν
3691 4323 3726 4366 ‘-

2249 4591 2259 4605 ἱ
2281 4529 2436 4608 anug
2457 4542 2572 4608 Enss.
2603 4537 2714 4608 p953.
2734 4530 2860 4608 ἀμήν
2881 4528 3067 4608 haheat.
3079 4530 3358 4608 τετέλεσται
3485 4524 3580 4585 Θοῷ
3596 4520 3734 4608 favi“:

2213 4591 2272 4639 τὰ
2303 4589 2557 4657 Ἰουδαίων,
2577 4583 2663 4657 τοῦ
2689 4583 2907 4657 ἐν-άγξοις
2937 4591 3123 4654 Πατρός
3153 4593 3293 4657 ἡμῶν
3324 4589 3530 4657 ’lgna'yyou
3548 4583 3729 4657 τοῦΧρδ-

2215 4652 2458 4715 σοστόμου
2478 4653 2526 4702 ἐν
2548 4655 2704 4718 λόγοις
2725 4650 2956 4710 ἄλλους
2988 4650 3154 4703 autem
3183 4650 3330 4702 habet
3353 4653 3398 4701 ἐν
3425 4650 3568 4711 λόγοις
3584 4650 3638 4695 ε’.
