  <div class='ocr_page' id='page_1' title='image "/cluster/home/n/w/nwhite01/storage/ocr_20150623/48/hvd.32044073501892/420.png"; bbox 0 0 4018 6190; ppageno 0'>
   <div class='ocr_carea' id='block_1_1' title="bbox 325 275 421 332">
    <p class='ocr_par' dir='ltr' id='par_1_1' title="bbox 325 275 421 332">
     <span class='ocr_line' id='line_1_1' title="bbox 325 275 421 332; baseline -0.021 0"><span class='ocrx_word' id='word_1_1' title='bbox 325 275 421 332; x_wconf 75' lang='lat' dir='ltr'><strong>9H</strong></span> 
     </span>
    </p>
   </div>
   <div class='ocr_carea' id='block_1_2' title="bbox 318 385 1895 460">
    <p class='ocr_par' dir='ltr' id='par_1_2' title="bbox 318 385 1895 460">
     <span class='ocr_line' id='line_1_2' title="bbox 318 385 1895 460; baseline -0.003 -15"><span class='ocrx_word' id='word_1_2' title='bbox 318 406 438 445; x_wconf 88' lang='lat' dir='ltr'><strong>cum</strong></span> <span class='ocrx_word' id='word_1_3' title='bbox 465 404 594 445; x_wconf 89' lang='lat' dir='ltr'><strong>vero</strong></span> <span class='ocrx_word' id='word_1_4' title='bbox 614 389 753 444; x_wconf 87' lang='lat' dir='ltr'><strong>Deus</strong></span> <span class='ocrx_word' id='word_1_5' title='bbox 777 388 954 444; x_wconf 88' lang='lat' dir='ltr'><strong>videat</strong></span> <span class='ocrx_word' id='word_1_6' title='bbox 978 389 1168 460; x_wconf 91' lang='lat' dir='ltr'><strong>ubique</strong></span> <span class='ocrx_word' id='word_1_7' title='bbox 1197 401 1455 460; x_wconf 63' lang='lat' dir='ltr'><strong>praesens,</strong></span> <span class='ocrx_word' id='word_1_8' title='bbox 1483 387 1732 458; x_wconf 89' lang='lat' dir='ltr'><strong>perfricta</strong></span> <span class='ocrx_word' id='word_1_9' title='bbox 1759 385 1895 441; x_wconf 89' lang='lat' dir='ltr'><strong>facie</strong></span> 
     </span>
    </p>
   </div>
   <div class='ocr_carea' id='block_1_3' title="bbox 320 479 1898 549">
    <p class='ocr_par' dir='ltr' id='par_1_3' title="bbox 320 479 1898 549">
     <span class='ocr_line' id='line_1_3' title="bbox 320 479 1898 549; baseline -0.002 -13"><span class='ocrx_word' id='word_1_10' title='bbox 320 489 525 536; x_wconf 87' lang='lat' dir='ltr'><strong>tantum</strong></span> <span class='ocrx_word' id='word_1_11' title='bbox 565 479 768 535; x_wconf 76' lang='lat' dir='ltr'><strong>facinus</strong></span> <span class='ocrx_word' id='word_1_12' title='bbox 810 479 1046 536; x_wconf 82' lang='lat' dir='ltr'><strong>audere?</strong></span> <span class='ocrx_word' id='word_1_13' title='bbox 1073 479 1180 535; x_wconf 88' lang='lat' dir='ltr'><strong>Sed</strong></span> <span class='ocrx_word' id='word_1_14' title='bbox 1209 495 1314 534; x_wconf 92' lang='lat' dir='ltr'><strong>non</strong></span> <span class='ocrx_word' id='word_1_15' title='bbox 1342 480 1498 536; x_wconf 92' lang='lat' dir='ltr'><strong>times</strong></span> <span class='ocrx_word' id='word_1_16' title='bbox 1522 479 1730 535; x_wconf 76' lang='lat' dir='ltr'><strong>Deum?</strong></span> <span class='ocrx_word' id='word_1_17' title='bbox 1755 479 1898 549; x_wconf 80' lang='lat' dir='ltr'><strong>Ergo</strong></span> 
     </span>
    </p>
   </div>
   <div class='ocr_carea' id='block_1_4' title="bbox 319 571 1899 642">
    <p class='ocr_par' dir='ltr' id='par_1_4' title="bbox 319 571 1899 642">
     <span class='ocr_line' id='line_1_4' title="bbox 319 571 1899 642; baseline -0.003 -12"><span class='ocrx_word' id='word_1_18' title='bbox 319 575 508 630; x_wconf 82' lang='lat' dir='ltr'><strong>saltem</strong></span> <span class='ocrx_word' id='word_1_19' title='bbox 553 573 699 642; x_wconf 91' lang='lat' dir='ltr'><strong>ipsos</strong></span> <span class='ocrx_word' id='word_1_20' title='bbox 741 587 988 629; x_wconf 77' lang='lat' dir='ltr'><strong>reverere</strong></span> <span class='ocrx_word' id='word_1_21' title='bbox 1027 571 1260 628; x_wconf 71' lang='lat' dir='ltr'><strong>Judreos.</strong></span> <span class='ocrx_word' id='word_1_22' title='bbox 1305 571 1506 641; x_wconf 84' lang='lat' dir='ltr'><strong>Quibus</strong></span> <span class='ocrx_word' id='word_1_23' title='bbox 1546 572 1689 626; x_wconf 90' lang='lat' dir='ltr'><strong>enim</strong></span> <span class='ocrx_word' id='word_1_24' title='bbox 1731 571 1899 626; x_wconf 91' lang='lat' dir='ltr'><strong>oculis</strong></span> 
     </span>
    </p>
   </div>
   <div class='ocr_carea' id='block_1_5' title="bbox 321 661 1898 736">
    <p class='ocr_par' dir='ltr' id='par_1_5' title="bbox 321 661 1898 736">
     <span class='ocr_line' id='line_1_5' title="bbox 321 661 1898 736; baseline -0.002 -16"><span class='ocrx_word' id='word_1_25' title='bbox 321 665 464 736; x_wconf 93' lang='lat' dir='ltr'><strong>ipsos</strong></span> <span class='ocrx_word' id='word_1_26' title='bbox 495 663 818 736; x_wconf 82' lang='lat' dir='ltr'><strong>intueberis?</strong></span> <span class='ocrx_word' id='word_1_27' title='bbox 843 663 960 731; x_wconf 89' lang='lat' dir='ltr'><strong>Quo</strong></span> <span class='ocrx_word' id='word_1_28' title='bbox 988 679 1082 719; x_wconf 92' lang='lat' dir='ltr'><strong>ore</strong></span> <span class='ocrx_word' id='word_1_29' title='bbox 1105 663 1393 734; x_wconf 89' lang='lat' dir='ltr'><strong>alloqueris</strong></span> <span class='ocrx_word' id='word_1_30' title='bbox 1415 703 1431 729; x_wconf 95' lang='lat'><strong>,</strong></span> <span class='ocrx_word' id='word_1_31' title='bbox 1474 662 1600 718; x_wconf 90' lang='lat' dir='ltr'><strong>dum</strong></span> <span class='ocrx_word' id='word_1_32' title='bbox 1641 661 1898 733; x_wconf 84' lang='lat' dir='ltr'><strong>proﬁtens</strong></span> 
     </span>
    </p>
   </div>
   <div class='ocr_carea' id='block_1_6' title="bbox 321 731 1897 824">
    <p class='ocr_par' dir='ltr' id='par_1_6' title="bbox 321 731 1897 824">
     <span class='ocr_line' id='line_1_6' title="bbox 321 731 1897 824; baseline -0.001 -14"><span class='ocrx_word' id='word_1_33' title='bbox 321 766 370 810; x_wconf 89' lang='lat' dir='ltr'><strong>te</strong></span> <span class='ocrx_word' id='word_1_34' title='bbox 395 771 516 811; x_wconf 86' lang='lat' dir='ltr'><strong>esse</strong></span> <span class='ocrx_word' id='word_1_35' title='bbox 535 731 917 821; x_wconf 81' lang='lat' dir='ltr'><strong>Christianum,</strong></span> <span class='ocrx_word' id='word_1_36' title='bbox 945 764 1119 809; x_wconf 90' lang='lat' dir='ltr'><strong>tamen</strong></span> <span class='ocrx_word' id='word_1_37' title='bbox 1141 753 1206 808; x_wconf 91' lang='lat' dir='ltr'><strong>ad</strong></span> <span class='ocrx_word' id='word_1_38' title='bbox 1235 754 1446 808; x_wconf 88' lang='lat' dir='ltr'><strong>illorum</strong></span> <span class='ocrx_word' id='word_1_39' title='bbox 1471 754 1640 809; x_wconf 86' lang='lat' dir='ltr'><strong>curris</strong></span> <span class='ocrx_word' id='word_1_40' title='bbox 1667 767 1897 824; x_wconf 81' lang='lat' dir='ltr'><strong>synago-</strong></span> 
     </span>
    </p>
   </div>
   <div class='ocr_carea' id='block_1_7' title="bbox 318 844 1897 916">
    <p class='ocr_par' dir='ltr' id='par_1_7' title="bbox 318 844 1897 916">
     <span class='ocr_line' id='line_1_7' title="bbox 318 844 1897 916; baseline -0.001 -17"><span class='ocrx_word' id='word_1_41' title='bbox 318 860 429 916; x_wconf 78' lang='lat' dir='ltr'><strong>gas,</strong></span> <span class='ocrx_word' id='word_1_42' title='bbox 458 853 514 901; x_wconf 90' lang='lat' dir='ltr'><strong>et</strong></span> <span class='ocrx_word' id='word_1_43' title='bbox 542 845 609 900; x_wconf 89' lang='lat' dir='ltr'><strong>ab</strong></span> <span class='ocrx_word' id='word_1_44' title='bbox 639 846 744 900; x_wconf 86' lang='lat' dir='ltr'><strong>illis</strong></span> <span class='ocrx_word' id='word_1_45' title='bbox 769 861 926 916; x_wconf 90' lang='lat' dir='ltr'><strong>opem</strong></span> <span class='ocrx_word' id='word_1_46' title='bbox 955 846 1245 916; x_wconf 79' lang='lat' dir='ltr'><strong>imploras?</strong></span> <span class='ocrx_word' id='word_1_47' title='bbox 1273 844 1387 900; x_wconf 86' lang='lat' dir='ltr'><strong>Non</strong></span> <span class='ocrx_word' id='word_1_48' title='bbox 1419 844 1702 915; x_wconf 90' lang='lat' dir='ltr'><strong>perpendis</strong></span> <span class='ocrx_word' id='word_1_49' title='bbox 1725 860 1897 915; x_wconf 85' lang='lat' dir='ltr'><strong>quan-</strong></span> 
     </span>
    </p>
   </div>
   <div class='ocr_carea' id='block_1_8' title="bbox 321 937 1895 1008">
    <p class='ocr_par' dir='ltr' id='par_1_8' title="bbox 321 937 1895 1008">
     <span class='ocr_line' id='line_1_8' title="bbox 321 937 1895 1008; baseline 0.001 -17"><span class='ocrx_word' id='word_1_50' title='bbox 321 947 428 991; x_wconf 86' lang='lat' dir='ltr'><strong>tum</strong></span> <span class='ocrx_word' id='word_1_51' title='bbox 459 940 625 992; x_wconf 88' lang='lat' dir='ltr'><strong>risum</strong></span> <span class='ocrx_word' id='word_1_52' title='bbox 651 939 703 992; x_wconf 91' lang='lat' dir='ltr'><strong>in</strong></span> <span class='ocrx_word' id='word_1_53' title='bbox 734 948 787 993; x_wconf 93' lang='lat' dir='ltr'><strong>te</strong></span> <span class='ocrx_word' id='word_1_54' title='bbox 815 937 1118 1004; x_wconf 79' lang='lat' dir='ltr'><strong>eﬂ‘undent,</strong></span> <span class='ocrx_word' id='word_1_55' title='bbox 1153 946 1283 1008; x_wconf 91' lang='lat' dir='ltr'><strong>quot</strong></span> <span class='ocrx_word' id='word_1_56' title='bbox 1307 948 1619 1005; x_wconf 87' lang='lat' dir='ltr'><strong>scommata,</strong></span> <span class='ocrx_word' id='word_1_57' title='bbox 1645 944 1895 1008; x_wconf 79' lang='lat' dir='ltr'><strong>quantam</strong></span> 
     </span>
    </p>
   </div>
   <div class='ocr_carea' id='block_1_9' title="bbox 319 1029 1894 1100">
    <p class='ocr_par' dir='ltr' id='par_1_9' title="bbox 319 1029 1894 1100">
     <span class='ocr_line' id='line_1_9' title="bbox 319 1029 1894 1100; baseline 0.001 -18"><span class='ocrx_word' id='word_1_58' title='bbox 319 1029 788 1084; x_wconf 87' lang='lat' dir='ltr'><strong>subsannationem</strong></span> <span class='ocrx_word' id='word_1_59' title='bbox 811 1070 827 1095; x_wconf 93' lang='lat'><strong>,</strong></span> <span class='ocrx_word' id='word_1_60' title='bbox 856 1038 1050 1098; x_wconf 87' lang='lat' dir='ltr'><strong>quanta</strong></span> <span class='ocrx_word' id='word_1_61' title='bbox 1081 1029 1342 1084; x_wconf 85' lang='lat' dir='ltr'><strong>dedecora</strong></span> <span class='ocrx_word' id='word_1_62' title='bbox 1362 1071 1378 1097; x_wconf 91' lang='lat'><strong>,</strong></span> <span class='ocrx_word' id='word_1_63' title='bbox 1413 1039 1660 1100; x_wconf 87' lang='lat' dir='ltr'><strong>quantam</strong></span> <span class='ocrx_word' id='word_1_64' title='bbox 1690 1030 1894 1084; x_wconf 88' lang='lat' dir='ltr'><strong>irrisio-</strong></span> 
     </span>
    </p>
   </div>
   <div class='ocr_carea' id='block_1_10' title="bbox 317 1119 1895 1191">
    <p class='ocr_par' dir='ltr' id='par_1_10' title="bbox 317 1119 1895 1191">
     <span class='ocr_line' id='line_1_10' title="bbox 317 1119 1895 1191; baseline 0.001 -17"><span class='ocrx_word' id='word_1_65' title='bbox 317 1135 476 1186; x_wconf 90' lang='lat' dir='ltr'><strong>nem,</strong></span> <span class='ocrx_word' id='word_1_66' title='bbox 520 1129 716 1189; x_wconf 88' lang='lat' dir='ltr'><strong>quanta</strong></span> <span class='ocrx_word' id='word_1_67' title='bbox 762 1119 977 1189; x_wconf 87' lang='lat' dir='ltr'><strong>probra,</strong></span> <span class='ocrx_word' id='word_1_68' title='bbox 1018 1119 1118 1175; x_wconf 89' lang='lat' dir='ltr'><strong>etsi</strong></span> <span class='ocrx_word' id='word_1_69' title='bbox 1160 1135 1268 1174; x_wconf 91' lang='lat' dir='ltr'><strong>non</strong></span> <span class='ocrx_word' id='word_1_70' title='bbox 1311 1119 1504 1191; x_wconf 88' lang='lat' dir='ltr'><strong>palam,</strong></span> <span class='ocrx_word' id='word_1_71' title='bbox 1545 1130 1690 1176; x_wconf 90' lang='lat' dir='ltr'><strong>certe</strong></span> <span class='ocrx_word' id='word_1_72' title='bbox 1719 1120 1771 1175; x_wconf 94' lang='lat' dir='ltr'><strong>in</strong></span> <span class='ocrx_word' id='word_1_73' title='bbox 1799 1135 1895 1176; x_wconf 87' lang='lat' dir='ltr'><strong>sua</strong></span> 
     </span>
    </p>
   </div>
   <div class='ocr_carea' id='block_1_11' title="bbox 316 1212 946 1282">
    <p class='ocr_par' dir='ltr' id='par_1_11' title="bbox 316 1212 946 1282">
     <span class='ocr_line' id='line_1_11' title="bbox 316 1212 946 1282; baseline 0.002 -17"><span class='ocrx_word' id='word_1_74' title='bbox 316 1212 552 1282; x_wconf 90' lang='lat' dir='ltr'><strong>ipsorum</strong></span> <span class='ocrx_word' id='word_1_75' title='bbox 582 1213 946 1267; x_wconf 79' lang='lat' dir='ltr'><strong>conscientia?</strong></span> 
     </span>
    </p>
   </div>
   <div class='ocr_carea' id='block_1_12' title="bbox 387 1301 1895 1370">
    <p class='ocr_par' dir='ltr' id='par_1_12' title="bbox 387 1301 1895 1370">
     <span class='ocr_line' id='line_1_12' title="bbox 387 1301 1895 1370; baseline 0.001 -14"><span class='ocrx_word' id='word_1_76' title='bbox 387 1301 442 1356; x_wconf 91' lang='lat'><strong>9.</strong></span> <span class='ocrx_word' id='word_1_77' title='bbox 472 1301 701 1357; x_wconf 89' lang='lat' dir='ltr'><strong>Proinde</strong></span> <span class='ocrx_word' id='word_1_78' title='bbox 719 1303 805 1356; x_wconf 91' lang='lat' dir='ltr'><strong>dic</strong></span> <span class='ocrx_word' id='word_1_79' title='bbox 829 1301 977 1367; x_wconf 87' lang='lat' dir='ltr'><strong>mihi,</strong></span> <span class='ocrx_word' id='word_1_80' title='bbox 1003 1301 1238 1358; x_wconf 61' lang='lat' dir='ltr'><strong>haeccine</strong></span> <span class='ocrx_word' id='word_1_81' title='bbox 1262 1309 1389 1357; x_wconf 91' lang='lat' dir='ltr'><strong>sunt</strong></span> <span class='ocrx_word' id='word_1_82' title='bbox 1412 1302 1728 1370; x_wconf 89' lang='lat' dir='ltr'><strong>tolerabilia,</strong></span> <span class='ocrx_word' id='word_1_83' title='bbox 1755 1303 1895 1358; x_wconf 67' lang='lat' dir='ltr'><strong>haec-</strong></span> 
     </span>
    </p>
   </div>
   <div class='ocr_carea' id='block_1_13' title="bbox 316 1389 1889 1463">
    <p class='ocr_par' dir='ltr' id='par_1_13' title="bbox 316 1389 1889 1463">
     <span class='ocr_line' id='line_1_13' title="bbox 316 1389 1889 1463; baseline 0.003 -18"><span class='ocrx_word' id='word_1_84' title='bbox 316 1391 435 1445; x_wconf 91' lang='lat' dir='ltr'><strong>cine</strong></span> <span class='ocrx_word' id='word_1_85' title='bbox 463 1389 678 1445; x_wconf 81' lang='lat' dir='ltr'><strong>ferenda</strong></span> <span class='ocrx_word' id='word_1_86' title='bbox 695 1392 720 1444; x_wconf 66' lang='grc' dir='ltr'>ἲ</span> <span class='ocrx_word' id='word_1_87' title='bbox 745 1391 970 1447; x_wconf 79' lang='lat' dir='ltr'><strong>Etiamsi</strong></span> <span class='ocrx_word' id='word_1_88' title='bbox 999 1393 1142 1447; x_wconf 90' lang='lat' dir='ltr'><strong>mille</strong></span> <span class='ocrx_word' id='word_1_89' title='bbox 1179 1403 1382 1448; x_wconf 89' lang='lat' dir='ltr'><strong>mortes</strong></span> <span class='ocrx_word' id='word_1_90' title='bbox 1409 1393 1515 1448; x_wconf 89' lang='lat' dir='ltr'><strong>sint</strong></span> <span class='ocrx_word' id='word_1_91' title='bbox 1541 1394 1854 1463; x_wconf 69' lang='lat' dir='ltr'><strong>eppetendaa</strong></span> <span class='ocrx_word' id='word_1_92' title='bbox 1873 1436 1889 1462; x_wconf 91' lang='lat'><strong>,</strong></span> 
     </span>
    </p>
   </div>
   <div class='ocr_carea' id='block_1_14' title="bbox 320 1481 1892 1552">
    <p class='ocr_par' dir='ltr' id='par_1_14' title="bbox 320 1481 1892 1552">
     <span class='ocr_line' id='line_1_14' title="bbox 320 1481 1892 1552; baseline 0.002 -16"><span class='ocrx_word' id='word_1_93' title='bbox 320 1488 376 1536; x_wconf 91' lang='lat' dir='ltr'><strong>et</strong></span> <span class='ocrx_word' id='word_1_94' title='bbox 401 1481 710 1552; x_wconf 88' lang='lat' dir='ltr'><strong>gravissima</strong></span> <span class='ocrx_word' id='word_1_95' title='bbox 742 1481 1018 1536; x_wconf 89' lang='lat' dir='ltr'><strong>toleranda</strong></span> <span class='ocrx_word' id='word_1_96' title='bbox 1060 1481 1168 1537; x_wconf 88' lang='lat' dir='ltr'><strong>sint</strong></span> <span class='ocrx_word' id='word_1_97' title='bbox 1193 1482 1366 1548; x_wconf 88' lang='lat' dir='ltr'><strong>mala,</strong></span> <span class='ocrx_word' id='word_1_98' title='bbox 1406 1497 1584 1538; x_wconf 91' lang='lat' dir='ltr'><strong>nonne</strong></span> <span class='ocrx_word' id='word_1_99' title='bbox 1609 1484 1776 1539; x_wconf 91' lang='lat' dir='ltr'><strong>multo</strong></span> <span class='ocrx_word' id='word_1_100' title='bbox 1804 1499 1892 1539; x_wconf 85' lang='lat' dir='ltr'><strong>sa-</strong></span> 
     </span>
    </p>
   </div>
   <div class='ocr_carea' id='block_1_15' title="bbox 318 1572 1894 1644">
    <p class='ocr_par' dir='ltr' id='par_1_15' title="bbox 318 1572 1894 1644">
     <span class='ocr_line' id='line_1_15' title="bbox 318 1572 1894 1644; baseline 0.003 -18"><span class='ocrx_word' id='word_1_101' title='bbox 318 1573 420 1628; x_wconf 91' lang='lat' dir='ltr'><strong>tius</strong></span> <span class='ocrx_word' id='word_1_102' title='bbox 445 1581 561 1627; x_wconf 89' lang='lat' dir='ltr'><strong>erat</strong></span> <span class='ocrx_word' id='word_1_103' title='bbox 580 1585 774 1628; x_wconf 87' lang='lat' dir='ltr'><strong>omnes</strong></span> <span class='ocrx_word' id='word_1_104' title='bbox 818 1572 935 1628; x_wconf 91' lang='lat' dir='ltr'><strong>illas</strong></span> <span class='ocrx_word' id='word_1_105' title='bbox 981 1573 1186 1643; x_wconf 89' lang='lat' dir='ltr'><strong>perpeti</strong></span> <span class='ocrx_word' id='word_1_106' title='bbox 1229 1573 1592 1640; x_wconf 84' lang='lat' dir='ltr'><strong>calamitates,</strong></span> <span class='ocrx_word' id='word_1_107' title='bbox 1635 1589 1793 1644; x_wconf 87' lang='lat' dir='ltr'><strong>quam</strong></span> <span class='ocrx_word' id='word_1_108' title='bbox 1837 1581 1894 1630; x_wconf 92' lang='lat' dir='ltr'><strong>ut</strong></span> 
     </span>
    </p>
   </div>
   <div class='ocr_carea' id='block_1_16' title="bbox 319 1664 1892 1735">
    <p class='ocr_par' dir='ltr' id='par_1_16' title="bbox 319 1664 1892 1735">
     <span class='ocr_line' id='line_1_16' title="bbox 319 1664 1892 1735; baseline 0.001 -17"><span class='ocrx_word' id='word_1_109' title='bbox 319 1664 418 1720; x_wconf 87' lang='lat' dir='ltr'><strong>iste</strong></span> <span class='ocrx_word' id='word_1_110' title='bbox 445 1664 792 1720; x_wconf 81' lang='lat' dir='ltr'><strong>scelestarum</strong></span> <span class='ocrx_word' id='word_1_111' title='bbox 824 1666 964 1720; x_wconf 86' lang='lat' dir='ltr'><strong>risus</strong></span> <span class='ocrx_word' id='word_1_112' title='bbox 989 1672 1044 1720; x_wconf 93' lang='lat' dir='ltr'><strong>et</strong></span> <span class='ocrx_word' id='word_1_113' title='bbox 1069 1665 1411 1720; x_wconf 89' lang='lat' dir='ltr'><strong>subsannatio</strong></span> <span class='ocrx_word' id='word_1_114' title='bbox 1445 1664 1632 1730; x_wconf 85' lang='lat' dir='ltr'><strong>ﬁeret,</strong></span> <span class='ocrx_word' id='word_1_115' title='bbox 1659 1679 1723 1720; x_wconf 90' lang='lat' dir='ltr'><strong>ac</strong></span> <span class='ocrx_word' id='word_1_116' title='bbox 1752 1681 1892 1735; x_wconf 71' lang='lat' dir='ltr'><strong>pne-</strong></span> 
     </span>
    </p>
   </div>
   <div class='ocr_carea' id='block_1_17' title="bbox 318 1753 1891 1824">
    <p class='ocr_par' dir='ltr' id='par_1_17' title="bbox 318 1753 1891 1824">
     <span class='ocr_line' id='line_1_17' title="bbox 318 1753 1891 1824; baseline 0 -14"><span class='ocrx_word' id='word_1_117' title='bbox 318 1764 462 1810; x_wconf 89' lang='lat' dir='ltr'><strong>terea</strong></span> <span class='ocrx_word' id='word_1_118' title='bbox 487 1769 608 1809; x_wconf 92' lang='lat' dir='ltr'><strong>cum</strong></span> <span class='ocrx_word' id='word_1_119' title='bbox 635 1755 772 1809; x_wconf 86' lang='lat' dir='ltr'><strong>mala</strong></span> <span class='ocrx_word' id='word_1_120' title='bbox 798 1754 1119 1810; x_wconf 89' lang='lat' dir='ltr'><strong>conscientia</strong></span> <span class='ocrx_word' id='word_1_121' title='bbox 1142 1753 1446 1809; x_wconf 82' lang='lat' dir='ltr'><strong>viveretur?</strong></span> <span class='ocrx_word' id='word_1_122' title='bbox 1473 1755 1597 1810; x_wconf 70' lang='lat' dir='ltr'><strong>[hec</strong></span> <span class='ocrx_word' id='word_1_123' title='bbox 1625 1770 1728 1809; x_wconf 89' lang='lat' dir='ltr'><strong>non</strong></span> <span class='ocrx_word' id='word_1_124' title='bbox 1749 1754 1891 1824; x_wconf 88' lang='lat' dir='ltr'><strong>dico,</strong></span> 
     </span>
    </p>
   </div>
   <div class='ocr_carea' id='block_1_18' title="bbox 318 1845 1896 1914">
    <p class='ocr_par' dir='ltr' id='par_1_18' title="bbox 318 1845 1896 1914">
     <span class='ocr_line' id='line_1_18' title="bbox 318 1845 1896 1914; baseline -0.001 -16"><span class='ocrx_word' id='word_1_125' title='bbox 318 1857 372 1899; x_wconf 93' lang='lat' dir='ltr'><strong>ut</strong></span> <span class='ocrx_word' id='word_1_126' title='bbox 398 1845 624 1901; x_wconf 86' lang='lat' dir='ltr'><strong>audiatis</strong></span> <span class='ocrx_word' id='word_1_127' title='bbox 651 1853 875 1914; x_wconf 87' lang='lat' dir='ltr'><strong>tantum,</strong></span> <span class='ocrx_word' id='word_1_128' title='bbox 903 1861 1086 1901; x_wconf 91' lang='lat' dir='ltr'><strong>verum</strong></span> <span class='ocrx_word' id='word_1_129' title='bbox 1112 1845 1272 1902; x_wconf 87' lang='lat' dir='ltr'><strong>etiam</strong></span> <span class='ocrx_word' id='word_1_130' title='bbox 1303 1853 1361 1899; x_wconf 90' lang='lat' dir='ltr'><strong>ut</strong></span> <span class='ocrx_word' id='word_1_131' title='bbox 1385 1845 1468 1900; x_wconf 87' lang='lat' dir='ltr'><strong>his</strong></span> <span class='ocrx_word' id='word_1_132' title='bbox 1511 1845 1713 1901; x_wconf 89' lang='lat' dir='ltr'><strong>morbis</strong></span> <span class='ocrx_word' id='word_1_133' title='bbox 1743 1845 1896 1902; x_wconf 80' lang='lat' dir='ltr'><strong>labo-</strong></span> 
     </span>
    </p>
   </div>
   <div class='ocr_carea' id='block_1_19' title="bbox 315 1936 1891 2004">
    <p class='ocr_par' dir='ltr' id='par_1_19' title="bbox 315 1936 1891 2004">
     <span class='ocr_line' id='line_1_19' title="bbox 315 1936 1891 2004; baseline 0.001 -14"><span class='ocrx_word' id='word_1_134' title='bbox 315 1947 496 1994; x_wconf 81' lang='lat' dir='ltr'><strong>rantes</strong></span> <span class='ocrx_word' id='word_1_135' title='bbox 523 1940 741 1993; x_wconf 81' lang='lat' dir='ltr'><strong>sanctis.</strong></span> <span class='ocrx_word' id='word_1_136' title='bbox 768 1937 1220 2004; x_wconf 83' lang='lat' dir='ltr'><strong>Quemadmodum</strong></span> <span class='ocrx_word' id='word_1_137' title='bbox 1249 1937 1390 1992; x_wconf 91' lang='lat' dir='ltr'><strong>enim</strong></span> <span class='ocrx_word' id='word_1_138' title='bbox 1420 1936 1540 1991; x_wconf 91' lang='lat' dir='ltr'><strong>illos</strong></span> <span class='ocrx_word' id='word_1_139' title='bbox 1569 1937 1891 2004; x_wconf 85' lang='lat' dir='ltr'><strong>incusamus,</strong></span> 
     </span>
    </p>
   </div>
   <div class='ocr_carea' id='block_1_20' title="bbox 314 2029 1896 2100">
    <p class='ocr_par' dir='ltr' id='par_1_20' title="bbox 314 2029 1896 2100">
     <span class='ocr_line' id='line_1_20' title="bbox 314 2029 1896 2100; baseline 0.002 -17"><span class='ocrx_word' id='word_1_140' title='bbox 314 2029 457 2099; x_wconf 91' lang='lat' dir='ltr'><strong>quod</strong></span> <span class='ocrx_word' id='word_1_141' title='bbox 488 2029 694 2085; x_wconf 77' lang='lat' dir='ltr'><strong>infirma</strong></span> <span class='ocrx_word' id='word_1_142' title='bbox 724 2031 831 2084; x_wconf 75' lang='lat' dir='ltr'><strong>sint.</strong></span> <span class='ocrx_word' id='word_1_143' title='bbox 859 2029 962 2084; x_wconf 76' lang='lat' dir='ltr'><strong>(ide</strong></span> <span class='ocrx_word' id='word_1_144' title='bbox 989 2047 1003 2082; x_wconf 89' lang='lat'><strong>:</strong></span> <span class='ocrx_word' id='word_1_145' title='bbox 1030 2030 1108 2084; x_wconf 89' lang='lat' dir='ltr'><strong>sic</strong></span> <span class='ocrx_word' id='word_1_146' title='bbox 1131 2038 1185 2084; x_wconf 92' lang='lat' dir='ltr'><strong>et</strong></span> <span class='ocrx_word' id='word_1_147' title='bbox 1209 2043 1326 2097; x_wconf 89' lang='lat' dir='ltr'><strong>vos,</strong></span> <span class='ocrx_word' id='word_1_148' title='bbox 1351 2029 1491 2100; x_wconf 91' lang='lat' dir='ltr'><strong>quod</strong></span> <span class='ocrx_word' id='word_1_149' title='bbox 1519 2029 1758 2086; x_wconf 88' lang='lat' dir='ltr'><strong>intirmos</strong></span> <span class='ocrx_word' id='word_1_150' title='bbox 1782 2045 1896 2086; x_wconf 86' lang='lat' dir='ltr'><strong>cor-</strong></span> 
     </span>
    </p>
   </div>
   <div class='ocr_carea' id='block_1_21' title="bbox 317 2119 1888 2191">
    <p class='ocr_par' dir='ltr' id='par_1_21' title="bbox 317 2119 1888 2191">
     <span class='ocr_line' id='line_1_21' title="bbox 317 2119 1888 2191; baseline 0.001 -17"><span class='ocrx_word' id='word_1_151' title='bbox 317 2120 489 2189; x_wconf 78' lang='lat' dir='ltr'><strong>rigere</strong></span> <span class='ocrx_word' id='word_1_152' title='bbox 519 2135 623 2174; x_wconf 87' lang='lat' dir='ltr'><strong>non</strong></span> <span class='ocrx_word' id='word_1_153' title='bbox 652 2120 844 2174; x_wconf 79' lang='lat' dir='ltr'><strong>velitis.</strong></span> <span class='ocrx_word' id='word_1_154' title='bbox 867 2119 984 2174; x_wconf 86' lang='lat' dir='ltr'><strong>Non</strong></span> <span class='ocrx_word' id='word_1_155' title='bbox 1013 2120 1171 2190; x_wconf 81' lang='lat' dir='ltr'><strong>igitur</strong></span> <span class='ocrx_word' id='word_1_156' title='bbox 1199 2119 1303 2174; x_wconf 92' lang='lat' dir='ltr'><strong>hoc</strong></span> <span class='ocrx_word' id='word_1_157' title='bbox 1328 2129 1410 2174; x_wconf 89' lang='lat' dir='ltr'><strong>est</strong></span> <span class='ocrx_word' id='word_1_158' title='bbox 1445 2120 1586 2191; x_wconf 93' lang='lat' dir='ltr'><strong>quod</strong></span> <span class='ocrx_word' id='word_1_159' title='bbox 1615 2121 1888 2191; x_wconf 81' lang='lat' dir='ltr'><strong>quaeritur,</strong></span> 
     </span>
    </p>
   </div>
   <div class='ocr_carea' id='block_1_22' title="bbox 317 2210 1893 2282">
    <p class='ocr_par' dir='ltr' id='par_1_22' title="bbox 317 2210 1893 2282">
     <span class='ocr_line' id='line_1_22' title="bbox 317 2210 1893 2282; baseline 0.001 -18"><span class='ocrx_word' id='word_1_160' title='bbox 317 2210 532 2276; x_wconf 82' lang='lat' dir='ltr'><strong>dilecte,</strong></span> <span class='ocrx_word' id='word_1_161' title='bbox 561 2219 619 2265; x_wconf 90' lang='lat' dir='ltr'><strong>ut</strong></span> <span class='ocrx_word' id='word_1_162' title='bbox 645 2210 748 2266; x_wconf 88' lang='lat' dir='ltr'><strong>huc</strong></span> <span class='ocrx_word' id='word_1_163' title='bbox 775 2211 1045 2281; x_wconf 84' lang='lat' dir='ltr'><strong>ingressus</strong></span> <span class='ocrx_word' id='word_1_164' title='bbox 1085 2218 1288 2266; x_wconf 89' lang='lat' dir='ltr'><strong>tantum</strong></span> <span class='ocrx_word' id='word_1_165' title='bbox 1315 2211 1528 2277; x_wconf 88' lang='lat' dir='ltr'><strong>audias,</strong></span> <span class='ocrx_word' id='word_1_166' title='bbox 1561 2227 1681 2282; x_wconf 81' lang='lat' dir='ltr'><strong>qua:</strong></span> <span class='ocrx_word' id='word_1_167' title='bbox 1706 2213 1893 2267; x_wconf 91' lang='lat' dir='ltr'><strong>dicun-</strong></span> 
     </span>
    </p>
   </div>
   <div class='ocr_carea' id='block_1_23' title="bbox 317 2300 1892 2373">
    <p class='ocr_par' dir='ltr' id='par_1_23' title="bbox 317 2300 1892 2373">
     <span class='ocr_line' id='line_1_23' title="bbox 317 2300 1892 2373; baseline 0.003 -18"><span class='ocrx_word' id='word_1_168' title='bbox 317 2311 421 2355; x_wconf 91' lang='lat' dir='ltr'><strong>tur.</strong></span> <span class='ocrx_word' id='word_1_169' title='bbox 446 2300 580 2356; x_wconf 84' lang='lat' dir='ltr'><strong>Nam</strong></span> <span class='ocrx_word' id='word_1_170' title='bbox 627 2302 679 2357; x_wconf 91' lang='lat' dir='ltr'><strong>id</strong></span> <span class='ocrx_word' id='word_1_171' title='bbox 721 2301 936 2373; x_wconf 89' lang='lat' dir='ltr'><strong>quidem</strong></span> <span class='ocrx_word' id='word_1_172' title='bbox 965 2302 1124 2358; x_wconf 90' lang='lat' dir='ltr'><strong>etiam</strong></span> <span class='ocrx_word' id='word_1_173' title='bbox 1165 2302 1367 2358; x_wconf 89' lang='lat' dir='ltr'><strong>crimen</strong></span> <span class='ocrx_word' id='word_1_174' title='bbox 1394 2311 1509 2367; x_wconf 88' lang='lat' dir='ltr'><strong>est,</strong></span> <span class='ocrx_word' id='word_1_175' title='bbox 1549 2318 1668 2358; x_wconf 91' lang='lat' dir='ltr'><strong>cum</strong></span> <span class='ocrx_word' id='word_1_176' title='bbox 1698 2304 1892 2360; x_wconf 84' lang='lat' dir='ltr'><strong>auditis</strong></span> 
     </span>
    </p>
   </div>
   <div class='ocr_carea' id='block_1_24' title="bbox 319 2395 1888 2465">
    <p class='ocr_par' dir='ltr' id='par_1_24' title="bbox 319 2395 1888 2465">
     <span class='ocr_line' id='line_1_24' title="bbox 319 2395 1888 2465; baseline 0.001 -16"><span class='ocrx_word' id='word_1_177' title='bbox 319 2395 657 2450; x_wconf 83' lang='lat' dir='ltr'><strong>sermonibus</strong></span> <span class='ocrx_word' id='word_1_178' title='bbox 707 2411 812 2449; x_wconf 91' lang='lat' dir='ltr'><strong>non</strong></span> <span class='ocrx_word' id='word_1_179' title='bbox 858 2395 1159 2465; x_wconf 73' lang='lat' dir='ltr'><strong>adiungitur</strong></span> <span class='ocrx_word' id='word_1_180' title='bbox 1207 2409 1428 2464; x_wconf 90' lang='lat' dir='ltr'><strong>operum</strong></span> <span class='ocrx_word' id='word_1_181' title='bbox 1485 2395 1888 2451; x_wconf 75' lang='lat' dir='ltr'><strong>demonstratio.</strong></span> 
     </span>
    </p>
   </div>
   <div class='ocr_carea' id='block_1_25' title="bbox 315 2485 1892 2559">
    <p class='ocr_par' dir='ltr' id='par_1_25' title="bbox 315 2485 1892 2559">
     <span class='ocr_line' id='line_1_25' title="bbox 315 2485 1892 2559; baseline 0 -18"><span class='ocrx_word' id='word_1_182' title='bbox 315 2486 606 2559; x_wconf 81' lang='lat' dir='ltr'><strong>Propterea</strong></span> <span class='ocrx_word' id='word_1_183' title='bbox 630 2485 965 2542; x_wconf 88' lang='lat' dir='ltr'><strong>Christianus</strong></span> <span class='ocrx_word' id='word_1_184' title='bbox 989 2501 1066 2552; x_wconf 90' lang='lat' dir='ltr'><strong>es,</strong></span> <span class='ocrx_word' id='word_1_185' title='bbox 1092 2495 1150 2542; x_wconf 92' lang='lat' dir='ltr'><strong>ut</strong></span> <span class='ocrx_word' id='word_1_186' title='bbox 1175 2485 1445 2541; x_wconf 88' lang='lat' dir='ltr'><strong>Christum</strong></span> <span class='ocrx_word' id='word_1_187' title='bbox 1476 2486 1718 2553; x_wconf 88' lang='lat' dir='ltr'><strong>imiteris,</strong></span> <span class='ocrx_word' id='word_1_188' title='bbox 1748 2487 1892 2556; x_wconf 80' lang='lat' dir='ltr'><strong>ejus-</strong></span> 
     </span>
    </p>
   </div>
   <div class='ocr_carea' id='block_1_26' title="bbox 315 2577 1889 2649">
    <p class='ocr_par' dir='ltr' id='par_1_26' title="bbox 315 2577 1889 2649">
     <span class='ocr_line' id='line_1_26' title="bbox 315 2577 1889 2649; baseline 0.004 -20"><span class='ocrx_word' id='word_1_189' title='bbox 315 2593 419 2648; x_wconf 84' lang='lat' dir='ltr'><strong>que</strong></span> <span class='ocrx_word' id='word_1_190' title='bbox 447 2579 649 2648; x_wconf 84' lang='lat' dir='ltr'><strong>legibus</strong></span> <span class='ocrx_word' id='word_1_191' title='bbox 672 2593 874 2633; x_wconf 90' lang='lat' dir='ltr'><strong>morem</strong></span> <span class='ocrx_word' id='word_1_192' title='bbox 898 2593 1074 2649; x_wconf 81' lang='lat' dir='ltr'><strong>geras.</strong></span> <span class='ocrx_word' id='word_1_193' title='bbox 1103 2577 1242 2646; x_wconf 87' lang='lat' dir='ltr'><strong>Quid</strong></span> <span class='ocrx_word' id='word_1_194' title='bbox 1269 2587 1447 2634; x_wconf 91' lang='lat' dir='ltr'><strong>autem</strong></span> <span class='ocrx_word' id='word_1_195' title='bbox 1474 2578 1563 2634; x_wconf 91' lang='lat' dir='ltr'><strong>ille</strong></span> <span class='ocrx_word' id='word_1_196' title='bbox 1586 2578 1747 2634; x_wconf 81' lang='lat' dir='ltr'><strong>fecit?</strong></span> <span class='ocrx_word' id='word_1_197' title='bbox 1771 2579 1889 2636; x_wconf 82' lang='lat' dir='ltr'><strong>Non</strong></span> 
     </span>
    </p>
   </div>
   <div class='ocr_carea' id='block_1_27' title="bbox 315 2669 1899 2753">
    <p class='ocr_par' dir='ltr' id='par_1_27' title="bbox 315 2669 1899 2753">
     <span class='ocr_line' id='line_1_27' title="bbox 315 2669 1899 2753; baseline 0.002 -29"><span class='ocrx_word' id='word_1_198' title='bbox 315 2669 662 2740; x_wconf 81' lang='lat' dir='ltr'><strong>Jerosolymis</strong></span> <span class='ocrx_word' id='word_1_199' title='bbox 691 2669 943 2724; x_wconf 87' lang='lat' dir='ltr'><strong>desidens</strong></span> <span class='ocrx_word' id='word_1_200' title='bbox 970 2671 1178 2725; x_wconf 90' lang='lat' dir='ltr'><strong>vocavit</strong></span> <span class='ocrx_word' id='word_1_201' title='bbox 1202 2671 1270 2726; x_wconf 89' lang='lat' dir='ltr'><strong>ad</strong></span> <span class='ocrx_word' id='word_1_202' title='bbox 1298 2685 1358 2727; x_wconf 89' lang='lat' dir='ltr'><strong>se</strong></span> <span class='ocrx_word' id='word_1_203' title='bbox 1385 2679 1636 2741; x_wconf 77' lang='lat' dir='ltr'><strong>aegrotos,</strong></span> <span class='ocrx_word' id='word_1_204' title='bbox 1666 2671 1762 2727; x_wconf 88' lang='lat' dir='ltr'><strong>sed</strong></span> <span class='ocrx_word' id='word_1_205' title='bbox 1790 2671 1899 2753; x_wconf 16' lang='lat' dir='ltr'><strong>ob-i</strong></span> 
     </span>
    </p>
   </div>
   <div class='ocr_carea' id='block_1_28' title="bbox 314 2759 1891 2831">
    <p class='ocr_par' dir='ltr' id='par_1_28' title="bbox 314 2759 1891 2831">
     <span class='ocr_line' id='line_1_28' title="bbox 314 2759 1891 2831; baseline 0.003 -18"><span class='ocrx_word' id='word_1_206' title='bbox 314 2759 620 2814; x_wconf 77' lang='lat' dir='ltr'><strong>ambulabat</strong></span> <span class='ocrx_word' id='word_1_207' title='bbox 653 2760 894 2815; x_wconf 82' lang='lat' dir='ltr'><strong>civitates</strong></span> <span class='ocrx_word' id='word_1_208' title='bbox 935 2775 999 2815; x_wconf 89' lang='lat' dir='ltr'><strong>ac</strong></span> <span class='ocrx_word' id='word_1_209' title='bbox 1037 2761 1183 2815; x_wconf 82' lang='lat' dir='ltr'><strong>vicos</strong></span> <span class='ocrx_word' id='word_1_210' title='bbox 1207 2803 1220 2826; x_wconf 91' lang='lat'><strong>,</strong></span> <span class='ocrx_word' id='word_1_211' title='bbox 1249 2761 1492 2831; x_wconf 89' lang='lat' dir='ltr'><strong>geminos</strong></span> <span class='ocrx_word' id='word_1_212' title='bbox 1515 2776 1708 2817; x_wconf 88' lang='lat' dir='ltr'><strong>curans</strong></span> <span class='ocrx_word' id='word_1_213' title='bbox 1746 2777 1891 2818; x_wconf 82' lang='lat' dir='ltr'><strong>mor-</strong></span> 
     </span>
    </p>
   </div>
   <div class='ocr_carea' id='block_1_29' title="bbox 316 2849 1888 2920">
    <p class='ocr_par' dir='ltr' id='par_1_29' title="bbox 316 2849 1888 2920">
     <span class='ocr_line' id='line_1_29' title="bbox 316 2849 1888 2920; baseline 0.003 -17"><span class='ocrx_word' id='word_1_214' title='bbox 316 2849 432 2916; x_wconf 84' lang='lat' dir='ltr'><strong>bos,</strong></span> <span class='ocrx_word' id='word_1_215' title='bbox 452 2859 561 2904; x_wconf 89' lang='lat' dir='ltr'><strong>tum</strong></span> <span class='ocrx_word' id='word_1_216' title='bbox 581 2851 764 2917; x_wconf 89' lang='lat' dir='ltr'><strong>animi,</strong></span> <span class='ocrx_word' id='word_1_217' title='bbox 785 2858 894 2904; x_wconf 90' lang='lat' dir='ltr'><strong>tum</strong></span> <span class='ocrx_word' id='word_1_218' title='bbox 921 2851 1179 2920; x_wconf 89' lang='lat' dir='ltr'><strong>corporis.</strong></span> <span class='ocrx_word' id='word_1_219' title='bbox 1208 2851 1453 2905; x_wconf 84' lang='lat' dir='ltr'><strong>Attamen</strong></span> <span class='ocrx_word' id='word_1_220' title='bbox 1474 2859 1681 2920; x_wconf 87' lang='lat' dir='ltr'><strong>poterat</strong></span> <span class='ocrx_word' id='word_1_221' title='bbox 1699 2852 1888 2907; x_wconf 85' lang='lat' dir='ltr'><strong>eodem</strong></span> 
     </span>
    </p>
   </div>
   <div class='ocr_carea' id='block_1_30' title="bbox 315 2939 1888 2998">
    <p class='ocr_par' dir='ltr' id='par_1_30' title="bbox 315 2939 1888 2998">
     <span class='ocr_line' id='line_1_30' title="bbox 315 2939 1888 2998; baseline 0.004 -6"><span class='ocrx_word' id='word_1_222' title='bbox 315 2939 368 2993; x_wconf 91' lang='lat' dir='ltr'><strong>in</strong></span> <span class='ocrx_word' id='word_1_223' title='bbox 397 2939 514 2995; x_wconf 92' lang='lat' dir='ltr'><strong>loco</strong></span> <span class='ocrx_word' id='word_1_224' title='bbox 539 2940 967 2995; x_wconf 89' lang='lat' dir='ltr'><strong>sedensomnes</strong></span> <span class='ocrx_word' id='word_1_225' title='bbox 1007 2941 1073 2994; x_wconf 91' lang='lat' dir='ltr'><strong>ad</strong></span> <span class='ocrx_word' id='word_1_226' title='bbox 1117 2955 1178 2996; x_wconf 89' lang='lat' dir='ltr'><strong>se</strong></span> <span class='ocrx_word' id='word_1_227' title='bbox 1212 2939 1528 2996; x_wconf 88' lang='lat' dir='ltr'><strong>attrahere:</strong></span> <span class='ocrx_word' id='word_1_228' title='bbox 1556 2957 1660 2996; x_wconf 93' lang='lat' dir='ltr'><strong>non</strong></span> <span class='ocrx_word' id='word_1_229' title='bbox 1711 2950 1888 2998; x_wconf 90' lang='lat' dir='ltr'><strong>tamen</strong></span> 
     </span>
    </p>
   </div>
   <div class='ocr_carea' id='block_1_31' title="bbox 314 3030 1888 3102">
    <p class='ocr_par' dir='ltr' id='par_1_31' title="bbox 314 3030 1888 3102">
     <span class='ocr_line' id='line_1_31' title="bbox 314 3030 1888 3102; baseline 0.003 -17"><span class='ocrx_word' id='word_1_230' title='bbox 314 3030 416 3086; x_wconf 86' lang='lat' dir='ltr'><strong>hoc</strong></span> <span class='ocrx_word' id='word_1_231' title='bbox 439 3030 581 3096; x_wconf 86' lang='lat' dir='ltr'><strong>fecit,</strong></span> <span class='ocrx_word' id='word_1_232' title='bbox 610 3032 764 3086; x_wconf 91' lang='lat' dir='ltr'><strong>nobis</strong></span> <span class='ocrx_word' id='word_1_233' title='bbox 793 3032 1037 3102; x_wconf 73' lang='lat' dir='ltr'><strong>prazbens</strong></span> <span class='ocrx_word' id='word_1_234' title='bbox 1057 3031 1380 3102; x_wconf 78' lang='lat' dir='ltr'><strong>exemplum,</strong></span> <span class='ocrx_word' id='word_1_235' title='bbox 1407 3040 1466 3086; x_wconf 92' lang='lat' dir='ltr'><strong>ut</strong></span> <span class='ocrx_word' id='word_1_236' title='bbox 1484 3033 1888 3090; x_wconf 86' lang='lat' dir='ltr'><strong>obambulemus</strong></span> 
     </span>
    </p>
   </div>
   <div class='ocr_carea' id='block_1_32' title="bbox 311 3122 1888 3195">
    <p class='ocr_par' dir='ltr' id='par_1_32' title="bbox 311 3122 1888 3195">
     <span class='ocr_line' id='line_1_32' title="bbox 311 3122 1888 3195; baseline -0.001 -15"><span class='ocrx_word' id='word_1_237' title='bbox 311 3135 368 3180; x_wconf 83' lang='lat' dir='ltr'><strong>et</strong></span> <span class='ocrx_word' id='word_1_238' title='bbox 415 3140 716 3195; x_wconf 58' lang='lat' dir='ltr'><strong>quaeramus</strong></span> <span class='ocrx_word' id='word_1_239' title='bbox 753 3140 881 3191; x_wconf 90' lang='lat' dir='ltr'><strong>eos,</strong></span> <span class='ocrx_word' id='word_1_240' title='bbox 929 3124 1019 3194; x_wconf 85' lang='lat' dir='ltr'><strong>qui</strong></span> <span class='ocrx_word' id='word_1_241' title='bbox 1060 3131 1302 3193; x_wconf 86' lang='lat' dir='ltr'><strong>pereunt.</strong></span> <span class='ocrx_word' id='word_1_242' title='bbox 1341 3122 1546 3178; x_wconf 84' lang='lat' dir='ltr'><strong>Rursus</strong></span> <span class='ocrx_word' id='word_1_243' title='bbox 1585 3123 1689 3178; x_wconf 88' lang='lat' dir='ltr'><strong>hoc</strong></span> <span class='ocrx_word' id='word_1_244' title='bbox 1729 3124 1888 3179; x_wconf 85' lang='lat' dir='ltr'><strong>etiam</strong></span> 
     </span>
    </p>
   </div>
   <div class='ocr_carea' id='block_1_33' title="bbox 313 3213 1882 3286">
    <p class='ocr_par' dir='ltr' id='par_1_33' title="bbox 313 3213 1882 3286">
     <span class='ocr_line' id='line_1_33' title="bbox 313 3213 1882 3286; baseline 0.001 -17"><span class='ocrx_word' id='word_1_245' title='bbox 313 3216 565 3286; x_wconf 83' lang='lat' dir='ltr'><strong>parabola</strong></span> <span class='ocrx_word' id='word_1_246' title='bbox 592 3215 658 3270; x_wconf 91' lang='lat' dir='ltr'><strong>de</strong></span> <span class='ocrx_word' id='word_1_247' title='bbox 687 3223 896 3286; x_wconf 87' lang='lat' dir='ltr'><strong>pastore</strong></span> <span class='ocrx_word' id='word_1_248' title='bbox 924 3214 1238 3286; x_wconf 82' lang='lat' dir='ltr'><strong>significavit</strong></span> <span class='ocrx_word' id='word_1_249' title='bbox 1263 3215 1282 3284; x_wconf 92' lang='lat'><strong>(</strong></span> <span class='ocrx_word' id='word_1_250' title='bbox 1299 3213 1422 3268; x_wconf 84' lang='lat' dir='ltr'><strong>Luc.</strong></span> <span class='ocrx_word' id='word_1_251' title='bbox 1457 3216 1542 3269; x_wconf 80' lang='grc'><strong>15.</strong></span> <span class='ocrx_word' id='word_1_252' title='bbox 1585 3215 1736 3286; x_wconf 72' lang='grc' dir='ltr'><strong>ι-δ).</strong></span> <span class='ocrx_word' id='word_1_253' title='bbox 1767 3215 1882 3270; x_wconf 85' lang='lat' dir='ltr'><strong>Non</strong></span> 
     </span>
    </p>
   </div>
   <div class='ocr_carea' id='block_1_34' title="bbox 312 3306 1890 3377">
    <p class='ocr_par' dir='ltr' id='par_1_34' title="bbox 312 3306 1890 3377">
     <span class='ocr_line' id='line_1_34' title="bbox 312 3306 1890 3377; baseline 0.001 -18"><span class='ocrx_word' id='word_1_254' title='bbox 312 3307 456 3360; x_wconf 82' lang='lat' dir='ltr'><strong>enim</strong></span> <span class='ocrx_word' id='word_1_255' title='bbox 484 3306 759 3362; x_wconf 87' lang='lat' dir='ltr'><strong>desidebat</strong></span> <span class='ocrx_word' id='word_1_256' title='bbox 786 3322 906 3363; x_wconf 92' lang='lat' dir='ltr'><strong>cum</strong></span> <span class='ocrx_word' id='word_1_257' title='bbox 937 3307 1221 3377; x_wconf 80' lang='lat' dir='ltr'><strong>nonaginta</strong></span> <span class='ocrx_word' id='word_1_258' title='bbox 1246 3320 1436 3361; x_wconf 90' lang='lat' dir='ltr'><strong>novem</strong></span> <span class='ocrx_word' id='word_1_259' title='bbox 1465 3307 1672 3374; x_wconf 88' lang='lat' dir='ltr'><strong>ovibus,</strong></span> <span class='ocrx_word' id='word_1_260' title='bbox 1701 3321 1890 3377; x_wconf 80' lang='lat' dir='ltr'><strong>exspe-</strong></span> 
     </span>
    </p>
   </div>
   <div class='ocr_carea' id='block_1_35' title="bbox 309 3396 1888 3470">
    <p class='ocr_par' dir='ltr' id='par_1_35' title="bbox 309 3396 1888 3470">
     <span class='ocr_line' id='line_1_35' title="bbox 309 3396 1888 3470; baseline 0.003 -17"><span class='ocrx_word' id='word_1_261' title='bbox 309 3408 463 3453; x_wconf 86' lang='lat' dir='ltr'><strong>ctans</strong></span> <span class='ocrx_word' id='word_1_262' title='bbox 492 3396 681 3465; x_wconf 79' lang='lat' dir='ltr'><strong>donec,</strong></span> <span class='ocrx_word' id='word_1_263' title='bbox 705 3415 824 3470; x_wconf 74' lang='lat' dir='ltr'><strong>qua:</strong></span> <span class='ocrx_word' id='word_1_264' title='bbox 843 3400 1186 3455; x_wconf 86' lang='lat' dir='ltr'><strong>aberraverat</strong></span> <span class='ocrx_word' id='word_1_265' title='bbox 1203 3441 1219 3465; x_wconf 95' lang='lat'><strong>,</strong></span> <span class='ocrx_word' id='word_1_266' title='bbox 1249 3400 1456 3455; x_wconf 88' lang='lat' dir='ltr'><strong>veniret</strong></span> <span class='ocrx_word' id='word_1_267' title='bbox 1478 3400 1544 3455; x_wconf 83' lang='lat' dir='ltr'><strong>ad</strong></span> <span class='ocrx_word' id='word_1_268' title='bbox 1567 3400 1770 3470; x_wconf 88' lang='lat' dir='ltr'><strong>ipsum;</strong></span> <span class='ocrx_word' id='word_1_269' title='bbox 1793 3401 1888 3458; x_wconf 84' lang='lat' dir='ltr'><strong>sed</strong></span> 
     </span>
    </p>
   </div>
   <div class='ocr_carea' id='block_1_36' title="bbox 309 3489 1889 3562">
    <p class='ocr_par' dir='ltr' id='par_1_36' title="bbox 309 3489 1889 3562">
     <span class='ocr_line' id='line_1_36' title="bbox 309 3489 1889 3562; baseline 0.003 -19"><span class='ocrx_word' id='word_1_270' title='bbox 309 3489 443 3544; x_wconf 88' lang='lat' dir='ltr'><strong>abiit</strong></span> <span class='ocrx_word' id='word_1_271' title='bbox 472 3490 603 3559; x_wconf 88' lang='lat' dir='ltr'><strong>ipse,</strong></span> <span class='ocrx_word' id='word_1_272' title='bbox 631 3497 685 3546; x_wconf 88' lang='lat' dir='ltr'><strong>et</strong></span> <span class='ocrx_word' id='word_1_273' title='bbox 710 3490 951 3556; x_wconf 88' lang='lat' dir='ltr'><strong>invenit,</strong></span> <span class='ocrx_word' id='word_1_274' title='bbox 982 3493 1358 3562; x_wconf 89' lang='lat' dir='ltr'><strong>inventamque</strong></span> <span class='ocrx_word' id='word_1_275' title='bbox 1390 3499 1618 3561; x_wconf 77' lang='lat' dir='ltr'><strong>gestam</strong></span> <span class='ocrx_word' id='word_1_276' title='bbox 1653 3491 1889 3548; x_wconf 87' lang='lat' dir='ltr'><strong>humeris</strong></span> 
     </span>
    </p>
   </div>
   <div class='ocr_carea' id='block_1_37' title="bbox 307 3583 1887 3655">
    <p class='ocr_par' dir='ltr' id='par_1_37' title="bbox 307 3583 1887 3655">
     <span class='ocr_line' id='line_1_37' title="bbox 307 3583 1887 3655; baseline 0.003 -18"><span class='ocrx_word' id='word_1_277' title='bbox 307 3599 376 3638; x_wconf 83' lang='lat' dir='ltr'><strong>ac</strong></span> <span class='ocrx_word' id='word_1_278' title='bbox 404 3583 632 3638; x_wconf 84' lang='lat' dir='ltr'><strong>reduxit.</strong></span> <span class='ocrx_word' id='word_1_279' title='bbox 655 3584 846 3638; x_wconf 80' lang='lat' dir='ltr'><strong>Annon</strong></span> <span class='ocrx_word' id='word_1_280' title='bbox 874 3583 1022 3639; x_wconf 87' lang='lat' dir='ltr'><strong>vides</strong></span> <span class='ocrx_word' id='word_1_281' title='bbox 1050 3583 1282 3638; x_wconf 89' lang='lat' dir='ltr'><strong>medicos</strong></span> <span class='ocrx_word' id='word_1_282' title='bbox 1324 3599 1533 3654; x_wconf 89' lang='lat' dir='ltr'><strong>quoque</strong></span> <span class='ocrx_word' id='word_1_283' title='bbox 1576 3583 1679 3641; x_wconf 86' lang='lat' dir='ltr'><strong>hoc</strong></span> <span class='ocrx_word' id='word_1_284' title='bbox 1715 3585 1887 3655; x_wconf 88' lang='lat' dir='ltr'><strong>ipsum</strong></span> 
     </span>
    </p>
   </div>
   <div class='ocr_carea' id='block_1_38' title="bbox 308 3671 1888 3744">
    <p class='ocr_par' dir='ltr' id='par_1_38' title="bbox 308 3671 1888 3744">
     <span class='ocr_line' id='line_1_38' title="bbox 308 3671 1888 3744; baseline 0.003 -18"><span class='ocrx_word' id='word_1_285' title='bbox 308 3671 524 3728; x_wconf 81' lang='lat' dir='ltr'><strong>facere?</strong></span> <span class='ocrx_word' id='word_1_286' title='bbox 564 3672 682 3728; x_wconf 90' lang='lat' dir='ltr'><strong>Non</strong></span> <span class='ocrx_word' id='word_1_287' title='bbox 711 3683 905 3743; x_wconf 90' lang='lat' dir='ltr'><strong>cogunt</strong></span> <span class='ocrx_word' id='word_1_288' title='bbox 945 3681 1173 3744; x_wconf 67' lang='lat' dir='ltr'><strong>aegrotos</strong></span> <span class='ocrx_word' id='word_1_289' title='bbox 1215 3675 1356 3729; x_wconf 89' lang='lat' dir='ltr'><strong>lecto</strong></span> <span class='ocrx_word' id='word_1_290' title='bbox 1397 3674 1775 3730; x_wconf 88' lang='lat' dir='ltr'><strong>decumbentes</strong></span> <span class='ocrx_word' id='word_1_291' title='bbox 1821 3676 1888 3731; x_wconf 83' lang='lat' dir='ltr'><strong>ad</strong></span> 
     </span>
    </p>
   </div>
   <div class='ocr_carea' id='block_1_39' title="bbox 308 3763 1889 3835">
    <p class='ocr_par' dir='ltr' id='par_1_39' title="bbox 308 3763 1889 3835">
     <span class='ocr_line' id='line_1_39' title="bbox 308 3763 1889 3835; baseline 0.001 -15"><span class='ocrx_word' id='word_1_292' title='bbox 308 3765 548 3835; x_wconf 86' lang='lat' dir='ltr'><strong>ipsorum</strong></span> <span class='ocrx_word' id='word_1_293' title='bbox 575 3763 718 3818; x_wconf 68' lang='lat' dir='ltr'><strong>aades</strong></span> <span class='ocrx_word' id='word_1_294' title='bbox 744 3764 959 3831; x_wconf 81' lang='lat' dir='ltr'><strong>deferri,</strong></span> <span class='ocrx_word' id='word_1_295' title='bbox 989 3765 1082 3820; x_wconf 90' lang='lat' dir='ltr'><strong>sed</strong></span> <span class='ocrx_word' id='word_1_296' title='bbox 1113 3765 1213 3835; x_wconf 89' lang='lat' dir='ltr'><strong>ipsi</strong></span> <span class='ocrx_word' id='word_1_297' title='bbox 1239 3775 1522 3821; x_wconf 87' lang='lat' dir='ltr'><strong>accurrunt</strong></span> <span class='ocrx_word' id='word_1_298' title='bbox 1543 3766 1610 3821; x_wconf 90' lang='lat' dir='ltr'><strong>ad</strong></span> <span class='ocrx_word' id='word_1_299' title='bbox 1638 3780 1751 3821; x_wconf 87' lang='lat' dir='ltr'><strong>eos.</strong></span> <span class='ocrx_word' id='word_1_300' title='bbox 1776 3767 1889 3823; x_wconf 81' lang='lat' dir='ltr'><strong>Hoc</strong></span> 
     </span>
    </p>
   </div>
   <div class='ocr_carea' id='block_1_40' title="bbox 309 3857 1890 3929">
    <p class='ocr_par' dir='ltr' id='par_1_40' title="bbox 309 3857 1890 3929">
     <span class='ocr_line' id='line_1_40' title="bbox 309 3857 1890 3929; baseline 0.001 -16"><span class='ocrx_word' id='word_1_301' title='bbox 309 3867 367 3913; x_wconf 91' lang='lat' dir='ltr'><strong>et</strong></span> <span class='ocrx_word' id='word_1_302' title='bbox 413 3868 466 3912; x_wconf 94' lang='lat' dir='ltr'><strong>tu</strong></span> <span class='ocrx_word' id='word_1_303' title='bbox 515 3858 708 3924; x_wconf 87' lang='lat' dir='ltr'><strong>facito,</strong></span> <span class='ocrx_word' id='word_1_304' title='bbox 754 3857 950 3913; x_wconf 85' lang='lat' dir='ltr'><strong>dilecte</strong></span> <span class='ocrx_word' id='word_1_305' title='bbox 973 3899 988 3922; x_wconf 91' lang='lat'><strong>,</strong></span> <span class='ocrx_word' id='word_1_306' title='bbox 1031 3860 1208 3913; x_wconf 89' lang='lat' dir='ltr'><strong>sciens</strong></span> <span class='ocrx_word' id='word_1_307' title='bbox 1236 3868 1552 3929; x_wconf 78' lang='lat' dir='ltr'><strong>prmsentem</strong></span> <span class='ocrx_word' id='word_1_308' title='bbox 1584 3859 1744 3914; x_wconf 86' lang='lat' dir='ltr'><strong>vitam</strong></span> <span class='ocrx_word' id='word_1_309' title='bbox 1770 3875 1890 3916; x_wconf 89' lang='lat' dir='ltr'><strong>esse</strong></span> 
     </span>
    </p>
   </div>
   <div class='ocr_carea' id='block_1_41' title="bbox 312 3948 1891 4018">
    <p class='ocr_par' dir='ltr' id='par_1_41' title="bbox 312 3948 1891 4018">
     <span class='ocr_line' id='line_1_41' title="bbox 312 3948 1891 4018; baseline 0.002 -16"><span class='ocrx_word' id='word_1_310' title='bbox 312 3950 534 4004; x_wconf 85' lang='lat' dir='ltr'><strong>brevem</strong></span> <span class='ocrx_word' id='word_1_311' title='bbox 561 3990 576 4016; x_wconf 96' lang='lat'><strong>,</strong></span> <span class='ocrx_word' id='word_1_312' title='bbox 606 3964 670 4003; x_wconf 89' lang='lat' dir='ltr'><strong>ac</strong></span> <span class='ocrx_word' id='word_1_313' title='bbox 699 3949 796 4003; x_wconf 87' lang='lat' dir='ltr'><strong>nisi</strong></span> <span class='ocrx_word' id='word_1_314' title='bbox 826 3949 939 4003; x_wconf 68' lang='lat' dir='ltr'><strong>haec</strong></span> <span class='ocrx_word' id='word_1_315' title='bbox 966 3950 1111 4003; x_wconf 85' lang='lat' dir='ltr'><strong>lucra</strong></span> <span class='ocrx_word' id='word_1_316' title='bbox 1140 3948 1500 4018; x_wconf 84' lang='lat' dir='ltr'><strong>paraverimus</strong></span> <span class='ocrx_word' id='word_1_317' title='bbox 1519 3989 1534 4015; x_wconf 95' lang='lat'><strong>,</strong></span> <span class='ocrx_word' id='word_1_318' title='bbox 1565 3949 1761 4004; x_wconf 90' lang='lat' dir='ltr'><strong>nullam</strong></span> <span class='ocrx_word' id='word_1_319' title='bbox 1792 3964 1891 4006; x_wconf 90' lang='lat' dir='ltr'><strong>nos</strong></span> 
     </span>
    </p>
   </div>
   <div class='ocr_carea' id='block_1_42' title="bbox 312 4040 1888 4112">
    <p class='ocr_par' dir='ltr' id='par_1_42' title="bbox 312 4040 1888 4112">
     <span class='ocr_line' id='line_1_42' title="bbox 312 4040 1888 4112; baseline 0.001 -17"><span class='ocrx_word' id='word_1_320' title='bbox 312 4041 422 4095; x_wconf 76' lang='lat' dir='ltr'><strong>illic</strong></span> <span class='ocrx_word' id='word_1_321' title='bbox 447 4040 721 4096; x_wconf 90' lang='lat' dir='ltr'><strong>habituros</strong></span> <span class='ocrx_word' id='word_1_322' title='bbox 750 4055 869 4095; x_wconf 87' lang='lat' dir='ltr'><strong>csse</strong></span> <span class='ocrx_word' id='word_1_323' title='bbox 899 4041 1146 4095; x_wconf 88' lang='lat' dir='ltr'><strong>salutem.</strong></span> <span class='ocrx_word' id='word_1_324' title='bbox 1170 4041 1323 4110; x_wconf 73' lang='lat' dir='ltr'><strong>Smpe</strong></span> <span class='ocrx_word' id='word_1_325' title='bbox 1350 4057 1451 4094; x_wconf 90' lang='lat' dir='ltr'><strong>una</strong></span> <span class='ocrx_word' id='word_1_326' title='bbox 1481 4042 1656 4096; x_wconf 88' lang='lat' dir='ltr'><strong>anima</strong></span> <span class='ocrx_word' id='word_1_327' title='bbox 1679 4083 1694 4109; x_wconf 91' lang='lat'><strong>,</strong></span> <span class='ocrx_word' id='word_1_328' title='bbox 1727 4056 1888 4112; x_wconf 88' lang='lat' dir='ltr'><strong>quam</strong></span> 
     </span>
    </p>
   </div>
   <div class='ocr_carea' id='block_1_43' title="bbox 313 4130 1888 4202">
    <p class='ocr_par' dir='ltr' id='par_1_43' title="bbox 313 4130 1888 4202">
     <span class='ocr_line' id='line_1_43' title="bbox 313 4130 1888 4202; baseline 0.002 -17"><span class='ocrx_word' id='word_1_329' title='bbox 313 4132 503 4187; x_wconf 85' lang='lat' dir='ltr'><strong>lucrati</strong></span> <span class='ocrx_word' id='word_1_330' title='bbox 535 4130 824 4195; x_wconf 83' lang='lat' dir='ltr'><strong>fuerimus,</strong></span> <span class='ocrx_word' id='word_1_331' title='bbox 853 4140 1028 4200; x_wconf 88' lang='lat' dir='ltr'><strong>potest</strong></span> <span class='ocrx_word' id='word_1_332' title='bbox 1057 4131 1516 4187; x_wconf 88' lang='lat' dir='ltr'><strong>innumerabilium</strong></span> <span class='ocrx_word' id='word_1_333' title='bbox 1547 4141 1888 4202; x_wconf 89' lang='lat' dir='ltr'><strong>peccatorum</strong></span> 
     </span>
    </p>
   </div>
   <div class='ocr_carea' id='block_1_44' title="bbox 313 4221 1890 4291">
    <p class='ocr_par' dir='ltr' id='par_1_44' title="bbox 313 4221 1890 4291">
     <span class='ocr_line' id='line_1_44' title="bbox 313 4221 1890 4291; baseline 0.004 -19"><span class='ocrx_word' id='word_1_334' title='bbox 313 4222 522 4290; x_wconf 85' lang='lat' dir='ltr'><strong>pondus</strong></span> <span class='ocrx_word' id='word_1_335' title='bbox 547 4221 762 4277; x_wconf 88' lang='lat' dir='ltr'><strong>abolere</strong></span> <span class='ocrx_word' id='word_1_336' title='bbox 781 4262 796 4286; x_wconf 89' lang='lat'><strong>,</strong></span> <span class='ocrx_word' id='word_1_337' title='bbox 825 4222 1119 4291; x_wconf 71' lang='lat' dir='ltr'><strong>animmque</strong></span> <span class='ocrx_word' id='word_1_338' title='bbox 1148 4221 1470 4277; x_wconf 68' lang='lat' dir='ltr'><strong>redimendae</strong></span> <span class='ocrx_word' id='word_1_339' title='bbox 1509 4221 1623 4276; x_wconf 83' lang='lat' dir='ltr'><strong>fieri</strong></span> <span class='ocrx_word' id='word_1_340' title='bbox 1660 4223 1890 4291; x_wconf 90' lang='lat' dir='ltr'><strong>pretium</strong></span> 
     </span>
    </p>
   </div>
   <div class='ocr_carea' id='block_1_45' title="bbox 311 4315 1893 4385">
    <p class='ocr_par' dir='ltr' id='par_1_45' title="bbox 311 4315 1893 4385">
     <span class='ocr_line' id='line_1_45' title="bbox 311 4315 1893 4385; baseline 0.001 -17"><span class='ocrx_word' id='word_1_341' title='bbox 311 4315 368 4368; x_wconf 91' lang='lat' dir='ltr'><strong>in</strong></span> <span class='ocrx_word' id='word_1_342' title='bbox 417 4315 508 4369; x_wconf 91' lang='lat' dir='ltr'><strong>illo</strong></span> <span class='ocrx_word' id='word_1_343' title='bbox 549 4315 654 4370; x_wconf 91' lang='lat' dir='ltr'><strong>die.</strong></span> <span class='ocrx_word' id='word_1_344' title='bbox 695 4315 879 4385; x_wconf 84' lang='lat' dir='ltr'><strong>Cogita</strong></span> <span class='ocrx_word' id='word_1_345' title='bbox 921 4331 1016 4369; x_wconf 90' lang='lat' dir='ltr'><strong>cur</strong></span> <span class='ocrx_word' id='word_1_346' title='bbox 1047 4315 1317 4384; x_wconf 68' lang='lat' dir='ltr'><strong>propheta:</strong></span> <span class='ocrx_word' id='word_1_347' title='bbox 1339 4355 1354 4380; x_wconf 92' lang='lat'><strong>,</strong></span> <span class='ocrx_word' id='word_1_348' title='bbox 1384 4330 1480 4370; x_wconf 91' lang='lat' dir='ltr'><strong>cur</strong></span> <span class='ocrx_word' id='word_1_349' title='bbox 1502 4315 1765 4384; x_wconf 90' lang='lat' dir='ltr'><strong>apostoli,</strong></span> <span class='ocrx_word' id='word_1_350' title='bbox 1797 4331 1893 4370; x_wconf 91' lang='lat' dir='ltr'><strong>cur</strong></span> 
     </span>
    </p>
   </div>
   <div class='ocr_carea' id='block_1_46' title="bbox 282 4403 1888 4475">
    <p class='ocr_par' dir='ltr' id='par_1_46' title="bbox 282 4403 1888 4475">
     <span class='ocr_line' id='line_1_46' title="bbox 282 4403 1888 4475; baseline 0 -16"><span class='ocrx_word' id='word_1_351' title='bbox 282 4457 286 4459; x_wconf 64' lang='lat'><strong><em>,</em></strong></span> <span class='ocrx_word' id='word_1_352' title='bbox 312 4403 462 4474; x_wconf 73' lang='lat' dir='ltr'><strong>justi,</strong></span> <span class='ocrx_word' id='word_1_353' title='bbox 489 4419 587 4458; x_wconf 91' lang='lat' dir='ltr'><strong>cur</strong></span> <span class='ocrx_word' id='word_1_354' title='bbox 615 4403 923 4474; x_wconf 87' lang='lat' dir='ltr'><strong>frequenter</strong></span> <span class='ocrx_word' id='word_1_355' title='bbox 947 4405 1122 4475; x_wconf 88' lang='lat' dir='ltr'><strong>angeli</strong></span> <span class='ocrx_word' id='word_1_356' title='bbox 1155 4405 1300 4458; x_wconf 89' lang='lat' dir='ltr'><strong>missi</strong></span> <span class='ocrx_word' id='word_1_357' title='bbox 1329 4403 1434 4458; x_wconf 90' lang='lat' dir='ltr'><strong>sint</strong></span> <span class='ocrx_word' id='word_1_358' title='bbox 1455 4446 1470 4472; x_wconf 95' lang='lat'><strong>,</strong></span> <span class='ocrx_word' id='word_1_359' title='bbox 1501 4418 1598 4460; x_wconf 89' lang='lat' dir='ltr'><strong>cur</strong></span> <span class='ocrx_word' id='word_1_360' title='bbox 1623 4405 1739 4474; x_wconf 84' lang='lat' dir='ltr'><strong>ipse</strong></span> <span class='ocrx_word' id='word_1_361' title='bbox 1768 4405 1888 4459; x_wconf 88' lang='lat' dir='ltr'><strong>uni-</strong></span> 
     </span>
    </p>
   </div>
   <div class='ocr_carea' id='block_1_47' title="bbox 312 4491 1890 4565">
    <p class='ocr_par' dir='ltr' id='par_1_47' title="bbox 312 4491 1890 4565">
     <span class='ocr_line' id='line_1_47' title="bbox 312 4491 1890 4565; baseline 0.001 -16"><span class='ocrx_word' id='word_1_362' title='bbox 312 4496 524 4565; x_wconf 86' lang='lat' dir='ltr'><strong>genitus</strong></span> <span class='ocrx_word' id='word_1_363' title='bbox 557 4495 649 4551; x_wconf 87' lang='lat' dir='ltr'><strong>Dei</strong></span> <span class='ocrx_word' id='word_1_364' title='bbox 680 4495 844 4551; x_wconf 87' lang='lat' dir='ltr'><strong>Filius</strong></span> <span class='ocrx_word' id='word_1_365' title='bbox 867 4495 1162 4553; x_wconf 82' lang='lat' dir='ltr'><strong>advenerit.</strong></span> <span class='ocrx_word' id='word_1_366' title='bbox 1184 4491 1376 4548; x_wconf 83' lang='lat' dir='ltr'><strong>Annon</strong></span> <span class='ocrx_word' id='word_1_367' title='bbox 1411 4503 1469 4548; x_wconf 90' lang='lat' dir='ltr'><strong>ut</strong></span> <span class='ocrx_word' id='word_1_368' title='bbox 1501 4496 1744 4551; x_wconf 84' lang='lat' dir='ltr'><strong>homines</strong></span> <span class='ocrx_word' id='word_1_369' title='bbox 1770 4512 1890 4550; x_wconf 88' lang='lat' dir='ltr'><strong>ser-</strong></span> 
     </span>
    </p>
   </div>
   <div class='ocr_carea' id='block_1_48' title="bbox 314 4585 1891 4643">
    <p class='ocr_par' dir='ltr' id='par_1_48' title="bbox 314 4585 1891 4643">
     <span class='ocr_line' id='line_1_48' title="bbox 314 4585 1891 4643; baseline -0.001 -2"><span class='ocrx_word' id='word_1_370' title='bbox 314 4588 512 4643; x_wconf 76' lang='lat' dir='ltr'><strong>varet?</strong></span> <span class='ocrx_word' id='word_1_371' title='bbox 539 4587 727 4642; x_wconf 81' lang='lat' dir='ltr'><strong>Annon</strong></span> <span class='ocrx_word' id='word_1_372' title='bbox 775 4597 831 4640; x_wconf 92' lang='lat' dir='ltr'><strong>ut</strong></span> <span class='ocrx_word' id='word_1_373' title='bbox 860 4602 954 4642; x_wconf 89' lang='lat' dir='ltr'><strong>eos</strong></span> <span class='ocrx_word' id='word_1_374' title='bbox 995 4594 1244 4642; x_wconf 79' lang='lat' dir='ltr'><strong>errantes-</strong></span> <span class='ocrx_word' id='word_1_375' title='bbox 1278 4585 1574 4641; x_wconf 88' lang='lat' dir='ltr'><strong>reduceret.</strong></span> <span class='ocrx_word' id='word_1_376' title='bbox 1609 4585 1720 4640; x_wconf 88' lang='lat' dir='ltr'><strong>lloc</strong></span> <span class='ocrx_word' id='word_1_377' title='bbox 1751 4586 1891 4641; x_wconf 91' lang='lat' dir='ltr'><strong>idem</strong></span> 
     </span>
    </p>
   </div>
   <div class='ocr_carea' id='block_1_49' title="bbox 312 4680 1889 4751">
    <p class='ocr_par' dir='ltr' id='par_1_49' title="bbox 312 4680 1889 4751">
     <span class='ocr_line' id='line_1_49' title="bbox 312 4680 1889 4751; baseline 0 -17"><span class='ocrx_word' id='word_1_378' title='bbox 312 4696 442 4749; x_wconf 80' lang='lat' dir='ltr'><strong>agas</strong></span> <span class='ocrx_word' id='word_1_379' title='bbox 484 4689 539 4734; x_wconf 91' lang='lat' dir='ltr'><strong>tu</strong></span> <span class='ocrx_word' id='word_1_380' title='bbox 581 4696 790 4751; x_wconf 91' lang='lat' dir='ltr'><strong>quoque</strong></span> <span class='ocrx_word' id='word_1_381' title='bbox 829 4695 924 4749; x_wconf 87' lang='lat' dir='ltr'><strong>pro</strong></span> <span class='ocrx_word' id='word_1_382' title='bbox 961 4680 1160 4734; x_wconf 88' lang='lat' dir='ltr'><strong>viribus</strong></span> <span class='ocrx_word' id='word_1_383' title='bbox 1191 4680 1329 4745; x_wconf 91' lang='lat' dir='ltr'><strong>tuis,</strong></span> <span class='ocrx_word' id='word_1_384' title='bbox 1359 4694 1622 4749; x_wconf 85' lang='lat' dir='ltr'><strong>omneque</strong></span> <span class='ocrx_word' id='word_1_385' title='bbox 1659 4680 1889 4734; x_wconf 86' lang='lat' dir='ltr'><strong>studium</strong></span> 
     </span>
    </p>
   </div>
   <div class='ocr_carea' id='block_1_50' title="bbox 312 4770 1890 4841">
    <p class='ocr_par' dir='ltr' id='par_1_50' title="bbox 312 4770 1890 4841">
     <span class='ocr_line' id='line_1_50' title="bbox 312 4770 1890 4841; baseline 0.001 -17"><span class='ocrx_word' id='word_1_386' title='bbox 312 4787 381 4828; x_wconf 81' lang='lat' dir='ltr'><strong>ae</strong></span> <span class='ocrx_word' id='word_1_387' title='bbox 403 4771 815 4826; x_wconf 80' lang='lat' dir='ltr'><strong>sollicitudinem</strong></span> <span class='ocrx_word' id='word_1_388' title='bbox 847 4771 1125 4841; x_wconf 83' lang='lat' dir='ltr'><strong>impendas</strong></span> <span class='ocrx_word' id='word_1_389' title='bbox 1148 4771 1214 4826; x_wconf 92' lang='lat' dir='ltr'><strong>ad</strong></span> <span class='ocrx_word' id='word_1_390' title='bbox 1242 4770 1600 4826; x_wconf 88' lang='lat' dir='ltr'><strong>reducendum</strong></span> <span class='ocrx_word' id='word_1_391' title='bbox 1639 4785 1732 4825; x_wconf 92' lang='lat' dir='ltr'><strong>eos</strong></span> <span class='ocrx_word' id='word_1_392' title='bbox 1755 4811 1770 4837; x_wconf 96' lang='lat'><strong>,</strong></span> <span class='ocrx_word' id='word_1_393' title='bbox 1801 4771 1890 4840; x_wconf 87' lang='lat' dir='ltr'><strong>qui</strong></span> 
     </span>
    </p>
   </div>
   <div class='ocr_carea' id='block_1_51' title="bbox 313 4860 1890 4932">
    <p class='ocr_par' dir='ltr' id='par_1_51' title="bbox 313 4860 1890 4932">
     <span class='ocr_line' id='line_1_51' title="bbox 313 4860 1890 4932; baseline -0.002 -16"><span class='ocrx_word' id='word_1_394' title='bbox 313 4862 653 4917; x_wconf 79' lang='lat' dir='ltr'><strong>aberrarunt.</strong></span> <span class='ocrx_word' id='word_1_395' title='bbox 683 4862 764 4918; x_wconf 86' lang='lat' dir='ltr'><strong>Ad</strong></span> <span class='ocrx_word' id='word_1_396' title='bbox 793 4862 906 4917; x_wconf 63' lang='lat' dir='ltr'><strong>hate</strong></span> <span class='ocrx_word' id='word_1_397' title='bbox 934 4878 1030 4918; x_wconf 85' lang='lat' dir='ltr'><strong>vos</strong></span> <span class='ocrx_word' id='word_1_398' title='bbox 1054 4862 1276 4932; x_wconf 78' lang='lat' dir='ltr'><strong>Singulis</strong></span> <span class='ocrx_word' id='word_1_399' title='bbox 1310 4861 1656 4917; x_wconf 90' lang='lat' dir='ltr'><strong>concionibus</strong></span> <span class='ocrx_word' id='word_1_400' title='bbox 1694 4860 1890 4916; x_wconf 81' lang='lat' dir='ltr'><strong>adhor-</strong></span> 
     </span>
    </p>
   </div>
   <div class='ocr_carea' id='block_1_52' title="bbox 315 4951 1890 5020">
    <p class='ocr_par' dir='ltr' id='par_1_52' title="bbox 315 4951 1890 5020">
     <span class='ocr_line' id='line_1_52' title="bbox 315 4951 1890 5020; baseline -0.001 -13"><span class='ocrx_word' id='word_1_401' title='bbox 315 4953 418 5008; x_wconf 84' lang='lat' dir='ltr'><strong>tari</strong></span> <span class='ocrx_word' id='word_1_402' title='bbox 464 4968 572 5009; x_wconf 93' lang='lat' dir='ltr'><strong>non</strong></span> <span class='ocrx_word' id='word_1_403' title='bbox 615 4968 768 5010; x_wconf 79' lang='lat' dir='ltr'><strong>cesso</strong></span> <span class='ocrx_word' id='word_1_404' title='bbox 795 4970 809 5010; x_wconf 89' lang='lat'><strong>:</strong></span> <span class='ocrx_word' id='word_1_405' title='bbox 837 4953 950 5010; x_wconf 88' lang='lat' dir='ltr'><strong>sive</strong></span> <span class='ocrx_word' id='word_1_406' title='bbox 993 4962 1224 5008; x_wconf 88' lang='lat' dir='ltr'><strong>mentem</strong></span> <span class='ocrx_word' id='word_1_407' title='bbox 1273 4951 1590 5020; x_wconf 86' lang='lat' dir='ltr'><strong>adhibeatis,</strong></span> <span class='ocrx_word' id='word_1_408' title='bbox 1633 4952 1745 5008; x_wconf 90' lang='lat' dir='ltr'><strong>sive</strong></span> <span class='ocrx_word' id='word_1_409' title='bbox 1783 4965 1890 5007; x_wconf 92' lang='lat' dir='ltr'><strong>non</strong></span> 
     </span>
    </p>
   </div>
   <div class='ocr_carea' id='block_1_53' title="bbox 1490 273 2336 334">
    <p class='ocr_par' dir='ltr' id='par_1_53' title="bbox 1490 273 2336 334">
     <span class='ocr_line' id='line_1_53' title="bbox 1490 273 2336 334; baseline -0.004 0"><span class='ocrx_word' id='word_1_410' title='bbox 1490 277 1854 334; x_wconf 79' lang='lat' dir='ltr'><strong>ADVERSUS</strong></span> <span class='ocrx_word' id='word_1_411' title='bbox 1879 273 2173 332; x_wconf 62' lang='lat' dir='ltr'><strong>JUDIEOS.</strong></span> <span class='ocrx_word' id='word_1_412' title='bbox 2204 276 2336 333; x_wconf 74' lang='lat' dir='ltr'><strong>VIII.</strong></span> 
     </span>
    </p>
   </div>
   <div class='ocr_carea' id='block_1_54' title="bbox 3473 280 3576 335">
    <p class='ocr_par' dir='ltr' id='par_1_54' title="bbox 3473 280 3576 335">
     <span class='ocr_line' id='line_1_54' title="bbox 3473 280 3576 335; baseline -0.019 -1"><span class='ocrx_word' id='word_1_413' title='bbox 3473 280 3576 335; x_wconf 65' lang='grc' dir='ltr'><strong>εις</strong></span> 
     </span>
    </p>
   </div>
   <div class='ocr_carea' id='block_1_55' title="bbox 2004 385 3575 462">
    <p class='ocr_par' dir='ltr' id='par_1_55' title="bbox 2004 385 3575 462">
     <span class='ocr_line' id='line_1_55' title="bbox 2004 385 3575 462; baseline 0.007 -25"><span class='ocrx_word' id='word_1_414' title='bbox 2004 385 2318 453; x_wconf 70' lang='lat' dir='ltr'><strong>adhibeatis,</strong></span> <span class='ocrx_word' id='word_1_415' title='bbox 2345 402 2444 460; x_wconf 88' lang='lat' dir='ltr'><strong>ego</strong></span> <span class='ocrx_word' id='word_1_416' title='bbox 2471 387 2650 444; x_wconf 88' lang='lat' dir='ltr'><strong>dicere</strong></span> <span class='ocrx_word' id='word_1_417' title='bbox 2676 403 2780 444; x_wconf 90' lang='lat' dir='ltr'><strong>non</strong></span> <span class='ocrx_word' id='word_1_418' title='bbox 2802 387 3062 444; x_wconf 87' lang='lat' dir='ltr'><strong>desinam.</strong></span> <span class='ocrx_word' id='word_1_419' title='bbox 3088 388 3218 444; x_wconf 88' lang='lat' dir='ltr'><strong>Nam</strong></span> <span class='ocrx_word' id='word_1_420' title='bbox 3246 390 3381 446; x_wconf 90' lang='lat' dir='ltr'><strong>hanc</strong></span> <span class='ocrx_word' id='word_1_421' title='bbox 3407 393 3575 462; x_wconf 69' lang='lat' dir='ltr'><strong>legent</strong></span> 
     </span>
    </p>
   </div>
   <div class='ocr_carea' id='block_1_56' title="bbox 2005 479 3575 552">
    <p class='ocr_par' dir='ltr' id='par_1_56' title="bbox 2005 479 3575 552">
     <span class='ocr_line' id='line_1_56' title="bbox 2005 479 3575 552; baseline 0.004 -20"><span class='ocrx_word' id='word_1_422' title='bbox 2005 479 2160 533; x_wconf 89' lang='lat' dir='ltr'><strong>nobis</strong></span> <span class='ocrx_word' id='word_1_423' title='bbox 2184 480 2322 535; x_wconf 90' lang='lat' dir='ltr'><strong>Deus</strong></span> <span class='ocrx_word' id='word_1_424' title='bbox 2348 481 2692 552; x_wconf 67' lang='lat' dir='ltr'><strong>praescripsit,</strong></span> <span class='ocrx_word' id='word_1_425' title='bbox 2723 491 2781 536; x_wconf 91' lang='lat' dir='ltr'><strong>ut</strong></span> <span class='ocrx_word' id='word_1_426' title='bbox 2807 482 2918 536; x_wconf 85' lang='lat' dir='ltr'><strong>sive</strong></span> <span class='ocrx_word' id='word_1_427' title='bbox 2937 481 3162 536; x_wconf 89' lang='lat' dir='ltr'><strong>audierit</strong></span> <span class='ocrx_word' id='word_1_428' title='bbox 3187 483 3324 552; x_wconf 90' lang='lat' dir='ltr'><strong>quis,</strong></span> <span class='ocrx_word' id='word_1_429' title='bbox 3355 498 3448 538; x_wconf 89' lang='lat' dir='ltr'><strong>seu</strong></span> <span class='ocrx_word' id='word_1_430' title='bbox 3471 500 3575 540; x_wconf 88' lang='lat' dir='ltr'><strong>non</strong></span> 
     </span>
    </p>
   </div>
   <div class='ocr_carea' id='block_1_57' title="bbox 2002 569 3577 644">
    <p class='ocr_par' dir='ltr' id='par_1_57' title="bbox 2002 569 3577 644">
     <span class='ocr_line' id='line_1_57' title="bbox 2002 569 3577 644; baseline 0.006 -22"><span class='ocrx_word' id='word_1_431' title='bbox 2002 569 2247 636; x_wconf 88' lang='lat' dir='ltr'><strong>audierit,</strong></span> <span class='ocrx_word' id='word_1_432' title='bbox 2283 570 2382 627; x_wconf 79' lang='lat' dir='ltr'><strong>hoc</strong></span> <span class='ocrx_word' id='word_1_433' title='bbox 2410 571 2762 628; x_wconf 86' lang='lat' dir='ltr'><strong>ministerium</strong></span> <span class='ocrx_word' id='word_1_434' title='bbox 2794 572 3128 642; x_wconf 88' lang='lat' dir='ltr'><strong>impleamus.</strong></span> <span class='ocrx_word' id='word_1_435' title='bbox 3156 571 3262 628; x_wconf 83' lang='lat' dir='ltr'><strong>Sed</strong></span> <span class='ocrx_word' id='word_1_436' title='bbox 3281 574 3328 629; x_wconf 93' lang='lat' dir='ltr'><strong>si</strong></span> <span class='ocrx_word' id='word_1_437' title='bbox 3361 575 3577 644; x_wconf 85' lang='lat' dir='ltr'><strong>quidem</strong></span> 
     </span>
    </p>
   </div>
   <div class='ocr_carea' id='block_1_58' title="bbox 2001 662 3577 736">
    <p class='ocr_par' dir='ltr' id='par_1_58' title="bbox 2001 662 3577 736">
     <span class='ocr_line' id='line_1_58' title="bbox 2001 662 3577 736; baseline 0.005 -22"><span class='ocrx_word' id='word_1_438' title='bbox 2001 662 2275 718; x_wconf 87' lang='lat' dir='ltr'><strong>audieritis</strong></span> <span class='ocrx_word' id='word_1_439' title='bbox 2312 673 2366 719; x_wconf 89' lang='lat' dir='ltr'><strong>et</strong></span> <span class='ocrx_word' id='word_1_440' title='bbox 2413 663 2645 720; x_wconf 88' lang='lat' dir='ltr'><strong>feceritis</strong></span> <span class='ocrx_word' id='word_1_441' title='bbox 2692 679 2754 720; x_wconf 91' lang='lat' dir='ltr'><strong>ea</strong></span> <span class='ocrx_word' id='word_1_442' title='bbox 2802 680 2921 736; x_wconf 76' lang='lat' dir='ltr'><strong>quae</strong></span> <span class='ocrx_word' id='word_1_443' title='bbox 2956 664 3233 730; x_wconf 87' lang='lat' dir='ltr'><strong>dicuntur,</strong></span> <span class='ocrx_word' id='word_1_444' title='bbox 3262 665 3424 720; x_wconf 89' lang='lat' dir='ltr'><strong>multa</strong></span> <span class='ocrx_word' id='word_1_445' title='bbox 3455 682 3577 722; x_wconf 89' lang='lat' dir='ltr'><strong>cum</strong></span> 
     </span>
    </p>
   </div>
   <div class='ocr_carea' id='block_1_59' title="bbox 2001 751 3576 825">
    <p class='ocr_par' dir='ltr' id='par_1_59' title="bbox 2001 751 3576 825">
     <span class='ocr_line' id='line_1_59' title="bbox 2001 751 3576 825; baseline 0.004 -20"><span class='ocrx_word' id='word_1_446' title='bbox 2001 751 2274 822; x_wconf 83' lang='lat' dir='ltr'><strong>voluptate</strong></span> <span class='ocrx_word' id='word_1_447' title='bbox 2299 752 2404 810; x_wconf 89' lang='lat' dir='ltr'><strong>hoc</strong></span> <span class='ocrx_word' id='word_1_448' title='bbox 2429 755 2600 824; x_wconf 93' lang='lat' dir='ltr'><strong>ipsum</strong></span> <span class='ocrx_word' id='word_1_449' title='bbox 2633 754 2924 819; x_wconf 90' lang='lat' dir='ltr'><strong>faciemus;</strong></span> <span class='ocrx_word' id='word_1_450' title='bbox 2950 753 3032 810; x_wconf 87' lang='lat' dir='ltr'><strong>sin</strong></span> <span class='ocrx_word' id='word_1_451' title='bbox 3066 764 3242 809; x_wconf 88' lang='lat' dir='ltr'><strong>autem</strong></span> <span class='ocrx_word' id='word_1_452' title='bbox 3273 756 3576 825; x_wconf 80' lang='lat' dir='ltr'><strong>neglexeri-</strong></span> 
     </span>
    </p>
   </div>
   <div class='ocr_carea' id='block_1_60' title="bbox 2001 841 3573 917">
    <p class='ocr_par' dir='ltr' id='par_1_60' title="bbox 2001 841 3573 917">
     <span class='ocr_line' id='line_1_60' title="bbox 2001 841 3573 917; baseline 0.004 -22"><span class='ocrx_word' id='word_1_453' title='bbox 2001 841 2070 896; x_wconf 92' lang='lat' dir='ltr'><strong>tis</strong></span> <span class='ocrx_word' id='word_1_454' title='bbox 2089 857 2151 896; x_wconf 91' lang='lat' dir='ltr'><strong>ac</strong></span> <span class='ocrx_word' id='word_1_455' title='bbox 2174 843 2384 899; x_wconf 88' lang='lat' dir='ltr'><strong>desides</strong></span> <span class='ocrx_word' id='word_1_456' title='bbox 2408 843 2615 901; x_wconf 90' lang='lat' dir='ltr'><strong>fueritis</strong></span> <span class='ocrx_word' id='word_1_457' title='bbox 2632 887 2647 911; x_wconf 91' lang='lat'><strong>,</strong></span> <span class='ocrx_word' id='word_1_458' title='bbox 2673 845 2840 900; x_wconf 89' lang='lat' dir='ltr'><strong>multa</strong></span> <span class='ocrx_word' id='word_1_459' title='bbox 2863 860 2983 900; x_wconf 91' lang='lat' dir='ltr'><strong>cum</strong></span> <span class='ocrx_word' id='word_1_460' title='bbox 3007 846 3239 900; x_wconf 89' lang='lat' dir='ltr'><strong>tristitia.</strong></span> <span class='ocrx_word' id='word_1_461' title='bbox 3264 845 3427 902; x_wconf 85' lang='lat' dir='ltr'><strong>Nobis</strong></span> <span class='ocrx_word' id='word_1_462' title='bbox 3451 848 3573 917; x_wconf 80' lang='lat' dir='ltr'><strong>qui-</strong></span> 
     </span>
    </p>
   </div>
   <div class='ocr_carea' id='block_1_61' title="bbox 1999 929 3578 1004">
    <p class='ocr_par' dir='ltr' id='par_1_61' title="bbox 1999 929 3578 1004">
     <span class='ocr_line' id='line_1_61' title="bbox 1999 929 3578 1004; baseline 0.005 -20"><span class='ocrx_word' id='word_1_463' title='bbox 1999 929 2121 987; x_wconf 88' lang='lat' dir='ltr'><strong>dem</strong></span> <span class='ocrx_word' id='word_1_464' title='bbox 2149 947 2213 988; x_wconf 81' lang='lat' dir='ltr'><strong>ex</strong></span> <span class='ocrx_word' id='word_1_465' title='bbox 2243 942 2420 989; x_wconf 90' lang='lat' dir='ltr'><strong>vestra</strong></span> <span class='ocrx_word' id='word_1_466' title='bbox 2449 935 2806 990; x_wconf 89' lang='lat' dir='ltr'><strong>inobedientia</strong></span> <span class='ocrx_word' id='word_1_467' title='bbox 2835 934 3036 989; x_wconf 82' lang='lat' dir='ltr'><strong>nullum</strong></span> <span class='ocrx_word' id='word_1_468' title='bbox 3065 934 3296 989; x_wconf 85' lang='lat' dir='ltr'><strong>futurum</strong></span> <span class='ocrx_word' id='word_1_469' title='bbox 3321 944 3404 990; x_wconf 90' lang='lat' dir='ltr'><strong>est</strong></span> <span class='ocrx_word' id='word_1_470' title='bbox 3432 935 3578 1004; x_wconf 88' lang='lat' dir='ltr'><strong>peri-</strong></span> 
     </span>
    </p>
   </div>
   <div class='ocr_carea' id='block_1_62' title="bbox 1999 1021 3574 1097">
    <p class='ocr_par' dir='ltr' id='par_1_62' title="bbox 1999 1021 3574 1097">
     <span class='ocr_line' id='line_1_62' title="bbox 1999 1021 3574 1097; baseline 0.005 -23"><span class='ocrx_word' id='word_1_471' title='bbox 1999 1021 2200 1087; x_wconf 91' lang='lat' dir='ltr'><strong>culum,</strong></span> <span class='ocrx_word' id='word_1_472' title='bbox 2229 1023 2657 1095; x_wconf 88' lang='lat' dir='ltr'><strong>quandoquidem</strong></span> <span class='ocrx_word' id='word_1_473' title='bbox 2679 1024 2934 1095; x_wconf 91' lang='lat' dir='ltr'><strong>quidquid</strong></span> <span class='ocrx_word' id='word_1_474' title='bbox 2956 1033 3071 1079; x_wconf 90' lang='lat' dir='ltr'><strong>erat</strong></span> <span class='ocrx_word' id='word_1_475' title='bbox 3096 1035 3336 1080; x_wconf 88' lang='lat' dir='ltr'><strong>nostrum</strong></span> <span class='ocrx_word' id='word_1_476' title='bbox 3364 1028 3574 1097; x_wconf 71' lang='lat' dir='ltr'><strong>prmsti-</strong></span> 
     </span>
    </p>
   </div>
   <div class='ocr_carea' id='block_1_63' title="bbox 2001 1110 3572 1186">
    <p class='ocr_par' dir='ltr' id='par_1_63' title="bbox 2001 1110 3572 1186">
     <span class='ocr_line' id='line_1_63' title="bbox 2001 1110 3572 1186; baseline 0.004 -22"><span class='ocrx_word' id='word_1_477' title='bbox 2001 1110 2191 1178; x_wconf 89' lang='lat' dir='ltr'><strong>timus;</strong></span> <span class='ocrx_word' id='word_1_478' title='bbox 2238 1120 2294 1167; x_wconf 93' lang='lat' dir='ltr'><strong>at</strong></span> <span class='ocrx_word' id='word_1_479' title='bbox 2339 1128 2658 1183; x_wconf 88' lang='lat' dir='ltr'><strong>quamquam</strong></span> <span class='ocrx_word' id='word_1_480' title='bbox 2711 1129 2818 1168; x_wconf 92' lang='lat' dir='ltr'><strong>non</strong></span> <span class='ocrx_word' id='word_1_481' title='bbox 2872 1114 3234 1183; x_wconf 89' lang='lat' dir='ltr'><strong>periclitamur</strong></span> <span class='ocrx_word' id='word_1_482' title='bbox 3288 1129 3431 1181; x_wconf 89' lang='lat' dir='ltr'><strong>nos,</strong></span> <span class='ocrx_word' id='word_1_483' title='bbox 3481 1117 3572 1186; x_wconf 88' lang='lat' dir='ltr'><strong>qui</strong></span> 
     </span>
    </p>
   </div>
   <div class='ocr_carea' id='block_1_64' title="bbox 2001 1203 3573 1276">
    <p class='ocr_par' dir='ltr' id='par_1_64' title="bbox 2001 1203 3573 1276">
     <span class='ocr_line' id='line_1_64' title="bbox 2001 1203 3573 1276; baseline 0.004 -20"><span class='ocrx_word' id='word_1_484' title='bbox 2001 1203 2401 1272; x_wconf 68' lang='lat' dir='ltr'><strong>praastiterimus</strong></span> <span class='ocrx_word' id='word_1_485' title='bbox 2424 1205 2626 1272; x_wconf 88' lang='lat' dir='ltr'><strong>omnia,</strong></span> <span class='ocrx_word' id='word_1_486' title='bbox 2649 1221 2768 1276; x_wconf 66' lang='lat' dir='ltr'><strong>qua:</strong></span> <span class='ocrx_word' id='word_1_487' title='bbox 2796 1205 2848 1258; x_wconf 91' lang='lat' dir='ltr'><strong>in</strong></span> <span class='ocrx_word' id='word_1_488' title='bbox 2877 1205 3032 1260; x_wconf 88' lang='lat' dir='ltr'><strong>nobis</strong></span> <span class='ocrx_word' id='word_1_489' title='bbox 3051 1215 3194 1271; x_wconf 89' lang='lat' dir='ltr'><strong>sunt,</strong></span> <span class='ocrx_word' id='word_1_490' title='bbox 3223 1205 3465 1262; x_wconf 90' lang='lat' dir='ltr'><strong>dolemus</strong></span> <span class='ocrx_word' id='word_1_491' title='bbox 3491 1216 3573 1261; x_wconf 87' lang='lat' dir='ltr'><strong>ta-</strong></span> 
     </span>
    </p>
   </div>
   <div class='ocr_carea' id='block_1_65' title="bbox 1998 1294 3573 1364">
    <p class='ocr_par' dir='ltr' id='par_1_65' title="bbox 1998 1294 3573 1364">
     <span class='ocr_line' id='line_1_65' title="bbox 1998 1294 3573 1364; baseline 0.004 -17"><span class='ocrx_word' id='word_1_492' title='bbox 1998 1308 2119 1348; x_wconf 90' lang='lat' dir='ltr'><strong>men</strong></span> <span class='ocrx_word' id='word_1_493' title='bbox 2154 1294 2293 1364; x_wconf 89' lang='lat' dir='ltr'><strong>quod</strong></span> <span class='ocrx_word' id='word_1_494' title='bbox 2322 1311 2418 1350; x_wconf 91' lang='lat' dir='ltr'><strong>vos</strong></span> <span class='ocrx_word' id='word_1_495' title='bbox 2446 1296 2726 1351; x_wconf 86' lang='lat' dir='ltr'><strong>accusandi</strong></span> <span class='ocrx_word' id='word_1_496' title='bbox 2769 1296 2885 1350; x_wconf 91' lang='lat' dir='ltr'><strong>sitis</strong></span> <span class='ocrx_word' id='word_1_497' title='bbox 2929 1297 2981 1350; x_wconf 94' lang='lat' dir='ltr'><strong>in</strong></span> <span class='ocrx_word' id='word_1_498' title='bbox 3012 1295 3101 1351; x_wconf 91' lang='lat' dir='ltr'><strong>die</strong></span> <span class='ocrx_word' id='word_1_499' title='bbox 3129 1297 3240 1350; x_wconf 91' lang='lat' dir='ltr'><strong>illo.</strong></span> <span class='ocrx_word' id='word_1_500' title='bbox 3267 1296 3382 1352; x_wconf 87' lang='lat' dir='ltr'><strong>Non</strong></span> <span class='ocrx_word' id='word_1_501' title='bbox 3431 1299 3573 1353; x_wconf 89' lang='lat' dir='ltr'><strong>enim</strong></span> 
     </span>
    </p>
   </div>
   <div class='ocr_carea' id='block_1_66' title="bbox 1996 1383 3578 1456">
    <p class='ocr_par' dir='ltr' id='par_1_66' title="bbox 1996 1383 3578 1456">
     <span class='ocr_line' id='line_1_66' title="bbox 1996 1383 3578 1456; baseline 0.005 -17"><span class='ocrx_word' id='word_1_502' title='bbox 1996 1383 2198 1455; x_wconf 87' lang='lat' dir='ltr'><strong>absque</strong></span> <span class='ocrx_word' id='word_1_503' title='bbox 2237 1388 2468 1456; x_wconf 89' lang='lat' dir='ltr'><strong>periculo</strong></span> <span class='ocrx_word' id='word_1_504' title='bbox 2504 1388 2656 1443; x_wconf 90' lang='lat' dir='ltr'><strong>vobis</strong></span> <span class='ocrx_word' id='word_1_505' title='bbox 2698 1389 2801 1442; x_wconf 89' lang='lat' dir='ltr'><strong>erit</strong></span> <span class='ocrx_word' id='word_1_506' title='bbox 2828 1388 3044 1444; x_wconf 90' lang='lat' dir='ltr'><strong>audisse</strong></span> <span class='ocrx_word' id='word_1_507' title='bbox 3066 1430 3082 1453; x_wconf 93' lang='lat'><strong>,</strong></span> <span class='ocrx_word' id='word_1_508' title='bbox 3111 1390 3156 1443; x_wconf 92' lang='lat' dir='ltr'><strong>si</strong></span> <span class='ocrx_word' id='word_1_509' title='bbox 3183 1404 3292 1444; x_wconf 91' lang='lat' dir='ltr'><strong>non</strong></span> <span class='ocrx_word' id='word_1_510' title='bbox 3332 1405 3578 1447; x_wconf 87' lang='lat' dir='ltr'><strong>accesse-</strong></span> 
     </span>
    </p>
   </div>
   <div class='ocr_carea' id='block_1_67' title="bbox 1995 1474 3574 1549">
    <p class='ocr_par' dir='ltr' id='par_1_67' title="bbox 1995 1474 3574 1549">
     <span class='ocr_line' id='line_1_67' title="bbox 1995 1474 3574 1549; baseline 0.005 -20"><span class='ocrx_word' id='word_1_511' title='bbox 1995 1474 2103 1529; x_wconf 89' lang='lat' dir='ltr'><strong>rint</strong></span> <span class='ocrx_word' id='word_1_512' title='bbox 2142 1491 2325 1546; x_wconf 91' lang='lat' dir='ltr'><strong>opera.</strong></span> <span class='ocrx_word' id='word_1_513' title='bbox 2368 1477 2502 1532; x_wconf 81' lang='lat' dir='ltr'><strong>Audi</strong></span> <span class='ocrx_word' id='word_1_514' title='bbox 2543 1478 2700 1548; x_wconf 90' lang='lat' dir='ltr'><strong>igitur</strong></span> <span class='ocrx_word' id='word_1_515' title='bbox 2723 1479 2990 1549; x_wconf 89' lang='lat' dir='ltr'><strong>quomodo</strong></span> <span class='ocrx_word' id='word_1_516' title='bbox 3023 1476 3264 1535; x_wconf 89' lang='lat' dir='ltr'><strong>Christus</strong></span> <span class='ocrx_word' id='word_1_517' title='bbox 3316 1495 3574 1538; x_wconf 80' lang='lat' dir='ltr'><strong>accusans</strong></span> 
     </span>
    </p>
   </div>
   <div class='ocr_carea' id='block_1_68' title="bbox 1995 1564 3569 1642">
    <p class='ocr_par' dir='ltr' id='par_1_68' title="bbox 1995 1564 3569 1642">
     <span class='ocr_line' id='line_1_68' title="bbox 1995 1564 3569 1642; baseline 0.004 -22"><span class='ocrx_word' id='word_1_518' title='bbox 1995 1564 2240 1622; x_wconf 89' lang='lat' dir='ltr'><strong>doctores</strong></span> <span class='ocrx_word' id='word_1_519' title='bbox 2285 1583 2586 1623; x_wconf 90' lang='lat' dir='ltr'><strong>sermonem</strong></span> <span class='ocrx_word' id='word_1_520' title='bbox 2631 1570 2974 1634; x_wconf 87' lang='lat' dir='ltr'><strong>occultantes,</strong></span> <span class='ocrx_word' id='word_1_521' title='bbox 3016 1571 3174 1626; x_wconf 90' lang='lat' dir='ltr'><strong>etiam</strong></span> <span class='ocrx_word' id='word_1_522' title='bbox 3206 1572 3288 1636; x_wconf 90' lang='lat' dir='ltr'><strong>iis,</strong></span> <span class='ocrx_word' id='word_1_523' title='bbox 3333 1573 3422 1642; x_wconf 92' lang='lat' dir='ltr'><strong>qni</strong></span> <span class='ocrx_word' id='word_1_524' title='bbox 3467 1572 3569 1628; x_wconf 83' lang='lat' dir='ltr'><strong>do-</strong></span> 
     </span>
    </p>
   </div>
   <div class='ocr_carea' id='block_1_69' title="bbox 1996 1658 3564 1735">
    <p class='ocr_par' dir='ltr' id='par_1_69' title="bbox 1996 1658 3564 1735">
     <span class='ocr_line' id='line_1_69' title="bbox 1996 1658 3564 1735; baseline 0.007 -25"><span class='ocrx_word' id='word_1_525' title='bbox 1996 1665 2202 1722; x_wconf 88' lang='lat' dir='ltr'><strong>centur,</strong></span> <span class='ocrx_word' id='word_1_526' title='bbox 2233 1658 2496 1729; x_wconf 89' lang='lat' dir='ltr'><strong>loquatur.</strong></span> <span class='ocrx_word' id='word_1_527' title='bbox 2521 1660 2654 1715; x_wconf 90' lang='lat' dir='ltr'><strong>Cum</strong></span> <span class='ocrx_word' id='word_1_528' title='bbox 2697 1662 2840 1716; x_wconf 88' lang='lat' dir='ltr'><strong>enim</strong></span> <span class='ocrx_word' id='word_1_529' title='bbox 2875 1661 3134 1717; x_wconf 79' lang='lat' dir='ltr'><strong>dixisset:</strong></span> <span class='ocrx_word' id='word_1_530' title='bbox 3168 1662 3446 1735; x_wconf 80' lang='lat' dir='ltr'><strong>Oportebat</strong></span> <span class='ocrx_word' id='word_1_531' title='bbox 3469 1665 3564 1721; x_wconf 73' lang='lat' dir='ltr'><strong>de-</strong></span> 
     </span>
    </p>
   </div>
   <div class='ocr_carea' id='block_1_70' title="bbox 1997 1749 3574 1826">
    <p class='ocr_par' dir='ltr' id='par_1_70' title="bbox 1997 1749 3574 1826">
     <span class='ocr_line' id='line_1_70' title="bbox 1997 1749 3574 1826; baseline 0.007 -25"><span class='ocrx_word' id='word_1_532' title='bbox 1997 1762 2180 1818; x_wconf 81' lang='lat' dir='ltr'><strong>ponere</strong></span> <span class='ocrx_word' id='word_1_533' title='bbox 2224 1749 2488 1819; x_wconf 79' lang='lat' dir='ltr'><strong>pecuniam</strong></span> <span class='ocrx_word' id='word_1_534' title='bbox 2525 1767 2688 1805; x_wconf 85' lang='lat' dir='ltr'><strong>meant</strong></span> <span class='ocrx_word' id='word_1_535' title='bbox 2726 1752 2864 1821; x_wconf 80' lang='lat' dir='ltr'><strong>apud</strong></span> <span class='ocrx_word' id='word_1_536' title='bbox 2902 1753 3216 1819; x_wconf 78' lang='lat' dir='ltr'><strong>mensarios;</strong></span> <span class='ocrx_word' id='word_1_537' title='bbox 3252 1763 3307 1810; x_wconf 90' lang='lat' dir='ltr'><strong>et</strong></span> <span class='ocrx_word' id='word_1_538' title='bbox 3344 1756 3574 1826; x_wconf 52' lang='lat' dir='ltr'><strong>adjecis.</strong></span> 
     </span>
    </p>
   </div>
   <div class='ocr_carea' id='block_1_71' title="bbox 1995 1839 3575 1916">
    <p class='ocr_par' dir='ltr' id='par_1_71' title="bbox 1995 1839 3575 1916">
     <span class='ocr_line' id='line_1_71' title="bbox 1995 1839 3575 1916; baseline 0.004 -22"><span class='ocrx_word' id='word_1_539' title='bbox 1995 1848 2078 1894; x_wconf 79' lang='lat' dir='ltr'><strong>set</strong></span> <span class='ocrx_word' id='word_1_540' title='bbox 2111 1857 2125 1895; x_wconf 90' lang='lat'><strong>:</strong></span> <span class='ocrx_word' id='word_1_541' title='bbox 2159 1839 2266 1912; x_wconf 84' lang='lat' dir='ltr'><strong>Ego</strong></span> <span class='ocrx_word' id='word_1_542' title='bbox 2308 1843 2507 1896; x_wconf 76' lang='lat' dir='ltr'><strong>veniens</strong></span> <span class='ocrx_word' id='word_1_543' title='bbox 2538 1859 2652 1896; x_wconf 78' lang='lat' dir='ltr'><strong>cum</strong></span> <span class='ocrx_word' id='word_1_544' title='bbox 2689 1859 2843 1898; x_wconf 84' lang='lat' dir='ltr'><strong>usura</strong></span> <span class='ocrx_word' id='word_1_545' title='bbox 2881 1844 3050 1912; x_wconf 75' lang='lat' dir='ltr'><strong>utique</strong></span> <span class='ocrx_word' id='word_1_546' title='bbox 3085 1846 3390 1916; x_wconf 77' lang='lat' dir='ltr'><strong>repetiissem</strong></span> <span class='ocrx_word' id='word_1_547' title='bbox 3431 1848 3575 1902; x_wconf 85' lang='lat' dir='ltr'><strong>illam</strong></span> 
     </span>
    </p>
   </div>
   <div class='ocr_carea' id='block_1_72' title="bbox 1997 1931 3577 2007">
    <p class='ocr_par' dir='ltr' id='par_1_72' title="bbox 1997 1931 3577 2007">
     <span class='ocr_line' id='line_1_72' title="bbox 1997 1931 3577 2007; baseline 0.007 -23"><span class='ocrx_word' id='word_1_548' title='bbox 1997 1931 2211 2004; x_wconf 59' lang='lat' dir='ltr'><strong>(illauh.</strong></span> <span class='ocrx_word' id='word_1_549' title='bbox 2255 1935 2348 1990; x_wconf 76' lang='lat'><strong>25.</strong></span> <span class='ocrx_word' id='word_1_550' title='bbox 2387 1934 2478 2006; x_wconf 66' lang='lat' dir='ltr'><strong>S7)</strong></span> <span class='ocrx_word' id='word_1_551' title='bbox 2509 1952 2524 1989; x_wconf 90' lang='lat'><strong>:</strong></span> <span class='ocrx_word' id='word_1_552' title='bbox 2554 1935 2805 1998; x_wconf 86' lang='lat' dir='ltr'><strong>ostendit,</strong></span> <span class='ocrx_word' id='word_1_553' title='bbox 2837 1935 2976 2006; x_wconf 91' lang='lat' dir='ltr'><strong>quod</strong></span> <span class='ocrx_word' id='word_1_554' title='bbox 3021 1946 3302 2007; x_wconf 83' lang='lat' dir='ltr'><strong>postquam</strong></span> <span class='ocrx_word' id='word_1_555' title='bbox 3346 1938 3577 1996; x_wconf 86' lang='lat' dir='ltr'><strong>audierit</strong></span> 
     </span>
    </p>
   </div>
   <div class='ocr_carea' id='block_1_73' title="bbox 1996 2022 3576 2098">
    <p class='ocr_par' dir='ltr' id='par_1_73' title="bbox 1996 2022 3576 2098">
     <span class='ocr_line' id='line_1_73' title="bbox 1996 2022 3576 2098; baseline 0.004 -22"><span class='ocrx_word' id='word_1_556' title='bbox 1996 2022 2144 2091; x_wconf 83' lang='lat' dir='ltr'><strong>(nam</strong></span> <span class='ocrx_word' id='word_1_557' title='bbox 2173 2022 2288 2079; x_wconf 77' lang='lat' dir='ltr'><strong>inec</strong></span> <span class='ocrx_word' id='word_1_558' title='bbox 2316 2033 2398 2079; x_wconf 89' lang='lat' dir='ltr'><strong>est</strong></span> <span class='ocrx_word' id='word_1_559' title='bbox 2427 2025 2664 2094; x_wconf 68' lang='lat' dir='ltr'><strong>pecunia:</strong></span> <span class='ocrx_word' id='word_1_560' title='bbox 2702 2022 2986 2098; x_wconf 87' lang='lat' dir='ltr'><strong>depositio)</strong></span> <span class='ocrx_word' id='word_1_561' title='bbox 3016 2026 3106 2094; x_wconf 90' lang='lat' dir='ltr'><strong>qui</strong></span> <span class='ocrx_word' id='word_1_562' title='bbox 3149 2028 3352 2097; x_wconf 84' lang='lat' dir='ltr'><strong>accepit</strong></span> <span class='ocrx_word' id='word_1_563' title='bbox 3379 2027 3576 2084; x_wconf 85' lang='lat' dir='ltr'><strong>doctri-</strong></span> 
     </span>
    </p>
   </div>
   <div class='ocr_carea' id='block_1_74' title="bbox 1995 2115 3570 2189">
    <p class='ocr_par' dir='ltr' id='par_1_74' title="bbox 1995 2115 3570 2189">
     <span class='ocr_line' id='line_1_74' title="bbox 1995 2115 3570 2189; baseline 0.006 -24"><span class='ocrx_word' id='word_1_564' title='bbox 1995 2127 2140 2180; x_wconf 88' lang='lat' dir='ltr'><strong>nam,</strong></span> <span class='ocrx_word' id='word_1_565' title='bbox 2170 2128 2384 2170; x_wconf 89' lang='lat' dir='ltr'><strong>usuram</strong></span> <span class='ocrx_word' id='word_1_566' title='bbox 2425 2115 2601 2170; x_wconf 87' lang='lat' dir='ltr'><strong>facere</strong></span> <span class='ocrx_word' id='word_1_567' title='bbox 2638 2115 2816 2181; x_wconf 90' lang='lat' dir='ltr'><strong>debet,</strong></span> <span class='ocrx_word' id='word_1_568' title='bbox 2846 2125 3096 2186; x_wconf 86' lang='lat' dir='ltr'><strong>tanquam</strong></span> <span class='ocrx_word' id='word_1_569' title='bbox 3125 2116 3342 2172; x_wconf 87' lang='lat' dir='ltr'><strong>domino</strong></span> <span class='ocrx_word' id='word_1_570' title='bbox 3371 2120 3570 2189; x_wconf 84' lang='lat' dir='ltr'><strong>repeti-</strong></span> 
     </span>
    </p>
   </div>
   <div class='ocr_carea' id='block_1_75' title="bbox 1995 2204 3571 2280">
    <p class='ocr_par' dir='ltr' id='par_1_75' title="bbox 1995 2204 3571 2280">
     <span class='ocr_line' id='line_1_75' title="bbox 1995 2204 3571 2280; baseline 0.004 -22"><span class='ocrx_word' id='word_1_571' title='bbox 1995 2210 2136 2258; x_wconf 87' lang='lat' dir='ltr'><strong>turo.</strong></span> <span class='ocrx_word' id='word_1_572' title='bbox 2179 2204 2353 2260; x_wconf 88' lang='lat' dir='ltr'><strong>Usura</strong></span> <span class='ocrx_word' id='word_1_573' title='bbox 2401 2215 2578 2261; x_wconf 88' lang='lat' dir='ltr'><strong>autem</strong></span> <span class='ocrx_word' id='word_1_574' title='bbox 2625 2205 2884 2262; x_wconf 68' lang='lat' dir='ltr'><strong>doctrinm</strong></span> <span class='ocrx_word' id='word_1_575' title='bbox 2929 2206 3060 2263; x_wconf 83' lang='lat' dir='ltr'><strong>nihil</strong></span> <span class='ocrx_word' id='word_1_576' title='bbox 3104 2207 3247 2263; x_wconf 83' lang='lat' dir='ltr'><strong>aliud</strong></span> <span class='ocrx_word' id='word_1_577' title='bbox 3291 2217 3373 2263; x_wconf 91' lang='lat' dir='ltr'><strong>est</strong></span> <span class='ocrx_word' id='word_1_578' title='bbox 3411 2224 3571 2280; x_wconf 88' lang='lat' dir='ltr'><strong>quam</strong></span> 
     </span>
    </p>
   </div>
   <div class='ocr_carea' id='block_1_76' title="bbox 1993 2297 3573 2372">
    <p class='ocr_par' dir='ltr' id='par_1_76' title="bbox 1993 2297 3573 2372">
     <span class='ocr_line' id='line_1_76' title="bbox 1993 2297 3573 2372; baseline 0.005 -22"><span class='ocrx_word' id='word_1_579' title='bbox 1993 2310 2212 2366; x_wconf 88' lang='lat' dir='ltr'><strong>operum</strong></span> <span class='ocrx_word' id='word_1_580' title='bbox 2257 2297 2534 2352; x_wconf 77' lang='lat' dir='ltr'><strong>exhibitio.</strong></span> <span class='ocrx_word' id='word_1_581' title='bbox 2572 2297 2713 2368; x_wconf 87' lang='lat' dir='ltr'><strong>Ergo</strong></span> <span class='ocrx_word' id='word_1_582' title='bbox 2752 2298 3001 2368; x_wconf 83' lang='lat' dir='ltr'><strong>quoniam</strong></span> <span class='ocrx_word' id='word_1_583' title='bbox 3046 2313 3145 2354; x_wconf 92' lang='lat' dir='ltr'><strong>nos</strong></span> <span class='ocrx_word' id='word_1_584' title='bbox 3167 2313 3377 2370; x_wconf 80' lang='lat' dir='ltr'><strong>quoque</strong></span> <span class='ocrx_word' id='word_1_585' title='bbox 3401 2301 3573 2372; x_wconf 70' lang='lat' dir='ltr'><strong>depoo</strong></span> 
     </span>
    </p>
   </div>
   <div class='ocr_carea' id='block_1_77' title="bbox 1992 2386 3571 2456">
    <p class='ocr_par' dir='ltr' id='par_1_77' title="bbox 1992 2386 3571 2456">
     <span class='ocr_line' id='line_1_77' title="bbox 1992 2386 3571 2456; baseline 0.004 -15"><span class='ocrx_word' id='word_1_586' title='bbox 1992 2386 2196 2441; x_wconf 75' lang='lat' dir='ltr'><strong>animus</strong></span> <span class='ocrx_word' id='word_1_587' title='bbox 2239 2387 2517 2456; x_wconf 82' lang='lat' dir='ltr'><strong>pecuniam</strong></span> <span class='ocrx_word' id='word_1_588' title='bbox 2559 2389 2614 2444; x_wconf 95' lang='lat' dir='ltr'><strong>in</strong></span> <span class='ocrx_word' id='word_1_589' title='bbox 2660 2403 2818 2444; x_wconf 87' lang='lat' dir='ltr'><strong>aures</strong></span> <span class='ocrx_word' id='word_1_590' title='bbox 2848 2399 3098 2445; x_wconf 83' lang='lat' dir='ltr'><strong>vestras:</strong></span> <span class='ocrx_word' id='word_1_591' title='bbox 3131 2405 3348 2446; x_wconf 81' lang='lat' dir='ltr'><strong>necesse</strong></span> <span class='ocrx_word' id='word_1_592' title='bbox 3387 2400 3470 2448; x_wconf 85' lang='lat' dir='ltr'><strong>est</strong></span> <span class='ocrx_word' id='word_1_593' title='bbox 3512 2401 3571 2448; x_wconf 84' lang='lat' dir='ltr'><strong>at</strong></span> 
     </span>
    </p>
   </div>
   <div class='ocr_carea' id='block_1_78' title="bbox 1996 2475 3573 2548">
    <p class='ocr_par' dir='ltr' id='par_1_78' title="bbox 1996 2475 3573 2548">
     <span class='ocr_line' id='line_1_78' title="bbox 1996 2475 3573 2548; baseline 0.004 -18"><span class='ocrx_word' id='word_1_594' title='bbox 1996 2489 2093 2531; x_wconf 88' lang='lat' dir='ltr'><strong>vos</strong></span> <span class='ocrx_word' id='word_1_595' title='bbox 2139 2475 2373 2532; x_wconf 88' lang='lat' dir='ltr'><strong>reddatis</strong></span> <span class='ocrx_word' id='word_1_596' title='bbox 2399 2491 2613 2532; x_wconf 87' lang='lat' dir='ltr'><strong>usuram</strong></span> <span class='ocrx_word' id='word_1_597' title='bbox 2641 2477 2878 2546; x_wconf 90' lang='lat' dir='ltr'><strong>domino,</strong></span> <span class='ocrx_word' id='word_1_598' title='bbox 2916 2479 3018 2534; x_wconf 93' lang='lat' dir='ltr'><strong>hoc</strong></span> <span class='ocrx_word' id='word_1_599' title='bbox 3053 2488 3159 2548; x_wconf 88' lang='lat' dir='ltr'><strong>est,</strong></span> <span class='ocrx_word' id='word_1_600' title='bbox 3201 2480 3427 2536; x_wconf 85' lang='lat' dir='ltr'><strong>salutem</strong></span> <span class='ocrx_word' id='word_1_601' title='bbox 3467 2480 3573 2537; x_wconf 81' lang='lat' dir='ltr'><strong>fra-</strong></span> 
     </span>
    </p>
   </div>
   <div class='ocr_carea' id='block_1_79' title="bbox 1996 2569 3569 2644">
    <p class='ocr_par' dir='ltr' id='par_1_79' title="bbox 1996 2569 3569 2644">
     <span class='ocr_line' id='line_1_79' title="bbox 1996 2569 3569 2644; baseline 0.004 -21"><span class='ocrx_word' id='word_1_602' title='bbox 1996 2576 2132 2623; x_wconf 89' lang='lat' dir='ltr'><strong>trum</strong></span> <span class='ocrx_word' id='word_1_603' title='bbox 2162 2578 2480 2624; x_wconf 86' lang='lat' dir='ltr'><strong>vestrorum.</strong></span> <span class='ocrx_word' id='word_1_604' title='bbox 2509 2569 2691 2641; x_wconf 83' lang='lat' dir='ltr'><strong>Itaque</strong></span> <span class='ocrx_word' id='word_1_605' title='bbox 2731 2571 2777 2626; x_wconf 89' lang='lat' dir='ltr'><strong>si</strong></span> <span class='ocrx_word' id='word_1_606' title='bbox 2821 2571 2936 2625; x_wconf 61' lang='lat' dir='ltr'><strong>hinc</strong></span> <span class='ocrx_word' id='word_1_607' title='bbox 2978 2570 3113 2641; x_wconf 88' lang='lat' dir='ltr'><strong>ipsa,</strong></span> <span class='ocrx_word' id='word_1_608' title='bbox 3157 2587 3274 2642; x_wconf 66' lang='lat' dir='ltr'><strong>qua:</strong></span> <span class='ocrx_word' id='word_1_609' title='bbox 3297 2572 3569 2644; x_wconf 86' lang='lat' dir='ltr'><strong>dicuntur,</strong></span> 
     </span>
    </p>
   </div>
   <div class='ocr_carea' id='block_1_80' title="bbox 1994 2659 3568 2730">
    <p class='ocr_par' dir='ltr' id='par_1_80' title="bbox 1994 2659 3568 2730">
     <span class='ocr_line' id='line_1_80' title="bbox 1994 2659 3568 2730; baseline 0.004 -17"><span class='ocrx_word' id='word_1_610' title='bbox 1994 2667 2196 2714; x_wconf 89' lang='lat' dir='ltr'><strong>tantum</strong></span> <span class='ocrx_word' id='word_1_611' title='bbox 2230 2659 2583 2727; x_wconf 87' lang='lat' dir='ltr'><strong>detinueritis,</strong></span> <span class='ocrx_word' id='word_1_612' title='bbox 2615 2661 2743 2714; x_wconf 91' lang='lat' dir='ltr'><strong>nihil</strong></span> <span class='ocrx_word' id='word_1_613' title='bbox 2787 2675 2852 2716; x_wconf 82' lang='lat' dir='ltr'><strong>es</strong></span> <span class='ocrx_word' id='word_1_614' title='bbox 2882 2660 2964 2716; x_wconf 88' lang='lat' dir='ltr'><strong>his</strong></span> <span class='ocrx_word' id='word_1_615' title='bbox 3002 2661 3406 2730; x_wconf 84' lang='lat' dir='ltr'><strong>lucrifacientcs,</strong></span> <span class='ocrx_word' id='word_1_616' title='bbox 3453 2679 3568 2720; x_wconf 88' lang='lat' dir='ltr'><strong>me-</strong></span> 
     </span>
    </p>
   </div>
   <div class='ocr_carea' id='block_1_81' title="bbox 1997 2751 3576 2824">
    <p class='ocr_par' dir='ltr' id='par_1_81' title="bbox 1997 2751 3576 2824">
     <span class='ocr_line' id='line_1_81' title="bbox 1997 2751 3576 2824; baseline 0.004 -19"><span class='ocrx_word' id='word_1_617' title='bbox 1997 2761 2088 2806; x_wconf 84' lang='lat' dir='ltr'><strong>tuo</strong></span> <span class='ocrx_word' id='word_1_618' title='bbox 2125 2767 2192 2807; x_wconf 88' lang='lat' dir='ltr'><strong>ne</strong></span> <span class='ocrx_word' id='word_1_619' title='bbox 2219 2751 2432 2807; x_wconf 86' lang='lat' dir='ltr'><strong>easdem</strong></span> <span class='ocrx_word' id='word_1_620' title='bbox 2471 2751 2608 2806; x_wconf 88' lang='lat' dir='ltr'><strong>detis</strong></span> <span class='ocrx_word' id='word_1_621' title='bbox 2637 2766 2840 2822; x_wconf 82' lang='lat' dir='ltr'><strong>pamas,</strong></span> <span class='ocrx_word' id='word_1_622' title='bbox 2868 2765 3003 2822; x_wconf 85' lang='lat' dir='ltr'><strong>quas</strong></span> <span class='ocrx_word' id='word_1_623' title='bbox 3035 2751 3187 2808; x_wconf 89' lang='lat' dir='ltr'><strong>dedit</strong></span> <span class='ocrx_word' id='word_1_624' title='bbox 3216 2752 3325 2818; x_wconf 91' lang='lat' dir='ltr'><strong>ille,</strong></span> <span class='ocrx_word' id='word_1_625' title='bbox 3356 2754 3447 2824; x_wconf 90' lang='lat' dir='ltr'><strong>qui</strong></span> <span class='ocrx_word' id='word_1_626' title='bbox 3486 2754 3576 2812; x_wconf 46' lang='lat' dir='ltr'><strong>de.</strong></span> 
     </span>
    </p>
   </div>
   <div class='ocr_carea' id='block_1_82' title="bbox 1993 2841 3567 2916">
    <p class='ocr_par' dir='ltr' id='par_1_82' title="bbox 1993 2841 3567 2916">
     <span class='ocr_line' id='line_1_82' title="bbox 1993 2841 3567 2916; baseline 0.003 -20"><span class='ocrx_word' id='word_1_627' title='bbox 1993 2842 2201 2898; x_wconf 84' lang='lat' dir='ltr'><strong>foderat</strong></span> <span class='ocrx_word' id='word_1_628' title='bbox 2226 2842 2502 2898; x_wconf 82' lang='lat' dir='ltr'><strong>talentum.</strong></span> <span class='ocrx_word' id='word_1_629' title='bbox 2533 2841 2664 2896; x_wconf 86' lang='lat' dir='ltr'><strong>Nam</strong></span> <span class='ocrx_word' id='word_1_630' title='bbox 2691 2842 2780 2896; x_wconf 89' lang='lat' dir='ltr'><strong>ille</strong></span> <span class='ocrx_word' id='word_1_631' title='bbox 2812 2851 3092 2912; x_wconf 82' lang='lat' dir='ltr'><strong>propterea</strong></span> <span class='ocrx_word' id='word_1_632' title='bbox 3128 2843 3372 2899; x_wconf 84' lang='lat' dir='ltr'><strong>manibus</strong></span> <span class='ocrx_word' id='word_1_633' title='bbox 3395 2859 3460 2900; x_wconf 89' lang='lat' dir='ltr'><strong>ac</strong></span> <span class='ocrx_word' id='word_1_634' title='bbox 3481 2860 3567 2916; x_wconf 51' lang='lat' dir='ltr'><strong>pe.</strong></span> 
     </span>
    </p>
   </div>
   <div class='ocr_carea' id='block_1_83' title="bbox 1995 2932 3581 3006">
    <p class='ocr_par' dir='ltr' id='par_1_83' title="bbox 1995 2932 3581 3006">
     <span class='ocr_line' id='line_1_83' title="bbox 1995 2932 3581 3006; baseline 0.002 -19"><span class='ocrx_word' id='word_1_635' title='bbox 1995 2933 2152 2987; x_wconf 89' lang='lat' dir='ltr'><strong>dibus</strong></span> <span class='ocrx_word' id='word_1_636' title='bbox 2176 2933 2387 2988; x_wconf 87' lang='lat' dir='ltr'><strong>vinctus</strong></span> <span class='ocrx_word' id='word_1_637' title='bbox 2413 2932 2466 2986; x_wconf 91' lang='lat' dir='ltr'><strong>in</strong></span> <span class='ocrx_word' id='word_1_638' title='bbox 2489 2933 2740 2987; x_wconf 88' lang='lat' dir='ltr'><strong>tenebras</strong></span> <span class='ocrx_word' id='word_1_639' title='bbox 2764 2935 2968 3001; x_wconf 89' lang='lat' dir='ltr'><strong>ejectus</strong></span> <span class='ocrx_word' id='word_1_640' title='bbox 2993 2940 3077 2988; x_wconf 85' lang='lat' dir='ltr'><strong>est</strong></span> <span class='ocrx_word' id='word_1_641' title='bbox 3103 2933 3414 2997; x_wconf 80' lang='lat' dir='ltr'><strong>exteriores,</strong></span> <span class='ocrx_word' id='word_1_642' title='bbox 3439 2952 3581 3006; x_wconf 84' lang='lat' dir='ltr'><strong>quo-</strong></span> 
     </span>
    </p>
   </div>
   <div class='ocr_carea' id='block_1_84' title="bbox 1992 3022 3576 3096">
    <p class='ocr_par' dir='ltr' id='par_1_84' title="bbox 1992 3022 3576 3096">
     <span class='ocr_line' id='line_1_84' title="bbox 1992 3022 3576 3096; baseline 0.003 -19"><span class='ocrx_word' id='word_1_643' title='bbox 1992 3023 2135 3077; x_wconf 85' lang='lat' dir='ltr'><strong>niam</strong></span> <span class='ocrx_word' id='word_1_644' title='bbox 2160 3037 2266 3077; x_wconf 89' lang='lat' dir='ltr'><strong>non</strong></span> <span class='ocrx_word' id='word_1_645' title='bbox 2292 3022 2621 3093; x_wconf 87' lang='lat' dir='ltr'><strong>deprompsit</strong></span> <span class='ocrx_word' id='word_1_646' title='bbox 2646 3022 2700 3076; x_wconf 90' lang='lat' dir='ltr'><strong>in</strong></span> <span class='ocrx_word' id='word_1_647' title='bbox 2725 3023 2859 3076; x_wconf 87' lang='lat' dir='ltr'><strong>alios</strong></span> <span class='ocrx_word' id='word_1_648' title='bbox 2879 3037 2999 3091; x_wconf 58' lang='lat' dir='ltr'><strong>quas</strong></span> <span class='ocrx_word' id='word_1_649' title='bbox 3027 3022 3282 3077; x_wconf 87' lang='lat' dir='ltr'><strong>audierat.</strong></span> <span class='ocrx_word' id='word_1_650' title='bbox 3315 3024 3390 3079; x_wconf 82' lang='lat' dir='ltr'><strong>Ne</strong></span> <span class='ocrx_word' id='word_1_651' title='bbox 3413 3025 3576 3096; x_wconf 81' lang='lat' dir='ltr'><strong>igitur</strong></span> 
     </span>
    </p>
   </div>
   <div class='ocr_carea' id='block_1_85' title="bbox 1991 3113 3562 3185">
    <p class='ocr_par' dir='ltr' id='par_1_85' title="bbox 1991 3113 3562 3185">
     <span class='ocr_line' id='line_1_85' title="bbox 1991 3113 3562 3185; baseline 0 -15"><span class='ocrx_word' id='word_1_652' title='bbox 1991 3130 2093 3172; x_wconf 88' lang='lat' dir='ltr'><strong>nos</strong></span> <span class='ocrx_word' id='word_1_653' title='bbox 2109 3129 2318 3185; x_wconf 88' lang='lat' dir='ltr'><strong>quoque</strong></span> <span class='ocrx_word' id='word_1_654' title='bbox 2337 3114 2525 3170; x_wconf 88' lang='lat' dir='ltr'><strong>eadem</strong></span> <span class='ocrx_word' id='word_1_655' title='bbox 2543 3114 2822 3183; x_wconf 88' lang='lat' dir='ltr'><strong>patiamur,</strong></span> <span class='ocrx_word' id='word_1_656' title='bbox 2843 3128 2964 3168; x_wconf 89' lang='lat' dir='ltr'><strong>eum</strong></span> <span class='ocrx_word' id='word_1_657' title='bbox 2985 3113 3073 3184; x_wconf 91' lang='lat' dir='ltr'><strong>qui</strong></span> <span class='ocrx_word' id='word_1_658' title='bbox 3094 3114 3562 3184; x_wconf 82' lang='lat' dir='ltr'><strong>quinque‘talenta,</strong></span> 
     </span>
    </p>
   </div>
   <div class='ocr_carea' id='block_1_86' title="bbox 1992 3206 3567 3278">
    <p class='ocr_par' dir='ltr' id='par_1_86' title="bbox 1992 3206 3567 3278">
     <span class='ocr_line' id='line_1_86' title="bbox 1992 3206 3567 3278; baseline 0 -16"><span class='ocrx_word' id='word_1_659' title='bbox 1992 3216 2046 3263; x_wconf 87' lang='lat' dir='ltr'><strong>et</strong></span> <span class='ocrx_word' id='word_1_660' title='bbox 2067 3223 2187 3262; x_wconf 91' lang='lat' dir='ltr'><strong>eum</strong></span> <span class='ocrx_word' id='word_1_661' title='bbox 2205 3208 2294 3278; x_wconf 91' lang='lat' dir='ltr'><strong>qui</strong></span> <span class='ocrx_word' id='word_1_662' title='bbox 2318 3206 2422 3262; x_wconf 85' lang='lat' dir='ltr'><strong>duo</strong></span> <span class='ocrx_word' id='word_1_663' title='bbox 2438 3207 2661 3277; x_wconf 89' lang='lat' dir='ltr'><strong>accepit,</strong></span> <span class='ocrx_word' id='word_1_664' title='bbox 2685 3206 2953 3260; x_wconf 87' lang='lat' dir='ltr'><strong>imitemur</strong></span> <span class='ocrx_word' id='word_1_665' title='bbox 2967 3247 2980 3268; x_wconf 86' lang='lat'><strong><em>.</em></strong></span> <span class='ocrx_word' id='word_1_666' title='bbox 3006 3206 3215 3262; x_wconf 89' lang='lat' dir='ltr'><strong>etiamsi</strong></span> <span class='ocrx_word' id='word_1_667' title='bbox 3235 3222 3567 3273; x_wconf 72' lang='lat' dir='ltr'><strong>sermonem,</strong></span> 
     </span>
    </p>
   </div>
   <div class='ocr_carea' id='block_1_87' title="bbox 1989 3297 3569 3369">
    <p class='ocr_par' dir='ltr' id='par_1_87' title="bbox 1989 3297 3569 3369">
     <span class='ocr_line' id='line_1_87' title="bbox 1989 3297 3569 3369; baseline -0.001 -13"><span class='ocrx_word' id='word_1_668' title='bbox 1989 3297 2198 3356; x_wconf 83' lang='lat' dir='ltr'><strong>etiamsi</strong></span> <span class='ocrx_word' id='word_1_669' title='bbox 2219 3299 2519 3369; x_wconf 84' lang='lat' dir='ltr'><strong>pecuniam,</strong></span> <span class='ocrx_word' id='word_1_670' title='bbox 2545 3297 2754 3352; x_wconf 89' lang='lat' dir='ltr'><strong>etiamsi</strong></span> <span class='ocrx_word' id='word_1_671' title='bbox 2787 3297 3028 3367; x_wconf 89' lang='lat' dir='ltr'><strong>corporis</strong></span> <span class='ocrx_word' id='word_1_672' title='bbox 3065 3297 3322 3364; x_wconf 87' lang='lat' dir='ltr'><strong>laborem,</strong></span> <span class='ocrx_word' id='word_1_673' title='bbox 3357 3298 3569 3355; x_wconf 86' lang='lat' dir='ltr'><strong>etiamst</strong></span> 
     </span>
    </p>
   </div>
   <div class='ocr_carea' id='block_1_88' title="bbox 1992 3384 3571 3462">
    <p class='ocr_par' dir='ltr' id='par_1_88' title="bbox 1992 3384 3571 3462">
     <span class='ocr_line' id='line_1_88' title="bbox 1992 3384 3571 3462; baseline -0.002 -15"><span class='ocrx_word' id='word_1_674' title='bbox 1992 3405 2197 3462; x_wconf 86' lang='lat' dir='ltr'><strong>preces,</strong></span> <span class='ocrx_word' id='word_1_675' title='bbox 2211 3398 2302 3446; x_wconf 91' lang='lat' dir='ltr'><strong>aut</strong></span> <span class='ocrx_word' id='word_1_676' title='bbox 2319 3389 2462 3444; x_wconf 85' lang='lat' dir='ltr'><strong>aliud</strong></span> <span class='ocrx_word' id='word_1_677' title='bbox 2477 3387 2744 3459; x_wconf 87' lang='lat' dir='ltr'><strong>quidpiam</strong></span> <span class='ocrx_word' id='word_1_678' title='bbox 2758 3387 2810 3441; x_wconf 91' lang='lat' dir='ltr'><strong>in</strong></span> <span class='ocrx_word' id='word_1_679' title='bbox 2827 3387 3051 3456; x_wconf 82' lang='lat' dir='ltr'><strong>proximi</strong></span> <span class='ocrx_word' id='word_1_680' title='bbox 3067 3384 3290 3442; x_wconf 85' lang='lat' dir='ltr'><strong>salutem</strong></span> <span class='ocrx_word' id='word_1_681' title='bbox 3305 3387 3571 3444; x_wconf 81' lang='lat' dir='ltr'><strong>insumere</strong></span> 
     </span>
    </p>
   </div>
   <div class='ocr_carea' id='block_1_89' title="bbox 1991 3468 3568 3553">
    <p class='ocr_par' dir='ltr' id='par_1_89' title="bbox 1991 3468 3568 3553">
     <span class='ocr_line' id='line_1_89' title="bbox 1991 3468 3568 3553; baseline -0.001 -16"><span class='ocrx_word' id='word_1_682' title='bbox 1991 3483 2304 3553; x_wconf 87' lang='lat' dir='ltr'><strong>oportuerit,</strong></span> <span class='ocrx_word' id='word_1_683' title='bbox 2329 3497 2396 3536; x_wconf 90' lang='lat' dir='ltr'><strong>ne</strong></span> <span class='ocrx_word' id='word_1_684' title='bbox 2408 3468 2712 3552; x_wconf 68' lang='lat' dir='ltr'><strong>graventur,</strong></span> <span class='ocrx_word' id='word_1_685' title='bbox 2735 3488 2797 3535; x_wconf 91' lang='lat' dir='ltr'><strong>ut</strong></span> <span class='ocrx_word' id='word_1_686' title='bbox 2816 3479 3184 3550; x_wconf 83' lang='lat' dir='ltr'><strong>undecumque</strong></span> <span class='ocrx_word' id='word_1_687' title='bbox 3201 3479 3456 3535; x_wconf 86' lang='lat' dir='ltr'><strong>talentum</strong></span> <span class='ocrx_word' id='word_1_688' title='bbox 3474 3496 3568 3536; x_wconf 82' lang='lat' dir='ltr'><strong>no-</strong></span> 
     </span>
    </p>
   </div>
   <div class='ocr_carea' id='block_1_90' title="bbox 1991 3572 3584 3644">
    <p class='ocr_par' dir='ltr' id='par_1_90' title="bbox 1991 3572 3584 3644">
     <span class='ocr_line' id='line_1_90' title="bbox 1991 3572 3584 3644; baseline -0.005 -14"><span class='ocrx_word' id='word_1_689' title='bbox 1991 3575 2072 3630; x_wconf 90' lang='lat' dir='ltr'><strong>bis</strong></span> <span class='ocrx_word' id='word_1_690' title='bbox 2085 3590 2115 3630; x_wconf 91' lang='lat' dir='ltr'><strong>a</strong></span> <span class='ocrx_word' id='word_1_691' title='bbox 2131 3575 2236 3630; x_wconf 92' lang='lat' dir='ltr'><strong>Deo</strong></span> <span class='ocrx_word' id='word_1_692' title='bbox 2254 3574 2502 3630; x_wconf 86' lang='lat' dir='ltr'><strong>traditum</strong></span> <span class='ocrx_word' id='word_1_693' title='bbox 2515 3589 2613 3644; x_wconf 91' lang='lat' dir='ltr'><strong>pro</strong></span> <span class='ocrx_word' id='word_1_694' title='bbox 2628 3588 2724 3629; x_wconf 85' lang='lat' dir='ltr'><strong>sua</strong></span> <span class='ocrx_word' id='word_1_695' title='bbox 2739 3573 2960 3643; x_wconf 89' lang='lat' dir='ltr'><strong>quisque</strong></span> <span class='ocrx_word' id='word_1_696' title='bbox 2974 3572 3216 3641; x_wconf 85' lang='lat' dir='ltr'><strong>portione</strong></span> <span class='ocrx_word' id='word_1_697' title='bbox 3226 3572 3512 3642; x_wconf 82' lang='lat' dir='ltr'><strong>multiplica</strong></span> <span class='ocrx_word' id='word_1_698' title='bbox 3519 3593 3584 3633; x_wconf 81' lang='grc' dir='ltr'><strong>η..</strong></span> 
     </span>
    </p>
   </div>
   <div class='ocr_carea' id='block_1_91' title="bbox 1991 3661 3570 3737">
    <p class='ocr_par' dir='ltr' id='par_1_91' title="bbox 1991 3661 3570 3737">
     <span class='ocr_line' id='line_1_91' title="bbox 1991 3661 3570 3737; baseline -0.001 -16"><span class='ocrx_word' id='word_1_699' title='bbox 1991 3677 2093 3732; x_wconf 92' lang='lat' dir='ltr'><strong>tes,</strong></span> <span class='ocrx_word' id='word_1_700' title='bbox 2126 3668 2391 3737; x_wconf 81' lang='lat' dir='ltr'><strong>possimus</strong></span> <span class='ocrx_word' id='word_1_701' title='bbox 2423 3666 2566 3719; x_wconf 89' lang='lat' dir='ltr'><strong>illam</strong></span> <span class='ocrx_word' id='word_1_702' title='bbox 2587 3664 2793 3719; x_wconf 80' lang='lat' dir='ltr'><strong>beatam</strong></span> <span class='ocrx_word' id='word_1_703' title='bbox 2823 3663 3011 3718; x_wconf 87' lang='lat' dir='ltr'><strong>audire</strong></span> <span class='ocrx_word' id='word_1_704' title='bbox 3025 3678 3229 3724; x_wconf 89' lang='lat' dir='ltr'><strong>vocem,</strong></span> <span class='ocrx_word' id='word_1_705' title='bbox 3250 3661 3416 3734; x_wconf 80' lang='lat' dir='ltr'><strong>Euge,</strong></span> <span class='ocrx_word' id='word_1_706' title='bbox 3432 3680 3570 3719; x_wconf 74' lang='lat' dir='ltr'><strong>serra</strong></span> 
     </span>
    </p>
   </div>
   <div class='ocr_carea' id='block_1_92' title="bbox 1993 3753 3573 3824">
    <p class='ocr_par' dir='ltr' id='par_1_92' title="bbox 1993 3753 3573 3824">
     <span class='ocr_line' id='line_1_92' title="bbox 1993 3753 3573 3824; baseline -0.001 -14"><span class='ocrx_word' id='word_1_707' title='bbox 1993 3758 2119 3810; x_wconf 76' lang='lat' dir='ltr'><strong>bone</strong></span> <span class='ocrx_word' id='word_1_708' title='bbox 2155 3765 2202 3810; x_wconf 82' lang='lat' dir='ltr'><strong>et</strong></span> <span class='ocrx_word' id='word_1_709' title='bbox 2250 3754 2453 3824; x_wconf 76' lang='lat' dir='ltr'><strong>ﬁdelis;</strong></span> <span class='ocrx_word' id='word_1_710' title='bbox 2485 3755 2538 3808; x_wconf 88' lang='lat' dir='ltr'><strong>in</strong></span> <span class='ocrx_word' id='word_1_711' title='bbox 2578 3753 2753 3824; x_wconf 81' lang='lat' dir='ltr'><strong>paucis</strong></span> <span class='ocrx_word' id='word_1_712' title='bbox 2800 3754 2943 3824; x_wconf 82' lang='lat' dir='ltr'><strong>fuisti</strong></span> <span class='ocrx_word' id='word_1_713' title='bbox 2983 3753 3168 3820; x_wconf 75' lang='lat' dir='ltr'><strong>ﬁdelis,</strong></span> <span class='ocrx_word' id='word_1_714' title='bbox 3206 3769 3364 3822; x_wconf 74' lang='lat' dir='ltr'><strong>supra</strong></span> <span class='ocrx_word' id='word_1_715' title='bbox 3413 3755 3573 3808; x_wconf 75' lang='lat' dir='ltr'><strong>multa</strong></span> 
     </span>
    </p>
   </div>
   <div class='ocr_carea' id='block_1_93' title="bbox 1992 3841 3572 3915">
    <p class='ocr_par' dir='ltr' id='par_1_93' title="bbox 1992 3841 3572 3915">
     <span class='ocr_line' id='line_1_93' title="bbox 1992 3841 3572 3915; baseline -0.002 -13"><span class='ocrx_word' id='word_1_716' title='bbox 1992 3857 2039 3902; x_wconf 83' lang='lat' dir='ltr'><strong>te</strong></span> <span class='ocrx_word' id='word_1_717' title='bbox 2066 3848 2399 3910; x_wconf 80' lang='lat' dir='ltr'><strong>constituam;</strong></span> <span class='ocrx_word' id='word_1_718' title='bbox 2417 3846 2553 3899; x_wconf 79' lang='lat' dir='ltr'><strong>intra</strong></span> <span class='ocrx_word' id='word_1_719' title='bbox 2576 3845 2630 3899; x_wconf 81' lang='lat' dir='ltr'><strong>in</strong></span> <span class='ocrx_word' id='word_1_720' title='bbox 2655 3843 2897 3915; x_wconf 81' lang='lat' dir='ltr'><strong>gaudium</strong></span> <span class='ocrx_word' id='word_1_721' title='bbox 2935 3842 3124 3898; x_wconf 79' lang='lat' dir='ltr'><strong>domini</strong></span> <span class='ocrx_word' id='word_1_722' title='bbox 3149 3846 3222 3896; x_wconf 76' lang='lat' dir='ltr'><strong>tui</strong></span> <span class='ocrx_word' id='word_1_723' title='bbox 3245 3841 3453 3914; x_wconf 66' lang='lat' dir='ltr'><strong>(lauti.</strong></span> <span class='ocrx_word' id='word_1_724' title='bbox 3477 3843 3572 3912; x_wconf 74' lang='lat'><strong>25,</strong></span> 
     </span>
    </p>
   </div>
   <div class='ocr_carea' id='block_1_94' title="bbox 1992 3932 3570 4010">
    <p class='ocr_par' dir='ltr' id='par_1_94' title="bbox 1992 3932 3570 4010">
     <span class='ocr_line' id='line_1_94' title="bbox 1992 3932 3570 4010; baseline -0.004 -16"><span class='ocrx_word' id='word_1_725' title='bbox 1992 3939 2116 4010; x_wconf 70' lang='lat'><strong>2|);</strong></span> <span class='ocrx_word' id='word_1_726' title='bbox 2170 3954 2278 4009; x_wconf 91' lang='lat' dir='ltr'><strong>quo</strong></span> <span class='ocrx_word' id='word_1_727' title='bbox 2336 3937 2490 3992; x_wconf 88' lang='lat' dir='ltr'><strong>nobis</strong></span> <span class='ocrx_word' id='word_1_728' title='bbox 2542 3935 2789 3990; x_wconf 82' lang='lat' dir='ltr'><strong>omnibus</strong></span> <span class='ocrx_word' id='word_1_729' title='bbox 2841 3932 2998 4003; x_wconf 87' lang='lat' dir='ltr'><strong>potiri</strong></span> <span class='ocrx_word' id='word_1_730' title='bbox 3039 3933 3349 4002; x_wconf 76' lang='lat' dir='ltr'><strong>contingat,</strong></span> <span class='ocrx_word' id='word_1_731' title='bbox 3400 3935 3570 4002; x_wconf 87' lang='lat' dir='ltr'><strong>gratia</strong></span> 
     </span>
    </p>
   </div>
   <div class='ocr_carea' id='block_1_95' title="bbox 1994 4021 3576 4100">
    <p class='ocr_par' dir='ltr' id='par_1_95' title="bbox 1994 4021 3576 4100">
     <span class='ocr_line' id='line_1_95' title="bbox 1994 4021 3576 4100; baseline -0.006 -15"><span class='ocrx_word' id='word_1_732' title='bbox 1994 4038 2052 4085; x_wconf 90' lang='lat' dir='ltr'><strong>et</strong></span> <span class='ocrx_word' id='word_1_733' title='bbox 2095 4029 2418 4100; x_wconf 83' lang='lat' dir='ltr'><strong>benignitate</strong></span> <span class='ocrx_word' id='word_1_734' title='bbox 2461 4025 2671 4082; x_wconf 87' lang='lat' dir='ltr'><strong>Domini</strong></span> <span class='ocrx_word' id='word_1_735' title='bbox 2722 4023 2892 4080; x_wconf 88' lang='lat' dir='ltr'><strong>nostri</strong></span> <span class='ocrx_word' id='word_1_736' title='bbox 2930 4022 3056 4078; x_wconf 82' lang='lat' dir='ltr'><strong>Jesu</strong></span> <span class='ocrx_word' id='word_1_737' title='bbox 3100 4021 3315 4087; x_wconf 83' lang='lat' dir='ltr'><strong>Christi,</strong></span> <span class='ocrx_word' id='word_1_738' title='bbox 3342 4035 3576 4090; x_wconf 85' lang='lat' dir='ltr'><strong>quocum</strong></span> 
     </span>
    </p>
   </div>
   <div class='ocr_carea' id='block_1_96' title="bbox 1994 4113 3571 4190">
    <p class='ocr_par' dir='ltr' id='par_1_96' title="bbox 1994 4113 3571 4190">
     <span class='ocr_line' id='line_1_96' title="bbox 1994 4113 3571 4190; baseline -0.006 -14"><span class='ocrx_word' id='word_1_739' title='bbox 1994 4129 2052 4176; x_wconf 89' lang='lat' dir='ltr'><strong>et</strong></span> <span class='ocrx_word' id='word_1_740' title='bbox 2091 4135 2186 4190; x_wconf 85' lang='lat' dir='ltr'><strong>per</strong></span> <span class='ocrx_word' id='word_1_741' title='bbox 2227 4134 2386 4190; x_wconf 89' lang='lat' dir='ltr'><strong>quem</strong></span> <span class='ocrx_word' id='word_1_742' title='bbox 2426 4117 2569 4174; x_wconf 81' lang='lat' dir='ltr'><strong>Patri</strong></span> <span class='ocrx_word' id='word_1_743' title='bbox 2601 4116 2804 4186; x_wconf 79' lang='lat' dir='ltr'><strong>gloria,</strong></span> <span class='ocrx_word' id='word_1_744' title='bbox 2840 4123 2895 4169; x_wconf 91' lang='lat' dir='ltr'><strong>et</strong></span> <span class='ocrx_word' id='word_1_745' title='bbox 2936 4114 3214 4182; x_wconf 81' lang='lat' dir='ltr'><strong>imperium</strong></span> <span class='ocrx_word' id='word_1_746' title='bbox 3254 4113 3414 4168; x_wconf 81' lang='lat' dir='ltr'><strong>simul</strong></span> <span class='ocrx_word' id='word_1_747' title='bbox 3449 4127 3571 4168; x_wconf 80' lang='lat' dir='ltr'><strong>cum</strong></span> 
     </span>
    </p>
   </div>
   <div class='ocr_carea' id='block_1_97' title="bbox 1994 4205 3358 4282">
    <p class='ocr_par' dir='ltr' id='par_1_97' title="bbox 1994 4205 3358 4282">
     <span class='ocr_line' id='line_1_97' title="bbox 1994 4205 3358 4282; baseline -0.008 -12"><span class='ocrx_word' id='word_1_748' title='bbox 1994 4221 2179 4270; x_wconf 85' lang='lat' dir='ltr'><strong>sancto</strong></span> <span class='ocrx_word' id='word_1_749' title='bbox 2203 4211 2424 4282; x_wconf 86' lang='lat' dir='ltr'><strong>Spiritu,</strong></span> <span class='ocrx_word' id='word_1_750' title='bbox 2452 4211 2506 4266; x_wconf 88' lang='lat' dir='ltr'><strong>in</strong></span> <span class='ocrx_word' id='word_1_751' title='bbox 2530 4209 2724 4266; x_wconf 58' lang='lat' dir='ltr'><strong>saecula</strong></span> <span class='ocrx_word' id='word_1_752' title='bbox 2753 4206 3106 4272; x_wconf 71' lang='lat' dir='ltr'><strong>saeculorum;</strong></span> <span class='ocrx_word' id='word_1_753' title='bbox 3133 4205 3358 4261; x_wconf 81' lang='lat' dir='ltr'><strong>Amen&#39;.</strong></span> 
     </span>
    </p>
   </div>
   <div class='ocr_carea' id='block_1_98' title="bbox 2059 4769 3580 4831">
    <p class='ocr_par' dir='ltr' id='par_1_98' title="bbox 2059 4769 3580 4831">
     <span class='ocr_line' id='line_1_98' title="bbox 2059 4769 3580 4831; baseline -0.001 -13"><span class='ocrx_word' id='word_1_754' title='bbox 2059 4771 2074 4802; x_wconf 84' lang='grc'>¹</span> <span class='ocrx_word' id='word_1_755' title='bbox 2102 4775 2318 4831; x_wconf 33' lang='grc' dir='ltr'><strong>ϋηο-διεδ.</strong></span> <span class='ocrx_word' id='word_1_756' title='bbox 2343 4775 2467 4831; x_wconf 84' lang='lat' dir='ltr'><strong>post,</strong></span> <span class='ocrx_word' id='word_1_757' title='bbox 2492 4777 2653 4828; x_wconf 67' lang='lat' dir='ltr'><strong>Amen,</strong></span> <span class='ocrx_word' id='word_1_758' title='bbox 2677 4769 2860 4831; x_wconf 84' lang='lat' dir='ltr'><strong>habent</strong></span> <span class='ocrx_word' id='word_1_759' title='bbox 2882 4774 3119 4831; x_wconf 43' lang='lat' dir='ltr'><strong>{lauatio</strong></span> <span class='ocrx_word' id='word_1_760' title='bbox 3131 4775 3243 4828; x_wconf 77' lang='lat' dir='ltr'><strong>Deo,</strong></span> <span class='ocrx_word' id='word_1_761' title='bbox 3266 4773 3410 4821; x_wconf 77' lang='lat' dir='ltr'><strong>Pater</strong></span> <span class='ocrx_word' id='word_1_762' title='bbox 3422 4773 3580 4831; x_wconf 72' lang='lat' dir='ltr'><strong>noster</strong></span> 
     </span>
    </p>
   </div>
   <div class='ocr_carea' id='block_1_99' title="bbox 1993 4827 3578 4894">
    <p class='ocr_par' dir='ltr' id='par_1_99' title="bbox 1993 4827 3578 4894">
     <span class='ocr_line' id='line_1_99' title="bbox 1993 4827 3578 4894; baseline -0.002 -13"><span class='ocrx_word' id='word_1_763' title='bbox 1993 4827 2044 4881; x_wconf 76' lang='lat' dir='ltr'><strong>in</strong></span> <span class='ocrx_word' id='word_1_764' title='bbox 2063 4828 2237 4882; x_wconf 81' lang='lat' dir='ltr'><strong>sanctis</strong></span> <span class='ocrx_word' id='word_1_765' title='bbox 2259 4827 2657 4894; x_wconf 49' lang='lat' dir='ltr'><strong>(hiysostomus,</strong></span> <span class='ocrx_word' id='word_1_766' title='bbox 2690 4828 3096 4894; x_wconf 28' lang='lat' dir='ltr'><strong>oratimiibus‘suis</strong></span> <span class='ocrx_word' id='word_1_767' title='bbox 3111 4868 3124 4888; x_wconf 92' lang='lat'><em>.</em></span> <span class='ocrx_word' id='word_1_768' title='bbox 3166 4835 3329 4880; x_wconf 83' lang='lat' dir='ltr'><strong>contra</strong></span> <span class='ocrx_word' id='word_1_769' title='bbox 3364 4829 3578 4894; x_wconf 51' lang='lat' dir='ltr'><strong>{uita-as.</strong></span> 
     </span>
    </p>
   </div>
   <div class='ocr_carea' id='block_1_100' title="bbox 1993 4889 3572 4964">
    <p class='ocr_par' dir='ltr' id='par_1_100' title="bbox 1993 4889 3572 4964">
     <span class='ocr_line' id='line_1_100' title="bbox 1993 4889 3572 4964; baseline -0.003 -23"><span class='ocrx_word' id='word_1_770' title='bbox 1993 4905 2103 4956; x_wconf 74' lang='lat' dir='ltr'><strong>qua:</strong></span> <span class='ocrx_word' id='word_1_771' title='bbox 2144 4904 2233 4964; x_wconf 74' lang='lat' dir='ltr'><strong>sea:</strong></span> <span class='ocrx_word' id='word_1_772' title='bbox 2267 4889 2602 4964; x_wconf 64' lang='lat' dir='ltr'><strong>mmierantur,</strong></span> <span class='ocrx_word' id='word_1_773' title='bbox 2621 4889 2767 4955; x_wconf 82' lang='lat' dir='ltr'><strong>ﬁnem</strong></span> <span class='ocrx_word' id='word_1_774' title='bbox 2789 4889 3024 4955; x_wconf 83' lang='lat' dir='ltr'><strong>imposuit.</strong></span> <span class='ocrx_word' id='word_1_775' title='bbox 3051 4898 3178 4940; x_wconf 89' lang='lat' dir='ltr'><strong>Unus</strong></span> <span class='ocrx_word' id='word_1_776' title='bbox 3199 4898 3361 4940; x_wconf 84' lang='lat' dir='ltr'><strong>autem</strong></span> <span class='ocrx_word' id='word_1_777' title='bbox 3387 4891 3533 4940; x_wconf 82' lang='lat' dir='ltr'><strong>habet</strong></span> <span class='ocrx_word' id='word_1_778' title='bbox 3557 4899 3572 4929; x_wconf 68' lang='grc' dir='ltr'><em>ε</em></span> 
     </span>
    </p>
   </div>
   <div class='ocr_carea' id='block_1_101' title="bbox 1993 4961 2682 5019">
    <p class='ocr_par' dir='ltr' id='par_1_101' title="bbox 1993 4961 2682 5019">
     <span class='ocr_line' id='line_1_101' title="bbox 1993 4961 2682 5019; baseline -0.001 -16"><span class='ocrx_word' id='word_1_779' title='bbox 1993 4964 2108 5018; x_wconf 68' lang='lat' dir='ltr'><strong>om</strong></span> <span class='ocrx_word' id='word_1_780' title='bbox 2128 4961 2334 5019; x_wconf 77' lang='lat' dir='ltr'><strong>quinque</strong></span> <span class='ocrx_word' id='word_1_781' title='bbox 2355 4961 2682 5006; x_wconf 67' lang='lat' dir='ltr'><strong>nuntiarentur.</strong></span> 
     </span>
    </p>
   </div>
  </div>
