4018 6190
507 462 1824 501 ξυμ-Μαῃοῄαῇ-

1204 265 1258 320 S.
1298 262 1582 319 JOANNIS
1619 260 2113 319 CHRYSOSTOMI
2150 261 2471 319 ARCHIEP.
2511 257 3056 317 CONSTANTINOP.
3620 256 3697 309 liti

727 689 803 749 lN
837 683 1253 747 HOMILlAM
1298 683 1402 746 DE
1437 683 1598 745 NON
1642 679 2467 781 ANATHEMATIZANDIS
2503 677 2721 741 VIVIS
2760 678 3028 753 ATQUE
3072 677 3510 743 DEFUNCTIS

1807 942 2419 1053 MONITUM.

566 1444 690 1512 Quo
732 1454 975 1515 tempore
1009 1445 1153 1500 hanc
1201 1445 1457 1502 habuerit
1506 1446 1785 1504 homiliam
1818 1449 2060 1518 Chryso-

497 1547 729 1602 stomus,
760 1538 916 1594 initio
950 1536 1193 1592 declarat
1242 1538 1357 1608 ipse
1384 1553 1508 1592 cum
1540 1539 1655 1594 ait:
1706 1537 1889 1607 Nuper
1920 1538 2062 1592 vobis

493 1632 558 1685 de
588 1628 1125 1694 incomprehensibilis
1149 1631 1443 1700 cognitione
1471 1630 1560 1684 Dei
1584 1631 1868 1694 disserens,
1893 1630 2064 1684 multa

493 1722 647 1776 verba
681 1722 803 1791 feci,
841 1738 903 1775 ac
943 1730 1054 1774 tum
1077 1720 1471 1790 Scripturarum
1506 1722 1737 1784 vocibus,
1768 1730 1877 1775 tum
1904 1732 2062 1776 natu-

496 1813 698 1868 ralibus
734 1814 1031 1871 ratiociniis
1062 1812 1442 1878 demonstravi,
1468 1813 1625 1867 etiam
1655 1813 1783 1881 ipsis
1823 1813 2065 1867 invisibi-

493 1904 633 1958 libus
676 1901 958 1958 virtutibus
997 1903 1320 1955 inaccessam
1367 1918 1584 1971 prorsus
1643 1918 1754 1956 esse
1809 1901 2065 1958 Numinis

493 1996 1047 2063 comprehensionem;
1094 1994 1204 2048 illis
1253 1995 1491 2059 scilicet,
1528 2010 1645 2065 qua:
1695 1996 1931 2050 materia:
1970 2013 2063 2050 ex-

492 2095 691 2154 pertem
718 2096 769 2141 et
804 2087 1010 2141 beatam
1051 2087 1214 2141 vitam
1254 2097 1458 2157 agunt:
1501 2104 1694 2155 nosque
1743 2100 1936 2151 tamen,
1970 2091 2060 2159 qui

492 2180 550 2237 in
589 2182 731 2235 omni
762 2179 984 2234 mollitie
1011 2189 1168 2250 atque
1190 2182 1401 2251 ignavia
1430 2184 1591 2237 vitam
1624 2186 1927 2255 degimus...
1949 2200 2063 2237 rem

492 2271 846 2327 inuisibilibus
884 2272 1193 2329 substantiis
1223 2276 1432 2343 penitus
1472 2278 1707 2346 ignotam
1739 2277 1947 2346 assequi
1974 2292 2063 2329 co-

493 2367 635 2431 nari,
662 2374 766 2422 etc.
813 2365 940 2423 Hrec
986 2382 1119 2422 vero
1170 2368 1408 2423 maxime
1446 2375 1743 2437 pertractat
1780 2369 2066 2423 concione

494 2459 651 2515 tertia
682 2459 1314 2529 deineomprehensibili
1342 2478 1356 2515 :
1386 2473 1555 2528 quare
1600 2460 1682 2513 vel
1730 2468 1854 2529 post
1911 2460 2061 2513 illam

493 2550 581 2605 vel
631 2558 758 2619 post
803 2550 1042 2619 aliquam
1087 2565 1154 2605 ex
1206 2552 1565 2621 sequentibus
1617 2552 1759 2606 hanc
1815 2550 2065 2606 habuerit

495 2641 798 2703 homiliam,
822 2649 1065 2696 vertente
1095 2642 1354 2695 nimirum
1385 2656 1529 2695 anno
1553 2640 1676 2696 586.
1701 2641 1901 2696 Verum
1937 2642 2065 2695 licet

497 2732 902 2803 hare'temporis
929 2743 1054 2788 nota
1094 2734 1228 2788 nulli
1276 2733 1573 2788 dillicultati
1607 2734 1844 2788 obnoxia
1880 2732 2065 2788 videa-

494 2834 609 2891 tur,
662 2833 854 2880 contra
882 2840 1001 2879 eam
1055 2834 1236 2879 tamen
1270 2826 1472 2879 multas
1530 2834 1711 2879 movet
1737 2826 2065 2894 quaestiones

492 2919 912 2985 'l‘illemootius,
966 2916 1061 2987 qui
1112 2916 1167 2971 iu
1206 2917 1491 2971 adversam
1548 2919 1662 2972 aluit
1713 2918 2061 2972 sententiam.

493 3008 653 3075 Nam,
680 3010 877 3079 inquit,
900 3007 1156 3063 homilise
1180 3007 1345 3077 hujus
1379 3009 1662 3063 exordium
1721 3023 1830 3062 non
1881 3008 2065 3063 cohae-~

495 3108 579 3155 ret
605 3113 729 3155 cum
765 3099 1122 3170 sequentibus
1154 3100 1334 3155 verbis
1362 3100 1530 3164 hisce,
1557 3101 1688 3171 φέρε
1713 3099 1780 3168 δὴ
1805 3099 1901 3153 καὶ
1934 3099 2066 3171 περὶ

490 3190 854 3262 ἀναθέματος,
896 3192 988 3247 ubi
1020 3206 1181 3246 suum
1208 3191 1277 3245 de
1306 3191 1650 3245 anathemate
1685 3199 2064 3261 argumentum

495 3291 734 3337 tractare
764 3283 957 3353 incipit
988 3281 1477 3350 .Chrysostomns:
1515 3296 1687 3351 quare
1743 3281 2065 3336 iutermedia

494 3373 667 3427 multa
704 3372 888 3426 desint
926 3380 1165 3441 oportet,
1199 3370 1422 3441 quando
1459 3371 1701 3424 maxime
1729 3370 1888 3439 longe
1940 3370 2066 3426 bre-

495 3466 618 3519 vior
652 3463 877 3517 humilia
923 3471 1009 3517 est
1052 3477 1217 3533 quam
1252 3462 1466 3518 soleant
1511 3460 1889 3533 Chrysostomi
1920 3477 2061 3518 esse.

496 3557 683 3626 l‘teque
739 3568 869 3610 vero
914 3554 1007 3610 hic
1059 3554 1289 3625 gradum
1329 3553 1495 3619 sistit,
1535 3552 1633 3608 sed
1693 3562 1849 3624 putat
1889 3561 2065 3609 totum

493 3646 783 3703 exordium
832 3645 1055 3701 aliunde
1116 3645 1400 3700 advectum
1449 3655 1506 3701 et
1550 3653 1799 3701 assutum
1852 3643 2061 3701 fuisse:

495 3752 619 3809 qua:
673 3746 853 3792 autem
909 3737 976 3792 de
1031 3735 1381 3791 anathemate
1436 3736 1899 3807 subiunguntur,
1942 3745 2067 3805 post

494 3840 724 3886 mortem
745 3829 960 3886 Paulini
988 3829 1335 3894 Antiocheni,
1364 3844 1488 3900 qua:
1521 3845 1667 3883 anno
1697 3830 1803 3885 588
1840 3829 2063 3893 accidit:

493 3922 638 3979 edita
672 3923 843 3978 {niese
872 3925 1053 3992 arguit
1081 3938 1149 3977 ex
1170 3922 1545 3995 Chrysostomi
1577 3921 1779 3986 verbis,
1823 3937 1946 3991 quae
1983 3921 2067 3977 sic

493 4017 610 4087 ipse
637 4017 840 4072 refert:
880 4015 1070 4071 Patres
1118 4016 1439 4070 damnarunt
1482 4031 1600 4069 eum
1625 4031 1777 4085 quem
1800 4031 1894 4085 ego
1927 4030 2061 4068 anas

490 4107 802 4175 thematizo,
848 4109 1179 4178 maximeque
1232 4106 1523 4160 Paulinum
1568 4105 1683 4174 ejus
1722 4105 2059 4172 magistrum.-

493 4202 594 4260 Hic
624 4202 909 4274 populares
938 4200 1304 4257 Antiochenos
1323 4197 2063 4269 loquentesinducitChryso-

493 4307 725 4360 atomus,
742 4310 838 4351 eos
851 4296 1059 4351 scilicet
1074 4294 1168 4364 qui
1185 4308 1300 4349 sua:
1323 4290 1723 4348 communionis
1742 4298 1917 4354 erant,
1931 4303 2063 4359 quo-

492 4400 613 4441 rum
630 4386 813 4452 verba,
839 4385 1015 4455 inquit
1031 4380 1714 4448 Tillemontius,Paulinum
1729 4382 1842 4453 jam
1860 4380 1955 4436 def
1956 4398 2059 4436 un-

493 4485 641 4531 ctum
669 4475 841 4531 fuisse
881 4474 1603 4544 arguunt;quandoqnidem
1618 4490 1727 4529 non
1748 4484 1854 4529 tam
1874 4472 2059 4528 Pauli-

495 4584 628 4625 num
667 4583 828 4638 quam
853 4567 971 4637 ejus
1003 4567 1297 4635 discipulos
1320 4568 1577 4636 impetere
1606 4567 1858 4621 videntur
1883 4586 1896 4621 :
1926 4575 1982 4621 at
2011 4567 2055 4621 si

492 4661 755 4718 Paulinus
768 4660 1012 4725 vixisset,
1028 4660 1083 4713 in
1099 4675 1222 4713 eum
1249 4660 1505 4724 maxime,
1524 4673 1581 4715 ut
1598 4667 1873 4715 auctorem
1906 4659 2056 4725 mali,

491 4753 781 4808 anathema
815 4751 1515 4822 proferendumvidebatur.
1538 4749 1661 4806 Haec
1694 4751 1805 4815 ille,
1841 4765 1963 4820 qum
1990 4764 2059 4805 ne

495 4845 788 4900 minimum
817 4842 1041 4914 quidem
1072 4856 1174 4896 nos
1203 4857 1235 4895 a
1256 4839 1438 4910 priore
1462 4839 1728 4895 sententia
1756 4839 2052 4900 dimovent,

491 4952 659 5009 quam
716 4936 847 4991 item
897 4935 1223 4991 sententiam
1280 4932 1453 4988 secuti
1505 4940 1636 4987 sunt
1687 4929 1957 4984 Baronius
2003 4937 2059 4982 et

493 5030 863 5086 Hermantius.
900 5027 1056 5093 Quod
1079 5025 1224 5081 enim
1255 5026 1352 5088 ait,
1380 5023 1667 5078 exordium
1703 5020 1923 5075 aliunde
1956 5020 2049 5073 ad-

492 5130 740 5183 vectum,
797 5132 1045 5173 maneam
1103 5114 1406 5178 homiliam,
1460 5126 1693 5181 eamque
1747 5110 2050 5164 breviorem

491 5228 615 5267 esse
647 5226 811 5281 quam
867 5210 1080 5264 soleant
1117 5204 1493 5277 Chrysostomi
1532 5204 1868 5258 conciones:
1915 5201 2052 5264 hate,

492 5302 741 5371 inquam.
772 5299 955 5355 omnia
999 5298 1169 5369 gratis
1226 5297 1502 5351 dicuntur.
1562 5293 1843 5364 Siquidem
1898 5307 2056 5346 exor-

491 5390 641 5444 dium
667 5390 895 5444 omnino
921 5389 1160 5444 cohaeret
1181 5400 1304 5441 cum
1342 5385 1431 5448 iis,
1465 5399 1589 5453 quae
1614 5384 1681 5437 de
1710 5382 2058 5436 anathemate

494 5480 942 5550 subjunguutur:
996 5477 1243 5533 ordiendi
1295 5477 1491 5532 modus
1540 5474 1939 5545 Cbrysostomo
1974 5477 2056 5525 est

493 5567 787 5625 admodum
819 5568 1125 5622 familiaris.
1160 5566 1300 5632 Quid
1326 5566 1472 5619 enim
1505 5565 1869 5636 frequentius,
1893 5576 2053 5633 quam

509 5669 760 5715 sanctum
799 5661 1077 5713 doctorem
1130 5655 1311 5712 videro
1344 5659 1423 5714 sic
1458 5658 1751 5714 conciones
1807 5672 1937 5735 suas
1974 5656 2056 5709 in-

2175 1446 2511 1517 cipientem?
2548 1445 2728 1515 Nuper
2765 1444 2907 1500 vobis
2961 1445 3025 1501 de
3061 1444 3596 1516 incomprehensibilis
3646 1463 3728 1501 co—

2171 1541 2406 1609 gnitione
2436 1539 2529 1593 Dei
2561 1540 2842 1606 disserens,
2900 1540 3069 1594 multa
3126 1541 3279 1594 verba
3337 1541 3460 1610 feci,
3497 1557 3558 1594 ac
3623 1551 3729 1594 tum

2168 1628 2564 1698 Scripturarum
2602 1632 2830 1699 vocibus,
2878 1640 2989 1685 tum
3045 1630 3382 1686 naturalibus
3436 1633 3731 1688 ratiociniis

2164 1723 2554 1783 demonstravi.
2613 1724 2776 1777 etiam
2835 1725 2960 1793 ipsis
3023 1724 3369 1779 inuisibilibus
3447 1727 3729 1784 virtutibus

2163 1815 2482 1869 inaccessam
2507 1831 2722 1884 prorsus
2748 1831 2857 1870 esse
2880 1814 3127 1870 Numinis
3156 1820 3727 1881 comprehensionem...

2162 1907 2272 1976 Age
2311 1923 2447 1960 nunc
2483 1918 2759 1977 postquam
2799 1909 2863 1961 de
2909 1909 3242 1964 anathemate
3279 1913 3421 1965 vobis
3473 1927 3729 1982 quantum

2163 1999 2397 2052 convenit
2428 2000 2856 2066 disseruerimus,
2886 2001 3087 2071 vimque
3109 2004 3235 2056 mali
3268 2003 3450 2071 huius,
3476 2005 3613 2075 quod
3633 2022 3728 2075 pro

2165 2089 2334 2143 nihilo
2371 2098 2665 2158 reputatur,
2697 2092 3095 2154 ostenderimus.
3129 2093 3249 2147 hinc
3278 2094 3414 2163 freni
3450 2096 3731 2164 impatien-

2166 2181 2240 2233 tia
2271 2196 2366 2232 ora
2425 2181 2778 2247 cohibeamus,
2810 2193 2916 2237 etc.
2936 2180 3027 2237 Sic
3062 2182 3276 2252 pr'el'ari
3319 2185 3459 2241 solet
3482 2187 3726 2259 Chryso-

2165 2282 2406 2326 Stomus.
2445 2270 2545 2325 llic
2579 2273 2726 2326 nulla
2757 2271 2960 2337 hiatus,
3004 2273 3214 2329 lacuum
3246 2276 3552 2346 cujuspiam
3583 2280 3729 2336 nulla

2166 2364 2412 2433 suspicio
2460 2365 2646 2419 haberi
2696 2374 2897 2436 potest.
2932 2364 3044 2422 Nec
3089 2368 3209 2436 plus
3258 2369 3490 2426 subsidii
3535 2372 3729 2431 referet

2165 2454 2543 2511 Tillemontius
2580 2472 2647 2511 ex
2700 2458 2936 2513 hotniliae
2969 2460 3231 2516 brevitate
3260 2503 3277 2527 ,
3312 2478 3466 2526 nam.
3500 2472 3562 2519 ut
3601 2476 3733 2521 sunt

2168 2546 2353 2600 multa;
2382 2544 2758 2618 Chrysostomi
2788 2548 3084 2605 conciones
3112 2550 3213 2606 hac
3260 2553 3606 2623 prolixiores,
3652 2556 3727 2613 ita

2168 2640 2457 2709 plusquam
2494 2638 2679 2710 viginti
2734 2655 3030 2709 possumus
3077 2643 3176 2699 hac
3234 2644 3395 2715 longe
3452 2645 3728 2706 breviores

2166 2730 2435 2800 proferre,
2468 2731 2522 2784 in
2550 2746 2688 2800 quas
2710 2742 2890 2787 tamen
2916 2733 3062 2790 nulla
3094 2735 3178 2790 vel
3206 2735 3418 2798 νοθείας
3434 2738 3524 2795 vel
3551 2739 3733 2799 hiatus

2168 2824 2413 2893 suspicio
2434 2824 2594 2879 cadat
2620 2842 2636 2879 :
2669 2836 2859 2896 estque
2901 2827 3015 2882 haec
3042 2827 3262 2883 aliunde
3297 2830 3444 2896 talis,
3475 2840 3545 2887 ut.
3569 2849 3732 2905 argu-

2165 2924 2347 2969 mento
2375 2916 2511 2969 nihil
2533 2915 2768 2977 deﬁciat.
2796 2917 2980 2988 sitque
3009 2920 3267 2976 omnibus
3293 2923 3415 2978 suis
3444 2932 3503 2978 et
3530 2940 3725 2982 nume-

2167 3006 2245 3062 ris
2272 3014 2328 3061 et
2369 3008 2616 3077 partibus
2641 3008 2914 3064 absoluta.
2945 3008 3124 3067 Locus
3175 3024 3357 3068 autem
3403 3015 3519 3080 ille,
3565 3033 3731 3089 quem

2165 3097 2323 3167 quasi
2354 3112 2420 3153 ex
2473 3098 2577 3153 hac
2616 3099 2839 3153 humilia
2874 3110 3193 3171 excerptum
3229 3104 3387 3160 aﬂert
3431 3105 3733 3164 Tillemon-

2164 3191 2313 3253 tius,
2357 3199 2416 3243 ut
2460 3188 2652 3258 probet
2706 3186 2994 3243 Paulinum
3032 3189 3145 3259 jam
3198 3192 3402 3247 obiisse
3448 3208 3577 3248 cum
3621 3196 3731 3265 haec

2166 3281 2593 3353 Cbrysostomus
2626 3281 3066 3349 concionaretur,
3096 3298 3312 3354 nempe,
3355 3281 3551 3340 Patres
3576 3287 3729 3341 dam-

2167 3383 2419 3429 noverunt
2474 3389 2594 3428 eum
2645 3390 2796 3443 quem
2822 3390 2918 3444 ego
2955 3373 3370 3442 anathematiso,
3405 3378 3730 3448 maximeque

2164 3464 2457 3520 Paulinum
2511 3464 2626 3533 ejus
2664 3464 3015 3535 magistrum;
3071 3464 3250 3530 locus,
3308 3465 3568 3536 inquam,
3621 3469 3728 3533 ille,

2165 3557 2379 3614 etiamsi
2403 3556 2782 3628 Cbrysostomi
2807 3563 2970 3623 esset,
3017 3571 3127 3612 non
3179 3556 3335 3614 video
3365 3575 3470 3627 qua
3519 3562 3732 3617 ratione

2164 3648 2422 3718 probaret
2444 3646 2558 3716 jam
2583 3644 2900 3701 defunctum
2927 3645 3100 3702 fuisse
3127 3643 3443 3712 Paulinum,
3476 3664 3581 3705 nec
3604 3663 3738 3719 puto

2164 3737 2474 3808 quempiam
2502 3735 2619 3791 fore
2647 3744 2756 3790 tam
2787 3733 3061 3805 Lynceum
3090 3746 3149 3791 ut
3178 3736 3269 3794 hic
3286 3736 3500 3794 Paulini
3524 3741 3737 3796 obitum-

2163 3830 2474 3901 perspiciat.
2502 3826 2704 3884 Verum
2728 3827 2892 3899 longe
2917 3828 3077 3883 aliter
3104 3843 3163 3884 se
3193 3829 3354 3885 habet
3382 3832 3529 3902 apud
3561 3833 3726 3905 Chry—

2163 3930 2469 3979 sostomum
2503 3919 2595 3976 ille
2618 3920 2795 3987 locus,
2828 3929 2889 3976 ut
2916 3936 3042 3976 mox
3098 3920 3231 3992 ipsis
3276 3922 3455 3980 verbis
3517 3924 3573 3981 in
3618 3942 3727 3980 mc~

2163 4012 2313 4069 dium
2344 4010 2592 4065 adductis
2625 4009 2799 4079 palam
2827 4009 2950 4064 erit.

2238 4100 2309 4157 Ut
2336 4109 2517 4158 autem
2551 4115 2662 4170 quo
2690 4100 2743 4153 in
2774 4108 2919 4155 statu
2957 4107 3087 4155 tunc
3136 4113 3280 4156 esset
3333 4100 3575 4158 Ecclesia
3616 4101 3723 4155 An-

2165 4193 2414 4249 tiochcna
2476 4192 2828 4263 intelligatur.
2881 4192 3026 4262 quod
3082 4208 3215 4248 sane
3269 4193 3336 4247 ad
3394 4194 3718 4264 propositam

2162 4283 2518 4354 quaestionem
2570 4281 2885 4337 solvendam
2926 4282 3156 4336 multum
3203 4282 3452 4348 confert,
3518 4299 3604 4338 res
3641 4293 3717 4338 est

2163 4375 2326 4431 altius
2348 4376 2654 4444 repetenda.
2680 4373 2994 4431 Eustathius
3016 4375 3304 4446 episcopus
3333 4377 3714 4439 Aotiochenus.

2167 4467 2252 4520 vir
2288 4476 2510 4522 sanctus
2539 4474 2593 4521 et
2625 4466 2962 4528 Catholicus.
2995 4466 3223 4537 ideoque
3248 4467 3465 4524 Arianis
3495 4467 3709 4527 invisus,

2166 4557 2408 4627 ipsorum
2446 4572 2607 4628 opera
2641 4568 2694 4613 et
2724 4558 3015 4614 calumniis
3045 4557 3329 4627 depositus
3365 4558 3421 4613 in
3445 4559 3709 4614 exsilium—

2163 4662 2270 4718 que
2299 4656 2457 4703 aetus
2488 4647 2665 4702 fuerat
2699 4662 2844 4702 anno
2872 4648 3091 4703 circiter
3123 4647 3261 4715 330,
3302 4650 3356 4703 in
3388 4649 3608 4721 ejusque
3637 4648 3709 4700 la.

2165 4752 2290 4791 cum
2324 4737 2653 4793 substitutus
2685 4746 2767 4793 est
2800 4738 2942 4794 alius
2972 4739 3260 4809 episcopus
3290 4739 3550 4804 Arianus,
3570 4739 3707 4793 deiu-

2165 4843 2401 4898 ccpsque
2467 4828 2783 4887 continuata
2853 4831 3204 4887 successione
3271 4832 3517 4901 ejusdem
3562 4842 3707 4886 seu:

2096 4942 2106 4947 ·
2163 4920 2406 4989 episcopi
2451 4919 2849 4975 Antiochenam
2889 4931 3111 4976 tenuere
3162 4922 3381 4989 sedem,
3436 4921 3709 4978 Catholicis

2164 5011 2377 5065 interim
2401 5026 2522 5066 cum
2541 5011 2690 5083 [690]
2708 5011 3060 5068 Eustathiano
3075 5013 3218 5069 clero
3234 5015 3462 5070 seorsim
3482 5015 3710 5069 collectas

2166 5104 2471 5173 agentibus,
2516 5106 2691 5160 donec
2748 5104 2935 5160 Ariani
2990 5105 3283 5172 Meletium,
3319 5124 3483 5178 quem
3536 5103 3707 5161 lnemsi

2163 5211 2279 5251 sua:
2303 5197 2575 5250 addictum
2623 5197 2905 5266 putabant,
2940 5200 2991 5251 in
3041 5199 3357 5267 episcopum
3389 5199 3703 5268 adlogerunt.

2161 5287 2230 5342 At
2281 5287 2368 5341 ubi
2407 5298 2595 5356 postea
2651 5288 3046 5357 comperissent
3102 5289 3251 5343 illum
3312 5291 3589 5343 catholicas
3640 5284 3706 5338 rei

2161 5378 2435 5432 vindicem
2462 5377 2788 5448 Arianisque
2818 5378 3074 5433 infestum
3101 5395 3242 5445 esse,
3271 5380 3449 5435 virum
3481 5381 3530 5434 in
3579 5379 3707 5432 essi-

2163 5468 2295 5522 lium
2334 5469 2459 5537 pelli
2490 5479 2706 5532 curant,
2738 5470 2791 5524 in
2823 5472 3051 5540 ejusque
3082 5472 3258 5526 locum
3290 5474 3544 5527 Euzoium
3572 5472 3708 5525 Ατὲι-

2163 5577 2292 5615 num
2322 5561 2677 5618 substituunt.
2711 5561 2865 5616 Tunc
2898 5579 3026 5616 vero
3052 5573 3161 5618 tres
3194 5565 3247 5618 in
3300 5576 3477 5634 partes
3521 5565 3704 5618 distra-

2164 5662 2249 5707 cta
2281 5654 2469 5709 civitas
2502 5654 2603 5708 fuit
2646 5673 2657 5709 :
2694 5655 2863 5724 prima
2895 5665 3011 5709 erat
3045 5655 3540 5718 Eu~tathiauorum,
3598 5654 3703 5708 sive
