4018 6190
306 281 410 336 945

309 406 500 448 eorum
533 394 626 462 qui
662 394 720 449 S.
772 393 1042 451 Eustathii
1079 409 1259 468 partes
1286 405 1458 458 secuti
1490 403 1724 472 fuerant,
1752 415 1877 480 qui-

308 499 418 554 que
475 483 675 540 Meletii
724 489 1188 557 communionem,
1238 495 1380 562 quod
1427 496 1498 550 ab
1553 497 1767 554 Ariauis
1823 505 1877 556 in

309 575 628 644 episcopum
661 587 949 647 cooptatus
978 579 1194 646 fuisset,
1230 586 1597 656 respuebant;
1639 592 1878 648 secunda

309 663 742 732 Meletianorum,
780 669 989 724 scilicet
1024 671 1452 740 Catholicorum,
1483 680 1578 748 qui
1603 679 1878 738 Meletium

308 751 411 811 etsi
437 758 506 811 ab
527 758 748 815 Arianis
786 762 1116 828 ordinatum,
1150 775 1334 836 utpote
1381 769 1717 828 Catholicam
1754 791 1882 831 sau-

310 849 727 921 ctissimumque
771 855 972 919 virum.
1013 860 1421 928 sequebantur;
1454 865 1610 919 tertia
1651 867 1882 921 Ariano-

311 955 454 1006 rum,
486 941 580 1009 qui
609 956 735 995 cum
765 940 974 998 Euzoio
997 958 1298 1004 conventus
1322 952 1572 1020 agebant.
1609 953 1881 1012 llaetenus

310 1038 492 1084 tamen
523 1032 738 1086 nonnisi
770 1031 881 1087 duo
903 1035 1145 1104 episcopi
1175 1038 1481 1095 Antiochiae
1518 1050 1692 1107 erant,
1723 1043 1880 1098 nimi-

313 1134 436 1173 rum
471 1135 535 1173 ex
570 1131 721 1190 parte
751 1123 1158 1180 Catholicorum
1207 1127 1474 1196 Meletius,
1531 1149 1598 1187 ex
1652 1135 1884 1189 Ariano-

315 1225 438 1264 rum
489 1226 622 1266 vcro
667 1223 832 1282 parte
864 1215 1142 1274 Euzoius:
1183 1236 1306 1275 nam
1367 1223 1702 1278 Eustathiani
1755 1241 1878 1280 cum

311 1299 540 1356 Paulino
603 1304 918 1374 presbytero
995 1309 1221 1362 seorsim
1296 1311 1551 1368 collectas
1627 1316 1877 1386 agebant.

311 1390 680 1459 Quamobrem
729 1396 1064 1453 Athanasius
1107 1400 1159 1453 in
1217 1403 1426 1472 synodo
1478 1403 1878 1472 Alexandrina,

310 1498 458 1538 anno
485 1484 612 1547 362,
667 1485 795 1541 totis
853 1489 1059 1543 viribus
1101 1490 1375 1546 nitebatur
1423 1502 1482 1547 ut
1536 1495 1882 1550 Eustathiani

313 1573 618 1631 Meletianis
691 1578 1156 1647 adjungerentur,
1233 1598 1533 1654 omnesque
1618 1585 1881 1642 Catholici

313 1683 482 1721 unum
555 1665 826 1721 Melctium
863 1671 1176 1738 episcopum
1217 1683 1590 1741 agnoscerent,
1627 1677 1692 1730 ad
1729 1692 1880 1730 eam-

310 1775 417 1829 que
441 1775 554 1812 rem
597 1759 800 1828 legatos
844 1761 984 1818 duos
1049 1763 1341 1818 Eusebium
1389 1764 1783 1822 Vercellcnsem
1826 1776 1882 1823 et

309 1850 588 1903 Asterium
650 1849 934 1918 episcopos
985 1865 1014 1904 a
1085 1854 1293 1922 synodo
1350 1855 1689 1911 Antiochiam
1742 1859 1880 1914 m'tti

307 1941 541 1994 curavit.
583 1939 783 1995 Verum
837 1943 1052 1998 interim
1093 1945 1219 1998 dum
1269 1947 1429 2017 legati
1480 1949 1582 2003 iter
1616 1961 1878 2019 agerent,

309 2029 529 2087 Lucifer
573 2033 916 2088 Calaritanus
949 2035 1096 2104 pium
1152 2037 1433 2091 Athanasii
1465 2039 1877 2095 Alexandrinae-

307 2141 419 2194 que
461 2127 650 2195 synodi
685 2127 968 2180 consilium
1013 2127 1410 2195 interturbavit,
1455 2133 1546 2200 qui
1591 2131 1877 2186 Paulinqu

308 2214 367 2267 in
396 2216 706 2284 episcomtm
748 2218 947 2286 adlegit
975 2236 990 2272 :
1023 2218 1092 2272 ita
1133 2227 1191 2272 ut
1231 2229 1340 2274 tres
1361 2221 1472 2290 jam
1500 2222 1737 2293 episcopi
1769 2226 1880 2278 An-

308 2305 528 2359 tiochiae
553 2319 756 2372 essent,
797 2307 907 2362 duo
951 2309 1238 2370 Catholici.
1307 2327 1448 2366 unus
1504 2313 1759 2370 Arianus.
1801 2317 1875 2370 Ex

311 2395 419 2450 hoc
451 2407 630 2452 autem
663 2399 1066 2453 Catholicorum
1095 2399 1346 2468 dissidio,
1383 2403 1530 2472 quod
1559 2405 1719 2460 annis
1743 2406 1881 2462 bene

308 2488 497 2543 multis
527 2491 782 2559 perstitit,
825 2492 1126 2547 innumera:
1147 2493 1278 2548 rixa:
1309 2495 1544 2550 subortu:
1575 2509 1722 2562 sunt,
1751 2513 1882 2552 con-

306 2581 571 2643 tumeliae,
599 2581 843 2647 dicteria,
878 2583 1184 2646 maledicta,
1226 2587 1426 2656 quibus
1473 2603 1530 2641 se
1569 2597 1758 2658 mutuo
1794 2589 1877 2644 (li-'-

305 2673 484 2726 versis
509 2672 710 2728 addicti
746 2676 989 2744 partibus
1023 2675 1356 2732 lacerabant.
1438 2677 1696 2736 Paulinus
1749 2695 1880 2735 vero

303 2762 364 2815 in
415 2763 736 2833 episc0pum,
776 2765 1021 2821 adiectus
1063 2767 1446 2824 Alexandrinae
1499 2771 1706 2842 synodo
1748 2757 1906 2827 sub?

304 2856 552 2924 scripsit,
610 2857 660 2910 in
703 2872 806 2926 qua
858 2857 1231 2928 Apollinarius
1277 2860 1639 2930 Laodiceuus,
1685 2865 1777 2933 qui
1813 2881 1878 2920 eo

303 2956 559 3002 oratores
585 2961 716 3002 suos
747 2951 1046 3006 monachos
1091 2951 1331 3019 miserat,
1384 2963 1442 3007 ut
1485 2955 1876 3024 professionem

304 3037 434 3091 ﬁdei
473 3053 585 3092 sua.
620 3039 672 3092 in
718 3048 863 3094 cmtu
907 3039 1126 3096 Patrum
1187 3043 1434 3108 ederent,
1477 3045 1550 3100 ita
1607 3055 1784 3102 tamen
1820 3057 1880 3103 ut

299 3145 523 3186 errores
553 3146 685 3186 suos
714 3133 940 3188 subdole
981 3134 1288 3197 reticerent.
1344 3137 1397 3190 in
1439 3140 1876 3194 communionem

303 3220 636 3278 admittitur.
684 3223 947 3280 Paulinus
985 3236 1186 3291 autem,
1238 3243 1383 3281 anno
1416 3228 1522 3282 369.
1573 3231 1876 3297 ordinatus,

302 3327 455 3365 anno
485 3311 589 3366 588
626 3314 706 3368 vel
739 3314 846 3368 589
873 3315 1036 3370 linem
1061 3317 1274 3373 vivendi
1305 3317 1450 3374 fecit.

382 3415 507 3472 llasc
533 3421 908 3489 praemitteuda
943 3430 1119 3488 erant,
1171 3433 1229 3479 ut
1281 3424 1433 3480 locus
1466 3425 1836 3497 Chrysostomi
1862 3473 1877 3493 ,

303 3508 377 3563 dc
404 3525 514 3579 quo
541 3526 684 3566 nunc
709 3513 909 3582 agitur,
954 3513 1181 3585 intelligi
1231 3519 1422 3586 possit.
1457 3517 1636 3574 Verba
1697 3532 1878 3577 autem

301 3602 451 3672 ejus,
483 3601 550 3656 ab
579 3603 646 3656 iis
669 3619 790 3673 quae
814 3600 1192 3662 Tillemontius
1224 3608 1408 3663 retulit
1443 3609 1603 3679 longe
1644 3611 1878 3676 diversa,

303 3694 391 3750 sic
429 3693 664 3749 habent:
710 3695 870 3750 Ἀλλὰ
899 3697 953 3750 τί
985 3697 1235 3766 λέγουσιν
1273 3702 1322 3754 oi
1372 3704 1548 3758 πάντα
1595 3705 1758 3760 δεινοὶ
1786 3707 1884 3778 τὴν

303 3787 538 3852 κακίαν;
577 3789 879 3860 Αἱρετικὸς,
905 3791 1088 3861 φησὶν,
1113 3794 1317 3858 ἐκεῖνος
1346 3796 1654 3866 γεγένηται,
1679 3797 1888 3866 ἔνοικον¹

304 3879 402 3932 τὸν
427 3879 672 3933 διάϐολον
698 3879 856 3950 ἔχων,
885 3883 977 3935 καὶ
1004 3881 1178 3937 λαλῶν
1201 3887 1342 3944 κατὰ
1359 3885 1453 3940 τοῦ
1485 3887 1620 3942 Θεοῦ
1644 3889 1884 3958 ἀδικίαν,

307 3971 406 4025 καὶ
433 3970 664 4036 πολλοὺς
691 3972 780 4026 διὰ
813 3971 1194 4043 πιθανολογίας
1238 3978 1334 4031 καὶ
1362 3978 1526 4050 κενῆς
1563 3981 1778 4054 ἀπάτης
1807 3985 1886 4047 si;

310 4063 476 4134 βυθὸν
497 4063 770 4128 ἀπωλείας
792 4062 1053 4135 ἀπάγων·
1088 4069 1184 4122 καὶ
1212 4070 1298 4123 διὰ
1326 4070 1483 4124 τοῦτο
1511 4072 1614 4126 ὑπὸ
1645 4075 1756 4130 τῶν
1782 4091 1887 4128 πα-

307 4152 489 4225 τέρων
517 4155 866 4227 ἐπιϐέϐληται,
895 4158 1133 4228 μάλιστα
1151 4160 1180 4214 ὁ
1216 4161 1405 4215 τούτου
1431 4163 1748 4231 διδάσκαλος
1771 4169 1886 4238 μοῖ-

311 4259 416 4312 ραν
478 4243 576 4314 τῆς
639 4244 964 4317 Ἐκκλησίας
1009 4248 1334 4318 ἀποτεμὼν,
1390 4251 1423 4321 ἢ
1467 4251 1555 4306 διὰ
1588 4255 1887 4308 Παυλιανὸν

310 4335 469 4405 (lege
491 4335 788 4406 Παυλῖνον)
819 4336 851 4407 ἢ
891 4337 1296 4411 Ἀπολλινάριον
1324 4340 1592 4408 λέγοντες.
1625 4343 1665 4399 l.
1696 4361 1745 4399 e.
1774 4344 1877 4401 Sed

308 4425 445 4494 quid
470 4425 653 4478 dicunt
690 4425 772 4479 illi
799 4426 869 4479 ad
917 4443 1121 4481 omnem
1159 4429 1420 4483 malitiam
1461 4433 1682 4489 audaces
1712 4436 1736 4488 ?
1764 4440 1889 4491 "ﬂ?-

311 4518 536 4582 reticas,
575 4520 749 4582 aiunt,
796 4519 888 4573 ille
921 4521 1097 4590 factus
1150 4531 1249 4586 est,
1303 4523 1688 4579 inhabitanlem
1737 4528 1888 4582 habet

309 4609 613 4678 diabolum,
649 4622 697 4664 et
725 4612 960 4682 loquitur
989 4625 1172 4668 contra
1206 4615 1368 4669 Deum
1404 4619 1713 4688 nequitiam,
1752 4621 1890 4674 mul-

315 4710 505 4770 tesque
532 4702 752 4755 suadela
783 4719 1016 4772 vanaque
1041 4704 1262 4771 fallacia
1297 4709 1351 4760 in
1381 4711 1700 4778 profundum
1743 4711 1892 4765 exilii

311 4793 579 4845 abducit:
627 4795 903 4864 ideoquea
960 4795 1219 4850 Patribus
1260 4801 1453 4866 ejectus
1505 4811 1604 4862 est.
1664 4804 1892 4856 maxime

312 4882 481 4951 hujus
515 4884 788 4953 magister,
835 4887 925 4955 qui
953 4895 1156 4955 partem
1197 4885 1450 4943 Ecclesiae
1496 4889 1724 4944 abscidit
1750 4909 1769 4945 :
1817 4894 1893 4945 sic

313 4984 412 5026 aut
469 4972 757 5028 Paulinum
810 4988 904 5030 aut
955 4977 1336 5046 Apollinarium
1375 4979 1672 5050 designant.
1741 4980 1887 5045 lliec,

315 5073 382 5117 ut
446 5065 624 5134 primo
678 5066 861 5122 statim
901 5077 1121 5139 aspectu
1152 5083 1271 5123 sese
1310 5069 1562 5137 offerunt,
1603 5071 1889 5128 Paulinum

315 5156 592 5208 viventem
622 5155 1016 5226 docentemque
1048 5155 1311 5219 indicant,
1357 5158 1554 5211 nedum
1611 5169 1886 5214 mortuum

317 5255 633 5315 supponant
661 5266 674 5302 :
709 5263 835 5301 nam
868 5247 958 5301 ille
987 5248 1080 5316 qui
1105 5247 1346 5317 loquitur
1375 5260 1561 5303 contra
1602 5249 1769 5304 Deum
1799 5265 1895 5305 ne-

318 5339 551 5406 quitiam
611 5348 665 5392 et
719 5339 918 5393 multos
957 5339 1197 5402 abducit,
1223 5347 1325 5404 est,
1380 5349 1440 5394 ut
1484 5341 1714 5406 videtur,
1751 5341 1896 5396 Pau-

317 5433 509 5496 linus;
577 5446 756 5502 neque
786 5431 932 5486 enim
984 5431 1100 5486 haec
1154 5431 1208 5485 in
1242 5433 1407 5486 alium
1456 5431 1692 5488 conferri
1731 5450 1892 5503 posse

314 5533 600 5594 putamus.
633 5521 765 5595 Ejus
798 5536 933 5580 vero
971 5523 1246 5596 magister,
1285 5525 1378 5596 qui
1423 5541 1452 5579 a
1485 5523 1734 5580 Patribus
1777 5526 1887 5596 eje-

1389 288 1471 342 ΠΕ
1507 289 2000 349 ANATlIEilATE.
2036 323 2100 333 —-
2135 295 2466 355 .ilONl'l'L'M.

3426 307 3530 360 9M

1989 423 2110 467 ctus
2169 423 2314 481 crat,
2349 425 2433 468 est
2491 414 2860 483 Apollinarius
2917 415 3156 470 secundo
3197 425 3549 486 memoratus,

1980 506 2096 575 qui,
2134 516 2418 575 postquam
2474 505 2526 560 in
2583 506 2792 576 synodo
2846 507 2911 562 ad
2970 509 3408 563 communionem
3450 512 3550 564 ad-

1981 597 2186 651 missus
2227 595 2446 662 fuerat,
2496 597 2873 652 subscribente
2911 598 3173 665 Paulino,
3227 600 3420 655 deinde
3479 602 3549 656 ab

1983 687 2284 742 Athanasio
2341 689 2571 758 aliisque
2625 688 2916 756 Patribus,
2957 706 3079 745 cum
3119 691 3238 760 ejus
3298 692 3544 746 haeresim

1982 780 2394 850 comperissent,
2431 780 2633 850 ejectus
2668 779 2788 835 fuit.
2821 780 2965 835 Sane
3019 781 3134 836 haec
3181 782 3548 838 multitudinis

1983 870 2129 925 dicta
2160 871 2299 926 duos
2326 881 2535 926 tantum
2566 872 2832 942 impetunt
2859 873 3027 935 viros.
3061 888 3253 942 nempe
3288 883 3347 926 ut
3376 875 3550 942 explio

1983 970 2071 1016 cat
2095 961 2544 1034 Chrysostomus,
2578 962 2862 1018 Paulinum
2887 973 2939 1018 et
2968 965 3381 1032 Apollinarium.
3410 965 3545 1019 Nam

1983 1054 2029 1107 si
2065 1063 2188 1123 post
2219 1054 2534 1109 defunctum
2576 1052 2862 1108 Paulinum
2899 1071 2926 1106 a
2978 1056 3324 1124 popularibus
3383 1058 3546 1112 verba

1985 1145 2298 1214 hujusmodi
2324 1147 2534 1216 prolata
2569 1155 2770 1212 essent,
2818 1147 3107 1214 Evagrium
3160 1148 3279 1217 ejus
3327 1163 3546 1204 succeso

1983 1250 2159 1290 sorem
2192 1237 2332 1292 haud
2376 1239 2537 1293 dubie
2589 1241 2933 1308 impcterent,
2971 1239 3127 1308 cujus
3167 1248 3346 1294 tamen
3395 1241 3544 1295 nulla

1985 1325 2072 1380 hic
2111 1327 2334 1382 mentio.
2385 1326 2578 1383 Notam
2629 1314 2793 1400 igitur
2846 1329 3125 1398 temporis,
3180 1344 3342 1398 quam
3389 1329 3545 1384 initio

1983 1415 2414 1487 Chrysostomus
2458 1420 2604 1474 clare
2649 1421 2852 1489 posuit,
2904 1421 3007 1475 hoc
3060 1421 3180 1475 loco
3234 1421 3544 1478 nullatenus

1987 1505 2304 1562 labefactari
2347 1510 2519 1577 palam
2557 1518 2657 1564 est.
2714 1508 2893 1575 Quare
2935 1511 2986 1563 in
3022 1510 3109 1568 iis.
3142 1525 3265 1579 quas
3309 1511 3375 1564 de
3407 1520 3545 1564 tem-

1984 1612 2116 1667 pore
2155 1599 2323 1669 hujus
2357 1600 2594 1654 homilia:
2634 1615 2798 1670 supra
2845 1600 3105 1667 diximus,
3150 1603 3372 1655 omnino
3403 1612 3548 1656 stan-

1985 1688 2114 1742 dum
2158 1698 2432 1759 putamus.
2461 1690 2728 1744 Caeterum
2784 1691 2938 1746 locus
2966 1691 3074 1756 ille,
3113 1707 3271 1761 quem
3320 1692 3544 1761 jamjam

1986 1780 2293 1844 retulimus,
2320 1790 2502 1850 utpote
2536 1780 2626 1850 qui
2653 1780 2942 1836 inconditae
2968 1781 3315 1852 profameque
3360 1786 3544 1838 multi-

1985 1871 2192 1924 tudinis
2231 1872 2539 1925 convicium
2584 1881 2792 1925 tantum
2830 1871 3046 1935 referat,
3104 1882 3318 1927 nonest
3371 1875 3444 1929 ita
3479 1877 3546 1930 a.l

1983 1961 2227 2016 litteram
2276 1963 2647 2032 accipiendus,
2678 1973 2735 2016 ut
2780 1963 3114 2032 singulorum
3150 1963 3418 2020 dictorum
3461 1984 3550 2022 ra-

1983 2053 2186 2107 tionem
2223 2068 2463 2121 quazrere
2501 2068 2639 2121 opus
2677 2054 2768 2108 sit.

2055 2144 2326 2209 llalesius,
2352 2153 2412 2200 ut
2442 2145 2493 2200 in
2522 2146 2813 2200 Savilianis
2837 2143 2991 2199 Notis
3017 2145 3156 2200 infra
3179 2147 3362 2202 videre
3397 2148 3542 2214 licet,

1981 2236 2294 2306 suspicatur
2324 2237 2465 2292 hanc
2493 2238 2795 2299 humilium.
2823 2249 3009 2308 utpote
3033 2239 3172 2309 stylo
3193 2240 3539 2304 dissimilem,

1981 2329 2066 2383 vel
2099 2329 2473 2400 Chrysosmmi
2503 2345 2611 2384 non
2641 2345 2783 2397 esse,
2813 2332 2897 2386 vel
2937 2331 2981 2386 si
3030 2331 3401 2402 Chrysostomi
3444 2334 3541 2394 sit,

1981 2421 2051 2474 ab
2091 2421 2198 2475 alio
2233 2431 2418 2492 postca
2466 2431 2812 2478 retractatam
2848 2423 2931 2478 vel
2984 2433 3196 2478 auctam
3249 2423 3454 2478 fuisse:
3494 2424 3544 2478 id

1981 2522 2164 2566 autem
2203 2514 2328 2568 hinc
2367 2513 2676 2568 confirmari
2707 2523 2880 2584 putat,
2942 2515 3083 2584 quod
3118 2513 3266 2570 luris
3317 2513 3535 2569 Graeco-

1983 2598 2216 2655 Romani
2266 2600 2466 2672 parte]
2517 2601 2832 2658 Philotheus
2885 2603 3189 2673 patriarcha
3241 2619 3306 2657 ex
3370 2602 3549 2657 Theu-

1982 2691 2119 2748 doro
2171 2693 2494 2750 Balsamone
2539 2711 2700 2750 unam
2737 2696 3031 2751 alteramve
3095 2695 3330 2751 homilize
3380 2696 3543 2765 hujus

1983 2787 2302 2854 particulam
2357 2785 2595 2842 referat:
2649 2788 2739 2841 ubi
2797 2788 3114 2842 continuata
3185 2787 3325 2842 serie
3379 2789 3546 2843 multa

1985 2875 2274 2943 habentur,
2307 2893 2431 2946 qua:
2463 2877 2703 2932 auctiora
2739 2877 3095 2946 pluribusque
3131 2875 3330 2931 referta
3368 2879 3551 2933 verbis

1981 2963 2237 3034 leguntur
2264 2966 2314 3020 in
2342 2965 2442 3021 hac
2471 2966 2690 3020 humida
2715 2982 2728 3027 ;
2767 2967 2910 3020 unde
2935 2967 3188 3036 opinatur
3209 2967 3296 3021 ille
3317 2967 3548 3035 plurima

1981 3056 2034 3110 in
2073 3058 2213 3113 hanc
2248 3058 2528 3112 humiliam
2558 3058 2862 3126 irrepsisse,
2907 3073 3028 3128 qua:
3071 3073 3179 3113 non
3219 3059 3328 3112 sint
3372 3057 3547 3127 Chry-

1981 3143 2228 3197 sostomi.
2267 3142 2420 3208 Quod
2452 3144 2516 3197 ad
2544 3145 2669 3215 styli
2699 3145 3069 3199 diversitatem
3097 3145 3350 3214 pertinet,
3379 3145 3551 3198 fateor

1979 3241 2034 3287 et
2063 3249 2161 3303 ego
2199 3235 2405 3303 aliquot
2449 3250 2568 3290 esse
2597 3236 2737 3298 loca,
2767 3251 2887 3305 qua:
2916 3234 3291 3306 Cbrysostomi
3335 3235 3548 3290 dicendi

1980 3340 2156 3394 genus
2189 3342 2294 3380 non
2332 3327 2572 3381 referant
2601 3345 2614 3382 :
2656 3326 2815 3397 idque
2851 3327 2950 3381 hac
2977 3327 3209 3382 maxime
3263 3327 3330 3382 de
3384 3341 3550 3381 causa

1981 3418 2252 3474 accidisse
2284 3420 2543 3484 arbitror,
2577 3418 2704 3489 quia
2736 3433 2929 3487 nempe
2964 3419 3252 3488 populares
3281 3434 3410 3474 suos
3439 3419 3553 3487 ple-

1984 3526 2213 3580 rumque
2266 3511 2688 3584 Chrysostomus
2745 3511 2952 3566 inducit
3003 3512 3250 3567 convicia
3311 3522 3365 3566 et
3421 3527 3555 3565 ana-

1984 3605 2221 3660 themata
2260 3605 2313 3659 in
2356 3605 2569 3660 Paulini
2618 3613 2914 3658 sectatores
2949 3605 3249 3674 jactantes;
3282 3603 3402 3659 ideo
3429 3593 3552 3658 ἰιοιι

1986 3705 2197 3751 tantum
2226 3698 2317 3751 ubi
2355 3698 2444 3752 illa
2493 3698 2680 3761 refert,
2714 3697 2807 3751 sed
2858 3698 3023 3750 etiam
3059 3697 3149 3752 ubi
3189 3696 3374 3750 eadem
3424 3711 3553 3764 pro-

1986 3790 2187 3856 pulsat,
2218 3791 2399 3860 aliqua
2454 3791 2837 3860 peregrinitate
2895 3790 3096 3860 stylum
3159 3805 3316 3843 suum
3360 3789 3550 3843 inlicit.

1985 3880 2068 3934 Ad
2097 3881 2210 3935 haac
2238 3896 2387 3943 vero,
2427 3889 2484 3932 ut
2514 3897 2620 3933 non
2657 3879 2825 3934 semel
2871 3879 2997 3932 alibi
3029 3878 3404 3942 observamus,
3444 3893 3550 3930 non

1985 3985 2160 4041 pauca
2192 3981 2320 4027 sunt
2344 3969 2725 4042 Chrysostomi
2767 3969 3051 4038 opuscula,
3083 3968 3202 4022 sine
3229 3967 3396 4022 dubio
3425 3968 3556 4038 γνή-

1988 4079 2100 4129 σια,
2136 4063 2228 4117 ubi
2261 4078 2292 4116 a
2314 4062 2475 4118 solito
2496 4061 2636 4132 stylo
2664 4071 2717 4115 et
2745 4060 2934 4114 orandi
2980 4073 3176 4130 genere
3214 4073 3322 4113 non
3359 4073 3552 4128 parum

1986 4153 2239 4208 deﬂectit.
2281 4153 2415 4208 Cum
2455 4161 2636 4207 autem
2670 4149 2917 4204 llalesius
2955 4148 3332 4218 interpolatam
3379 4149 3556 4202 homi-

1986 4245 2113 4298 liam
2143 4243 2267 4299 ideo
2289 4244 2620 4312 suspicatur,
2649 4242 2792 4312 quod
2821 4240 3132 4295 Philotheus
3160 4240 3404 4308 quaedam
3434 4241 3552 4294 loca

1987 4335 2230 4390 referens
2271 4336 2439 4390 multa
2489 4335 2887 4405 praetermittat,
2936 4330 3089 4405 [091]
3132 4346 3254 4403 quae
3291 4333 3346 4386 in
3379 4332 3558 4386 homi-

1988 4426 2059 4479 lia
2102 4427 2396 4497 leguntur,
2453 4426 2815 4496 incogitanter
2867 4439 3000 4479 sane
3048 4424 3330 4494 loquitur;
3388 4439 3452 4479 ac
3509 4425 3554 4479 si

1991 4517 2205 4584 ignoret
2268 4517 2413 4571 hunc
2442 4531 2564 4572 esse
2610 4529 2818 4570 morem
2876 4516 3204 4586 scriptorum
3265 4515 3559 4585 cujuslibet

1990 4610 2186 4666 a-tatis.
2220 4620 2278 4662 ut
2333 4610 2377 4662 si
2411 4624 2570 4678 quem
2615 4608 2842 4662 alterius
2872 4609 3051 4664 locum
3099 4617 3392 4678 usurpent,
3459 4623 3557 4678 pro

1997 4699 2168 4754 lubito
2201 4715 2263 4754 ea
2292 4701 2606 4754 exscribant
2635 4715 2754 4768 quae
2797 4699 2851 4753 in
2901 4715 3011 4755 rem
3053 4715 3208 4754 suam
3251 4701 3558 4754 condno-re

1993 4800 2200 4863 putent,
2260 4793 2366 4847 alia
2421 4807 2552 4847 vero
2595 4792 2861 4846 arbitratu
2945 4805 3047 4846 suo
3098 4789 3552 4860 prmtermittant:

1996 4884 2140 4953 quod
2174 4884 2447 4938 sexcentis
2476 4897 2763 4954 possemus
2785 4882 3050 4948 exemplis
3070 4881 3416 4943 confirmare,
3453 4882 3558 4935 nisi

1993 4990 2083 5030 res
2123 4990 2219 5044 per
2251 4991 2310 5030 se
2338 4975 2626 5044 perspicua
2668 4973 3039 5044 omnibusque
3073 4981 3200 5027 nota
3249 4983 3417 5028 esset.
3457 4972 3560 5026 Ita-

1994 5081 2101 5134 que
2149 5065 2291 5119 hanc
2344 5065 2620 5118 humiliam
2673 5075 2727 5119 et
2773 5065 2996 5133 dignam
3045 5063 3458 5135 Chrysostomo,
3508 5077 3561 5118 et

1999 5157 2290 5226 genuinam
2318 5171 2438 5210 esse
2468 5165 2723 5224 putamus
2751 5173 2762 5208 :
2802 5171 2864 5208 ac
2895 5170 3019 5208 cum
3055 5155 3283 5209 eruditis
3306 5156 3561 5209 omnibus

1995 5249 2130 5302 viris
2169 5246 2368 5301 Halesii
2408 5246 2696 5316 scrupulos
2725 5244 3023 5308 ἀκινδύνως
3053 5243 3350 5312 rejicimus.

2067 5337 2574 5407 lnterpretationem
2609 5337 2799 5390 incerti
2839 5336 3124 5405 cujusdam
3166 5335 3290 5399 viri,
3348 5351 3470 5404 qua:
3507 5337 3559 5390 in

1999 5429 2150 5501 prius
2202 5428 2377 5483 Editis
2423 5429 2732 5498 legebatur,
2764 5437 2950 5497 utpote
3002 5429 3185 5484 minus
3229 5438 3562 5495 accuratam,

1998 5524 2310 5595 rejecimus,
2352 5537 2659 5593 novamque
2686 5522 3021 5594 paravimus.
