4018 6190
304 270 408 326 955

1857 2079 1962 2140 DE

1603 273 1691 331 DE
1727 273 2224 333 ANATHEMA'I'E.

3445 279 3548 338 9ης

2979 707 3438 715 -υοα-ηορ-ο-ι-»σο-
3451 705 3535 713 ..-

959 2525 1254 2643 NON
1383 2523 2864 2646 ANATHEMATIZANDIS

1418 3035 1628 3099 VIVIS
1678 3038 1835 3098 VEL
1885 3039 2315 3100 DEFUNCTIS
2353 3038 2390 3103 '.

338 3984 392 4035 t.
433 3977 615 4047 Nuper
652 3973 806 4032 vobis
843 3972 911 4029 de
955 3968 1512 4042 incomprehensibilis
1551 3968 1857 4040 cognitione

263 4073 358 4128 Dei
388 4070 681 4135 disserens,
708 4066 874 4122 multa
898 4063 1062 4121 verba
1089 4063 1210 4127 feci,
1237 4077 1302 4116 ac
1323 4070 1432 4116 tum
1457 4060 1854 4132 Scripturarum

254 4165 528 4228 vocibus,
576 4172 687 4218 tum
735 4158 1070 4216 naturalibus
1125 4154 1419 4211 ratiociniis
1468 4153 1850 4218 demonstravi,

253 4261 423 4314 etiam
451 4256 582 4327 ipsis
606 4252 959 4310 invisibilibus
976 4248 1263 4304 virtutibus
1285 4248 1609 4301 inaccessam
1631 4259 1852 4315 prorsus

252 4366 384 4406 esse
411 4348 649 4404 numinis
689 4341 1222 4414 comprehensionem
1247 4379 1261 4405 ,
1311 4338 1418 4392 illis
1445 4336 1685 4402 scilicet,
1730 4351 1852 4407 quae

255 4441 505 4498 materiae
538 4446 814 4508 expertem
855 4444 911 4490 et
958 4434 1166 4489 beatam
1207 4431 1370 4486 vitam
1401 4437 1564 4499 agunt
1599 4445 1615 4482 :
1644 4440 1851 4498 nosque

253 4547 464 4599 tamen,
495 4531 582 4601 qui
612 4530 667 4584 in
711 4527 857 4583 omni
887 4523 1109 4580 mollitie
1145 4531 1305 4592 atque
1332 4518 1540 4591 ignavia
1569 4519 1728 4573 vitam
1753 4518 1851 4574 de—

245 4628 434 4697 gimus
459 4663 476 4686 ,
517 4629 573 4677 et
608 4621 662 4676 in
708 4617 933 4690 quodvis
963 4615 1212 4686 nequitia:
1239 4627 1408 4684 genus
1447 4611 1653 4666 ruimus
1674 4653 1690 4678 ,
1733 4625 1848 4666 rem

247 4714 620 4774 invisibilibus
649 4713 958 4769 substantiis
975 4709 1184 4782 penitus
1207 4709 1438 4779 ignotam
1464 4709 1486 4740 ³
1512 4707 1723 4777 assequi
1751 4719 1848 4760 co-

245 4809 374 4864 nari
405 4824 420 4862 :
452 4820 618 4862 unum
646 4811 810 4858 tantae
837 4803 914 4858 rei
959 4807 1326 4872 argumentum
1357 4798 1618 4854 habentes
1645 4796 1849 4868 cogita-

244 4906 466 4958 tionum
495 4909 796 4954 nostrarum
815 4894 1073 4966 judicium
1095 4901 1150 4948 et
1176 4893 1389 4947 inanem
1412 4890 1551 4962 apud
1577 4889 1846 4946 auditores

238 4993 522 5068 gloriam,
571 5004 746 5061 neque
788 4996 993 5042 natura:
1041 4993 1240 5039 nostra;
1285 4997 1590 5037 mensuram
1639 4981 1846 5037 ratione

237 5080 784 5146 eireumscribentes,
814 5089 989 5147 neque
1013 5074 1249 5130 divinam
1279 5072 1608 5143 Scripturam
1634 5071 1846 5127 Patres-

237 5193 359 5250 que
387 5182 677 5246 sequentes
704 5187 719 5237 ;
767 5170 862 5226 sed
889 5166 1156 5238 opinionis
1184 5173 1384 5220 nostrae
1411 5163 1656 5234 phrenesi
1681 5205 1698 5230 ,
1745 5177 1844 5218 ceu

239 5273 501 5344 hyberno
529 5273 768 5322 torrente
793 5263 1060 5318 detractos
1083 5302 1098 5327 ,
1128 5259 1180 5313 in
1211 5265 1417 5313 tantum
1439 5265 1716 5324 peccatum
1744 5253 1843 5308 de-

240 5367 436 5434 lapsos
463 5373 603 5414 esse.
633 5359 742 5427 Age
769 5369 912 5410 nunc
935 5362 1217 5423 postquam
1241 5348 1310 5404 de
1328 5348 1666 5403 anathemate
1688 5345 1843 5402 vobis

310 5459 327 5489 ⁸
367 5451 550 5504 εοιιθυ
571 5463 680 5502 cum
705 5446 1190 5518 tm:V=!!§<?en°.5'1.9-...
1386 5504 1416 5518 ο.
1504 5500 1516 5518 ς

310 5521 332 5549 ι
352 5500 926 5622 Ιῆὲεῦ-ἷξέἱιηῗώεωῑιίῡ
948 5505 1259 5561 invisibtlibus
1290 5504 1473 5571 penitus
1497 5500 1728 5572 ignem,
1747 5500 1840 5553 de-

244 5587 342 5621 sun
391 5589 440 5625 in
503 5587 527 5622 a
697 5613 708 5624 .

1964 3984 2219 4042 quantum
2244 3979 2492 4033 convenit
2512 3978 2944 4048 disseruerimus,
2974 3986 3184 4058 vimque
3209 3991 3330 4046 mali
3361 3993 3536 4064 hujus,

1963 4069 2102 4138 quod
2133 4085 2231 4140 pro
2264 4071 2430 4130 nihilo
2458 4081 2755 4144 reputatur,
2803 4079 3217 4151 ostenderimus,
3258 4083 3380 4140 hinc
3408 4087 3538 4144 freni

1963 4159 2290 4230 impatientia
2345 4179 2439 4220 ora
2501 4166 2884 4236 cohibeamus,
2935 4171 3178 4226 morbum
3229 4173 3542 4246 detegentes

1963 4266 2184 4319 eorum,
2209 4256 2297 4324 qui
2329 4271 2389 4310 ea
2429 4257 2481 4310 in
2524 4272 2585 4312 re
2619 4259 2818 4314 incuria
2872 4261 3034 4316 nimia
3079 4262 3322 4320 laborant
3369 4268 3408 4320 ¹.
3440 4268 3540 4324 Et-

1959 4347 2103 4402 enim
2147 4345 2200 4404 in
2248 4358 2352 4404 tam
2383 4349 2714 4420 deploratum
2752 4361 2947 4408 statum
2979 4365 3159 4410 nostra
3188 4356 3537 4428 devenerunt,

1959 4447 2039 4506 ut,
2087 4440 2317 4510 pessime
2360 4439 2638 4510 habentes,
2686 4443 2991 4515 ignoremus
3007 4461 3127 4519 .nos
3171 4463 3239 4504 ne
3275 4451 3542 4520 turpiores

1958 4530 2172 4601 quidem
2215 4531 2438 4587 aﬂ'cctus
2479 4547 2770 4603 superare;
2804 4535 2872 4590 ita
2917 4547 2975 4591 ut
3003 4553 3104 4592 vox
3135 4538 3442 4611 prophetica
3485 4541 3538 4598 in

1958 4624 2110 4680 nobis
2151 4624 2475 4695 impleatur:
2510 4625 2632 4681 Non
2671 4636 2743 4682 est
2780 4629 2917 4698 quod
2941 4630 3234 4699 imponatur
3259 4632 3539 4705 malagma,

1957 4732 2116 4786 neque
2141 4717 2309 4773 oleum
2336 4761 2351 4786 ,
2382 4735 2539 4790 neque
2579 4721 2822 4791 ligamina
2865 4719 2886 4793 (
2903 4721 3030 4776 lsai.
3061 4723 3111 4778 1.
3137 4724 3225 4794 6).
3259 4723 3540 4782 Undenam

1956 4806 2116 4878 igitur
2157 4809 2225 4865 de
2267 4809 2368 4866 hoc
2408 4811 2548 4866 malo
2595 4812 2803 4868 dicendi
2854 4815 3063 4870 initium
3107 4815 3343 4871 faciam?
3382 4819 3466 4874 An
3513 4836 3541 4873 a

1957 4897 2166 4955 Domini
2207 4901 2576 4957 mandatorum
2615 4905 2978 4960 sanctionibus
3003 4949 3018 4974 ,
3049 4922 3113 4961 an
3141 4907 3209 4962 ab
3245 4908 3452 4965 inscitia
3489 4920 3542 4965 et

1955 5000 2174 5061 stupore
2221 4993 2449 5048 vestro?
2490 4993 2682 5048 Annon
2729 4994 2904 5050 ridear
2953 5006 3008 5051 et
3051 4997 3285 5054 insanire
3329 4999 3538 5067 videar,

1954 5085 2041 5155 qui
2075 5084 2143 5139 ita
2184 5084 2414 5156 loquar?
2454 5087 2643 5141 Annon
2685 5087 3008 5144 clamoribus
3041 5091 3276 5162 excipiar
3302 5094 3390 5163 qui
3424 5093 3538 5149 hanc

1953 5177 2125 5231 tristia
2171 5185 2226 5232 et
2279 5179 2526 5249 lacrymis
2580 5177 2735 5249 digna
2788 5181 3157 5248 pertractanda
3205 5184 3538 5256 suscipiam"

1953 5265 2089 5333 Quid
2138 5265 2374 5321 faciam?
2419 5266 2624 5332 Doleo,
2671 5271 2850 5325 animo
2895 5271 3167 5337 dissecor,
3215 5287 3536 5344 rumpuntur

1951 5358 2179 5426 viscera,
2210 5359 2335 5414 dum
2367 5367 2568 5413 tantum
2596 5359 2749 5416 video
2775 5371 3068 5434 stuporem,
3107 5365 3230 5436 quia
3254 5364 3532 5424 Iudaicam

1949 5494 2339 5610 l1h'ntllstitiocheni
2361 5492 2628 5547 ueletiam:
2651 5497 3071 5560 partisanathema
3109 5498 3338 5553 dicebant
3372 5499 3536 5554 Pauli-
