4018 6190
489 324 591 379 ΙΠ

490 431 966 506 transgressionem
998 438 1051 483 ct
1073 426 1362 484 Gentilium
1400 426 1724 495 impietatem
1764 434 1943 480 nostra
1973 441 2064 480 su-

490 535 699 598 perant.
728 523 1047 591 Progressus
1092 519 1234 574 enim
1267 518 1409 571 viros
1451 531 1634 581 cerno,
1680 531 1852 586 neque
1896 516 2063 571 ratio-

486 618 630 672 cinio
668 629 737 671 es
773 613 946 667 divina
973 611 1243 681 Scriptum
1283 608 1474 664 edocto
1515 607 1786 679 praeditos,
1818 623 1916 662 nec
1937 624 2068 677 qua-

493 709 629 779 piam
656 707 846 759 divina:
874 711 1163 770 Scriptura:
1189 708 1337 770 parte
1363 698 1633 763 imbutos;
1680 699 1845 753 multa
1873 698 2067 752 erube-

489 813 644 855 scens
682 805 869 859 taceo;
905 791 1243 854 furibundos,
1276 805 1536 861 nugaces,
1568 789 1668 856 Qui
1695 790 1922 843 nesciunt
1956 803 2070 859 qua

489 891 697 951 dicunt,
727 902 884 957 neque
918 886 981 939 de
1004 885 1182 955 quibus
1213 883 1464 953 aﬂirmant
1490 882 1568 952 (l.
1591 879 1725 934 Tim.
1750 881 1799 935 1.
1825 878 1919 951 7);
1966 878 2068 934 hoc

492 994 653 1033 unum
698 977 939 1046 imperite
965 976 1157 1029 docere
1194 974 1449 1028 audentes
1473 1012 1489 1037 ,
1531 980 1585 1026 ct
1620 971 2071 1025 anathematizare

490 1086 607 1141 quae
634 1068 934 1132 nesciunt‘,
967 1067 1036 1120 ita
1070 1074 1127 1119 ut
1166 1073 1344 1118 nostra
1386 1063 1456 1117 ab
1483 1063 1569 1128 iis,
1610 1062 1753 1131 quia
1782 1059 1883 1114 [ide
1910 1059 2071 1114 alieni

490 1170 636 1226 sunt,
667 1159 1004 1224 irrideantur,
1046 1156 1186 1227 quod
1216 1156 1410 1210 nullam
1454 1154 1790 1209 instituendas
1818 1153 1940 1207 vita:
1969 1168 2069 1207 cu-

492 1269 606 1309 ram
636 1253 942 1315 habeamus,
968 1265 1139 1318 ueque
1164 1248 1480 1303 benefacere
1506 1246 1675 1302 edocti
1701 1248 1891 1302 simus.

562 1344 619 1399 2.
661 1344 777 1399 Heu
805 1342 956 1408 mihi,
1001 1358 1157 1411 quam
1197 1343 1376 1411 gravia
1406 1340 1557 1396 Iunci
1591 1339 1694 1395 heu
1720 1339 1888 1394 mihi!
1933 1339 2074 1407 Quot

494 1435 623 1507 iusti
648 1446 703 1490 et
729 1434 1000 1505 prophetae
1018 1433 1455 1488 desideraverunt
1475 1433 1656 1488 videre
1680 1449 1796 1503 qure
1822 1447 1921 1487 nos
1942 1433 2074 1487 vidi-

495 1540 638 1594 Inus,
665 1535 719 1580 et
749 1542 853 1579 non
883 1524 1150 1588 viderunt,
1178 1532 1232 1577 et
1259 1523 1445 1577 audire
1471 1538 1590 1591 qum
1628 1537 1725 1577 nos
1752 1522 2069 1590 audivimus,

495 1628 551 1673 et
594 1635 699 1673 non
742 1618 1023 1672 audierunt
1059 1615 1270 1687 (Matth.
1300 1616 1387 1670 15.
1415 1616 1504 1686 Π)
1536 1632 1549 1669 :
1576 1625 1631 1670 et
1660 1630 1757 1670 nos
1784 1616 1898 1670 haec
1921 1616 2075 1685 quasi

500 1711 671 1765 lusum
705 1709 986 1764 habemus.
1020 1707 1320 1773 Attendite,
1357 1720 1561 1774 quaeso,
1594 1706 1659 1760 iis
1682 1723 1800 1776 quae
1828 1706 2072 1774 audistis,

499 1800 781 1870 nequando
824 1798 1152 1852 difﬂuamus.
1177 1795 1309 1851 Nam
1338 1797 1382 1851 si
1412 1812 1589 1851 sermo
1620 1813 1715 1866 per
1743 1797 1962 1868 angelos
1986 1797 2075 1851 di-

497 1900 615 1946 ctus
646 1889 833 1944 ﬁrmus
878 1888 1013 1951 fuit,
1045 1895 1099 1941 et
1139 1887 1313 1941 omnis
1359 1887 1725 1956 prmvaricatio
1763 1896 1818 1943 et
1859 1887 2076 1942 inobse-

501 1980 716 2050 quentia
738 1979 936 2047 justam
966 1978 1369 2032 retributionem
1396 1978 1620 2047 accepit,
1664 1977 1930 2047 quomodo
1956 1987 2077 2031 tan-

502 2079 606 2124 tam
638 2070 860 2124 salutcm
893 2068 1221 2138 negligentes
1262 2066 1618 2136 eti'ugiemus?
1662 2067 1754 2122 Dic
1778 2068 1920 2122 enim
1943 2108 1959 2133 ,
1987 2068 2076 2138 qui

503 2174 699 2229 scapus
727 2158 992 2228 Evangelii
1037 2157 1239 2224 gratiae,
1286 2173 1537 2228 quorsum
1585 2158 1813 2212 carnalis
1844 2157 1934 2212 Dei
1979 2157 2078 2211 ad-

503 2259 713 2316 ventus,
740 2266 807 2303 an
839 2259 896 2303 ut
932 2259 1030 2303 nos
1057 2258 1241 2302 mutuo
1272 2248 1612 2303 mordeamus
1637 2258 1690 2303 et
1716 2247 2078 2304 devoremus?

503 2341 663 2411 Atqui
708 2354 829 2393 cum
871 2337 1173 2394 Christiana
1218 2338 1325 2393 sint
1371 2338 1524 2407 legali
1577 2345 1842 2406 prmcepto
1883 2336 2081 2405 ubique

507 2429 861 2502 perfectiora,
905 2430 1181 2484 caritatem
1231 2430 1397 2499 magis
1426 2444 1455 2482 a
1486 2428 1641 2483 nobis
1683 2429 1919 2500 exigunt.
1970 2428 2083 2484 illic

508 2534 746 2588 namque
761 2517 965 2573 dicitur
978 2536 994 2578 :
1009 2517 1213 2587 Diliges
1224 2515 1526 2584 proximum
1544 2525 1693 2571 tuum
1705 2515 1844 2571 sicut
1859 2514 2083 2583 teipsunt

509 2608 727 2676 (Matth.
751 2608 844 2670 29.,
867 2609 959 2674 5t);
982 2607 1148 2661 Leuit.
1176 2604 1263 2660 t9.
1284 2605 1370 2672 18)
1392 2623 1408 2672 ;
1431 2606 1519 2659 hic
1534 2613 1717 2660 autem
1736 2605 2082 2661 moriendum

506 2714 632 2753 esse
652 2714 750 2768 pro
786 2698 1055 2767 proximo.
1080 2696 1221 2751 Audi
1250 2696 1429 2764 ipsum
1453 2694 1728 2749 Christum
1761 2696 2034 2750 dicentem
2066 2713 2080 2749 :

515 2786 565 2840 Η
573 2805 689 2841 omo
711 2788 926 2856 quidam
944 2786 1287 2841 descendebat
1308 2787 1373 2838 ab
1397 2784 1697 2837 Jerusalem
1714 2786 1770 2838 in
1792 2783 2020 2850 Iericho,
2035 2794 2084 2840 et

511 2878 699 2933 incidit
730 2880 782 2932 in
810 2879 1062 2941 latrones,
1088 2878 1180 2948 qui
1205 2877 1366 2930 etiam
1399 2874 1826 2945 despoliaverunt
1853 2893 1995 2938 eum,
2033 2886 2084 2933 et

508 2969 683 3039 plagis
701 2969 962 3038 impositis
984 2968 1247 3033 abierunt,
1272 2968 1516 3022 semiuivo
1547 2965 1751 3021 relicto.
1769 2967 1973 3022 Accidit
1987 2985 2086 3022 au-

512 3074 612 3116 tent
632 3071 688 3114 ut
719 3062 966 3116 sacerdos
984 3061 1201 3133 quidam
1218 3063 1551 3117 descenderet
1567 3062 1749 3117 eadem
1763 3066 1849 3117 uia
1876 3078 1893 3116 :
1909 3072 1958 3116 et
1975 3064 2085 3117 viso

508 3154 605 3208 illo
629 3156 915 3223 pratteriuit
942 3170 960 3208 :
982 3155 1231 3210 similiter
1250 3164 1300 3210 et
1330 3153 1533 3220 Levita,
1552 3173 1672 3209 cum
1693 3164 1827 3210 esset
1847 3156 2087 3210 secuslo-

506 3264 647 3309 cum,
672 3257 719 3301 et
746 3249 938 3302 videret
964 3264 1105 3312 eum,
1139 3250 1486 3318 pertransiit;
1511 3247 1885 3304 Samaritanus
1910 3259 2086 3302 autem

507 3340 723 3410 quidam
742 3343 948 3394 veniens
977 3356 1031 3393 tn
1059 3341 1318 3403 locum,et
1343 3340 1523 3395 videns
1556 3358 1696 3404 eum,
1723 3341 2086 3394 misericordia

511 3439 682 3485 motus
717 3440 819 3484 est.
855 3430 921 3483 Et
968 3434 1393 3502 appropinquans
1424 3431 1664 3501 alligauit
1701 3432 1915 3486 uulnera
1947 3431 2083 3500 ejus,

512 3522 796 3591 infundens
826 3521 997 3575 oleum
1028 3531 1076 3575 et
1109 3522 1323 3577 vinum:
1354 3533 1402 3578 et
1426 3524 1696 3591 imponens
1727 3523 1880 3577 illum
1914 3524 1968 3576 in
1990 3524 2086 3592 ju-

509 3624 741 3666 mentum
770 3627 945 3679 suum,
977 3613 1129 3665 duxit
1152 3612 1302 3667 illum
1321 3614 1371 3668 in
1394 3614 1685 3679 stabulum,
1716 3624 1765 3668 et
1796 3632 1979 3669 curant
2015 3615 2085 3668 il-

510 3702 612 3756 lius
627 3703 832 3756 habuit.
852 3700 918 3754 Et
940 3700 1111 3754 altera
1129 3701 1212 3754 die
1236 3703 1508 3773 proferens
1526 3703 1661 3758 duos
1677 3704 1923 3757 denarios
1942 3704 2085 3758 dedit

506 3794 803 3849 stabulario
829 3797 1006 3849 dicens
1028 3814 1047 3850 .-
1069 3810 1252 3849 curant
1276 3796 1421 3850 illius
1444 3795 1595 3855 habe.
1611 3807 1661 3851 et
1681 3798 1728 3852 si
1752 3798 1875 3869 quid
1902 3812 2084 3863 super-

505 3887 820 3956 erngaueris,
846 3904 939 3959 ego
993 3905 1111 3942 cum
1141 3887 1344 3942 rediero
1367 3889 1583 3942 reddam
1616 3890 1727 3945 tibi.
1762 3890 1893 3955 Quis
1924 3891 2085 3960 igitur

513 3980 701 4031 harum
718 3980 875 4033 trium
898 3982 1173 4049 proximus
1187 3980 1390 4035 videtur
1407 3980 1502 4034 tibi
1524 3981 1688 4051 fuisse
1704 3983 1773 4045 ei,
1789 3984 1879 4053 qui
1900 3984 2083 4039 incidit

508 4066 560 4117 in
590 4065 816 4120 latrones
837 4068 944 4122 ?At
968 4067 1058 4122 ille
1078 4068 1235 4131 dixit,
1255 4068 1346 4139 qui
1365 4069 1487 4138 fecit
1514 4085 1632 4123 cum
1665 4070 1761 4124 illo
1786 4072 2084 4127 misericor-

513 4156 679 4210 dium.
708 4157 857 4212 Dixit
879 4169 1054 4213 autem
1074 4161 1158 4214 illi
1180 4158 1371 4215 Iesus:
1398 4159 1563 4226 Vade,
1588 4171 1637 4217 et
1665 4172 1721 4215 tu
1735 4162 1821 4232 fac
1837 4164 2084 4220 similiter

513 4248 760 4311 (l.uc.l0.
783 4251 997 4318 30-57).
1021 4251 1364 4326 Papte,quod
1391 4256 1738 4312 miraculum!
1760 4256 1877 4313 Non
1900 4274 2084 4316 sacer-

507 4344 714 4408 dotem,
742 4359 850 4399 non
882 4344 1125 4401 Levitam
1152 4347 1291 4400 dixit
1324 4346 1654 4417 proximum,
1684 4349 1779 4403 sed
1811 4364 1959 4418 eum,
1988 4351 2083 4421 qui

511 4438 740 4489 decreto
775 4451 804 4487 a
826 4433 1031 4492 Iudaeis
1057 4438 1266 4506 ejectus
1285 4438 1500 4506 fuerat;
1533 4438 1964 4503 Samaritanum,
1998 4441 2083 4496 in-

507 4528 1019 4596 qtmm,alienum,in
1041 4531 1228 4583 multis
1246 4531 1888 4601 blasphemantem,hunc
1903 4534 2081 4589 solum

508 4616 644 4668 dixit
661 4617 968 4684 proximum
992 4633 1008 4668 :
1031 4620 1157 4686 quia
1181 4621 1324 4688 apud
1347 4620 1498 4675 illum
1524 4621 1744 4677 inventa
1759 4631 1842 4677 est
1864 4623 2082 4679 miseri-

506 4704 714 4761 cordia.
725 4703 850 4760 Hazc
863 4708 1163 4765 suntverba
1176 4706 1299 4764 Filii
1321 4708 1564 4777 Dei,ha:c
1579 4715 1800 4770 veniens
1811 4716 1902 4771 ille
1916 4717 2079 4771 etiam

509 4781 759 4849 operibus
807 4783 1044 4839 exhibuit
1087 4804 1102 4841 :
1143 4803 1246 4843 nec
1288 4805 1383 4859 pro
1428 4793 1613 4848 amicis
1652 4796 1824 4852 solum
1870 4808 1926 4854 et
1968 4803 2080 4859 suis

508 4881 747 4929 mortuus
773 4883 873 4939 est,
901 4874 992 4929 sed
1019 4890 1117 4947 pro
1141 4877 1387 4947 inimicis,
1413 4897 1510 4951 pro
1536 4887 1796 4955 tyrannis,
1824 4905 1922 4959 pro
1946 4907 2082 4961 prse-

505 4965 896 5035 stigiatoribus,
927 4984 1025 5037 pro
1052 4969 1352 5029 odientibus
1376 4989 1435 5030 se
1453 5015 1468 5041 ,
1502 4992 1599 5051 pro
1624 4979 2076 5051 crucifigentibus,

504 5072 640 5125 quos
668 5066 792 5112 ante
836 5060 1018 5116 mundi
1048 5063 1478 5121 constitutionem
1512 5048 1641 5125 tales
1695 5048 1834 5128 fore“
1854 5048 2075 5142 sciebat,

505 5157 700 5211 etcum
731 5152 1018 5219 prcescirct,
1048 5155 1278 5219 ereavit,
1307 5156 1542 5215 bonitate
1569 5174 1664 5215 sua
1691 5166 2076 5232 praescieutiam

506 5241 721 5293 vincens
751 5257 765 5294 ε
800 5258 894 5311 pro
941 5244 1111 5312 iisque
1159 5249 1465 5316 sanguinem
1497 5265 1650 5306 suum
1691 5254 1842 5322 fudit,
1874 5272 1970 5327 pro
2014 5261 2079 5314 iis

504 5329 698 5383 necarii
728 5345 787 5385 se
816 5346 1001 5403 passus
1030 5342 1129 5388 est.
1161 5333 1321 5390 Panis
1349 5339 1491 5393 enim
1511 5381 1526 5407 ,
1565 5342 1766 5413 inquit,
1812 5363 1930 5401 caro
1968 5366 2078 5404 mea

501 5425 571 5507 est
596 5456 610 5476 ,
656 5433 807 5484 quant
846 5429 940 5484 ego
971 5421 1100 5475 dabo
1128 5439 1223 5492 pro
1253 5427 1428 5479 mundi
1455 5431 1554 5482 vita
1586 5429 1761 5501 (Joan.
1787 5434 1839 5489 6.
1867 5435 1978 5507 52).
2009 5439 2077 5495 Ει

502 5505 694 5562 Paulus
724 5508 840 5564 lucc
862 5525 959 5580 per
982 5514 1262 5583 epistolam
1303 5517 1433 5572 dicit
1458 5537 1471 5573 :
1505 5519 1566 5575 Si
1595 5525 1727 5577 enim
1746 5541 1858 5579 cum
1886 5505 2077 5584 inimici

563 5639 851 5725 Hm
883 5643 1176 5725 nescitait..._.
1186 5654 1238 5725 et
1272 5651 1674 5725 anathematizare
1704 5672 1812 5722 qut:
1841 5662 2073 5725 nesciunt,

507 5697 630 5757 htf't‘,
654 5697 865 5762 inquam,
883 5707 1037 5754 omnia
1059 5707 1233 5757 desunt
1259 5697 1305 5759 in
1330 5697 1562 5769 {aliide}

1228 314 1286 371 s.
1325 311 1600 370 JOANNIS
1624 307 2097 367 CttltYSOSTOMl
2135 292 2456 368 ARCHIEP.
2497 313 3032 374 consumma.

3625 323 3716 382 958

2167 442 2385 479 essemus
2405 468 2419 491 ,
2462 429 2770 483 reconciliati
2811 446 2986 484 sumus
3010 427 3121 482 Deo
3146 445 3237 500 per
3265 440 3471 485 mortem
3496 432 3613 488 Filii
3631 437 3719 505 ejus

2170 515 2598 589 (Rom.5.10);
2646 534 2967 589 rursumque
3014 521 3068 574 in
3116 520 3349 590 Epistola
3384 521 3453 575 ad
3495 521 3721 579 Hebraeos

2169 605 2300 661 dicit
2341 623 2463 662 eum
2508 624 2606 679 pro
2652 610 2915 666 universis
2962 621 3204 682 gustasse
3263 623 3486 668 mortem
3535 613 3730 687 (Heln.

2167 696 2348 770 2.9).

2240 789 2522 845 Anuthema
2550 809 2652 847 non
2681 792 2777 847 levi
2817 792 2882 848 de
2921 810 3074 848 causa
3115 798 3337 865 cuipiam
3362 804 3640 856 dicendum.
3669 830 3737 845 —

2172 880 2226 935 Si
2254 883 2429 953 itaque
2460 884 2574 941 inec
2601 886 2668 942 ab
2690 886 2805 957 ipso
2830 896 2975 957 gesta
3005 898 3149 954 sunt,
3178 900 3232 944 et
3262 890 3451 946 horum
3479 904 3627 963 typos
3648 909 3738 950 cx-

2174 974 2353 1042 primit
2394 975 2628 1031 Ecclesia
2656 1017 2672 1043 ,
2715 978 2840 1032 dum
2893 980 3112 1050 singulis
3142 981 3330 1037 diebus
3359 998 3457 1052 pro
3490 987 3741 1042 universis

2174 1064 2507 1132 precationes
2536 1066 2724 1133 fundit,
2755 1069 3021 1137 quomodo
3056 1078 3108 1124 tu
3137 1070 3305 1126 audes
3346 1072 3467 1128 talia
3496 1074 3672 1146 loqui?

2242 1153 2526 1208 Anatltenta
2564 1157 2837 1227 aliquando
2883 1176 2974 1229 pro
2993 1161 3077 1230 pio
3120 1178 3327 1216 munere
3369 1165 3629 1234 accipitur.
3671 1197 3743 1208 —

2172 1243 2325 1311 Nam,
2355 1260 2555 1315 quasso,
2586 1247 2712 1316 quid
2739 1249 2866 1303 illud
2911 1260 2993 1305 est
3017 1252 3156 1320 quod
3192 1261 3245 1306 tu
3274 1253 3553 1309 anathema
3577 1257 3741 1312 dicis?

2174 1334 2306 1390 Vide
2326 1337 2449 1406 quid
2471 1337 2645 1405 dicas;
2672 1354 2933 1409 cognosce
2976 1342 3100 1411 quid
3150 1343 3401 1412 loqueris,
3433 1346 3621 1400 nostin‘
3644 1363 3739 1401 no-

2174 1426 2333 1479 minis
2360 1426 2580 1481 vim?ln
2612 1429 2794 1483 divina
2821 1431 2999 1499 utique
3038 1430 3310 1501 Scriptura
3348 1435 3475 1490 illud
3518 1438 3740 1505 reperies

2175 1514 2242 1569 de
2261 1515 2472 1570 Jericlio
2501 1517 2698 1573 dictum
2727 1536 2740 1573 :
2774 1518 2841 1573 Et
2861 1521 3303 1576 anathematizabis
3324 1534 3480 1578 totam
3503 1527 3741 1582 civitatem

2176 1604 2393 1660 Domino
2424 1606 2531 1662 Deo
2558 1619 2642 1663 tuo
2669 1609 2802 1681 (los.
2832 1612 2884 1667 6.
2920 1613 3030 1683 l7).
3059 1613 3123 1667 Et
3153 1629 3314 1684 penes
3357 1632 3457 1671 nos
3496 1617 3742 1674 hactenus

2179 1696 2263 1749 hic
2288 1712 2404 1751 mos
2432 1697 2650 1754 invaluit
2690 1700 2828 1769 apud
2871 1716 3090 1770 omnes,
3120 1714 3177 1759 ut
3217 1704 3421 1761 dicatur
3451 1725 3466 1761 :
3498 1710 3586 1765 ille
3629 1712 3745 1766 talis

2176 1801 2297 1841 eum
2321 1787 2422 1843 boe
2450 1789 2682 1859 fecisset,
2713 1791 2993 1847 anathema
3025 1794 3077 1848 in
3106 1795 3246 1850 hunc
3272 1797 3485 1852 modum
3512 1799 3742 1857 abduxit.

2177 1876 2314 1932 Num
2359 1877 2459 1933 hoc
2501 1890 2585 1934 cst
2627 1881 2941 1937 anathema?
2983 1885 3143 1952 Atqui
3191 1885 3293 1940 hoc
3339 1887 3649 1960 plerumque
3696 1893 3744 1946 in

2179 1965 2371 2021 bonam
2394 1976 2594 2037 partem
2621 1972 2864 2039 sumitur,
2892 1973 3040 2041 quasi
3066 1973 3230 2036 dicas,
3257 1974 3434 2031 offerri
3466 1978 3593 2033 Deo.
3617 1980 3747 2047 Quid

2178 2058 2338 2129 igitur
2364 2060 2644 2116 anathema
2672 2077 2850 2130 vocas,
2875 2064 2973 2118 nisi
3000 2081 3122 2120 cum
3150 2066 3363 2134 dicitur,
3391 2068 3646 2127 oti‘eratur
3665 2075 3750 2130 ille

2180 2150 2407 2215 diabolo,
2439 2167 2539 2209 nec
2559 2154 2693 2210 ultra
2723 2154 2896 2211 locum
2926 2157 3110 2213 salutis
3139 2158 3355 2228 habeat,
3385 2163 3456 2230 sit
3495 2165 3695 2221 alienus
3717 2182 3746 2221 a

2181 2243 2395 2298 Christo
2408 2244 2433 2298 ἲ

2252 2337 2306 2393 5.
2320 2337 2512 2409 Ecquis
2540 2346 2596 2394 tu
2619 2352 2679 2395 es
2705 2348 2862 2395 tanta:
2879 2343 3128 2412 potentiue
3146 2352 3199 2398 et
3223 2346 3588 2404 auctoritatis?
3609 2350 3751 2405 Tune

2182 2430 2324 2482 enim
2368 2429 2572 2485 sedebit
2605 2430 2770 2486 Filius
2795 2431 2908 2497 Dei,
2941 2442 3239 2505 statuetque
3261 2452 3388 2492 oves
3417 2453 3447 2492 a
3475 2439 3676 2496 dextris
3701 2454 3753 2496 et

2183 2520 2371 2577 haedos
2391 2537 2422 2577 a
2448 2507 2835 2585 sinistrisCCur
2868 2533 3064 2580 tantam
3115 2529 3378 2598 usurpasti
3426 2530 3748 2600 dignitatem,

2183 2614 2335 2683 cujus
2362 2615 2720 2683 apostolorum
2741 2623 2911 2671 ctetus
2942 2624 3142 2673 tantum
3172 2634 3395 2674 consors
3420 2631 3521 2686 cst,
3551 2638 3746 2679 necnon

2182 2703 2239 2770 ii,
2267 2704 2496 2773 quicum
2538 2706 2683 2761 omni
2726 2708 3063 2773 accuratione
3103 2710 3312 2764 illorum
3342 2725 3401 2766 se
3421 2727 3749 2770 successores

2182 2793 2452 2861 exhibent,
2493 2795 2633 2865 pleni
2674 2797 2857 2866 gratim
2883 2806 2938 2851 et
2977 2798 3223 2853 virtutis?
3260 2800 3403 2857 Sane
3445 2802 3517 2857 illi
3561 2820 3753 2873 pra‘ce-

2186 2895 2333 2954 ptum
2361 2885 2462 2940 hoc
2490 2887 2773 2957 diligenter
2793 2899 3083 2956 servantes,
3115 2905 3178 2946 ac
3206 2891 3249 2945 si
3274 2893 3482 2947 oculum
3512 2893 3749 2950 dextrum

2181 2976 2511 3046 eﬂ‘oderent,
2557 2980 2635 3035 sic
2695 2981 2974 3037 lnereticos
3019 2997 3084 3037 ex
3131 2984 3363 3040 Ecclesia
3411 2985 3695 3056 ejiciebant
3736 3009 3750 3046 :

2183 3068 2325 3139 quod
2350 3083 2478 3125 sane
2507 3080 2871 3141 argumentum
2899 3082 2981 3126 est
3004 3088 3206 3143 magna:
3235 3074 3442 3130 illorum
3474 3078 3755 3135 commise-

2184 3160 2406 3215 rationis
2436 3168 2594 3232 atque
2646 3163 2911 3229 maeroris,
2943 3178 3005 3218 ac
3029 3165 3072 3219 si
3105 3165 3299 3235 putridi
3342 3169 3565 3224 membri
3593 3172 3756 3228 sectio

2183 3250 2352 3307 ﬁeret.
2370 3251 2723 3320 Quamobrem
2750 3253 2989 3308 Christus
3019 3254 3067 3310 id
3097 3253 3339 3311 dextrum
3361 3258 3571 3314 oculum
3598 3278 3758 3317 voca.

2184 3344 2283 3409 vit,
2310 3344 2517 3399 illorum
2561 3345 2650 3416 qui
2697 3346 2988 3416 abjiccrent
3031 3349 3548 3407 eommiserationem
3580 3354 3759 3411 decla-

2182 3451 2328 3491 rans.
2353 3438 2465 3503 Qua
2494 3436 2547 3492 in
2578 3453 2636 3492 re
2664 3438 2799 3493 sicut
2818 3447 2871 3493 et
2897 3440 2946 3493 in
2974 3440 3091 3495 aliis
3112 3440 3390 3512 diligenter
3415 3458 3759 3517 segerentes,

2183 3525 2416 3583 haereses
2440 3528 2651 3597 quidem
2677 3530 3019 3585 confutabant
3061 3541 3114 3588 et
3142 3533 3422 3603 ejiciebant
3449 3556 3465 3592 :
3492 3541 3625 3594 nulli
3662 3558 3761 3597 au-

2185 3627 2289 3672 tem
2321 3618 2691 3675 luereticorum
2735 3620 2874 3676 hanc
2914 3623 3218 3693 indigebant
3243 3642 3475 3696 pmnam.
3509 3631 3680 3688 Porro
3710 3635 3759 3689 in

2181 3708 2386 3765 duobus
2434 3720 2634 3766 tantum
2678 3712 2806 3768 locis
2834 3717 3119 3783 Apostolus
3167 3717 3303 3774 hanc
3346 3737 3558 3785 vocem,
3609 3729 3760 3795 quasi

2183 3801 2498 3857 necessitate
2522 3811 2736 3857 coactus
2763 3805 3050 3873 protulisse
3081 3807 3290 3864 videtur
3319 3829 3332 3865 :
3362 3828 3540 3883 neque
3584 3824 3758 3873 tamen

2182 3905 2278 3959 pro
2303 3901 2443 3946 certa
2468 3902 2522 3947 et
2547 3891 2892 3951 determinata
2929 3911 3150 3966 persona
3182 3900 3321 3955 illam
3354 3916 3599 3977 usurpat.
3639 3892 3763 3964 cum

2182 3984 2234 4038 in
2278 3984 2509 4054 Epistula
2537 3985 2601 4040 ad
2631 3984 2935 4045 Corinthios
2953 3986 3080 4045 dicit
3108 4010 3123 4047 :
3151 3992 3213 4048 Si
3235 3994 3349 4065 quis
3368 4013 3470 4052 non
3503 4011 3643 4055 amat
3658 4001 3762 4057 Do-

2180 4077 2371 4130 minum
2398 4088 2622 4133 nostrum
2659 4079 2839 4135 Jesum
2873 4083 3146 4150 Christum,
3165 4088 3227 4142 sit
3254 4092 3614 4165 anathemau.
3638 4095 3758 4152 Cor.

2183 4166 2482 4259 16.22),et
2505 4210 2521 4235 ,
2550 4169 2612 4225 Si
2632 4172 2767 4240 ~quis
2809 4174 2946 4230 vobis
2983 4179 3388 4248 evangelith
3429 4196 3757 4259 preter-quant

2178 4258 2313 4326 quod
2330 4259 2612 4329 accepistis,
2631 4263 2901 4317 anathema
2927 4266 2992 4319 sit
3018 4265 3161 4335 (Gal.
3180 4268 3233 4326 ί.
3254 4269 3335 4340 8).
3354 4272 3497 4340 Quid
3525 4291 3672 4349 ergo,
3689 4294 3754 4333 an

2179 4349 2317 4417 quod
2350 4365 2506 4406 nemo
2531 4366 2715 4407 eorum
2742 4354 2832 4424 qui
2864 4365 3177 4424 potestatem
3220 4375 3541 4433 acceperant
3581 4367 3755 4424 facere

2179 4440 2261 4494 vel
2307 4438 2595 4499 decernere
2641 4457 2801 4499 ausus
2845 4454 2947 4511 est,
2976 4455 3032 4502 tu
3076 4447 3256 4507 facere
3300 4454 3524 4513 audebis
3544 4501 3561 4525 ,
3604 4460 3755 4530 plane

2179 4531 2479 4588 adversaria
2523 4535 2679 4589 morti
2727 4536 2933 4592 Domini
2980 4538 3313 4610 perpetrans,
3339 4560 3403 4601 ac
3442 4550 3582 4620 regis
3617 4549 3755 4620 judi-

2178 4624 2318 4678 cium
2346 4626 2715 4681 antevertens?
2737 4627 2911 4684 Vultis
2928 4629 3135 4688 discere
3153 4675 3169 4698 ,
3190 4636 3316 4705 quid
3335 4636 3529 4695 dixerit
3549 4643 3627 4696 vir
3641 4643 3753 4712 qui-

2179 4711 2302 4767 dam
2331 4722 2563 4781 sanctus,
2597 4717 2684 4787 qui
2709 4728 2834 4774 ante
2861 4736 2978 4788 nos,
3000 4730 3056 4776 et
3073 4722 3140 4779 de
3183 4731 3525 4787 successione
3541 4743 3749 4803 aposto—

2180 4801 2352 4859 lorum
2397 4804 2526 4873 fuit,
2571 4823 2636 4864 ac
2671 4812 2928 4884 martyrio
2972 4813 3219 4885 dignatus
3260 4828 3345 4875 est
3379 4822 3448 4878 ‘1’
3490 4801 3747 4894 Ut'hujas

2243 4956 2275 5035 ξ.
2286 4957 2542 5035 sic‘t’atic.
2558 4968 2714 5011 recte.
2732 4968 2784 5035 ts
2804 4964 2941 5035 cujus
2961 4962 3039 5014 hic
3051 4963 3230 5015 dictum
3262 4980 3604 5024 commemorat
3619 4974 3742 5035 dn-

2178 5025 2432 5097 sostomus,
2453 5033 2700 5097 quemque
2720 5023 3045 5097 Alpstolorum
3057 5035 3275 5097 tempore
3288 5037 3516 5097 martyrio
3535 5023 3743 5085 animum

2177 5079 2441 5160 dimicat,
2454 5079 2786 5160 uthesisumat
2816 5090 3056 5160 Rammius,
3088 5079 3312 5160 ignauus
3334 5079 3519 5160 Marft'yr",
3537 5079 3742 5160 iam};

2179 5140 2383 5222 Epistola
2420 5143 2477 5191 ad
2508 5150 2772 5222 Sm‘yrnzeos
2792 5147 2975 5222 δεξιαῖς
2995 5140 3519 5222 είίμὶιὲιιρβεεῠιέίιζῖἔέιῖ
3538 5140 3740 5222 {alain-3

2178 5208 2338 5310 putat;
2358 5217 2502 5253 secus
2523 5208 2778 5255 arbitratur
2797 5207 3145 5271 Tillemontius,
3168 5214 3383 5287 dicitque
3406 5216 3559 5270 locum
3576 5207 3739 5290 Episto-

2197 5277 2240 5310 tn
2278 5265 2337 5310 ad
2375 5272 2640 5310 varmeos
2659 5281 2768 5310 cum
2791 5269 2881 5310 hnc
2907 5271 3220 5310 (thr-veneram.
3262 5275 3369 5310 tm
3408 5283 3486 5310 ιτς...
3518 5284 3738 5310 manu..-

2197 5265 2640 5345 misum???
2659 5269 2881 5345 E99,!“
2895 5265 3220 5345 .‘r‘hrys‘ostogni
3262 5265 3373 5326 ιάοσ
3398 5265 3739 5345 ᾖζῴῖάᾖτ

2176 5324 2417 5405 afﬁnitatis
2442 5324 2643 5405 habere.
2658 5335 2721 5405 En
2745 5332 2926 5405 Barguii
2944 5324 3091 5382 verba
3115 5336 3171 5405 ad
3195 5324 3375 5388 annum
3520 5324 3738 5405 1.375.fo

2180 5387 2472 5466 qua‘mzhhunc
2491 5389 2805 5466 Ebrysostomj
2831 5393 2987 5466 locum
3012 5396 3282 5458 protulerat
3315 5387 3388 5451 sic

2176 5449 2984 5528 fiftﬂw'ﬁfiﬂqciwiwrm
3007 5449 3309 5528 ῖῖιοθωηιειιέα
3341 5449 3743 5528 νὲθιῆἱιὶῖὗῖἀιῦιέ

2852 5514 2983 5591 Locis
3014 5517 3063 5590 ίις
3086 5521 3294 5591 Epistula
3322 5536 3391 5574 αα

2175 5568 2385 5650 irai-ti:
2642 5576 2790 5650 uerba
2817 5589 2834 5626 :
2862 5568 2896 5650 ἐ
2910 5580 2955 5627 si
2979 5582 3108 5650 enim
3122 5568 3747 5650 inié‘éeﬁieiﬁi'iiaﬁl

2174 5643 2301 5707 3339.5
2323 5635 2403 5695 qui
2427 5635 2660 5707 θέῨθῖδυε
2682 5643 2860 5700 “989m
2880 5641 3102 5703 ίηευτείιν
3122 5635 3177 5707 ill
3196 5649 3278 5707 qui
3316 5635 3479 5699 violet
3666 5658 3748 5697 te-

2175 5697 2731 5779 ξρρειὶξξξιξᾳξιὲδ
2752 5697 2966 5770 ξφιειηιο,
3002 5697 3228 5779 putatis:
3238 5697 3463 5769 graviori

2176 5752 2426 5817 supplicio,
2454 5758 2535 5819 qui
2555 5759 2662 5808 sine
2685 5752 2910 5826 Episcopo
2931 5752 3045 5827 quid
3089 5752 3218 5818 volet
3238 5752 3423 5835 ἓξὲξ-ξ
