4018 6190
281 281 385 339 989

280 398 430 453 verbi
475 395 774 451 molestiam
811 391 1092 457 indicaret,
1124 390 1225 444 hoc
1273 405 1400 445 usus
1445 392 1690 460 exemplo
1733 400 1857 445 est:

278 489 728 560 (pictitadmodum
754 487 799 542 si
827 487 966 557 quis,
987 486 1219 554 privatus
1247 500 1367 539 cum
1397 484 1488 550 sit,
1519 486 1715 555 regiam
1741 501 1865 553 pur-

281 598 466 653 puram
512 579 763 644 induerit,
816 587 928 632 tum
978 579 1094 647 ipse
1143 587 1253 630 tum
1289 577 1680 632 conmilitones
1723 576 1862 644 ejus,

277 673 428 741 quasi
472 670 681 742 tyranni
723 669 1142 732 interﬁciuntur;
1172 667 1251 722 sic
1277 666 1366 736 qni
1396 667 1664 722 dominico
1708 680 1865 724 cten-

281 777 369 818 tur
393 765 629 827 decreto,
650 774 702 816 et
731 761 999 815 hominem
1029 759 1282 814 Ecclesim
1322 758 1602 812 anathema
1641 757 1861 820 faciunt,

278 855 334 909 in
379 866 676 909 extremam
715 865 778 906 se
816 850 1104 919 perniciem
1139 847 1434 913 abducunt,
1481 848 1603 904 Filii
1640 847 1867 916 dignita-

280 957 387 998 tem
435 953 771 1012 usurpantes.
817 944 903 995 Λιι
945 941 1061 994 leve
1108 939 1302 1009 putatis
1345 953 1464 994 esse
1489 949 1612 994 ante
1654 949 1865 1008 tempus

275 1049 332 1090 et
354 1036 550 1104 iudicis
573 1034 858 1089 adventum
890 1032 982 1086 tali
1002 1031 1266 1086 sententia
1287 1030 1586 1099 quempiam
1607 1029 1832 1083 eomlem
1847 1057 1865 1068 -

277 1127 446 1181 nare?
475 1126 605 1179 Nam
629 1125 912 1178 anathema
940 1139 970 1177 a
996 1122 1208 1176 Christo
1250 1138 1465 1190 prorsus
1493 1129 1726 1189 separat.
1756 1119 1864 1174 Sed

277 1217 402 1288 quid
435 1217 616 1271 dicunt
651 1215 726 1269 illi
750 1214 816 1268 ad
847 1229 1060 1269 omnem
1088 1214 1340 1268 malitiam
1371 1211 1636 1266 audaces?
1681 1211 1864 1265 llterc-

277 1312 437 1373 ticus,
468 1311 636 1372 aiunt,
665 1309 752 1363 ille
798 1306 969 1361 factus
995 1315 1096 1369 est,
1143 1304 1526 1360 inhabitantem
1557 1302 1714 1356 habet
1745 1302 1862 1356 dia-

276 1401 994 1470 bolum,etloquiturcontra
1015 1399 1177 1452 Deum
1213 1396 1527 1466 nequitiam,
1562 1396 1864 1464 multosque

274 1494 494 1547 suadela
521 1506 760 1561 vanaque
785 1489 988 1544 fallacia
1017 1489 1068 1542 in
1097 1487 1414 1558 profundum
1441 1487 1584 1542 exitii
1605 1487 1819 1541 abducit
1843 1505 1858 1540 :

276 1586 503 1654 ideoque
525 1601 554 1638 a
578 1581 822 1636 Pati-ibus
835 1580 1040 1650 ejectus
1051 1595 1112 1634 es
1155 1579 1382 1634 maxime
1403 1577 1564 1649 hujus
1586 1580 1858 1650 magister,

272 1677 366 1746 qui
390 1684 590 1743 partem
633 1673 884 1728 Ecclesia:
917 1671 1162 1736 abscidit,
1189 1671 1265 1728 sic
1293 1681 1383 1725 aut
1423 1680 1638 1740 propter
1679 1671 1859 1725 Pauli-

274 1784 435 1832 num,
479 1776 571 1822 aut
609 1776 826 1836 propter
873 1765 1256 1835 Apollinarium
1299 1765 1576 1835 loquentes
1597 1766 1694 1834 (α).
1724 1764 1857 1820 Nam

273 1863 548 1917 doliorum
575 1861 904 1930 singulorum
927 1858 1226 1914 diﬂerentia
1253 1873 1430 1912 sermo
1459 1858 1640 1911 multis
1660 1857 1858 1911 novita-

276 1955 344 2007 tis
365 1961 542 2007 notam
563 1949 782 2018 pulchre
798 1946 1248 2018 cllugit,errorcm
1271 1947 1320 2001 in
1341 1949 1701 2018 penetralibus
1719 1965 1859 2017 pric-

268 2044 522 2114 judicatze
562 2044 825 2112 opinionis
867 2043 1153 2097 invaluisse
1198 2057 1426 2110 arguens
1458 2058 1471 2094 :
1505 2041 1643 2095 Doce
1677 2043 1728 2094 in
1751 2057 1858 2094 mo-

271 2136 437 2190 destia
479 2136 756 2204 corripiens
797 2149 904 2200 eos,
948 2134 1034 2202 qui
1070 2134 1328 2196 resistunt,
1359 2148 1420 2185 ne
1443 2134 1644 2202 quando
1673 2133 1756 2184 det
1786 2133 1858 2186 eis

273 2226 414 2279 Dm:
442 2226 774 2284 pwnitentiam
809 2225 876 2276 ad
915 2222 1311 2295 cognoscendam
1356 2224 1629 2287 veritatem,
1662 2232 1708 2275 et
1735 2223 1857 2276 resi—

271 2318 463 2387 pisccnt
486 2333 518 2368 a
546 2315 735 2367 diaboli
761 2315 1007 2384 W041
1025 2330 1126 2383 quo
1153 2313 1335 2383 captivi
1361 2322 1590 2366 tenentur
1608 2313 1675 2364 ad
1697 2313 1857 2378 ipsius

271 2406 668 2478 toluntatem(‘2.
689 2405 816 2457 Tim.
837 2406 888 2457 ξι.
910 2403 1126 2474 “25.26).
1161 2402 1397 2458 Extende
1435 2419 1684 2472 sagenam
1714 2403 1854 2456 cari-

270 2498 414 2562 tatis,
439 2513 504 2550 ne
521 2497 660 2566 quod
686 2496 961 2559 claudicat,
982 2503 1276 2559 evertatur,
1301 2494 1392 2548 scd
1417 2495 1590 2562 potius
1617 2505 1853 2548 sanetur.

269 2587 506 2643 Ostende
524 2598 572 2642 te
594 2604 656 2642 ex
675 2587 864 2641 affectu
885 2586 1049 2641 multo
1068 2586 1262 2640 bonum
1281 2587 1550 2655 proprium
1571 2598 1857 2641 commune

269 2679 446 2733 facere
467 2679 622 2734 velle.
647 2677 808 2747 lujice
838 2678 1046 2732 dulcem
1085 2679 1562 2734 commiseratimiis
1598 2679 1814 2733 hamum
1836 2719 1851 2744 ,

267 2783 318 2824 et
338 2786 459 2823 cum
481 2769 559 2823 sic
584 2770 788 2824 occulta
817 2779 1081 2824 scrutatus
1112 2769 1372 2835 fueris,ex
1390 2770 1650 2840 profundo
1677 2773 1856 2842 perni-

266 2861 369 2915 eiei
411 2859 632 2915 extrahe
677 2875 820 2921 ριιιιι,
870 2860 956 2928 qui
1002 2862 1263 2914 sententia
1307 2863 1618 2916 submersus
1664 2861 1853 2918 fuerat.

265 2951 423 3021 Quod
441 2952 520 3007 vel
533 2967 596 3006 ex
612 2951 946 3021 pra‘judicata
959 2952 1207 3020 opinione
1219 2953 1297 3005 vel
1311 2967 1376 3006 es
1396 2953 1688 3021 ignorantia
1708 2965 1860 3022 puta.

266 3044 429 3098 batur
456 3058 574 3100 esse
603 3043 820 3104 bonum,
839 3044 1045 3114 corrige
1077 3052 1132 3095 nt
1158 3042 1226 3096 ab
1255 3043 1544 3111 apostolica
1574 3043 1856 3097 traditione

268 3135 526 3187 alienum.
560 3135 636 3187 Ac
662 3134 704 3186 si
747 3133 959 3203 quidem
991 3133 1040 3186 id
1068 3134 1310 3202 accipere
1338 3133 1462 3188 velit
1491 3135 1556 3198 is,
1585 3134 1671 3203 qui
1702 3149 1856 3188 erro-

270 3242 388 3279 rem
409 3236 710 3294 exceperat,
739 3224 1026 3279 secundum
1069 3225 1342 3294 prolihctm
1383 3240 1589 3288 vocem,
1621 3225 1708 3279 ille
1750 3225 1857 3279 vita

268 3319 434 3383 vivet,
457 3326 510 3372 et
537 3328 590 3371 tu
608 3317 836 3370 animam
863 3323 1004 3369 tuam
1031 3317 1281 3370 liberabis
1310 3315 1523 3385 (Επειδὴ.
1545 3318 1597 3372 5.
1623 3316 1739 3388 ‘21).
1763 3319 1858 3372 Sin

269 3410 424 3474 nolit,
446 3418 498 3462 ct
514 3407 842 3464 contendens
865 3407 1131 3476 persistat,
1152 3423 1218 3462 ne
1233 3420 1286 3464 tu
1303 3421 1426 3463 rcus
1443 3409 1536 3473 sis,
1555 3417 1859 3463 contestare

267 3501 448 3554 Solum
475 3515 592 3554 cum
621 3499 1020 3569 longanimitate
1059 3509 1112 3553 et
1147 3499 1572 3566 mansuetudine,
1602 3515 1670 3554 ne
1697 3498 1858 3569 iudex

267 3593 504 3646 animam
551 3592 665 3659 ejus
700 3591 766 3645 de
807 3607 965 3646 unum
1008 3600 1094 3644 tua
1141 3591 1392 3660 requirat.
1437 3590 1514 3648 Ne
1557 3589 1758 3654 oderis,
1793 3605 1860 3646 ne

267 3681 572 3746 averseris,
617 3697 683 3735 ne
719 3681 1089 3751 persequaris,
1138 3681 1232 3738 sed
1275 3685 1535 3734 sinceram
1576 3697 1858 3751 veramque

268 3790 400 3843 erga
442 3790 565 3828 eum
612 3774 888 3828 caritatem
929 3772 1206 3828 ostendas.
1251 3771 1396 3826 llanc
1443 3773 1684 3836 lucrare,
1735 3785 1783 3826 et
1814 3774 1855 3828 si

272 3866 403 3920 nihil
431 3865 576 3919 aliud
610 3864 849 3919 utilitatis
878 3868 1142 3934 acquiras,
1178 3864 1291 3918 ιιι-ε
1318 3882 1500 3934 magna
1530 3874 1612 3920 est.
1635 3865 1852 3932 utilitas,

273 3959 372 4014 hoc
397 3974 644 4027 magnum
679 3958 899 4021 lucrum,
932 3957 1071 4029 quod
1111 3959 1315 4026 diligas,
1344 3969 1395 4012 et
1426 3957 1620 4013 Christi
1655 3958 1856 4013 doctri-

273 4068 394 4106 nam
439 4052 654 4106 doceas.
693 4050 758 4104 ln
800 4052 894 4105 Itoc
930 4052 1080 4116 enim,
1125 4051 1318 4121 inquit,
1363 4063 1677 4121 cognoscent,
1725 4052 1859 4121 quod

271 4143 512 4212 discipuli
545 4141 640 4196 mei
681 4142 816 4205 catis,
847 4141 891 4194 si
910 4141 1225 4195 dilectionem
1266 4141 1537 4194 habueritis
1560 4143 1625 4194 ad
1652 4144 1858 4195 invicem

275 4232 474 4302 (Joan.
526 4234 606 4288 1'5.
654 4232 757 4298 '55)
790 4250 802 4286 :
835 4248 936 4302 qua
980 4233 1233 4294 absente,
1286 4243 1457 4301 neque
1501 4234 1854 4300 cognitionem

269 4323 647 4394 mysteriorum
707 4323 828 4386 Dei,
857 4337 1029 4392 neque
1075 4322 1250 4382 lidetn,
1284 4337 1455 4390 neque
1500 4323 1853 4392 prophetiam,

267 4429 448 4482 neque
490 4421 887 4481 paupertatem,
933 4429 1105 4482 neque
1144 4412 1502 4466 testiimmiuni
1538 4411 1606 4466 de
1645 4413 1857 4467 Chris‘to

267 4505 555 4558 utilitatem
587 4503 778 4558 all'erre
818 4505 1102 4572 Apostolus
1130 4503 1416 4558 declaravit
1438 4503 1519 4557 his
1545 4505 1720 4558 verbis
1753 4523 1766 4558 :
1796 4506 1858 4560 Si

268 4597 494 4649 habuero
521 4597 755 4665 mysteria
782 4597 971 4660 omnia,
1003 4606 1050 4649 ct
1076 4612 1272 4650 onmem
1305 4597 1584 4652 scientiam.
1612 4608 1656 4649 et
1682 4597 1852 4664 ﬁdem,

267 4693 336 4742 ita
369 4699 421 4742 ut
451 4698 638 4741 montes
659 4688 980 4756 transferam,
1011 4688 1270 4740 caritatem
1293 4697 1460 4740 autem
1489 4705 1588 4740 non
1615 4687 1853 4752 habuero,

269 4783 402 4834 nihil
435 4781 558 4834 mihi
584 4781 784 4848 prodest
815 4797 834 4833 .'
855 4791 899 4833 et
927 4780 972 4832 si
1000 4780 1184 4850 linguis
1201 4780 1494 4850 angi-lorum
1520 4781 1718 4850 loquar,
1747 4791 1791 4833 et
1812 4783 1856 4834 si

266 4872 461 4926 dedero
499 4889 695 4925 omnem
732 4871 1061 4926 substantiam
1094 4887 1256 4924 meum
1292 4872 1343 4925 in
1369 4873 1524 4937 cibos,
1556 4885 1600 4926 ct
1628 4875 1671 4926 si
1699 4873 1858 4925 tradi-

267 5062 509 5111 rumpcns
532 5049 862 5111 etdeccntem
885 5048 1104 5111 ordinem
1124 5046 1437 5109 confundens,
1461 5055 1552 5098 etc.
1573 5066 1596 5093 ιι
1637 5051 1860 5102 [reddidit

266 5114 376 5176 ipse
389 5110 674 5176 sententiam
697 5119 852 5176 etnon
879 5110 1018 5176 verba
1039 5110 1416 5176 cltrysoatonuts,
1438 5118 1578 5173 atque
1601 5112 1665 5162 ad
1685 5126 1859 5176 prope:

266 5172 419 5225 saltim
440 5172 560 5223 illud
585 5187 724 5222 suum
745 5172 946 5235 inﬂexit.
967 5179 1204 5237 Hactenus
1215 5173 1452 5220 Barouius.
1467 5172 1575 5222 ιιωο
1586 5172 1713 5232 cuni,
1730 5172 1857 5237 quod

268 5237 330 5284 ad
355 5238 650 5297 sententiam
673 5243 877 5296 spectat,
893 5236 950 5282 iis
969 5247 1077 5295 quae
1099 5235 1457 5297 clinsostonius
1473 5238 1627 5297 refert
1642 5247 1716 5284 sat
1731 5235 1859 5297 simi:

269 5298 335 5346 lia
359 5301 475 5355 sint,
511 5296 652 5346 facile
682 5294 998 5359 crediderim
1019 5308 1132 5344 eum
1165 5294 1448 5359 memoriter
1487 5294 1766 5359 loquentem
1798 5296 1858 5345 ad

270 5368 597 5410 [uulneratum
623 5361 787 5420 lguatii
815 5358 967 5406 locum
984 5358 1282 5420 reslieytisse,
1302 5358 1634 5420 verbaqueuti
1652 5372 1766 5407 sese
1791 5360 1866 5409 of-

271 5424 500 5470 ferebant
515 5434 574 5469 ex
603 5417 821 5481 te'nmore
849 5417 1124 5482 protulisse,
1136 5417 1284 5482 longe
1300 5417 1532 5468 absimilia
1550 5422 1710 5469 verbis
1728 5426 1861 5482 tgna-

271 5486 340 5539 lii,
359 5484 451 5532 sed
468 5483 597 5545 quod
621 5482 679 5530 ad
705 5480 998 5545 Sententiam
1021 5495 1148 5544 pene
1173 5480 1360 5545 eadem.
1386 5490 1535 5545 Quem
1554 5483 1691 5545 enim
1712 5481 1858 5531 alium

271 5543 524 5608 martyrem
550 5557 612 5593 ex
638 5543 965 5604 Apestolorum
989 5544 1325 5608 successione,
1352 5543 1608 5592 Antiochia.-
1634 5543 1857 5606 loquens,

271 5607 548 5670 protulerit,
571 5617 715 5670 quam
735 5609 966 5670 ignauum
979 5607 1001 5652 *ἐ
1345 5669 1348 5670 ν

271 5665 314 5793 ἐκ
332 5672 405 5781 (3:3
431 5675 497 5717 De
520 5665 1010 5779 lautiqomtiocheno
1034 5676 1084 5718 et
1103 5665 1387 5731 Apollinario
1405 5668 1665 5721 Laodiceno
1680 5671 1856 5734 agitur.

329 5747 352 5779 r
396 5751 404 5761 -
435 5741 551 5778 \lon'.
578 5745 699 5793 um,

295 5739 314 5778 \
329 5733 404 5781 ide
435 5732 699 5793 nutritum).

1595 275 1682 332 DE
1721 275 2208 339 ANATIIEMATE.

3449 301 3555 357 950

1969 393 2091 447 dm
2131 411 2317 463 corpus
2347 413 2542 462 meum,
2565 407 2626 451 ut
2651 399 2937 467 comburar,
2980 405 3241 459 caritatem
3263 418 3427 462 autem
3454 428 3556 465 non

1971 485 2208 551 habuero,
2234 487 2365 540 nillil
2387 505 2522 544 sum.
2555 491 2754 547 Caritas
2795 493 3008 565 benigna
3035 508 3130 564 cst,
3175 516 3276 554 non
3319 502 3554 571 inﬂatur,-

1969 592 2071 632 non
2099 581 2276 646 quierit
2303 597 2415 649 quae
2439 599 2532 634 sua
2557 595 2677 636 sunt
2707 601 2726 639 .'
2755 587 2924 640 omnia
2951 588 3148 654 aufert,
3177 594 3347 645 omnia
3369 596 3549 660 credit,

1969 673 2136 724 omnia
2163 684 2354 741 sperat,
2376 676 2545 728 omnia
2565 677 2772 732 sustinet
2793 678 2872 750 (1.
2899 678 3015 735 Cor.
3053 683 3136 736 i5.
3167 685 3218 737 i.
3247 701 3335 754 sqq
3361 687 3399 754 ).

2039 763 2092 816 6.
2121 763 2287 820 Nemo
2317 783 2381 820 ex
2411 768 2584 834 Vobis,
2617 769 2818 833 dilecti,
2853 772 3009 826 talem
3042 788 3138 841 pro
3167 771 3386 829 Christo
3419 777 3553 830 all'c-

1968 861 2109 907 ctum
2155 855 2430 921 exhibuit,
2475 859 2684 926 qualem
2749 869 2930 916 sancta
2985 863 3074 916 illa
3127 865 3324 919 anima.
3369 867 3555 924 Nullus

1969 947 2242 1002 hominum
2272 961 2466 1019 prazter
2491 953 2636 1007 illum
2667 971 2826 1008 ausus
2865 966 2949 1011 est
2989 957 3110 1013 talia
3156 960 3394 1027 proferre
3436 977 3556 1024 ver-

1969 1039 2058 1094 ba.
2097 1042 2210 1111 Ipsa
2255 1043 2434 1098 anima
2473 1046 2887 1103 comburebatur
2931 1049 3114 1106 dicens
3147 1069 3160 1104 :
3188 1053 3454 1124 Adimpleo
3493 1073 3553 1109 ea

1967 1148 2080 1199 qua:
2127 1133 2305 1187 desunt
2349 1134 2732 1190 tribulationum
2774 1137 2962 1193 C/iristi
3005 1141 3056 1192 in
3081 1157 3234 1197 carne
3275 1161 3386 1198 mea
3427 1143 3552 1215 (Ca-

1969 1221 2092 1274 [058.
2133 1224 2183 1275 1.
2224 1222 2338 1294 2i);
2383 1235 2456 1288 et,
2523 1227 2771 1297 Optabam
2811 1229 2917 1296 ipse
2959 1248 3049 1301 ego
3090 1235 3355 1290 auat/tenta
3391 1253 3554 1290 esset:

1966 1313 2164 1368 (Nn-isto
2195 1333 2286 1384 pro
2308 1319 2550 1388 fratribus
2577 1322 2699 1374 meis
2717 1320 2891 1391 (Rom.
2916 1322 2967 1377 9.
2991 1325 3068 1389 5);;
3094 1335 3165 1387 et,
3191 1326 3312 1390 Quis
3328 1328 3550 1397 inﬁrma'

1965 1414 2069 1467 tur,
2097 1417 2142 1459 ct
2171 1424 2260 1475 ego
2302 1426 2401 1461 non
2425 1410 2657 1477 inﬁnitior
2688 1412 2763 1478 (2.
2795 1412 2913 1468 Cor.
2952 1415 3031 1470 Η.
3055 1415 3174 1485 ‘29)?
3199 1419 3442 1488 Cttinque
3461 1421 3552 1474 tali

1964 1512 2086 1565 erga
2121 1498 2284 1552 Deum
2315 1499 2502 1556 all‘ectu
2529 1503 2782 1570 prmditus
2811 1516 2950 1559 esset
2975 1547 2991 1572 ,
3018 1522 3121 1560 non
3165 1510 3513 1564 contumelias
3532 1551 3550 1574 ,

1965 1601 2070 1640 non
2085 1589 2210 1651 vim,
2231 1605 2335 1642 non
2351 1591 2684 1646 anathemati
2699 1595 2924 1664 cuipiam
2945 1595 3222 1652 inferebat.
3245 1601 3389 1653 Alias
3407 1602 3550 1654 enim

1965 1693 2069 1732 non
2113 1691 2189 1734 tot
2231 1693 2420 1750 gentes
2458 1685 2723 1755 urbesque
2769 1669 2906 1741 totas
2956 1690 3063 1744 Deo
3103 1691 3423 1747 obtulisset:
3456 1694 3552 1749 sed

1963 1773 2287 1842 humiliatus,
2317 1791 2623 1845 percussus,
2650 1779 2890 1849 colaphis
2930 1797 3121 1848 cursus,
3168 1786 3404 1855 risuique
3431 1804 3550 1841 ont-

1962 1866 2106 1919 ninm
2137 1869 2431 1936 expositus,
2476 1870 2592 1926 lucc
2635 1873 2992 1943 perpetrabat,
3044 1876 3386 1943 blandiendo,
3419 1881 3546 1934 hor-

1961 1958 2142 2021 tando,
2179 1960 2532 2016 obsecrando.

2036 2048 2188 2103 Pauli
2209 2053 2540 2106 mansuetudo
2558 2054 2608 2108 in
2630 2057 2896 2111 monendo.
2912 2088 2980 2098 —-
2995 2058 3084 2114 Sic
3103 2061 3238 2129 apud
3261 2061 3521 2116 Athenien
3535 2095 3551 2105 -

1960 2153 2046 2193 ses
2068 2140 2265 2194 aditum
2284 2143 2381 2198 sibi
2413 2145 2552 2209 fecit,
2572 2161 2798 2216 cumque
2832 2149 3118 2204 invenisset
3157 2167 3343 2208 omnes
3380 2154 3550 2207 idolo-

1960 2245 2076 2283 rum
2099 2233 2244 2285 cultu
2263 2233 2606 2303 insanientes,
2629 2254 2730 2291 non
2749 2239 3048 2307 opprobriis
3061 2257 3149 2295 cca
3164 2258 3446 2313 aggressus
3459 2256 3542 2300 est

1959 2319 2043 2376 his
2073 2324 2250 2379 verbis
2275 2340 2289 2376 :
2318 2325 2462 2380 athei
2487 2329 2648 2392 estis,
2669 2332 2992 2402 omninoque
3027 2333 3205 2404 impii:
3231 2352 3334 2390 non
3371 2338 3504 2392 dixit
3533 2357 3547 2391 :

1959 2413 2135 2466 omnia
2161 2429 2257 2482 pro
2275 2415 2384 2470 Deo
2405 2415 2630 2485 habetis,
2647 2437 2918 2492 unumque
2938 2424 3102 2478 Deum
3121 2428 3348 2496 negatis,
3371 2429 3550 2484 Domi-

1960 2520 2085 2558 num
2103 2516 2156 2560 et
2171 2507 2417 2576 epiliccm
2437 2512 2670 2567 universi
2693 2532 2705 2566 :
2725 2516 2818 2568 sed
2837 2516 2960 2584 quid
2981 2516 3551 2590 iCircumienanquit,

1959 2605 2007 2649 et
2023 2597 2194 2651 videns
2211 2599 2486 2655 simulacra
2503 2605 2856 2667 vestra,invcni
2871 2616 2915 2660 et
2935 2624 3100 2674 aram,
3118 2611 3169 2662 in
3191 2627 3289 2678 qua
3309 2613 3552 2682 scriptum

1893 2745 1897 2750 ,
1959 2697 2085 2754 erat,
2105 2687 2298 2744 lc-xoro
2323 2691 2452 2747 Deo.
2477 2694 2636 2759 Quem
2658 2712 2775 2766 ergo
2796 2697 3086 2764 ignorantes
3108 2702 3289 2766 colitis,
3312 2703 3445 2755 hunc
3459 2722 3553 2774 ego

1959 2783 2205 2836 annuntio
2231 2784 2366 2839 vobis
2400 2788 2536 2855 (Act.
2564 2789 2648 2841 l7.
2687 2788 2804 2858 25).
2834 2789 2878 2845 Ο
2908 2793 3248 2849 miraculum!
3275 2812 3306 2848 ο
3331 2813 3365 2866 p
3384 2806 3552 2852 :lcrna

1961 2877 2203 2931 viscera!
2247 2879 2338 2934 Pie
2381 2881 2557 2936 colere
2597 2881 2815 2938 Grzccos
2854 2885 3016 2953 dicit,
3060 2887 3183 2942 licet
3223 2889 3550 2954 idololatras,

1960 2965 2085 3020 licet
2133 2968 2292 3036 impie
2333 2980 2570 3038 agentes.
2612 2972 2828 3040 Quare?
2868 2975 3000 3043 Quia
3045 2979 3193 3046 quasi
3241 2981 3310 3049 pii
3349 2983 3550 3036 cultmn

1960 3071 2112 3109 suum
2157 3060 2548 3126 persolvebant.
2592 3061 2758 3116 Deum
2804 3081 2863 3119 se
2900 3067 3079 3122 colere
3119 3079 3384 3137 putantes,
3427 3087 3550 3128 cmn

1961 3145 2032 3199 ita
2059 3147 2159 3201 sibi
2188 3151 2594 3217 persuasissent.
2620 3153 2796 3234 Hujus
2814 3171 2911 3211 vos
2936 3171 3123 3213 omnes
3151 3158 3338 3214 hortor
3373 3163 3551 3217 imito-

1962 3244 2104 3291 tores
2130 3252 2272 3305 esse,
2311 3254 2373 3294 ac
2397 3242 2670 3297 vobiscum
2698 3245 2858 3299 etiam
2890 3247 3170 3316 meipsum.
3211 3251 3342 3306 Nam
3373 3256 3418 3309 si
3449 3256 3551 3310 Do-

1961 3330 2156 3394 minus,
2189 3332 2278 3401 qui
2313 3333 2640 3404 singulorum
2677 3338 3006 3394 voluntatem
3049 3343 3336 3412 prOSpieit,
3368 3357 3420 3400 et
3449 3351 3552 3403 scit

1959 3422 2132 3490 qualis
2159 3425 2383 3496 quisque
2412 3440 2656 3483 nostrum
2694 3429 2902 3486 iuturus
2934 3432 3022 3500 sit,
3062 3434 3114 3489 id
3157 3437 3298 3502 fecit,
3330 3449 3387 3494 ut
3411 3441 3550 3496 dona

1963 3510 2516 3588 magnificentiamque
2559 3537 2708 3577 suam
2746 3523 2993 3593 impleret
3024 3545 3037 3581 :
3070 3544 3244 3600 neque
3282 3533 3424 3587 enim
3458 3552 3554 3603 pro

1963 3606 2117 3661 malis
2141 3618 2287 3663 creat
2316 3609 2454 3664 Deus
2489 3627 2502 3664 :
2534 3621 2588 3665 et
2623 3613 2702 3666 sic
2744 3622 2918 3669 tamen
2946 3633 3039 3673 cos
3073 3625 3444 3680 connmmibus
3467 3626 3553 3680 di-

1959 3705 2151 3766 gnatus
2180 3708 2264 3750 est
2290 3698 2460 3764 bonis,
2493 3717 2784 3772 omnesque
2805 3707 2917 3760 vult
2941 3707 3231 3765 imitatores
3253 3715 3366 3782 ejus
3392 3731 3510 3771 esse
3535 3735 3548 3768 :

1963 3803 2059 3841 cur
2091 3797 2143 3840 ιιι
2170 3790 2435 3844 contraria
2467 3790 2612 3856 facis,
2647 3793 2734 3863 qui
2772 3795 2823 3848 in
2860 3797 3147 3854 licclesiam
3187 3805 3468 3868 convenis,
3498 3821 3554 3861 ct

1963 3879 2280 3936 sacrificium
2314 3882 2432 3937 Filii
2463 3884 2556 3938 Dei
2587 3885 2836 3954 perticis?
2865 3887 3090 3945 Nescitis
3117 3894 3256 3962 quod
3284 3895 3548 3952 calamum

1963 3983 2372 4042 conquassatum
2403 3992 2507 4030 non
2549 3977 2840 4049 confregit,
2872 3991 2923 4035 ct
2955 3982 3119 4038 linum
3149 3987 3408 4056 lumigans
3444 4008 3548 4045 non

1963 4067 2216 4121 exstinxit
2245 4066 2400 4138 (Iani.
2461 4069 2551 4125 42.
2589 4070 2683 4142 5)?
2721 4073 2857 4142 Quid
2898 4075 2998 4130 sibi
3034 4079 3144 4132 vult
3182 4079 3351 4134 illud?
3386 4084 3548 4138 Audi.

1962 4157 2150 4212 ludam
2197 4160 2401 4230 ipsique
2443 4163 2646 4218 similes
2687 4166 2741 4218 in
2785 4166 2932 4236 lapsu
2978 4183 3084 4223 non
3127 4170 3337 4240 abiecit,
3379 4173 3550 4231 donec

1963 4249 2188 4320 quisque
2215 4266 2398 4306 eorum
2418 4264 2610 4323 Sponte
2639 4255 2898 4311 abductus
2926 4260 3094 4313 errori
3118 4275 3176 4315 se
3197 4265 3546 4333 manciparet.

1962 4340 2150 4396 Nonne
2167 4358 2264 4412 pro
2283 4346 2463 4414 populi
2485 4347 2791 4416 ignorantiis
2805 4349 3221 4419 suimlicationcs
3240 4353 3360 4410 oli'et
3375 4355 3551 4411 imus?

1963 4434 2151 4490 Nonne
2182 4453 2276 4505 pro
2302 4437 2552 4502 inimicis,
2587 4454 2680 4508 pro
2706 4440 3009 4496 odictuibus
3035 4454 3090 4499 ct
3112 4449 3550 4516 persequentibus

1963 4544 2118 4582 orare
2144 4529 2274 4597 iussi
2306 4532 2529 4585 sumus?
2557 4532 2636 4586 lin
2663 4533 3012 4589 ministerium
3041 4535 3346 4604 implemus,
3369 4539 3550 4595 horta-

1967 4636 2188 4689 nturque
2231 4636 2325 4674 vos
2355 4639 2367 4672 :
2397 4622 2660 4678 ordinatio
2705 4639 2812 4678 non
2857 4625 3030 4694 cll'ert,
3075 4641 3181 4682 non
3225 4629 3275 4683 in
3325 4631 3552 4686 sublime

1964 4713 2184 4776 extollit,
2242 4729 2346 4768 non
2405 4715 2692 4784 potentiam
2741 4729 2956 4786 precstat
3001 4735 3014 4771 :
3063 4736 3252 4776 omnes
3303 4723 3550 4778 cumdcnt

1967 4806 2220 4874 Spiritum
2260 4807 2581 4876 accepimus,
2624 4825 2812 4865 omnes
2853 4811 2902 4864 in
2933 4811 3272 4881 adoptionem
3318 4815 3547 4869 liliortnn

1967 4898 2136 4951 vocati
2167 4912 2352 4956 sumus
2390 4917 2402 4952 :
2438 4915 2574 4968 quos
2612 4899 2768 4955 Pater
2793 4901 3063 4970 probavit,
3100 4918 3194 4961 eos
3221 4903 3468 4958 fratribus
3502 4908 3551 4960 in

1966 5000 2228 5060 potestate
2272 4991 2474 5046 servire
2513 4992 2699 5045 voluit.
2739 4991 3059 5048 Servitutem
3103 4994 3276 5064 itaque
3310 5007 3549 5051 nostram

1967 5081 2250 5150 implentes
2275 5081 2552 5137 hortamur
2578 5097 2674 5137 vos
2696 5081 3154 5154 obtestanturque,
3185 5094 3239 5138 ut
3266 5084 3334 5140 ab
3366 5084 3550 5156 hujus-

1966 5171 2110 5225 modi
2152 5171 2291 5226 malo
2329 5171 2615 5226 desistatis.
2651 5170 2783 5226 Nam
2828 5172 2892 5239 is,
2932 5189 3090 5243 quem
3129 5183 3182 5230 tu
3235 5176 3550 5231 anathema-

1966 5265 2130 5318 tizarc
2167 5263 2470 5330 decrevisti,
2511 5263 2593 5318 vel
2624 5265 2752 5319 vivit
2779 5266 2830 5320 in
2857 5266 2956 5323 hac
2985 5270 3195 5325 mortali
3235 5270 3340 5326 vita
3365 5285 3552 5341 super--

1966 5365 2094 5418 stes,
2136 5355 2220 5410 vel
2259 5368 2499 5412 mortuus
2532 5365 2648 5422 est;
2689 5358 2737 5412 si
2777 5375 2904 5430 ergo
2945 5373 3218 5431 superstes
3246 5373 3348 5432 est,
3388 5366 3550 5435 impie

1964 5447 2098 5516 agis,
2143 5447 2233 5517 qui
2281 5446 2453 5502 adhuc
2492 5449 2817 5517 versatilem,
2862 5453 2951 5522 qui
2992 5455 3160 5523 possit
3198 5455 3268 5511 de
3311 5459 3449 5512 malo
3494 5461 3547 5513 in

1966 5540 2164 5594 bonmn
2209 5540 2423 5603 mutari,
2464 5541 2776 5606 abscindas;
2817 5546 2899 5598 sin
2943 5555 3188 5600 mortuus
3223 5558 3336 5612 est,
3383 5552 3549 5604 multo

1968 5630 2136 5700 magis
2184 5629 2473 5702 [abstinere
2515 5629 2724 5704 dcbes.]
2767 5633 2975 5700 Quare?
3012 5636 3144 5704 Quia
3193 5638 3416 5694 Domino
3453 5656 3550 5695 suo

1968 5733 2072 5780 stat
2101 5723 2182 5780 vel
2207 5723 2370 5793 cadit,
2400 5741 2568 5795 neque
2591 5724 2701 5794 jam
2726 5725 2826 5781 sub
2854 5726 3078 5783 humana
3109 5731 3315 5801 positus
3345 5743 3426 5788 est.
3453 5749 3542 5802 po-
