4018 6190
515 399 730 449 testate.
759 385 838 440 Ac
860 383 929 439 de
957 397 1044 450 eo,
1076 379 1217 452 quod
1243 378 1509 434 occultum
1535 385 1638 445 est,
1670 376 2094 446 smculorumque

521 479 678 548 iudici
708 484 1056 541 reservatum,
1079 472 1399 527 sententiam
1425 468 1569 526 ferre
1596 469 1952 540 periculosum
1979 476 2092 530 est;

517 585 640 627 cum
670 569 782 640 ipse
818 566 964 620 solus
992 563 1141 619 novit
1166 572 1222 619 et
1260 561 1500 618 scientia:
1535 574 1867 626 mensuram,
1889 567 1945 615 et
1973 556 2095 614 ﬁdei

515 659 753 718 modum.
792 654 1092 722 Undenam,
1135 666 1346 724 quaso,
1381 652 1580 707 scimus
1611 650 1804 721 quibus
1832 664 1893 706 se
1919 648 2097 704 verbis

514 749 806 814 accusabit,
828 755 921 802 aut
939 761 1098 819 quam
1125 743 1491 800 defensionem
1523 741 1758 812 proferet
1777 743 1830 796 in
1851 740 1962 807 die,
1991 753 2095 810 qua

517 845 657 900 Deus
681 841 1013 913 iudicaturus
1036 846 1119 894 est
1142 836 1350 892 occulta
1376 833 1688 890 hominum?
1715 832 1855 888 Vere
1888 832 2098 887 inseru-

515 934 692 989 tabilia
730 940 858 989 sunt
891 929 1088 1001 judicia
1127 928 1262 998 ejus,
1299 937 1354 983 et
1387 925 1778 996 investigabiles
1815 925 1916 980 viai
1955 923 2092 994 ejus.

517 1026 643 1091 Quis
683 1025 814 1080 enim
851 1023 987 1077 novit
1021 1036 1222 1076 sensum
1250 1018 1477 1084 Domini,
1507 1025 1596 1070 aut
1621 1017 1736 1087 quis
1774 1013 2099 1070 consiliarius

514 1119 623 1188 ejus
651 1117 748 1187 fuit
789 1114 943 1186 (lsoi.
983 1113 1074 1168 40.
1105 1112 1174 1168 15
1195 1109 1255 1183 )?
1301 1109 1463 1166 Forte
1490 1108 1668 1164 nullus
1703 1121 1769 1162 ex
1795 1106 1983 1173 nobis,
2012 1105 2097 1161 di-

514 1208 657 1274 lecti,
685 1221 744 1262 se
765 1205 1027 1276 baptismo
1046 1201 1320 1273 dignatum
1346 1212 1464 1255 esse
1491 1206 1660 1268 putat,
1693 1210 1853 1252 nemo
1877 1196 1977 1251 scit
2007 1195 2097 1266 ju-

514 1299 710 1353 dicium
749 1309 998 1366 umquam
1038 1292 1271 1348 futurum
1299 1303 1439 1345 esse.
1469 1287 1609 1356 Quid
1649 1287 1769 1343 dico
1791 1285 2097 1357 judicium?

516 1391 686 1459 Ipsam
728 1401 942 1458 quoque
971 1393 1199 1440 mortem
1237 1389 1293 1438 et
1326 1381 1526 1436 exitum
1567 1393 1600 1434 e
1629 1391 1858 1448 corpore
1887 1377 2099 1447 ignora-

516 1494 656 1544 mus,
684 1477 754 1532 ob
779 1477 920 1532 illam
948 1490 1126 1532 rerum
1149 1473 1482 1529 saecularium
1505 1470 1828 1541 phronesim,
1851 1483 1972 1539 qua:
1999 1481 2097 1522 nos

515 1569 726 1624 invasit.
754 1568 838 1623 Ab
867 1567 968 1622 hoc
987 1608 1002 1634 ,
1036 1578 1239 1636 quaiso,
1273 1562 1412 1618 malo
1433 1561 1695 1634 absistite.
1729 1560 1865 1614 Ecce
1892 1558 2014 1613 dico
2041 1566 2098 1614 et

515 1668 788 1714 contestor
816 1659 866 1712 in
891 1663 1184 1726 conspectu
1222 1653 1315 1710 Dei
1352 1661 1408 1708 et
1433 1653 1729 1708 electorum
1761 1650 2092 1721 angelorum,

518 1753 640 1807 hinc
668 1751 822 1806 nobis
850 1751 903 1805 in
931 1749 1018 1806 die
1037 1747 1222 1819 judicii
1251 1745 1448 1800 malum
1476 1753 1728 1815 magnum
1763 1753 1820 1798 et
1846 1742 2098 1798 intolera-

521 1841 681 1894 bilem
729 1843 907 1909 ignem
953 1835 1158 1916 parari.
1193 1835 1327 1890 Nam
1355 1837 1402 1891 si
1434 1837 1487 1892 in
1515 1840 1790 1910 virginum
1834 1839 2094 1895 similitu-

520 1934 648 1991 dine
667 1947 764 1988 eos
787 1929 1005 2002 (Matth.
1031 1929 1130 1998 25.,
1162 1930 1271 2001 ll),
1306 1929 1545 2000 quicum
1571 1932 1858 2003 splendida
1890 1931 1996 1988 ﬁde
2032 1940 2089 1988 et

1226 270 1283 326 S.
1321 265 1596 326 JOANNIS
1630 261 2105 323 CllRYSOS‘l'OMl
2143 261 2457 320 ARCHIEP.
2497 264 3032 323 CONSTANTINOP.
3592 282 3670 340 951

2213 391 2421 430 morum
2449 376 2681 432 candore
2707 377 2972 445 vixerunt,
3001 376 3251 433 Dominus
3278 381 3678 468 universorumqui

2208 469 2443 539 ipsorum
2469 484 2630 539 opera
2658 469 2818 534 vidit,
2846 470 2916 525 ob
2939 470 3396 530 commiserationis
3428 486 3643 548 penuria
3661 505 3687 547 ι

2210 559 2446 616 thalamo
2491 561 2696 616 alienos
2739 560 2970 616 reddidit
3012 579 3027 617 :
3061 561 3320 631 quomodo
3353 579 3455 634 nos,
3485 572 3559 641 qui
3582 581 3694 636 αιιιί

2208 667 2331 708 cum
2380 653 2589 710 licentia
2631 654 2877 718 vivimus,
2916 661 2973 708 et
3009 653 3434 712 immisericordes
3469 675 3571 732 erga
3597 681 3696 723 mn.

2210 744 2431 800 tribules
2454 755 2667 800 nostros
2694 758 2792 798 nos
2819 744 3164 811 exhibemus,
3200 745 3362 803 salute
3382 748 3505 820 digni
3529 753 3697 812 habebi-

2211 837 2363 892 mur?
2389 836 2746 906 Quamobrem
2775 837 3004 892 obsecro
3039 852 3158 904 vos,
3185 852 3252 892 ne
3279 839 3424 896 verba
3456 841 3552 899 have
3575 849 3702 918 ηοειε.

2207 937 2396 1001 genter
2435 929 2683 986 audiatis.
2714 929 2976 984 [heretica
3020 929 3220 1000 quippe
3255 929 3474 1001 dogmata
3510 935 3580 999 iis,
3613 954 3703 1008 qua

2212 1038 2312 1078 nos
2361 1023 2686 1092 accepimus,
2726 1021 2995 1078 contraria
3037 1021 3482 1088 anatltematizare,
3511 1035 3558 1080 et
3586 1027 3705 1099 impia

2207 1112 2453 1182 dogmata
2478 1111 2752 1168 confutare
2775 1121 3004 1182 oportet,
3034 1111 3333 1166 hominibus
3354 1123 3508 1168 autem
3533 1131 3702 1186 parcen.

2211 1203 2360 1269 dum,
2389 1212 2444 1259 et
2483 1217 2578 1273 pro
2604 1217 2791 1258 eorum
2821 1201 2994 1258 salute
3029 1202 3287 1256 orandum
3319 1213 3412 1259 est.
3435 1203 3614 1260 Utinam
3638 1223 3708 1264 nos

2210 1308 2420 1362 omnes,
2445 1293 2537 1348 Dei
2563 1302 2618 1348 et
2646 1293 2872 1363 proximi
2903 1293 3074 1347 amori
3103 1291 3318 1358 addicti,
3337 1302 3479 1364 atque
3499 1295 3707 1355 Dominica

2211 1393 2570 1456 exsequentes
2593 1394 2892 1455 praecepta,
2921 1399 3043 1440 cum
3083 1384 3436 1440 misericordia
3467 1396 3515 1442 et
3549 1387 3711 1459 lulgidis

2212 1477 2565 1547 lampadibus,
2606 1478 2659 1532 lu
2700 1476 2788 1532 die
2816 1476 3222 1532 resurrectionis
3249 1477 3434 1532 caelesti
3459 1493 3624 1547 sponso
3641 1495 3708 1534 oc-

2211 1584 2508 1634 curramus,
2530 1567 2820 1626 offerentes
2840 1568 2917 1622 illi
2944 1569 2996 1622 in
3020 1567 3187 1639 gloria
3211 1568 3595 1638 quamplurimas
3611 1585 3711 1624 eum.

2213 1662 2556 1720 miseratione
2606 1670 2788 1716 nostra
2834 1668 3100 1727 servatos,
3149 1660 3317 1730 gratia
3361 1668 3414 1714 et
3457 1659 3712 1730 benignitate

2213 1758 2380 1828 ipsius
2416 1755 2669 1826 unigeniti
2714 1754 2834 1809 Filii
2881 1753 2998 1820 Dei,
3039 1753 3257 1823 quicum
3307 1751 3440 1806 Patri
3473 1752 3609 1819 gloria
3639 1765 3714 1805 una

2210 1864 2331 1905 cum
2372 1858 2559 1905 sancto
2597 1847 2820 1918 Spiritu,
2862 1860 3002 1901 nunc
3045 1853 3102 1901 et
3132 1859 3346 1915 semper
3379 1853 3430 1899 et
3461 1844 3508 1898 iu
3537 1843 3713 1906 Saccula,

2210 1944 2404 1998 Amen.

543 2307 3704 2368 W‘W

1572 2568 1683 2629 AD
1731 2564 2144 2626 HOMILIAM
2201 2563 2278 2624 ΙΝ
2331 2561 2748 2624 KALENDAS

609 3105 708 3164 ille
745 3106 1002 3164 Kalendae
1044 3113 1426 3161 memorantur
1460 3100 1707 3159 Januarii
1747 3101 1992 3168 mensis,
2035 3116 2114 3157 ea:

541 3211 752 3266 scilicet
777 3223 900 3279 qua:
918 3221 1132 3263 annum
1187 3205 1458 3276 incipiunt
1497 3204 1638 3274 apud
1671 3202 1972 3267 Romanos,
2007 3217 2117 3272 qua

543 3312 632 3366 die
676 3327 796 3366 mos
839 3319 956 3365 erat
987 3310 1146 3376 ξένια
1178 3324 1272 3363 seu
1317 3306 1642 3360 munuscula
1687 3306 1880 3359 amicis
1921 3320 2119 3374 cognao

535 3412 728 3480 sisque
755 3410 976 3472 olierre,
998 3410 1251 3463 convivia
1292 3407 1591 3471 celebrare,
1635 3406 1853 3474 aliaque
1890 3405 2120 3476 publica:

551 3510 751 3562 Iaztitiae
781 3509 932 3577 signa
958 3509 1110 3571 dare,
1143 3507 1231 3562 ubi
1267 3508 1591 3576 plerumque
1631 3506 1915 3561 dissoluta:
1948 3507 2122 3577 plebis

553 3618 723 3679 gesta,
753 3609 1162 3679 super-titiosas
1193 3607 1600 3662 observationes
1623 3607 1840 3676 aliaque
1866 3605 1918 3660 id
1949 3620 2121 3676 genus

551 3709 736 3764 videre
765 3719 903 3774 erat,
928 3708 982 3764 iu
1015 3724 1135 3779 qna:
1164 3709 1264 3763 hoc
1292 3721 1547 3763 sermone
1575 3706 1853 3760 invehitur
1896 3714 2121 3760 sanctus

546 3810 754 3866 doctor.
796 3808 1057 3866 Liban‘us
1088 3824 1251 3879 porro
1278 3807 1596 3878 opusculum
1630 3805 1798 3862 edidit
1836 3807 1891 3860 in
1916 3803 2120 3859 Kalen-

548 3910 645 3964 das
678 3909 1034 3980 inscriptum,
1069 3909 1161 3964 ubi
1195 3923 1306 3978 quo
1341 3908 1447 3961 ritu
1475 3905 1735 3960 Kalendae
1781 3905 1972 3960 ﬁerent
2009 3905 2117 3960 mi-

552 4009 781 4063 nutatim
801 4009 1082 4074 describit,
1107 4009 1291 4078 aitque
1313 3993 1484 4061 unam
1509 4005 1870 4075 eamdemque
1899 4004 2125 4060 celebri-

543 4118 714 4165 tatem
749 4125 843 4180 per
876 4119 1058 4165 totum
1100 4108 1406 4164 Romanum
1462 4104 1751 4174 imperium
1804 4103 1996 4159 eadem
2037 4103 2124 4159 die

549 4214 656 4283 agi,
682 4213 812 4285 μίαν
833 4212 890 4268 δὲ
916 4208 1033 4267 οἶδα
1090 4212 1272 4284 κοινὴν
1306 4211 1562 4266 ἁπάντων
1583 4207 1772 4262 ὁπόσοι
1805 4205 1973 4272 ζῶσιν
2017 4206 2125 4261 ὑπὸ

550 4313 649 4384 τὴν
663 4312 952 4384 Ῥωμαίων
994 4313 1168 4384 ἀρχήν
1191 4330 1204 4342 ⁸
1236 4312 1484 4381 γίγνεται
1511 4312 1570 4367 δὲ
1599 4309 1851 4368 ἐνιαυτοῦ
1889 4309 1986 4363 τοῦ
2018 4307 2124 4380 μὲν

549 4410 1052 4482 πεπαυμένου,τοῦ
1093 4411 1151 4464 δὲ
1196 4410 1524 4482 ἀρχομένου.
1581 4410 1768 4482 Itaque
1814 4409 1883 4464 de
1938 4408 2029 4463 die
2061 4421 2126 4461 ac

560 4527 744 4567 mense
771 4511 918 4565 nulla
945 4510 1158 4566 videtur
1207 4511 1438 4581 qumstio
1479 4512 1687 4565 moveri
1725 4525 1921 4582 posse:
1963 4525 2126 4565 secus

555 4618 737 4664 autem
773 4609 840 4664 de
888 4624 1054 4667 anno.
1097 4623 1259 4678 quem
1314 4625 1382 4664 ne
1419 4609 1754 4680 coniecturis
1783 4609 2004 4680 quidem
2041 4616 2127 4664 sat

555 4709 930 4780 probabilibus
962 4707 1228 4779 assignari
1263 4722 1422 4776 posse
1448 4717 1726 4778 putamus.
1773 4707 2128 4763 Hermantius

559 4808 924 4865 subodoratur
959 4807 1014 4860 in
1047 4807 1278 4876 primam
1329 4806 1472 4862 diem
1522 4807 1650 4861 anni
1696 4806 1798 4862 387
1845 4805 2131 4861 conferen-

554 4911 679 4963 dam
726 4908 872 4962 hanc
927 4906 1208 4962 humilium
1259 4921 1404 4972 esse,
1456 4906 1586 4976 quia
1633 4916 1758 4977 post
1813 4906 2129 4960 cncomium

557 5009 776 5081 aliquod
809 5008 986 5065 sancti
1018 5006 1170 5063 Pauli
1206 5009 1390 5063 ltabita
1439 5018 1542 5064 est.
1602 5006 1741 5062 Illud
1780 5018 1985 5074 autem,
2035 5009 2131 5075 ait,

557 5111 870 5168 eucomium
901 5109 1136 5180 idipsum
1166 5109 1381 5164 videtur
1407 5124 1548 5173 esse,
1584 5108 1728 5178 quod
1779 5107 2011 5178 legimus
2043 5123 2137 5160 su-

561 5230 680 5284 pca,
712 5212 936 5267 bomilia
958 5211 1034 5265 De
1057 5211 1308 5280 petitione
1336 5211 1571 5280 ﬁliorum
1598 5208 1859 5276 Zebedati,
1891 5225 2042 5264 num.
2078 5209 2132 5274 '5,

561 5327 682 5381 quae
708 5313 876 5381 paulo
911 5317 1034 5380 post
1065 5308 1255 5366 Natale
1303 5310 1429 5362 anui
1464 5308 1568 5363 386
1615 5309 1730 5364 sive
1779 5321 1902 5382 post
1929 5311 2002 5365 25
2032 5309 2136 5364 De-

567 5413 805 5467 cembris
841 5411 1024 5466 habita
1074 5419 1179 5465 est.
1209 5407 1410 5464 Verum
1450 5409 1590 5463 bane
1620 5408 1920 5465 ilermantii
1947 5410 2137 5480 conje-

565 5523 779 5568 cturam
828 5510 1024 5568 merito
1063 5509 1270 5580 respuit
1297 5509 1700 5565 Tillemontius.
1735 5509 1895 5575 Nam,
1935 5511 2137 5580 inquit,

569 5611 707 5665 nihil
736 5610 1075 5679 frequentius
1105 5608 1246 5679 apud
1277 5609 1730 5679 Clirysosmmum
1762 5608 1915 5664 Pauli
1947 5612 2129 5666 laudi-

461 5771 464 5776 _
568 5708 673 5761 bus
697 5717 750 5762 et
779 5707 1084 5773 encomiis;
1143 5711 1199 5764 in
1230 5711 1319 5763 illa
1364 5725 1495 5765 vero
1530 5711 1752 5766 bomilia
1811 5711 2141 5784 Chrysosto-

2227 3094 2350 3135 mus
2404 3079 2580 3134 obiter
2633 3085 2844 3133 tantum
2882 3075 3036 3131 Pauli
3072 3075 3333 3129 virtutem
3385 3069 3634 3134 celebrat;
3680 3061 3729 3117 ad

2227 3180 2342 3235 lucc
2373 3189 2553 3234 autem
2583 3178 2804 3233 bomilia
2833 3177 2921 3231 illa
2957 3177 3024 3231 de
3061 3176 3187 3230 (iiiis
3223 3173 3461 3229 Zcbedazi
3500 3171 3622 3226 dicta
3660 3165 3734 3218 fuit

2225 3290 2349 3352 post
2380 3280 2658 3335 homiliam
2689 3278 2758 3333 de
2784 3276 3248 3332 Consubstantiali
3282 3275 3418 3330 ludis
3447 3265 3733 3327 Circensibus

2227 3393 2374 3433 anno
2407 3378 2511 3432 387
2544 3378 2807 3444 habitam,
2840 3377 3048 3432 scilicet
3074 3377 3163 3430 die
3200 3375 3361 3431 tertia
3393 3373 3469 3427 vel
3493 3376 3656 3442 quarta
3674 3365 3736 3418 vel

2227 3480 2415 3548 quinta
2458 3477 2704 3533 Januarii
2753 3497 2768 3532 :
2805 3494 2931 3533 nam
2976 3477 3062 3533 his
3102 3472 3308 3533 diebus
3371 3476 3477 3532 ludi
3510 3473 3737 3530 Circenses

2230 3581 2575 3650 agebantur;
2629 3589 2794 3649 atque
2847 3578 2984 3633 adeo
3013 3592 3120 3631 non
3171 3576 3356 3646 potuit
3410 3575 3494 3629 die
3545 3571 3737 3641 ejusdem

2230 3683 2358 3738 anni
2392 3682 2568 3752 primo
2611 3680 2768 3750 quasi
2817 3680 2932 3749 jam
2983 3677 3167 3733 habita
3229 3676 3535 3733 memorari.
3585 3652 3740 3726 llsvnli

2229 3799 2392 3856 porro
2425 3780 2807 3837 Tillemontius
2859 3779 3012 3835 Pauli
3046 3781 3178 3834 illud
3231 3777 3532 3835 eucomiutn
3561 3785 3660 3828 esse
3701 3769 3740 3820 in

2231 3881 2452 3938 bomilia.
2483 3881 2572 3936 cui
2601 3880 2810 3946 titulus,
2843 3878 3038 3944 Quales
3068 3878 3326 3932 ducenda:
3355 3878 3457 3931 siut
3477 3861 3743 3931 nonnulli

2230 3985 2421 4040 doctor
2457 3982 2550 4037 ille
2580 3981 2820 4054 gentium
2852 3979 3147 4035 identidem
3198 3979 3475 4034 laudatur.
3510 3972 3625 4029 Cum
3669 3979 3745 4019 att—

2232 4094 2337 4138 tem
2370 4087 2485 4138 haec
2524 4081 2745 4136 bomilia
2797 4079 3000 4134 nullam
3036 4078 3309 4148 temporis
3362 4085 3537 4131 notam
3568 4082 3660 4141 pra
3703 4075 3747 4116 se

2234 4188 2392 4249 ferat,
2427 4185 2557 4240 hinc
2589 4185 2839 4255 sequitur
2870 4182 3074 4236 nullam
3102 4180 3234 4235 inde
3266 4177 3373 4249 peti
3406 4183 3554 4246 posse
3583 4176 3745 4223 notam.

2236 4303 2346 4358 qua
2379 4287 2615 4340 ltomilize
2652 4285 2721 4340 de
2753 4280 3010 4337 Kalendis
3037 4289 3258 4350 tempus
3284 4289 3342 4333 et
3371 4292 3538 4332 annus
3559 4269 3749 4336 assigne'

2236 4399 2344 4442 tur.
2381 4385 2452 4442 Ut
2480 4384 2831 4440 Tillemoutio
2851 4381 3257 4448 adstipulamur
3283 4375 3480 4433 dicenti
3509 4386 3604 4425 non
3629 4374 3747 4436 posse

2235 4503 2336 4542 nos
2391 4503 2459 4543 ex
2501 4485 2816 4541 memoratis
2863 4481 3020 4538 Pauli
3073 4480 3350 4537 enconiiis
3398 4477 3616 4544 aliquam
3655 4450 3766 4518 snui'i

2230 4598 2419 4642 notam
2450 4585 2715 4649 mutuari,
2758 4584 2832 4638 ita
2863 4583 2939 4637 illi
2975 4581 3333 4651 acquiescere
3361 4592 3471 4632 non
3516 4574 3749 4641 possunt!!!

2236 4687 2447 4760 putanti
2480 4685 2732 4741 'eneomia
2764 4684 2854 4738 illa
2889 4680 3080 4736 haberi
3110 4681 3165 4735 in
3207 4677 3436 4734 liumilia
3469 4673 3549 4728 cui
3589 4663 3750 4724 titulus.

2239 4789 2436 4854 Quales
2467 4787 2721 4841 ducenda:
2753 4787 2859 4838 sint
2888 4798 3102 4849 uxores,
3124 4781 3216 4835 ubi
3239 4785 3608 4850 argumentum
3626 4761 3748 4820 aliud.

2241 4909 2405 4962 quam
2437 4891 2682 4949 eucomia
2716 4889 2892 4952 Pauli,
2919 4889 3176 4944 nimirum
3206 4887 3261 4941 id
3288 4884 3434 4956 quod
3464 4878 3607 4936 titulo
3627 4880 3750 4926 enun'

2244 4997 2431 5058 tiatur,
2456 4994 2814 5066 proponitur:
2845 4989 3046 5044 Paulus
3078 5003 3208 5044 vero
3245 4987 3426 5041 obiter
3451 4986 3639 5035 tantum
3663 4969 3746 5022 hinc

2241 5108 2297 5154 et
2339 5097 2462 5151 inde
2497 5094 2770 5148 laudatur.
2809 5093 2880 5144 At
2920 5088 3172 5144 encomia
3213 5085 3373 5140 Pauli
3412 5095 3531 5152 quae
3570 5075 3749 5140 Chrys?
3848 5105 3853 5116 ι

2245 5209 2458 5255 stomus
2498 5195 2552 5250 in
2572 5194 2674 5249 hac
2697 5191 2960 5247 concione
2979 5196 3268 5250 memorat,
3299 5185 3525 5240 Paulum
3553 5167 3749 5231 veluuite

2247 5302 2328 5356 vel
2348 5300 2615 5371 prmeipue
2632 5303 2908 5366 spectasse
2924 5291 3194 5346 videntur.
3215 5287 3296 5342 En
3313 5286 3390 5341 Ch
3400 5273 3662 5371 rysostomi
3676 5279 3755 5318 τετσ

2250 5404 2314 5457 ba
2386 5399 2585 5471 Πρὼην
2607 5396 2738 5466 γοῦν
2764 5393 2919 5465 ἡμῶν
2946 5388 3406 5462 ἐγκωμιαζόντων
3433 5381 3520 5436 τὸν
3548 5369 3756 5448 μακάριον

2251 5498 2485 5563 Παῦλον,
2510 5495 2681 5558 οὕτως
2705 5493 3088 5564 ἐσκιρτήσατε,
3119 5491 3191 5553 ὡς
3233 5486 3402 5541 αὐτὸν
3421 5480 3631 5554 ὁρῶντες
3657 5479 3761 5532 παρ’

2247 5603 2442 5655 ὄντα...
2480 5599 2588 5651 Καὶ
2621 5595 2921 5666 ἐϐουλόμην
2972 5593 3070 5664 μὲν
3102 5592 3182 5654 εἰς
3220 5589 3326 5658 τὴν
3376 5580 3539 5652 αὐτὴν
3563 5569 3762 5628 ὑπόθεσιν

2251 5700 2404 5776 [69η
2437 5697 2735 5770 καταϐῆναι
2762 5696 2857 5750 καὶ
2882 5695 3142 5766 τήμερον,
3171 5688 3311 5744 ἀλλὰ
3348 5683 3479 5755 πρὸς
3501 5681 3643 5745 ἕτερα
3665 5677 3765 5720 κατ’
