4018 6190
345 256 446 317 05!

1503 262 1571 319 IN
1609 260 1997 321 KALENDA'S.
2022 297 2089 307 —
2116 262 2456 323 MONITL....

3510 266 3617 321 952

343 368 622 437 ποσότητα
658 368 915 432 πίστεως.
934 367 1104 423 Πόθεν
1127 368 1237 443 γὰρ
1262 373 1443 447 ἴσμεν,
1476 375 1599 430 cirri
1622 393 1733 448 μοι,
1756 391 1934 447 παρα·
2037 372 2176 446 ἔργα
2199 371 2377 426 αὐτῶν
2398 371 2494 427 τοῦ
2526 372 2637 427 τῶν
2682 372 2820 426 ὅλων
2846 367 3140 438 Δεσπότου,
3174 371 3489 444 ἀλλοτρίους
3520 378 3616 433 τοῦ

341 448 516 508 καλῶ.
543 449 720 514 ποίοις
748 449 957 522 ῥήμασι
980 456 1350 527 κατηγορήσει
1382 456 1599 523 ἑαυτοῦ,
1625 459 1658 532 ἦ
1686 458 1780 513 καὶ
1803 458 1936 512 ἀπο-

341 532 635 602 λογήσεται
670 533 728 586 ὲν
780 533 995 606 ἡμέρα,
1031 535 1121 589 ὅτε
1155 537 1338 608 μέλλει
1379 540 1408 593 ό
1452 539 1587 604 Θεδς
1631 541 1839 613 κρίνειν
1866 542 1936 595 τὰ

343 614 566 687 κρυπτά
609 612 721 668 τῶν
770 615 1114 688 άνθρώπων;
1160 620 1370 686 Ὄντως
1422 612 1820 696 άνεξερεύνητα
1866 624 1934 679 τά

343 698 591 770 κρίματα
621 695 811 763 αὑτοῦ,
843 699 938 752 καὶ
969 699 1367 772 ἀνεξιχνίαστοι
1395 707 1453 760 αἱ
1486 695 1593 761 ὁδοὶ
1620 708 1807 762 αὐτοῦ.
1837 709 1935 775 Τίς

342 784 455 852 τὰρ
493 780 651 850 ἔγνω
685 780 839 835 νοῦν
868 783 1092 850 Κυρίου
1112 823 1128 847 .
1163 785 1204 855 ἢ
1245 787 1339 855 τίς
1374 788 1722 859 σύμϐουλος
1743 791 1934 846 αὐτοῦ

340 863 616 934 ἐγένετος
643 863 797 934 Τάχα
824 864 1002 929 οὐδεὶς
1023 865 1083 931 ἐξ
1110 868 1292 940 ἡμῶν,
1341 870 1638 944 ἀγαπητοὶ,
1666 874 1934 944 ἠξιῶσθαι

344 946 725 1019 βαπτίσματος
757 947 951 1012 οἴεται,
981 948 1161 1015 οὐδεὶς
1191 952 1480 1008 ἐπίσταται
1511 957 1693 1026 κρίσιν
1718 957 1938 1028 μέλλου-

343 1045 444 1083 σαν
486 1028 733 1097 γίνεσθαι
767 1029 1010 1085 πώποτε.
1058 1033 1124 1086 Τί
1175 1033 1321 1105 λέγω
1361 1038 1592 1109 κρίσιν;
1640 1039 1806 1095 αὐτόν
1843 1042 1935 1095 τὸν

344 1110 698 1197 θάνατονκαὶ
722 1112 823 1197 τὴν
844 1114 914 1197 ,ὲκ
944 1114 1040 1169 τοῦ
1071 1116 1325 1189 σώματος
1355 1120 1533 1186 ἔξοδον
1558 1124 1934 1197 ἡγνοήσαμεν,

340 1196 410 1251 ἐκ
435 1195 537 1266 τῆς
575 1196 964 1268 ἑπισκηψάσης
999 1199 1148 1270 ἡμᾶς
1191 1203 1498 1274 φρενίτιδος
1532 1206 1642 1259 τῶν
1682 1195 1778 1261 τοῦ
1816 1207 1934 1279 βίου

342 1279 710 1351 πραγμάτων.
770 1282 1071 1354 Ἀπόστητε
1104 1284 1200 1338 τοῦ
1237 1286 1483 1341 τοιούτου
1525 1290 1721 1356 κακοῦ,
1751 1309 1934 1364 παρα-

342 1363 515 1418 καλῶ.
568 1365 699 1419 Ἰδοὺ
739 1364 885 1434 λέγω
931 1369 1026 1421 καὶ
1064 1368 1511 1443 διαμαρτύρομαι
1554 1374 1785 1429 ἐνώπιον
1840 1377 1934 1431 τοῦ

340 1447 484 1519 Θεοῦ
511 1448 606 1501 καὶ
631 1447 742 1501 τῶν
762 1448 1035 1504 ἐκλεκτῶν
1068 1451 1319 1520 ἀγγέλων
1338 1495 1353 1519 ,
1381 1455 1457 1519 ὡς
1485 1457 1725 1527 μεγάλου
1758 1460 1932 1514 κακοῦ

340 1532 441 1586 καὶ
480 1529 653 1602 πυρὸς
700 1533 1006 1603 ἀνηκέστου
1051 1536 1344 1605 γενήσεται
1381 1539 1517 1609 ἡμῖν
1560 1541 1619 1594 ἐν
1663 1543 1730 1612 τῇ
1778 1541 1933 1614 [6961

340 1616 529 1687 ἡμέρᾳ
550 1616 653 1686 τῆς
679 1616 913 1687 κρίσεως
935 1617 1127 1671 αιτιον.
1148 1619 1209 1672 Et
1228 1620 1337 1692 γάρ
1364 1622 1424 1675 ἐν
1451 1626 1518 1695 τῇ
1543 1626 1886 1697 παραστάσει
1902 1638 1930 1667 ι

340 1701 454 1753 τῶν
512 1699 803 1770 παρθένων
844 1701 975 1764 τοὺς
1038 1701 1181 1773 μετά
1247 1704 1509 1779 λαμπρᾶς
1555 1709 1798 1773 πίστεως
1838 1709 1931 1763 καὶ

344 1782 704 1855 φαιδρότητος
736 1782 855 1854 βίου
877 1783 1166 1855 ζήσαντας,
1192 1786 1269 1853 ὡς
1298 1789 1466 1844 αὐτοῦ
1500 1790 1833 1864 θεωροῦντος
1858 1792 1930 1847 τὰ

406 1948 429 1976 ⁸
445 1951 603 2006 Vatic.
624 1958 684 2018 τῇ
711 1954 962 2019 παρουσία.

2035 456 2324 529 νυμφῶνος
2350 455 2442 510 διὰ
2471 457 2535 511 τὸ
2564 455 2890 529 ἀσυμπαθὲς
2920 457 3196 527 ἐποίησεν,
3224 458 3343 520 πῶς
3369 461 3550 531 ἡμεῖς,
3569 461 3622 517 οι

2037 540 2179 599 κατὰ
2207 542 2387 594 πᾶσαν
2425 540 2611 595 ἄδειαν
2658 540 3022 612 διαιτώμενοι,
3061 542 3158 595 καὶ
3198 541 3445 614 ἀνηλεῶς
3507 546 3623 609 τοῖς

2034 622 2327 695 ὁμοφύλοις
2357 623 2815 696 προσφερόμενοι,
2847 624 3124 695 σωτηρίας
3155 624 3508 695 ἀξιωθῶμεν;
3532 628 3625 681 Διὸ

2034 707 2227 776 δέομαι
2270 701 2468 777 ὑμῶν,
2509 706 2583 778 μὴ
2644 707 2939 779 παρέργως
2992 706 3102 760 τῶν
3141 705 3402 761 τοιούτων
3448 708 3625 778 λόγων

2035 790 2330 863 ἀκούσητε.
2361 792 2444 846 Τά
2494 792 2602 864 γὰρ
2652 792 2904 864 αίρετικά
2951 791 3231 864 δόγματα,
3280 793 3350 846 τά
3385 794 3515 867 παρ’
3548 789 3625 849 ὧν

2037 874 2419 945 παρελάϐομεν
2438 914 2454 939 ,
2484 875 2903 947 ἀναθεματίζειν
2942 875 3074 947 χρὴ.
3112 876 3299 932 καὶτὰ
3324 878 3495 948 ἀσεϐῆ
3538 879 3623 933 δό-

2035 974 2226 1028 γματα
2256 958 2518 1029 ἐλέγχειν,
2538 960 2718 1013 πᾶσαν
2742 959 2798 1012 δὲ
2826 958 2990 1028 φειδὼ
3014 958 3315 1032 ἀνθρώπων
3332 961 3624 1030 ποιεῖσθαι,

2037 1043 2132 1095 καὶ
2164 1041 2422 1114 εῦχεσθαι
2458 1042 2599 1114 ὑπὲρ
2632 1043 2731 1113 τῆς
2771 1043 2954 1098 αὐτῶν
2982 1045 3283 1115 σωτηρίας.
3320 1046 3539 1100 Γένοιτο
3565 1049 3627 1102 δὲ

2037 1126 2246 1189 πάντας
2271 1127 2417 1196 ἡμᾶς
2446 1126 2548 1196 τῆς
2576 1127 2709 1198 περὶ
2742 1126 2835 1180 τὸν
2861 1127 2994 1181 Θεὸν
3030 1128 3125 1181 καὶ
3149 1128 3376 1199 πλησίον
3402 1131 3628 1203 ἀγάπης

2036 1210 2464 1281 ἀντεχομένους,
2500 1211 2595 1264 καὶ
2622 1209 2731 1264 τῶν
2759 1209 3096 1265 δεσποτικῶν
3132 1212 3361 1268 ἐντολῶν
3393 1215 3493 1286 τὴν
3537 1219 3628 1288 ἐρ-

2037 1292 2237 1360 γασίαν
2265 1291 2630 1364 πληροῦντας,
2657 1292 2796 1364 μετὰ
2822 1294 3009 1359 ἐλέους
3026 1298 3122 1349 καὶ
3138 1296 3381 1368 φαιδρῶν
3406 1298 3629 1370 λαμπά-

2036 1374 2142 1428 δων
2169 1376 2477 1448 ἀπαντῆσαι
2504 1378 2562 1429 ἐν
2589 1377 2775 1449 ἡμέρᾳ
2803 1377 2903 1449 τῆς
2940 1378 3292 1444 ἀναστάσεως
3318 1380 3345 1420 δ
3373 1382 3524 1454 αὐτῷ
3547 1383 3629 1454 τῷ

2036 1460 2347 1532 ἐπουρανίῳ
2372 1462 2612 1533 νυμφίῳ,
2642 1462 3053 1534 προσφέροντας
3075 1464 3227 1537 αὐτῷ
3254 1466 3543 1539 πλείστους
3568 1472 3628 1537 ἐν

2035 1541 2163 1615 δόξῃ
2184 1543 2567 1614 ὠφεληθέντας
2605 1547 2670 1599 ὲκ
2696 1545 2795 1615 τῆς
2833 1546 2991 1617 ἡμῶν
3029 1548 3410 1618 συμπαθείας,
3440 1553 3628 1623 χάριτι

2037 1628 2132 1680 καὶ
2153 1627 2536 1703 φιλανθρωπίᾳ
2558 1629 2723 1684 αὐτοῦ
2745 1632 2836 1684 τοῦ
2864 1632 3185 1703 μονογενοῦς
3204 1633 3332 1688 Υἱοῦ
3356 1635 3449 1689 τοῦ
3465 1636 3625 1703 Θεοῦ,

2040 1711 2160 1781 μεθ’
2186 1708 2247 1767 οῦ
2275 1711 2355 1782 τῷ
2389 1713 2565 1786 “arpi.
2589 1712 2715 1778 δόξα
2749 1713 2866 1784 ἃμα
2890 1713 2968 1787 τῷ
3006 1716 3147 1790 ἁγίῳ
3191 1718 3471 1791 Πνεύματι
3489 1760 3505 1786 ,
3531 1720 3628 1776 νῦν

2036 1793 2132 1847 καὶ
2160 1794 2267 1862 ἀεὶ,
2299 1796 2393 1850 καὶ
2413 1797 2493 1861 εἰς
2527 1795 2750 1860 αἰῶνας.
2794 1797 2986 1869 Ἀμήν.

2098 1964 2131 2004 ὶι
2155 1963 2310 2016 Valle.
2334 1974 2418 2027 τῆς
2438 1970 2657 2034 κρίσεως.

380 2255 3594 2324 mw

1802 2466 2232 2582 nonnum.

370 3048 667 3120 επείγοντα
687 3053 821 3124 ἡμῖν
842 3055 871 3108 ό
893 3052 1047 3124 λόγος
1069 3054 1347 3127 ὥρμηται,
1363 3054 1434 3109 τά
1456 3057 1698 3129 σήμερον
1725 3055 1833 3110 ὑπὸ
1855 3056 1953 3128 τῆς

370 3151 576 3216 πόλεος
609 3153 830 3226 ἁπάσης
865 3154 1270 3231 ἁμαρτηθέντα.
1311 3156 1452 3222 Τοὺς
1494 3157 1605 3230 γάρ
1653 3157 1954 3222 ἀκούοντας

360 3253 481 3308 τῶν
517 3256 809 3328 ἐγκωμίων
853 3257 1104 3322 Παύλου,
1149 3258 1417 3331 πρότερον
1460 3260 1561 3331 τῆς
1603 3261 1806 3331 ἀρετῆς
1856 3260 1953 3315 τοῦ

364 3354 589 3409 Παύλου
619 3355 868 3428 ζηλωτάς
899 3354 1040 3414 εἶναι
1065 3360 1192 3433 χρὴ,
1226 3362 1323 3417 καὶ
1356 3364 1459 3435 τῆς
1501 3362 1708 3435 ταύτης
1747 3364 1953 3436 ἀκροά-

367 3473 517 3521 σεως
547 3451 804 3523 ἀξίους-1ο
828 3475 878 3515 e.
915 3458 1102 3532 Nuper
1128 3463 1294 3534 igitur
1317 3480 1436 3518 cum
1478 3464 1690 3519 beatum
1723 3463 1954 3519 Paulum

358 3558 622 3611 eucomiis
645 3558 1049 3626 celebraremus,
1080 3563 1160 3616 ita
1189 3565 1574 3629 exsuttavistis,
1599 3566 1754 3637 quasi
1778 3566 1953 3635 ipsum

362 3668 683 3729 prasentem
707 3661 1048 3718 vidissetis...
1087 3662 1338 3718 Volebam
1392 3675 1569 3719 autem
1601 3666 1657 3719 in
1686 3664 1825 3720 idem
1860 3683 1949 3720 ar-

360 3770 679 3830 gumentum
706 3760 861 3814 hodie
900 3760 1253 3828 descendere;
1299 3763 1391 3818 sed
1424 3762 1495 3817 ad
1520 3763 1629 3817 alia
1683 3763 1949 3834 quadam,

361 3876 494 3929 qua:
523 3860 691 3930 magis
713 3871 922 3931 urgent,
951 3866 1125 3918 oratio
1154 3873 1338 3919 nostra
1369 3866 1693 3935 provehitur,
1743 3867 1797 3920 in
1828 3867 1950 3938 qui-

362 3960 528 4016 busu
555 3969 669 4015 tota
716 3962 871 4018 hodie
921 3965 1135 4019 civitate
1184 3970 1455 4035 peccatur.
1508 3965 1615 4023 Eos
1663 3969 1804 4023 enim
1861 3970 1955 4040 qui

362 4063 560 4117 laudes
591 4062 755 4117 Pauli
777 4065 965 4119 audire
1023 4065 1265 4136 cupiunt,
1316 4067 1469 4136 prius
1520 4068 1731 4123 virtutis
1790 4068 1952 4125 Pauli

363 4163 590 4219 a'mulos
615 4179 728 4219 esse
766 4171 990 4234 oportet,
1022 4174 1075 4220 et
1111 4165 1417 4236 huiusmodi
1463 4168 1711 4223 concione
1741 4168 1949 4239 dignos.

361 4263 471 4322 llic
502 4266 657 4324 vides
684 4268 1003 4325 concionem
1040 4269 1375 4334 memorari,
1407 4269 1571 4340 cujus
1629 4270 1952 4342 hypothesis

362 4385 470 4427 seu
505 4381 892 4441 argumentum
930 4380 1088 4426 erant
1116 4369 1268 4426 Pauli
1301 4369 1530 4436 laudes;
1582 4378 1747 4440 atque
1770 4368 1953 4442 Chry-

369 4480 681 4527 sostomum
716 4470 955 4541 idipsum
1010 4479 1393 4536 argumentum
1427 4469 1552 4525 aliis
1583 4473 1636 4525 in
1668 4470 1954 4526 concinni-

361 4573 480 4631 δυσ
507 4583 753 4645 repetere
774 4573 1157 4630 destinavisse.
1212 4570 1368 4639 Quod
1428 4588 1554 4628 cum
1605 4574 1949 4645 exploratum

363 4676 466 4741 sit,
497 4675 629 4746 quid
661 4674 807 4730 aliud
859 4675 951 4729 hic
1005 4671 1233 4728 indicari
1264 4682 1466 4744 potest,
1519 4689 1684 4742 quam
1743 4684 1952 4744 septem

360 4776 479 4832 illa:
533 4775 603 4831 de
658 4774 816 4831 Pauli
849 4776 1106 4831 laudibus
1140 4774 1398 4837 homiliae.
1430 4790 1570 4846 quas
1620 4773 1762 4830 infra
1813 4774 1955 4831 inter

357 4894 657 4936 sermones
689 4879 1052 4951 panegyricos
1079 4866 1347 4932 edemus?
1374 4876 1484 4932 Illa:
1534 4886 1717 4932 autem
1773 4876 1954 4931 homi-

355 4978 455 5035 liae
483 4979 690 5035 nullam
744 4993 944 5050 przese
1006 4976 1190 5033 ferunt
1250 4977 1513 5048 temporis
1565 4985 1791 5032 notam:
1848 4975 1954 5033 hoc

367 5094 547 5133 unum
579 5093 646 5134 ex
695 5077 800 5134 hac
829 5078 897 5134 de
928 5076 1189 5133 Kalendis
1240 5075 1465 5131 homilia
1523 5076 1795 5147 expiscari
1827 5090 1954 5145 pos-

262 5175 311 5225 ι’
357 5194 592 5247 sumus,
621 5179 767 5250 quod
799 5178 966 5236 etiam
997 5192 1065 5234 ex
1096 5186 1292 5250 quarta
1350 5179 1406 5233 in
1460 5175 1688 5232 Paulum
1724 5177 1949 5233 homilia

360 5280 762 5344 conﬁrmatur,
800 5279 971 5336 fuisse
998 5279 1143 5344 illas,
1173 5277 1399 5349 perinde
1447 5287 1613 5348 atque
1672 5276 1953 5333 homiliam

349 5380 441 5437 de
470 5378 755 5445 Kalendis,
789 5380 1092 5436 Antiochiae
1126 5379 1384 5445 habitas;
1432 5393 1557 5433 nam
1600 5377 1757 5435 initio
1789 5378 1955 5449 hujus

352 5480 617 5538 homilim
642 5479 796 5542 dicit.
851 5478 1192 5551 episcopum,
1247 5494 1440 5548 nempe
1479 5477 1820 5543 Flavianum,
1852 5478 1949 5535 ab-

340 5592 580 5642 sentem
612 5591 746 5639 tunc
777 5581 971 5644 fuisse,
994 5596 1118 5635 cum
1156 5581 1273 5635 haec
1301 5579 1390 5634 ille
1420 5578 1758 5650 praedicaret.

422 5684 620 5769 _Aliam
667 5684 877 5757 profert
934 5681 1323 5739 Tillcmontius
1380 5679 1789 5752 conjecturam,
1839 5695 1947 5754 qua

1971 2813 2041 2829 —

2057 3058 2201 3114 hane
2228 3056 2295 3114 de
2320 3058 2580 3116 Kalendis
2620 3060 2901 3117 homiliam
2936 3064 2989 3117 in
3022 3046 3225 3117 annum
3256 3062 3359 3117 587
3390 3064 3629 3120 conferri

2056 3174 2217 3229 posse
2246 3160 2600 3231 probabiliter
2630 3162 2929 3217 existimat.
2968 3160 3259 3217 Homiliam
3289 3162 3521 3232 primam
3558 3163 3628 3220 de

2057 3258 2300 3328 Lazaro,
2337 3260 2536 3331 inquit,
2578 3262 2886 3333 insequenti
2939 3269 3062 3328 post
3094 3260 3374 3316 homiliam
3420 3260 3489 3316 de
3519 3258 3632 3315 Ka-

2056 3357 2237 3415 lendis
2284 3359 2394 3425 die,
2430 3360 2550 3416 sive
2582 3357 2823 3415 secunda
2877 3356 3148 3422 Januarii,
3187 3358 3426 3414 habitam
3450 3357 3633 3414 fuisse

2056 3471 2266 3519 certum
2289 3472 2396 3520 est.
2421 3463 2534 3519 Cur
2561 3471 2743 3519 autem
2776 3463 3017 3518 secunda
3043 3459 3312 3528 Januarii,
3339 3470 3630 3532 postquam

2055 3562 2235 3633 prima
2273 3564 2403 3631 anni
2441 3564 2527 3620 die
2568 3563 2681 3634 jam
2717 3562 3041 3618 concionem
3095 3554 3379 3627 habuerat,
3434 3563 3631 3617 iterum

2056 3661 2487 3718 concionaturus
2521 3660 2715 3717 fuisset
2749 3674 2859 3715 non
2900 3660 3193 3726 videmus;
3232 3660 3337 3714 nisi
3392 3660 3514 3717 dies
3545 3661 3636 3718 ille

2057 3773 2365 3819 conventus
2399 3761 2614 3826 fuisset,
2656 3738 2917 3826 nimirum
2942 3768 3037 3815 aut
3081 3759 3365 3816 sabbatum
3398 3768 3495 3815 aut
3526 3760 3635 3817 Do-

2057 3863 2282 3930 minica,
2313 3863 2515 3934 quibus
2542 3861 2850 3916 certissime
2873 3859 3069 3915 diebus
3094 3858 3335 3914 collecta:
3356 3858 3634 3914 habeban-

2056 3969 2188 4018 tur:
2223 3962 2377 4033 atqui
2404 3975 2550 4016 anno
2574 3957 2681 4016 387
2722 3958 2843 4014 dies
2879 3958 3121 4014 secunda
3153 3956 3400 4012 Januarii
3441 3957 3632 4015 incidit

2056 4066 2113 4121 in
2173 4065 2482 4132 sabbatum,
2535 4062 2773 4132 indeque
2811 4059 3183 4116 verisimiliter
3235 4057 3528 4129 conjicitur
3573 4059 3631 4115 in

2055 4184 2261 4224 annum
2293 4166 2399 4222 387
2430 4165 2816 4223 conferendam
2851 4178 2975 4220 esse
3019 4163 3160 4217 hanc
3194 4160 3497 4217 homiliam.
3528 4159 3633 4216 Le-

2054 4270 2282 4326 vissima
2312 4282 2445 4324 sane
2473 4267 2790 4337 conjectura
2818 4282 2833 4320 :
2864 4278 2990 4319 nam
3016 4276 3163 4334 saepe
3199 4261 3632 4333 (Ihrysostomus

2056 4365 2235 4419 tribus
2290 4372 2597 4433 quatuorve
2657 4360 3170 4431 consequentibus,
3233 4358 3347 4415 imo
3398 4358 3632 4430 singulis

2056 4463 2411 4521 hebdomadas
2468 4463 2664 4520 diebus
2736 4463 3102 4521 concinnatus
3164 4459 3628 4533 deprehenditur:

2055 4579 2232 4637 neque
2261 4579 2561 4638 possumus
2586 4563 2671 4617 vel
2702 4572 2908 4619 certam
2961 4562 3045 4617 vel
3094 4563 3386 4618 admodum
3434 4562 3630 4633 proba-

2052 4664 2215 4721 bilem
2258 4679 2480 4720 causam
2513 4662 2759 4735 proferre
2786 4677 2888 4718 cur
2933 4671 3028 4717 aut
3063 4662 3247 4733 plures
3291 4677 3389 4732 per
3419 4661 3628 4716 hebdo-

2052 4764 2270 4821 madam
2301 4773 2397 4820 aut
2443 4762 2751 4835 pauciores,
2783 4743 2878 4817 aut
2911 4762 3280 4831 continuatos,
3313 4770 3410 4818 aut
3449 4762 3621 4817 inter-

2052 4864 2253 4921 missas
2282 4861 2576 4920 conciones
2605 4861 3036 4934 Chrysostomus
3061 4860 3333 4925 habuerit,
3387 4866 3450 4914 ut
3515 4858 3634 4928 ipse

2054 4966 2438 5023 Tillemontius
2472 4981 2582 5020 non
2608 4965 2776 5021 semel
2819 4962 3043 5030 fatetur,
3074 4972 3131 5017 et
3160 4962 3407 5032 pluribus
3446 4961 3630 5017 decla-

2052 5068 2268 5124 rabitur
2304 5067 2360 5122 in
2391 5064 2515 5120 Vita
2558 5062 2960 5136 Chrysostomi.
2995 5059 3287 5117 llomiliam
3327 5060 3511 5131 itaque
3561 5060 3633 5116 de

2056 5167 2313 5224 Kalendis
2341 5167 2446 5222 hoc
2479 5166 2602 5221 loco
2636 5164 2917 5235 ponimus,
2954 5162 3086 5233 quia
3119 5177 3227 5217 non
3254 5160 3521 5230 aptiorem
3549 5159 3647 5221 lo-,

2050 5286 2177 5330 cum
2201 5268 2527 5340 consignsre
2556 5266 2822 5321 valemus.

2124 5369 2631 5442 lnterpretationem
2679 5381 2810 5423 vero
2869 5363 3100 5422 Joannis
3143 5363 3308 5420 Checi
3340 5362 3634 5420 Cantabri-

2057 5473 2282 5547 giensis,
2342 5470 2595 5542 plurimis
2646 5469 2703 5526 in
2735 5470 2873 5530 locis
2925 5469 3270 5543 castigatam,
3324 5484 3356 5525 e
3408 5468 3631 5540 regione

2060 5578 2231 5636 (ἓνετοί
2268 5586 2447 5635 textus
2475 5576 2746 5649 ponimus.
