4018 6190
205 180 257 245 \

373 187 479 248 δεῖ

1765 206 1829 263 lN
1868 207 2256 295 KALENDAS.

3529 214 3633 273 954

386 427 3595 492 Μ-

364 781 656 827 EIUSDEM
681 785 915 831 οιητιο
943 789 1257 841 ωιεκυιε
1292 797 1551 857 ΗΔΒΙΤΔ,
1592 802 1725 848 ουκ
1780 805 1907 852 NON

2008 811 2247 860 ZNISSET
2295 815 2359 858 IN
2397 817 2718 862 PUBLICUM
2755 815 2836 862 εο
2876 821 2983 864 DIE
3021 821 3357 867 EPISCOPUS
3395 824 3624 869 ANTIQ-

440 862 604 952 ςΠΙιΕ
638 863 1012 929 ηΑνι-Ακυε,
1062 873 1314 919 CONTRA
1353 879 1468 923 EOS
1503 883 1614 935 QUI
1656 884 1907 931 NOVILUI

2038 892 2435 952 OBSERVANT,
2479 898 2558 941 ΕΤ
2601 898 2667 941 IN
2716 898 3012 944 CIVITATE
3063 902 3310 945 CUOROS
3344 903 3599 949 DUCUNT

440 940 518 983 ιτ
554 942 622 984 ιη,
650 943 891 990 DICTCM
925 949 1248 1012 APOSTOLI,
1286 957 1487 1003 OMNIA
1522 960 1587 1004 IN
1619 962 1901 1010 GLOBIAM

2329 936 2568 1035 (πως,
2601 936 3012 1039 ab,

413 1798 443 1853 Ι
453 1838 462 1848 .
488 1797 610 1852 Ilico
634 1796 881 1855 Flart'rmo
901 1797 1152 1869 Episcopo
1172 1813 1271 1852 non
1293 1805 1534 1868 prasente
1550 1795 1689 1850 diota
1707 1800 1842 1847 sunt.
1857 1817 1928 1829 —

336 1889 791 1956 Quemadmodum
838 1890 1038 1945 chorus
1091 1889 1460 1958 prtesultorem
1486 1928 1504 1954 ,
1548 1895 1604 1943 et
1647 1894 1925 1940 nautarum

336 1980 624 2036 multitudo
651 1982 1063 2051 gubernatorem
1111 1980 1330 2050 inquirit
1355 1995 1371 2033 :
1397 1979 1480 2036 sic
1506 1987 1563 2037 et
1587 1976 1924 2033 sacerdotum

335 2072 446 2129 iste
465 2081 636 2129 cretus
664 2073 964 2142 pontiﬁcem
996 2071 1156 2128 hodie
1183 2087 1343 2129 suum
1368 2081 1424 2127 et
1453 2085 1790 2126 communem
1832 2084 1925 2138 pa-

335 2172 477 2220 trem
499 2164 784 2221 desiderat.
816 2164 922 2229 Sed
954 2165 1007 2221 in
1031 2164 1198 2220 choro
1224 2173 1282 2224 et
1305 2165 1424 2221 navi
1450 2179 1637 2219 eorum
1667 2162 1759 2232 qui
1782 2177 1923 2231 prte-

332 2271 461 2313 esse
484 2257 681 2313 debent
715 2258 952 2314 absentia
974 2299 988 2323 ,
1018 2258 1241 2313 multum
1281 2273 1426 2328 smpe
1459 2268 1569 2313 tum
1598 2257 1922 2325 ornamenti,

334 2358 447 2406 tum
475 2353 775 2408 securitatis
816 2352 1051 2408 detrahit
1079 2369 1094 2407 :
1122 2353 1206 2408 hic
1246 2362 1422 2407 autem
1464 2365 1640 2406 secus.
1670 2348 1923 2416 Quamvis

330 2441 474 2494 enim
510 2456 675 2497 carne
699 2458 804 2496 non
834 2443 1014 2508 adsit,
1042 2443 1236 2512 spiritu
1281 2451 1456 2496 tamen
1483 2440 1635 2496 adest
1657 2481 1673 2504 ,
1701 2448 1754 2495 et
1781 2452 1922 2493 nune

330 2532 609 2587 nobismet
631 2541 716 2588 est
732 2575 747 2598 ,
771 2533 913 2588 domi
941 2549 1064 2589 cum
1102 2534 1286 2589 sedeat
1309 2571 1325 2598 ,
1352 2531 1795 2601 quemadmodum
1821 2543 1921 2585 nos

334 2637 457 2676 cum
488 2623 579 2676 illo
601 2638 806 2691 sumus,
837 2640 1157 2695 quamquam
1187 2624 1272 2679 hic
1286 2614 1523 2679 stemus.
1555 2623 1625 2677 Ita
1656 2622 1797 2677 enim
1823 2636 1917 2676 ca-

330 2713 510 2769 ritatis
529 2724 715 2769 natura
743 2724 828 2771 est
845 2759 859 2781 ,
884 2726 937 2779 ut
983 2717 1142 2787 longo
1167 2716 1445 2771 intervallo
1469 2715 1763 2785 disjunetos
1789 2728 1917 2769 con-
1964 2740 1969 2746 ~

335 2815 523 2875 greget
550 2815 604 2860 et
631 2806 914 2861 devinciat.
938 2807 1078 2861 Nam
1126 2808 1394 2862 hominem
1425 2807 1477 2861 in
1504 2807 1674 2861 aliena
1701 2806 1918 2876 regione

322 2908 780 2965 eommorantem,
836 2909 893 2954 et
947 2900 1153 2970 magnis
1207 2913 1235 2951 a
1279 2899 1434 2953 nobis
1478 2897 1780 2968 atquoribns
1807 2896 1918 2951 dis-

320 2985 567 3055 junctum
593 2988 639 3043 si
667 2988 967 3058 diligamus,
997 2989 1233 3060 quotidie
1259 2990 1439 3043 animo
1487 2988 1916 3057 cogitationeque

320 3078 621 3146 sequimur,
650 3080 1099 3150 quemadmodum
1125 3096 1247 3136 cum
1277 3096 1402 3151 erga
1430 3080 1660 3149 aliquem
1695 3095 1800 3133 non
1840 3079 1917 3133 ita

321 3169 497 3225 aﬂecti
522 3186 737 3234 sumus,
764 3187 884 3228 eum
915 3189 982 3228 ne
1011 3188 1175 3242 prope
1201 3172 1414 3243 quidem
1444 3171 1744 3226 adstantem
1770 3172 1913 3239 aspi-

319 3276 451 3317 cere
471 3262 773 3333 dignamur.
797 3262 902 3320 Sed
937 3274 996 3319 ut
1023 3280 1142 3318 cum
1169 3265 1363 3318 caritas
1383 3263 1555 3329 adest,
1581 3262 1784 3317 nullum
1808 3263 1908 3339 im-

320 3353 687 3421 pedimentum
729 3371 799 3411 ex
837 3356 937 3411 loci
982 3356 1261 3411 intervallo
1300 3365 1412 3420 est;
1448 3355 1527 3410 sic
1562 3353 1751 3408 eadem
1787 3368 1909 3408 cum

316 3444 505 3511 abest,
534 3447 735 3501 nullum
768 3446 1076 3516 pra'sidium
1104 3463 1183 3502 ex.
1202 3447 1440 3501 locorum
1463 3445 1731 3499 vicinitate
1759 3459 1910 3513 para-

316 3543 426 3588 tur.
451 3534 633 3604 Nuper
652 3545 828 3591 autem
851 3553 971 3592 eum
1000 3536 1213 3591 beatum
1236 3536 1455 3591 Paulum
1477 3535 1737 3591 encomiis
1761 3534 1910 3589 cele-

306 3624 631 3691 braremus,
666 3626 735 3680 ita
772 3627 1169 3691 exsultavistis,
1199 3627 1352 3696 quasi
1391 3626 1560 3694 ipsum
1590 3632 1908 3693 praesentem

308 3714 615 3770 vidissetis.
645 3717 807 3786 Atqui
833 3732 1028 3786 corpus
1051 3717 1168 3786 ejus
1191 3732 1312 3773 cum
1342 3716 1394 3771 in
1418 3716 1558 3785 regia
1586 3715 1716 3770 urbe
1735 3715 1905 3769 Roma

299 3805 511 3878 iaceat,
540 3808 719 3862 anima
749 3820 931 3864 autem
955 3810 1005 3862 in
1034 3824 1193 3863 manu
1223 3809 1313 3863 Dei
1342 3806 1448 3871 sit;
1478 3805 1744 3861 Justorum
1770 3807 1907 3861 enim

302 3902 504 3956 anime
529 3901 583 3955 in
609 3917 760 3954 manu
790 3899 888 3955 Dei
912 3910 1048 3964 sunt,
1070 3911 1118 3955 et
1149 3917 1251 3954 non
1270 3908 1436 3970 tanget
1462 3901 1576 3955 illos
1601 3908 1903 3955 tormentum

301 3994 490 4066 (Sep.
530 3994 588 4048 5.
616 3993 687 4064 1)
722 4011 737 4048 :
768 3993 1003 4048 caritatis
1046 4002 1221 4048 tamen
1264 3994 1342 4048 vis
1371 3993 1519 4047 illum
1559 4002 1681 4048 ante
1718 3992 1905 4048 oculos

296 4095 527 4140 vestros
563 4084 864 4139 collocavit.
906 4084 1157 4139 Volebam
1198 4092 1375 4139 autem
1419 4084 1470 4138 in
1514 4083 1651 4139 idem
1691 4097 1901 4153 quoque

293 4184 688 4246 argumentum
719 4174 877 4229 hodie
902 4172 1229 4229 descendere
1247 4210 1265 4236 ς
1290 4173 1381 4228 sed
1411 4173 1477 4227 ad
1501 4175 1601 4227 alia
1632 4174 1901 4243 quaedam,

291 4279 425 4335 qua:
452 4263 629 4334 magis
651 4272 861 4333 urgent,
886 4265 1058 4318 oratio
1078 4273 1260 4317 nostra
1284 4261 1609 4332 provehitur,
1630 4262 1680 4317 in
1702 4262 1908 4332 quibus

286 4372 321 4413 a
354 4365 480 4413 tota
511 4355 672 4411 hodie
709 4357 925 4412 civitate
960 4363 1233 4425 peccatur.
1262 4356 1366 4410 Eos
1404 4356 1544 4411 enim
1583 4357 1672 4426 qui
1712 4356 1898 4411 laudes

285 4448 462 4504 Ρειυιὶ
486 4447 677 4503 audire
694 4448 938 4518 cupiunt,
964 4449 1112 4517 prius
1133 4447 1343 4503 virtutis
1364 4448 1509 4501 Pauli
1534 4447 1756 4502 mundos
1775 4462 1897 4504 esse

281 4548 545 4613 oportet,
571 4549 624 4597 et
645 4539 951 4609 huiusmodi
974 4541 1233 4597 concione
1253 4540 1459 4609 dignos.
1482 4540 1743 4608 Quoniam
1766 4556 1895 4610 ergo

280 4648 405 4691 non
432 4630 593 4691 adest
612 4631 770 4687 hodie
796 4641 967 4701 pater,
1000 4648 1119 4702 age,
1147 4632 1390 4702 precibus
1414 4632 1554 4686 illius
1579 4630 1720 4697 freti,
1748 4632 1895 4701 quod

278 4725 353 4779 ad
390 4723 796 4780 institutionem
839 4723 1005 4778 vestri
1041 4725 1269 4792 pertinet
1296 4726 1636 4793 attingamus.
1674 4721 1807 4779 Nam
1836 4730 1894 4777 et

281 4816 541 4887 Moyses.
571 4830 890 4885 quamquam
927 4831 1033 4870 non
1062 4828 1288 4885 corpore
1318 4831 1552 4885 praesens
1588 4831 1710 4870 cum
1733 4830 1891 4871 exer-

280 4908 408 4963 citu
442 4906 565 4972 fuit,
592 4907 937 4963 nihilominus
968 4918 1167 4973 tamen,
1199 4909 1307 4961 imo
1337 4908 1503 4964 multo
1531 4908 1700 4981 magis
1727 4923 1891 4978 quam

277 4999 494 5070 reliqui
524 4998 853 5068 prrliantes,
884 4999 1163 5054 victoriam
1195 4999 1475 5068 promovit,
1510 4999 1687 5068 pansis
1713 4999 1889 5053 mani-

206 5076 212 5081 ’
274 5091 397 5146 bus
419 5098 736 5146 sustentans
763 5104 978 5145 causam
1006 5104 1257 5155 suorum,
1284 5097 1338 5143 et
1366 5089 1601 5151 hostibus
1629 5098 1889 5146 terrorem

274 5181 573 5236 incutiens
594 5180 783 5251 (Exod.
808 5182 917 5250 17).
942 5178 1400 5248 Quemadmodum
1423 5178 1567 5234 enim
1597 5194 1767 5249 neque
1792 5194 1885 5234 ea-

271 5275 475 5331 ritatis
497 5274 614 5338 vis,
646 5273 719 5328 ita
764 5288 939 5345 neque
980 5271 1298 5343 precationis
1337 5270 1624 5328 efﬁcacitas
1667 5270 1767 5325 loci
1805 5270 1887 5325 iu-

270 5366 529 5423 tervallo
573 5375 892 5433 coercetur;
938 5366 1032 5421 sed
1079 5366 1218 5421 sicut
1262 5365 1347 5419 illa
1395 5362 1553 5432 longe
1591 5361 1885 5431 dis-junctus

269 5456 536 5527 uipuht,
564 5457 644 5511 sic
671 5464 725 5512 ct
750 5456 866 5512 lucc
893 5471 988 5511 eos
1011 5455 1103 5527 qui
1134 5455 1315 5525 procul
1345 5453 1570 5515 absunt,
1598 5452 1885 5506 admodum

265 5548 480 5620 iuvare
502 5558 701 5621 potest.
730 5547 980 5606 Fidentes
1002 5549 1161 5621 igitur
1187 5549 1239 5603 in
1260 5562 1484 5620 pugnam
1505 5543 1878 5618 procedamus.

2032 1788 2163 1890 hiant
2193 1804 2247 1849 et
2267 1797 2418 1853 nobis
2445 1799 2601 1857 hodie
2626 1802 2823 1861 bellum
2855 1807 3108 1867 indictum
3134 1822 3235 1880 est,
3266 1832 3370 1873 non
3398 1822 3600 1878 Amale-

2029 1882 2148 1936 citis
2176 1884 2561 1955 itttaJcntihus,
2592 1902 2647 1947 ut
2678 1903 2789 1950 tum
2829 1898 3079 1963 fecerant,
3106 1912 3197 1958 aut
3225 1905 3343 1960 aliis
3369 1908 3602 1970 barbaris

2030 1970 2418 2067 incursantibus
2442 2021 2456 2044 .
2484 1981 2575 2043 sed
2620 1983 2949 2048 tlmtnouibus
2991 2005 3236 2067 pompam
3278 1995 3329 2049 in
3362 1999 3476 2054 foro
3507 2002 3602 2056 duo

2027 2064 2288 2124 ccntibus.

2102 2157 2213 2223 Quo
2252 2173 2399 2231 parto
2442 2166 2636 2222 initium
2686 2174 2809 2226 anni
2831 2175 3181 2233 celebraretur.
3210 2211 3281 2223 —-
3304 2184 3599 2245 .Diabulicm

2026 2249 2167 2303 enim
2189 2258 2621 2320 pernoctationes
2640 2277 2759 2332 quae
2807 2264 2964 2322 hodie
2993 2269 3194 2327 liuntet
3236 2275 3599 2340 cavillationes

2024 2346 2078 2393 cl
2097 2343 2354 2411 convicia,
2399 2356 2455 2401 et
2487 2350 2799 2408 saltationes
2827 2367 3099 2413 nocturna:
3118 2401 3135 2426 ,
3164 2371 3218 2417 et
3243 2364 3459 2420 ridicula
3484 2367 3598 2427 haec

2023 2433 2528 2506 commdia,quovis
2579 2441 2730 2500 hoste
2757 2443 2995 2505 deterius
3043 2451 3308 2509 civitatem
3358 2468 3596 2517 nostram

2021 2522 2280 2607 captivam
2312 2526 2511 2584 faciunt
2540 2549 2555 2585 :
2587 2541 2642 2587 et
2685 2550 2809 2590 cum
2845 2549 3148 2608 oporteret,
3181 2553 3238 2598 ut
3264 2547 3442 2603 animo
3478 2565 3599 2605 con-

2022 2613 2385 2685 traherentur,
2414 2620 2676 2692 lugerent,
2722 2627 3137 2698 erubescerent,
3169 2643 3277 2688 tum
3327 2639 3415 2708 qui
3459 2639 3596 2694 dcit.

2020 2716 2282 2775 quernnt,
2336 2718 2447 2765 tum
2503 2714 2591 2782 qui
2646 2732 2753 2771 non
2810 2717 3181 2790 deliquerunt,
3230 2728 3304 2782 illi
3383 2731 3595 2800 quidem

2019 2807 2236 2868 propter
2255 2800 2484 2858 admissa
2516 2804 2747 2863 facinora
2768 2852 2785 2877 ,
2813 2810 2869 2865 hi
2901 2828 3027 2868 vero
3055 2816 3176 2886 quia
3220 2818 3413 2876 fratres
3449 2823 3595 2886 vide:

2018 2900 2138 2944 runt
2168 2890 2391 2962 turpiter
2436 2907 2686 2967 agentes:
2721 2901 2839 2955 lzeta
2859 2919 2979 2959 eum
3025 2880 3210 2977 primis
3239 2913 3427 2968 civitas
3455 2880 3594 2973 fact;

2015 2989 2117 3045 est,
2144 2989 2199 3035 ct
2222 2997 2495 3052 coronata,
2526 2998 2579 3042 et
2610 2989 2801 3055 forum,
2832 2995 2982 3062 quasi
3007 2996 3222 3066 elegans
3250 3012 3589 3072 sumptuosa-
3683 2990 3687 2994 ﬂ

2013 3085 2117 3141 que
2160 3073 2369 3141 mulier,
2400 3077 2680 3134 ambitiose
2707 3080 2864 3138 hodie
2888 3096 3198 3155 exornatur,
3232 3099 3286 3144 et
3327 3107 3475 3158 auro,
3510 3096 3591 3150 in-

2014 3161 2279 3218 dumentis
2322 3168 2591 3235 pretiosis,
2639 3171 2865 3242 calceis,
2894 3184 2949 3230 et
2974 3178 3191 3248 reliquis
3239 3182 3354 3251 ejus
3379 3191 3591 3254 generis

2013 3253 2253 3321 vestitur,
2280 3255 2501 3326 singulis
2540 3258 2593 3315 in
2623 3260 2834 3317 ofticina
2879 3278 2973 3320 sua
3014 3268 3210 3336 opilicii
3240 3272 3314 3326 sui
3347 3253 3590 3329 vendita-

2013 3344 2154 3399 tione
2182 3346 2420 3414 ejusdem
2449 3349 2659 3407 artilicii
2687 3354 2860 3409 socios
2886 3358 3204 3415 antecellere
3232 3362 3588 3424 studentibus.

2008 3435 2136 3493 Ilaec
2162 3447 2338 3493 autem
2365 3444 2691 3499 concertatio
2717 3461 3036 3518 quamquam
3065 3453 3282 3521 puerilis
3311 3456 3588 3526 cujusdam

2007 3527 2342 3595 cogitationis
2359 3539 2477 3596 est,
2505 3542 2559 3587 et
2583 3535 2745 3589 animi
2770 3537 2903 3592 nihil
2931 3554 3103 3609 neque
3136 3557 3385 3613 magnum
3416 3563 3589 3619 neque

2008 3619 2238 3675 sublime
2260 3625 2575 3692 cogitantis,
2603 3641 2706 3679 non
2733 3627 2802 3680 ita
2829 3629 3054 3685 multum
3079 3640 3253 3688 tamen
3284 3652 3465 3692 secum
3504 3640 3588 3695 in-

2006 3714 2271 3768 commodi
2302 3727 2576 3786 apportat;
2608 3719 2702 3773 sed
2749 3719 3137 3778 inconsiderata
3166 3728 3407 3795 qtuedam
3433 3733 3586 3787 solli-

2004 3806 2183 3862 citudo
2222 3816 2303 3862 cst
2323 3850 2339 3874 ,
2367 3825 2484 3878 qua:
2514 3810 2755 3865 sollicitis
2780 3813 2945 3868 risum
2978 3816 3131 3883 parit.
3159 3817 3214 3873 Si
3258 3820 3399 3874 enim
3422 3837 3585 3877 exor-

2006 3912 2135 3952 nare
2174 3899 2374 3969 aliquid
2406 3900 2630 3956 volueris
2650 3941 2670 3967 ,
2698 3918 2802 3956 non
2849 3904 3147 3973 ofﬁcinam,
3177 3908 3272 3963 sed
3312 3920 3578 3981 mentem,

2004 4003 2110 4042 non
2160 3988 2355 4055 forum,
2399 3991 2493 4047 sed
2542 3992 2942 4063 intelligentiam
2992 4004 3134 4051 tuam
3184 4011 3476 4068 exornato,
3522 4014 3585 4060 ut

2002 4079 2177 4149 angeli
2211 4079 2488 4146 mirentur,
2516 4084 2820 4154 archangeli
2850 4083 2954 4140 hoc
2993 4088 3309 4157 approbent,
3338 4091 3453 4160 ipse
3482 4110 3580 4149 an-

2001 4173 2236 4243 gelorum
2268 4174 2522 4230 Dominus
2563 4176 2674 4231 suis
2714 4185 2766 4231 te
2812 4177 2970 4232 donis
3009 4190 3399 4235 remuneretur.
3450 4183 3581 4239 llzec.

1999 4265 2140 4319 enim
2170 4281 2288 4335 qua:
2316 4281 2455 4322 nunc
2474 4275 2559 4322 est
2584 4267 2894 4333 venditatio,
2917 4269 3238 4335 tumrisum,
3273 4280 3383 4327 tum
3403 4289 3573 4331 aemu-

1999 4355 2251 4412 lationem
2278 4358 2651 4425 apportat;ab
2691 4358 2756 4412 iis
2788 4360 2875 4428 qui
2923 4360 3137 4414 excelso
3186 4371 3319 4417 sunt
3356 4363 3571 4432 animo,

1996 4448 2205 4513 risum;
2230 4447 2299 4502 ab
2321 4448 2424 4503 illis
2449 4450 2538 4518 qui
2569 4449 2619 4503 in
2647 4449 2834 4505 eadem
2878 4451 3190 4521 aegritudine
3227 4463 3383 4522 sunt,
3406 4472 3575 4512 temu-

1994 4535 2243 4591 lationcm
2275 4537 2630 4609 invidiamque
2656 4540 2900 4597 multam.

2063 4627 2119 4682 2.
2159 4627 2284 4692 Sed.
2316 4636 2375 4684 ut
2400 4638 2555 4684 antea
2582 4629 2690 4684 dixi
2708 4672 2722 4695 ,
2757 4631 2954 4687 nauita
2975 4632 3427 4700 reprehendenda
3451 4649 3573 4692 sunt

1993 4718 2079 4774 his
2117 4719 2686 4790 concertationes-mni
2713 4736 2841 4776 vero
2881 4722 2935 4776 in
2981 4724 3215 4778 tabernis
3257 4726 3367 4780 ludi
3409 4726 3569 4782 hodie

1991 4810 2154 4876 ﬁunt,
2189 4811 2263 4866 illi
2297 4826 2383 4867 me
2412 4812 2640 4867 maxime
2663 4813 3005 4878 excruciant,
3024 4823 3080 4869 et
3100 4815 3383 4885 impietatis
3407 4827 3567 4887 atque

1992 4904 2413 4975 intemperantire
2455 4904 2594 4973 pleni
2633 4914 2789 4970 sunt;
2824 4904 3108 4974 impietatis
3153 4906 3386 4976 quidem,
3422 4909 3566 4977 quod

1990 4997 2079 5067 qui
2109 4996 2223 5052 htcc
2251 4997 2444 5050 iaciunt
2464 5037 2483 5061 ,
2508 4995 2623 5049 dies
2646 4994 2952 5063 observant,
2978 5005 3032 5051 et
3050 4997 3281 5067 auguriis
3308 4996 3536 5052 addicun
3553 5028 3566 5039 -

1993 5097 2096 5147 tur.
2124 5096 2180 5143 et
2203 5095 2382 5157 putant
2411 5086 2463 5139 si.
2484 5085 2807 5140 novilunium
2837 5087 3035 5140 mensis
3052 5085 3206 5156 hujus
3250 5100 3369 5144 cum
3414 5086 3567 5142 volu-

1992 5186 2137 5248 ptate
2164 5188 2219 5233 et
2240 5176 2417 5231 laetitia
2448 5175 2672 5243 degant,
2701 5176 2966 5246 reliquum
2989 5190 3047 5230 se
3067 5190 3267 5230 annum
3290 5173 3368 5228 sic
3393 5181 3567 5228 trans.

1989 5275 2208 5325 acturos
2249 5282 2266 5330 ;
2320 5266 2746 5335 intemperantiae
2816 5280 2965 5331 vero,
3016 5263 3156 5334 quod
3227 5263 3393 5333 prima
3441 5261 3560 5319 luce

1990 5356 2202 5413 l'etninre
2230 5364 2284 5409 ct
2312 5355 2412 5409 viri
2444 5355 2628 5424 pocula
2673 5354 2992 5424 implentes,
3022 5353 3182 5408 multa
3213 5368 3332 5408 cum
3364 5351 3561 5409 intem-

1990 5447 2228 5519 perantia
2258 5447 2439 5500 vinum
2487 5460 2691 5499 merum
2746 5444 2950 5499 bibunt.
3003 5443 3126 5498 llzcc
3172 5443 3384 5514 indigna
3438 5457 3563 5499 sunt

1986 5550 2163 5595 vestra
2220 5536 2584 5607 philosophia,
2636 5535 2747 5590 sive
2790 5549 2850 5590 ca
2904 5547 2998 5588 vos
3047 5533 3142 5604 ipsi
3180 5534 3417 5601 faciatis.
3450 5534 3563 5589 sive
