4018 6190
572 225 678 282 955

571 341 704 409 alios
731 340 833 397 hoc
862 339 1036 398 facere
1073 337 1424 408 permittatis,
1455 339 1568 402 sive
1613 336 1667 407 lii
1714 337 1891 392 fauudi
1934 340 2095 394 vestri
2123 380 2136 403 ,

569 433 683 488 sive
724 431 901 493 amici,
930 431 1043 484 sive
1077 414 1241 482 'vlciui
1282 427 1498 483 fuerint.
1531 428 1644 483 Non
1689 429 1878 484 audisti
1903 430 2138 485 Paulum

569 523 866 591 dicentem:
911 519 1034 574 Dies
1099 519 1368 572 observatis
1421 529 1466 571 ct
1519 535 1746 587 manus,
1795 529 1842 574 et
1889 530 2136 592 tempore,

568 623 615 676 et
643 629 818 666 annos.
850 609 1050 676 Metuo,
1083 627 1144 666 ne
1172 612 1360 681 frustra
1403 610 1453 664 in
1501 611 1636 664 vobis
1655 607 1996 664 laboraverim
2010 607 2135 683 (Ga-

568 705 658 776 int.
692 705 743 755 4.
782 701 866 762 10.
901 703 1012 770 Η).

638 793 990 870 {auspiciorum
1015 801 1062 846 et
1086 793 1308 845 ominum
1331 794 1540 846 uanitas.
1576 823 1643 833 -—
1672 794 1914 863 A!ioqnin
1955 807 2136 850 extre-

567 902 667 944 mze
695 885 794 940 hoc
822 895 904 939 est
930 885 1196 950 amentiae,
1249 895 1461 954 propter
1487 901 1646 941 unum
1676 885 1848 949 dictu,
1881 886 1925 954 si
1954 887 2132 959 auspi-

562 987 711 1041 catus
738 976 911 1040 fuerit,
944 991 1038 1045 per
1068 976 1370 1029 universum
1416 974 1517 1029 hoc
1564 986 1873 1045 exspectare
1900 992 2129 1034 annum:

560 1083 734 1142 neque
777 1067 1025 1139 amentiae
1055 1067 1224 1122 solmn
1247 1105 1264 1132 ,
1291 1065 1383 1120 sed
1409 1065 1681 1120 diabolicae
1711 1066 1980 1136 cujusdam
2010 1065 2130 1122 effi-

558 1160 770 1226 cientize
795 1157 1048 1228 judicium
1077 1168 1178 1224 est,
1199 1173 1302 1212 non
1335 1158 1548 1228 proprio
1574 1158 1746 1212 studio
1770 1170 1824 1214 et
1849 1161 2129 1227 alacritati,

557 1229 650 1318 sed
677 1247 994 1328 quibusdam
1029 1247 1233 1304 dierum
1261 1248 1660 1303 circuitionibus
1687 1249 1845 1303 vitam
1893 1261 2129 1305 nostram

556 1340 952 1410 commendare.
997 1339 1318 1408 Fortunatus
1385 1339 1475 1394 tibi
1528 1338 1580 1392 in
1618 1340 1920 1394 universum
1959 1357 2130 1398 annus

555 1434 676 1496 erit,
703 1446 806 1490 non
833 1430 879 1500 si
910 1431 961 1486 in
995 1431 1261 1500 novilunio
1285 1430 1462 1484 ebrius
1485 1427 1646 1484 fueris
1664 1473 1680 1496 ,
1711 1431 1804 1484 sed
1831 1431 1872 1485 si
1899 1433 1948 1485 in
1973 1434 2127 1487 novi-

555 1525 700 1576 luuio
726 1532 779 1578 et
803 1537 1119 1592 unoquoque
1143 1521 1230 1577 die
1255 1537 1372 1591 qum
1395 1522 1502 1588 Deo
1529 1522 1744 1591 probata
1771 1532 1894 1577 sunt
1918 1523 2125 1579 feceris.

556 1615 679 1670 Dies
701 1614 843 1670 enim
881 1614 1049 1669 bonus
1069 1622 1120 1667 et
1149 1613 1319 1668 malus
1340 1622 1451 1678 est,
1481 1629 1583 1666 non
1606 1613 1832 1683 quadam
1864 1614 1963 1669 sibi
2001 1631 2125 1684 pro-

553 1707 666 1784 prin
695 1715 879 1760 natura
898 1746 913 1770 ,
948 1704 1076 1758 nihil
1103 1704 1242 1778 enim
1271 1704 1387 1777 dies
1416 1719 1444 1756 a
1475 1705 1558 1774 die
1583 1703 1789 1779 differt;
1823 1705 1916 1759 sed
1945 1716 2125 1772 nostra

552 1799 632 1852 vel
652 1797 917 1873 diligentia
939 1837 955 1868 ,
978 1797 1063 1851 vel
1093 1796 1317 1871 ignavia.
1344 1795 1398 1852 Si
1421 1795 1678 1868 justitiam
1706 1794 1895 1851 feceris
1913 1837 1928 1862 ,
1953 1797 2126 1855 bonus

552 1890 643 1944 tibi
682 1889 797 1965 dies
837 1888 1076 1960 erit:sin
1110 1876 1392 1959 peccatum
1431 1887 1823 1961 designaveris,
1853 1889 2022 1954 malus
2071 1899 2126 1945 et

549 1979 1021 2050 suppliciiplcuus.
1054 1978 1106 2035 Si
1139 1981 1237 2034 ista
1268 1979 1584 2044 meditatus,
1610 1980 1654 2035 si
1691 1980 1759 2034 ita
1790 1980 1966 2045 animo
1991 1980 2121 2036 all‘e-

548 2079 666 2141 ctus
692 2069 890 2136 fueris,
921 2077 975 2124 et
1003 2084 1188 2149 preces
1227 2070 1699 2150 eleeutosynasque
1740 2070 1973 2141 quotidie
2023 2071 2120 2145 ad-

451 2225 458 2229 ,
549 2161 812 2229 hibueris,
872 2146 1194 2217 fortunatum
1247 2149 1473 2218 habebis
1543 2146 1711 2218 totum
1763 2178 1992 2219 annum:
2037 2165 2121 2219 sin

545 2249 794 2307 virtutem
850 2253 1182 2322 neglexeris.
1236 2261 1289 2306 et
1338 2253 1498 2308 initiis
1551 2255 1813 2308 mensium
1862 2269 1926 2308 ac
1969 2255 2121 2320 statis

491 2381 502 2401 ι
550 2342 739 2397 diebus
787 2343 947 2396 animi
983 2343 1055 2396 tui
1087 2342 1491 2397 oblectationem
1541 2343 1972 2410 eoucredideris,
2001 2359 2119 2398 om-

495 2426 506 2438 ”
545 2433 689 2507 nium
712 2449 830 2502 qua:
857 2432 924 2486 ad
953 2442 1003 2486 te
1034 2433 1298 2501 pertinent
1326 2432 1496 2488 innuis
1528 2435 1636 2488 eris
1665 2433 1944 2488 bonorum.
1967 2433 2118 2502 Quod

543 2505 664 2595 cum
693 2522 932 2579 diabolus
954 2524 1266 2595 perspiciat,
1295 2535 1349 2580 et
1377 2525 1587 2580 studeat
1615 2536 1824 2581 nostros
1849 2527 1898 2581 iu
1923 2528 2118 2585 virtute

551 2592 760 2687 labores
798 2611 1074 2687 frangere,
1104 2622 1158 2668 et
1205 2613 1368 2667 animi
1395 2614 1715 2670 alacritatem
1739 2617 2076 2687 exstinguere
2097 2659 2114 2684 ,

548 2685 682 2778 tum
717 2685 1066 2778 bonos.,‘tum
1096 2703 1262 2757 malos
1315 2704 1648 2774 negotiorum
1707 2706 1882 2760 exitus
1931 2707 2116 2763 diebus

540 2773 846 2858 adscribere
893 2773 1003 2848 nos.
1033 2794 1205 2849 docet.
1237 2794 1368 2870 Nam
1410 2796 1500 2866 qui
1541 2796 1642 2852 sibi
1693 2797 1790 2867 ipsi
1837 2801 2118 2870 persuadet

539 2871 680 2939 diem
707 2884 788 2940 vel
814 2870 1008 2938 bonum
1037 2885 1119 2939 vel
1148 2885 1342 2940 malum
1372 2901 1522 2953 esse,
1547 2903 1720 2958 neque
1749 2888 1800 2943 in
1838 2890 1978 2946 male
2028 2892 2115 2950 die

541 2974 799 3050 bonorum
825 2975 1076 3052 factorum
1103 2959 1285 3029 curam
1312 2975 1561 3053 habebit,
1586 2979 1734 3046 quasi
1765 2990 1982 3049 propter
2008 2981 2112 3038 diei

539 3049 906 3143 necessitatem
936 3066 1126 3120 frustra
1156 3049 1448 3121 laborando
1471 3049 1612 3122 nihil
1643 3071 1881 3138 proficiat
1904 3089 1917 3125 :
1943 3087 2114 3144 neque

536 3139 720 3229 epatra
767 3156 816 3209 iu
847 3156 986 3211 bono
1011 3156 1098 3212 die
1139 3157 1425 3227 quidquam
1459 3158 1649 3234 faciet,
1676 3161 1860 3230 quasi,
1893 3139 2112 3239 propter

538 3249 732 3300 bonum
760 3245 863 3300 diei
895 3262 1202 3304 successum
1222 3289 1236 3312 ,
1268 3249 1478 3317 propria
1509 3239 1750 3312 socordia
1780 3266 2110 3323 nequaquam

535 3338 775 3393 laedatur.
804 3337 892 3392 Sic
920 3322 1164 3406 utrinque
1210 3337 1374 3391 snam
1407 3338 1572 3406 ipsius
1620 3341 1808 3408 prodet
1845 3322 2106 3414 salutem,

534 3440 693 3504 atque
725 3427 987 3481 interdum
1037 3436 1093 3482 ut
1127 3428 1402 3488 inutiliter,
1446 3428 1712 3484 interdum
1743 3433 1892 3501 quasi
1920 3449 2108 3504 super-

537 3501 766 3574 vacanee
797 3517 1074 3580 laborans,
1107 3517 1158 3570 iu
1207 3519 1318 3572 otio
1345 3527 1399 3596 et
1443 3520 1673 3588 nequitia
1724 3523 1886 3577 vitam
1931 3524 2104 3597 deget.

535 3609 682 3677 Quod
711 3625 831 3662 cum
857 3609 1103 3672 sciamus,
1129 3608 1324 3662 diaboli
1365 3611 1588 3666 astutias
1638 3611 1816 3682 fugere
1863 3624 2106 3683 oportet,

533 3712 586 3776 et
613 3702 752 3757 lume
778 3702 936 3756 animi
957 3717 1169 3755 sensum
1201 3700 1489 3771 deponere,
1523 3712 1577 3757 ut
1599 3719 1767 3775 neque
1786 3705 1900 3760 dies
1920 3707 2107 3762 obser-

532 3810 748 3862 remus,
773 3811 945 3865 neque
993 3794 1132 3849 hunc
1161 3793 1299 3849 diem
1329 3796 1646 3866 refugiamus
1671 3839 1686 3863 ,
1719 3798 1863 3852 illum
1915 3799 2106 3870 diliga-

531 3901 668 3944 mus.
699 3885 816 3940 Non
843 3887 983 3940 enim
1015 3885 1186 3939 solum
1235 3894 1291 3940 ut
1321 3901 1418 3940 nos
1462 3887 1514 3940 in
1561 3888 1854 3942 socordiam
1885 3889 2103 3960 injiciat,

530 3961 623 4031 sed
647 3977 803 4031 etiam
832 3985 888 4030 ut
915 3991 1075 4044 Opera
1115 3976 1205 4031 Dei
1248 3975 1451 4046 sugillet
1480 4019 1494 4043 ,
1523 3981 1635 4031 tunc
1661 3979 1827 4032 malus
1849 3966 1950 4035 ille'
1985 3997 2104 4035 mo-

531 4067 658 4129 htur
700 4066 931 4134 dmmon,
963 4075 1019 4122 et
1069 4067 1118 4120 in
1151 4067 1472 4136 impietatem
1518 4069 1917 4141 socordiamque
1946 4072 2104 4128 simul

529 4159 732 4214 animas
759 4168 967 4214 nostras
997 4157 1303 4228 pertrahere
1325 4159 1538 4228 cogitat.

549 4228 555 4238 ι
601 4251 750 4305 Nihil
777 4253 987 4317 malum,
1008 4251 1104 4304 nisi
1129 4261 1381 4320 peccatum
1397 4269 1414 4316 ;
1435 4252 1564 4306 nihil
1583 4254 1782 4317 bonum,
1802 4254 1899 4308 nisi
1927 4256 2100 4310 virtus.

529 4372 600 4382 -—
627 4327 731 4396 sed
775 4328 982 4396 resilire
1023 4358 1120 4396 nos
1152 4351 1379 4413 oportet,
1409 4353 1463 4398 et
1502 4352 1651 4398 certo
1689 4352 1939 4411 statuere,
1973 4347 2100 4400 nihil

529 4433 725 4486 malum
750 4417 876 4486 esse.
890 4432 987 4486 nisi
1020 4443 1289 4504 peceatum
1316 4435 1508 4500 solum,
1537 4445 1591 4488 et
1617 4434 1745 4488 nihil
1777 4436 1969 4490 bonum
2002 4438 2100 4492 nisi

527 4522 773 4575 virtutem
797 4523 984 4586 solam,
1008 4532 1062 4575 et
1088 4535 1394 4591 perpetuum
1411 4527 1608 4578 cultum
1640 4527 1751 4582 Dei.
1783 4527 2102 4584 Oblectatio-

511 4597 649 4687 ,nem
676 4612 857 4687 animi,
891 4596 995 4664 non
1020 4609 1270 4676 ebrietas,
1289 4615 1379 4668 sed
1413 4615 1643 4682 precatio
1668 4619 1974 4685 spiritualis,
1995 4637 2099 4676 non

526 4686 728 4770 viuum,
751 4686 843 4758 sed
871 4704 1085 4757 verbum
1113 4689 1357 4783 erudiens
1383 4705 1553 4758 all’crt.
1587 4706 1772 4762 Vinum
1799 4711 1938 4763 enim
1968 4719 2102 4766 tem-

526 4806 804 4873 pestatem,
826 4795 1042 4850 verbum
1073 4797 1496 4874 tranquillitatem
1521 4809 1663 4874 ereat
1694 4818 1706 4854 :
1739 4803 1864 4855 illud
1897 4805 2098 4858 tumul-

529 4868 637 4941 tum
670 4888 974 4964 introducit,
1008 4889 1108 4942 hoc
1139 4871 1758 4967 turbulentiam.expellit
1788 4911 1800 4946 :
1833 4895 1958 4949 illud
1997 4895 2097 4949 ob-

523 4966 702 5054 seurat
751 4991 1016 5046 mentem,
1070 4982 1170 5036 hoc
1215 4983 1546 5038 obscuratum
1594 4985 1852 5039 illuminat
1903 5004 1918 5040 :
1971 4988 2095 5042 illud

524 5071 687 5125 animi
715 5063 974 5127 mmrores
999 5057 1239 5142 quiante
1271 5089 1374 5150 non
1400 5073 1604 5128 fuerant
1632 5061 1846 5154 invehit,
1883 5077 1982 5131 hoc
2003 5093 2097 5135 eas

507 5165 607 5251 qui
630 5148 820 5222 adsunt
846 5165 1107 5242 exturbat.
1140 5163 1278 5219 Nihil
1307 5148 1446 5220 enim
1475 5167 1542 5220 ita
1572 5166 1801 5248 laetitiam
1818 5148 2094 5251 gaudium--

524 5233 624 5322 iiue
656 5241 811 5326 parit,
849 5264 906 5308 ut
947 5239 1062 5333 ha'c
1102 5257 1447 5331 philosophiae
1477 5269 1671 5313 nostra:
1699 5241 1931 5316 instituta
2009 5279 2094 5318 res

523 5355 810 5422 praisentcs
837 5346 1132 5418 despicere,
1165 5348 1355 5403 futuris
1386 5334 1587 5403 inhiare
1615 5368 1628 5404 :
1657 5351 1782 5405 nihil
1806 5353 2092 5433 humanum

519 5438 709 5518 stabile
746 5437 1020 5508 judicare,
1069 5455 1172 5494 nou
1220 5440 1449 5512 divitias,
1501 5458 1604 5497 non
1652 5445 1958 5510 potentiam,
1989 5462 2094 5518 non

520 5512 768 5591 honores,
793 5513 897 5584 non
918 5531 1206 5586 clientelas.
1242 5531 1365 5584 llrec
1391 5533 1433 5587 si
1467 5523 1605 5588 recita
1629 5533 1830 5588 ratione
1859 5517 2089 5604 reputes,

517 5631 637 5695 cum
669 5618 886 5674 divitem
914 5622 1126 5689 videris,
1156 5638 1260 5677 non
1303 5633 1353 5678 te
1388 5623 1576 5678 invidia
1619 5623 1878 5679 mordebit
1910 5643 1919 5678 :
1954 5626 1997 5701 si
2039 5628 2088 5702 in

1271 223 1328 278 S.
1367 222 1644 280 JOAN'NIS
1682 221 2154 280 CIIRYSOSTOMI
2187 223 2502 282 ARCUIEP.
2529 227 3058 290 CONSTANTINOP.
3627 262 3710 318 936

2251 348 2612 410 paupertatem
2665 345 2945 414 incideris,
2992 365 3094 403 non
3151 349 3472 423 despondebit
3500 343 3744 442 animum:

2245 437 2404 498 atque
2426 431 2559 486 adeo
2589 446 2842 504 perpetuo
2871 436 3047 492 feriari
3083 451 3251 509 potes.
3279 445 3582 507 Christianum
3603 431 3705 516 cui“;

2245 536 2348 573 non
2382 525 2654 580 mensibus
2677 568 2692 593 ,
2721 542 2826 581 non
2856 530 3160 598 noviluniis,
3189 549 3289 588 non
3318 537 3558 599 dominicis
3577 548 3714 606 diebus

2242 605 2418 664 feriari
2455 621 2704 680 oportet:
2733 617 2827 670 sed
2876 632 2970 686 per
3005 634 3214 676 omnem
3245 625 3391 679 vitam
3427 628 3584 687 festum
3613 605 3717 695 dictu

2241 699 2339 754 sibi
2385 704 2836 760 accommodatum
2884 723 3060 777 agere.
3106 714 3175 764 At
3214 714 3326 788 quis
3367 716 3432 770 illi
3473 719 3605 776 festus
3636 728 3721 784 dies

2238 793 2526 849 convenit?
2565 797 2854 853 Audiamus
2884 801 3101 869 Paulum
3122 805 3373 862 dicentem
3403 827 3415 862 :
3446 810 3596 882 Itaque
3613 821 3723 887 [θήρ.

2240 901 2372 955 mur,
2405 903 2503 941 non
2531 889 2582 952 in
2612 895 2854 964 fermento
2877 896 3047 962 veteri,
3077 913 3235 970 neque
3259 900 3308 955 in
3333 902 3546 970 {eratante
3567 913 3724 966 malitia

2238 985 2283 1028 et
2313 977 2544 1046 nequitia:
2564 995 2584 1033 :
2608 981 2697 1034 sed
2736 983 2788 1036 in
2822 985 3012 1054 azymis
3049 987 3341 1044 sinceritatis
3378 1004 3421 1046 et
3455 997 3636 1051 rerimti:
3666 1003 3722 1072 (l.

2237 1062 2430 1152 Cons.
2462 1068 2539 1134 8).
2569 1069 2623 1124 Si
2652 1086 2778 1140 ergo
2800 1088 2983 1142 puram
3010 1075 3172 1132 babes
3191 1082 3559 1152 conscientiam,
3579 1062 3721 1150 festum

2235 1151 2375 1207 diem
2401 1170 2524 1224 ages
2553 1171 2806 1227 perpetuo
2824 1203 2840 1225 ,
2883 1162 3016 1217 bona
3043 1169 3268 1223 nutritus
3292 1187 3400 1240 spe,
3422 1184 3470 1229 et
3494 1151 3722 1237 futurorum

2237 1240 2491 1297 bonorum
2521 1248 2759 1315 perfusus
2782 1254 3163 1319 expectatione.
3207 1256 3300 1312 Sin
3337 1261 3498 1317 animo
3519 1265 3722 1336 diffidens,

2233 1342 2286 1386 et
2310 1335 2596 1392 sceleribus
2626 1340 2803 1395 audtis
2828 1342 3086 1400 obnoxius
3124 1348 3310 1414 fueris,
3339 1369 3615 1423 quamquam
3634 1375 3725 1415 sex-

2233 1435 2401 1480 centte
2427 1426 2572 1482 ferite
2601 1438 2656 1484 et
2681 1431 3014 1489 celebritates
3039 1437 3163 1504 sint,
3195 1441 3356 1494 nihilo
3383 1453 3541 1500 tamen
3566 1451 3723 1515 melius,

2231 1532 2388 1586 quam
2417 1520 2450 1572 ii
2475 1520 2563 1590 qui
2585 1521 2765 1592 lugent
2792 1527 3108 1582 constitutus
3145 1545 3224 1585 es.
3274 1534 3399 1599 Quae
3437 1535 3561 1591 enim
3597 1541 3726 1606 splen-

2229 1609 2368 1665 didze
2409 1611 2514 1666 diei
2562 1615 2759 1670 utilitas
2786 1631 2905 1672 esse
2932 1629 3122 1688 potest,
3164 1622 3209 1676 si
3249 1623 3374 1679 mihi
3402 1629 3557 1682 anima
3582 1632 3725 1687 obscuo

2236 1710 2352 1754 rata
2379 1716 2476 1784 per
2500 1705 2875 1761 Conscientiam
2904 1708 3006 1764 sit?
3048 1709 3141 1765 Sin
3175 1711 3394 1769 fructum
3423 1718 3616 1788 aliquem
3640 1739 3726 1791 pcr-

2229 1791 2407 1860 cipere
2446 1808 2478 1847 e
2519 1795 2788 1852 novilunio
2813 1798 2911 1864 vis,
2938 1798 3037 1855 hoc
3061 1800 3239 1858 facito.
3275 1805 3370 1861 Ubi
3397 1823 3571 1864 annuat
3595 1815 3729 1883 exple-

2230 1889 2340 1936 tum
2378 1883 2594 1950 videris,
2639 1887 2835 1956 gratias
2882 1904 2980 1960 age
3022 1890 3268 1961 Domino,
3313 1898 3396 1966 qui
3444 1907 3491 1953 te
3531 1901 3588 1954 ad
3629 1903 3730 1959 hanc

2226 1986 2485 2028 annorum
2505 1976 2868 2034 circuitionem
2893 1979 3155 2050 perduxit.
3182 1985 3480 2058 Corripuuge
3501 2006 3582 2044 cor
3603 2003 3728 2059 tuum,

2227 2063 2346 2116 vita:
2373 2071 2474 2118 tua:
2504 2071 2710 2135 tempus
2751 2079 2922 2125 tecum
2965 2082 3167 2142 reputa,
3201 2085 3376 2132 tecum
3411 2080 3474 2133 ad
3509 2082 3728 2138 ltuucuto-

2223 2153 2348 2207 dum
2378 2155 2534 2210 verba
2565 2156 2722 2213 facito
2756 2177 2769 2213 :
2804 2161 2918 2216 dies
2956 2165 3167 2220 avolant
3214 2177 3271 2222 et
3313 2180 3618 2240 praetereunt,
3640 2177 3729 2229 anni

2224 2244 2518 2303 liniuntur:
2547 2263 2788 2318 magnam
2829 2251 2926 2306 via:
2962 2265 3155 2309 nostrte
3198 2269 3400 2326 partem
3430 2262 3727 2318 confecimus:

2223 2335 2347 2404 quid
2365 2335 2486 2390 boni
2507 2352 2536 2392 a
2559 2339 2711 2394 nobis
2731 2339 2923 2396 factum
2945 2346 3060 2400 est?
3087 2346 3224 2403 Num
3254 2350 3437 2408 inanes
3455 2353 3582 2420 hinc,
3602 2358 3732 2412 omni-

2221 2441 2326 2496 que
2360 2427 2564 2498 justitia
2601 2430 2836 2492 destituti
2876 2435 3250 2496 discedemus?
3290 2443 3540 2500 Judicium
3567 2449 3639 2502 Dei
3664 2466 3733 2517 pro

2221 2517 2421 2576 furibus
2455 2529 2558 2595 est,
2595 2531 2650 2577 et
2679 2524 2939 2595 reliquum
2981 2527 3099 2590 vitae
3141 2540 3353 2603 tempus
3379 2535 3442 2590 ad
3468 2548 3734 2594 senectutem

2219 2609 2383 2679 vergi.

2289 2700 2324 2753 ὅ
2364 2700 2487 2758 Haec
2505 2703 2556 2758 in
2577 2705 2860 2766 noviluniis
2879 2710 3134 2774 meditare
3151 2732 3162 2767 :
3179 2713 3295 2770 lucc
3310 2716 3377 2772 de
3390 2733 3620 2773 annorum
3639 2737 3736 2775 esa-

2220 2791 2552 2848 versionibus
2580 2800 2792 2854 revolve
2820 2819 2835 2853 :
2868 2800 3054 2856 futura:
3103 2805 3206 2858 diei
3259 2819 3506 2877 perpetuo
3537 2814 3724 2866 recorde-

2217 2898 2357 2950 mur,
2388 2900 2454 2938 ne
2476 2885 2754 2943 adversum
2782 2905 2876 2944 nos
2909 2892 3154 2962 loquatur
3180 2899 3304 2967 quis
3334 2900 3479 2966 illud,
3508 2903 3628 2970 quod
3661 2904 3734 2956 ad-

2216 2986 2402 3028 versus
2423 2974 2634 3032 Juda'os
2661 2994 2690 3032 «σε
2717 2982 2966 3049 propheta
3007 2983 3204 3041 dictum
3251 2999 3334 3043 est
3366 3007 3380 3044 :
3409 2989 3673 3059 Dem-erum
3698 2994 3738 3045 iu

2215 3064 2432 3118 vanitate
2473 3066 2580 3120 dies
2622 3085 2813 3137 eorum,
2850 3084 2896 3126 et
2941 3076 3062 3128 anni
3102 3093 3277 3132 eorum
3323 3097 3433 3133 cum
3477 3084 3738 3152 festinatione

2217 3152 2236 3225 (
2261 3151 2399 3210 Psal.
2429 3157 2515 3210 77.
2545 3159 2614 3213 55
2634 3161 2676 3228 ).
2721 3159 2824 3216 llas
2849 3177 2976 3233 ergo
3001 3163 3158 3220 ferias
3185 3180 3464 3238 perpetuas
3479 3151 3538 3226 et
3557 3173 3738 3228 ambitus

2215 3258 2470 3300 annorum
2487 3263 2588 3302 non
2605 3261 2989 3321 exspectantes,
3010 3273 3180 3326 neque
3200 3261 3409 3315 dierum
3427 3263 3738 3330 permansione

2215 3335 2503 3407 descriptas
2528 3351 2634 3395 tum
2656 3343 2802 3398 dives
2827 3355 2934 3400 tum
2957 3363 3154 3417 pauper
3175 3366 3241 3404 ex
3263 3369 3415 3423 a~quo
3435 3365 3737 3424 potestagcre.

2214 3427 2326 3482 Non
2344 3431 2483 3485 enim
2500 3434 2582 3487 hic
2599 3436 2850 3503 pecuniis,
2869 3454 3037 3508 neque
3054 3458 3231 3497 rerum
3251 3445 3513 3501 afﬂuentia
3531 3463 3644 3516 opus
3658 3455 3736 3510 est,

2213 3523 2304 3576 sed
2329 3525 2518 3580 virtute
2537 3528 2668 3581 sola.
2691 3528 2804 3582 Non
2828 3530 2988 3586 habes
3018 3537 3308 3602 pecunias?
3336 3540 3404 3594 At
3431 3540 3514 3594 Dei
3541 3542 3738 3599 timerent

2214 3613 2375 3669 habes
2387 3618 2630 3673 omnibus
2646 3621 2881 3689 pecuniis
2905 3622 3201 3680 uberiorem
3235 3628 3549 3696 thesaurum,
3569 3633 3642 3700 qui
3665 3645 3740 3683 ne-

2211 3723 2314 3777 que
2328 3711 2674 3774 consumitur,
2690 3727 2860 3781 neque
2882 3715 3272 3786 intervertitur,
3297 3738 3467 3792 neque
3484 3723 3740 3776 exhauritur

2213 3815 2480 3871 umquam.
2505 3801 3076 3872 intuereinea-lummt
3101 3810 3150 3862 in
3180 3813 3376 3866 cmlum
3407 3814 3534 3874 casti,
3562 3823 3736 3870 terram,

2212 3905 2377 3958 mare,
2411 3906 2625 3961 aerem,
2669 3895 2720 3948 in
2763 3912 2958 3966 genera
2999 3901 3374 3970 animantium,
3399 3920 3460 3959 ac
3477 3905 3740 3959 varietatem

2209 3983 2475 4052 stirpium,
2500 3985 2552 4039 in
2576 3995 2816 4042 naturam
2846 3989 3116 4045 hominum
3145 3994 3472 4050 universam.
3501 3994 3742 4049 Considera

2209 4075 2443 4143 angelos,
2477 4077 2846 4149 archangelos,
2874 4082 3174 4151 superiores
3201 4095 3492 4154 potestates
3513 4101 3675 4141 revoca
3700 4083 3742 4136 in

2133 4178 2135 4180 '
2210 4169 2518 4222 memoriam
2543 4211 2558 4236 ,
2603 4171 2715 4225 haec
2751 4174 2926 4226 omnia
2958 4174 3008 4228 in
3041 4175 3250 4231 Domini
3296 4179 3368 4232 tui
3411 4188 3530 4232 sunt
3561 4177 3738 4230 ditioue.

2209 4259 2359 4314 ilaud
2401 4262 2512 4316 fieri
2553 4271 2746 4330 potest,
2775 4273 2831 4318 ut
2856 4265 3055 4321 domini
3086 4278 3189 4322 tam
3220 4269 3519 4340 locupletis,
3547 4281 3736 4339 preserv

2211 4351 2301 4405 tim
2327 4351 2371 4405 si
2402 4353 2682 4422 propitium
2722 4356 2926 4411 habeat-
2951 4358 3252 4426 Dominum,
3287 4378 3486 4431 pauper
3508 4362 3738 4432 quisquam

2208 4457 2394 4498 servus
2433 4445 2520 4498 sit.
2568 4445 2690 4500 Dies
2723 4446 3007 4504 observare
3053 4466 3155 4504 non
3199 4453 3516 4508 Cltristiante
3544 4453 3740 4524 pbiloso.

2209 4535 2366 4602 phiae,
2397 4534 2490 4590 sed
2519 4535 2690 4591 Grmci
2728 4539 2927 4593 erroris
2962 4549 3066 4594 est.
3112 4541 3165 4596 In
3208 4545 3479 4600 cmlcstem
3516 4544 3740 4599 civitatem

2206 4627 2500 4695 adscriptas
2523 4643 2601 4693 es,
2630 4629 2679 4682 in
2701 4631 3074 4700 rempublicam
3106 4651 3220 4688 eam
3255 4648 3499 4706 receptus
3519 4651 3592 4701 es,
3611 4643 3743 4701 anger

2207 4718 2272 4771 lis
2301 4718 2524 4786 teipsum
2553 4721 2875 4776 admiscuiin
2909 4742 2921 4776 :
2952 4725 3038 4778 ubt
3078 4742 3180 4779 non
3227 4737 3312 4781 est
3355 4729 3527 4782 lumen
3554 4726 3674 4796 quod
3701 4725 3737 4775 in
3770 4748 3787 4766 ι

2207 4811 2436 4864 tenebris
2459 4810 2683 4874 desinat,
2713 4829 2882 4881 neque
2905 4813 3020 4868 dies
3043 4831 3161 4886 quae
3196 4818 3247 4871 in
3284 4829 3493 4873 noctem
3526 4815 3738 4871 termine-

2207 4909 2309 4964 tur,
2339 4903 2430 4956 sed
2461 4914 2710 4972 perpetua
2747 4903 2892 4969 dies,
2936 4917 2990 4961 et
3031 4919 3281 4977 perpetua
3314 4911 3422 4964 lux.
3457 4911 3510 4964 In
3540 4911 3616 4964 illa
3639 4920 3738 4973 ergo

2204 5006 2414 5059 semper
2457 4994 2772 5048 intueamur.
2828 4996 2954 5060 Quae
2990 5007 3190 5052 sursum
3229 5010 3388 5064 sunt,
3446 5000 3604 5068 inquit
3651 4997 3733 5054 ille.

2203 5084 2427 5152 qnwrite,
2451 5082 2534 5137 ubi
2554 5083 2782 5139 Christus
2802 5088 2870 5138 ad
2893 5088 3146 5142 dexteram
3171 5089 3270 5144 Dei
3298 5095 3436 5145 sedet
3459 5089 3585 5163 (Col.
3607 5091 3651 5143 3.
3681 5089 3732 5152 1)·

2203 5172 2341 5226 Nibil
2381 5173 2542 5227 habes
2569 5191 2852 5230 commune
2879 5192 2998 5231 cum
3031 5189 3166 5233 terra
3187 5221 3203 5247 ,
3245 5182 3335 5235 ubi
3362 5183 3488 5236 solts
3515 5183 3735 5234 cursuset

2203 5264 2598 5330 conversiunes,
2623 5274 2676 5319 et
2697 5266 2812 5321 dies
2836 5277 2978 5333 sunt,
3005 5271 3098 5324 sed
3128 5271 3170 5325 si
3203 5282 3349 5327 recte
3370 5273 3533 5339 vivas,
3554 5287 3642 5325 nos
3665 5265 3732 5321 tibi

2203 5353 2317 5407 dies
2339 5355 2440 5408 erit
2470 5371 2483 5406 :
2513 5366 2696 5410 contra
2724 5373 2846 5411 vero
2876 5359 2979 5413 illis
3005 5361 3096 5429 qui
3127 5362 3176 5415 iu
3207 5361 3423 5417 lascivia
3449 5374 3501 5417 et
3523 5362 3736 5416 ebrietate

2203 5453 2256 5498 et
2299 5445 2701 5514 intemperantia
2727 5448 2925 5511 vivunt,
2969 5449 3084 5504 dies
3125 5453 3190 5507 ad
3239 5455 3415 5508 noctis
3458 5449 3735 5507 convertitur

2205 5535 2479 5601 tenebras,
2521 5552 2624 5590 non
2664 5537 2874 5605 quidem
2901 5539 3197 5598 defectione
3233 5546 3385 5610 solis,
3417 5545 3506 5598 sed
3542 5544 3732 5597 illorum.

2205 5639 2417 5698 propter
2459 5628 2803 5697 ebrietatem,
2846 5631 3214 5691 obscuratione
3243 5637 3457 5691 mentis.
3505 5635 3610 5690 Dies
3633 5643 3732 5698 ergo
