4018 6190
214 264 319 322 957

206 373 346 433 tales
368 376 425 432 in
449 375 796 437 admiratione
816 381 1033 451 habere,
1054 392 1109 438 et
1128 385 1382 454 majorem
1407 402 1472 447 ex
1498 387 1603 444 illis
1629 390 1779 447 volu~

205 478 410 539 ptatem
451 483 641 540 capere
658 512 674 535 ,
699 479 760 543 et
785 471 1029 530 lucernas
1051 475 1102 529 in
1131 474 1247 531 loro
1269 477 1583 546 accendere,
1609 489 1663 535 et
1689 495 1783 536 eo-

201 573 369 615 rouas
409 560 664 630 plectere,
707 563 925 633 puerilis
970 565 1247 637 cujusdam
1288 570 1532 627 amentia:
1569 579 1670 635 est.
1700 571 1783 627 Ab

201 650 309 706 bac
324 650 435 722 jam
459 652 813 710 imbecillitate
837 655 1088 719 liberatus
1106 673 1186 719 es.
1205 669 1257 714 et
1281 658 1331 714 in
1353 659 1523 717 virum
1543 662 1779 729 evasisti,

198 751 258 796 et
287 743 341 797 in
371 742 634 800 ctrleSIem
658 745 953 818 adscriptas
978 763 1038 803 es
1068 749 1439 821 rempublicam
1464 793 1480 818 ,
1512 767 1617 807 non
1654 768 1783 824 ergo

198 833 257 886 ia
302 833 419 887 foro
446 833 706 890 accendas
742 835 917 891 lumen
960 838 1245 911 sensibile,
1271 841 1365 896 sed
1393 841 1654 897 inanimo
1688 857 1780 897 ac-

198 923 374 977 conde
397 920 576 979 lumen
604 925 893 994 spirituale.
924 926 1108 982 Lureat
1127 929 1277 995 enim,
1301 929 1487 1001 inquit,
1509 930 1600 987 luat
1620 943 1784 988 uestra

196 1031 375 1069 rorant
402 1014 704 1080 hominibus,
737 1029 790 1072 ut
819 1019 1017 1074 videant
1042 1020 1172 1076 bona
1198 1038 1351 1092 opera
1374 1035 1538 1078 vestra
1556 1066 1571 1088 ,
1592 1035 1640 1080 et
1662 1024 1780 1097 glo-

198 1108 281 1160 ria
320 1106 551 1177 afﬁciant
577 1104 780 1165 Patrem
805 1122 1019 1166 vestrum
1043 1110 1287 1168 ca'lestent
1321 1114 1340 1186 (
1355 1113 1541 1169 Matth.
1569 1116 1622 1171 5.
1653 1117 1778 1189 l6).

198 1194 332 1251 limo
358 1196 449 1252 lux
471 1197 690 1254 multant
719 1199 874 1257 aﬂert
894 1202 985 1257 tibi
1007 1207 1513 1274 compensationem.
1539 1206 1656 1263 Noli
1682 1194 1780 1263 do;

199 1300 324 1342 mus
351 1297 455 1342 tua:
481 1288 621 1345 iores
646 1291 804 1347 scrtis
826 1306 1085 1350 coronare
1108 1295 1148 1357 ⁸.
1174 1293 1267 1350 sed
1296 1296 1449 1351 talem
1475 1299 1592 1352 vita:
1617 1299 1776 1353 ratio-

200 1393 326 1432 nem
352 1378 577 1448 exhibe,
609 1388 666 1435 ut
701 1379 920 1451 iustitiae
952 1398 1201 1439 coronam
1230 1386 1388 1457 capiti
1418 1387 1713 1457 impositam
1744 1403 1774 1443 α

191 1469 396 1526 Christi
420 1487 576 1527 manu
597 1474 845 1544 accipias.
870 1474 1007 1530 Nihil
1028 1486 1247 1544 temere,
1270 1477 1400 1533 nihil
1416 1478 1779 1548 imprudenter

196 1562 292 1615 fiat
322 1578 337 1615 :
369 1562 438 1617 ita
464 1563 604 1619 enim
630 1564 823 1620 Paulus
846 1567 1115 1637 pra‘cepit,
1143 1570 1322 1624 omnia
1351 1569 1402 1624 iu
1427 1569 1652 1640 gloriam
1682 1571 1773 1628 Dei

195 1664 257 1708 ut
284 1653 583 1711 faceremus
611 1674 625 1711 :
653 1657 773 1713 Sive
788 1661 939 1723 enim,
964 1660 1150 1730 inquit,
1170 1661 1329 1729 editis,
1358 1663 1460 1716 sive
1480 1662 1664 1727 bibitis,
1686 1680 1774 1719 seu

192 1745 321 1814 quid
345 1746 533 1816 facitis,
561 1749 731 1802 omnia
756 1751 831 1802 ad
848 1750 1062 1821 gloriam
1085 1749 1179 1805 Dei
1197 1752 1397 1823 faciatis
1432 1751 1506 1825 (Ι.
1535 1751 1655 1808 Cor.
1682 1753 1768 1809 iO.

192 1834 309 1908 3i).
342 1841 410 1892 At
431 1828 715 1905 quomodo.
730 1841 967 1912 inquies,
987 1842 1146 1898 edere
1172 1850 1225 1898 et
1251 1842 1429 1898 bibere
1456 1844 1522 1898 ad
1548 1845 1768 1914 gloriam

194 1924 295 1980 Dei
321 1929 635 1996 possmus?
660 1930 890 1986 Accerse
913 1924 1217 2002 pauperem,
1239 1932 1543 2004 participem
1571 1950 1769 1990 mensa:

192 2016 302 2071 tua:
332 2016 494 2074 facias
517 2019 782 2075 Christum
800 2063 816 2087 ,
854 2028 908 2076 et
931 2021 994 2075 ad
1024 2021 1244 2092 gloriam
1276 2022 1365 2078 Dei
1392 2023 1566 2090 edisti,
1595 2039 1656 2079 ac
1685 2024 1768 2080 bi-

193 2106 344 2167 bisti.
377 2109 446 2162 At
463 2123 566 2163 non
590 2107 688 2165 hoc
706 2111 875 2165 solum
902 2112 1147 2181 prazcepit
1167 2112 1231 2167 ad
1256 2112 1476 2183 gloriam
1507 2114 1597 2168 Dei
1628 2112 1765 2182 ﬂeri,

186 2192 290 2249 sed
319 2206 373 2251 et
400 2198 594 2269 reliqua
622 2202 819 2267 omnia,
848 2210 902 2255 ut
928 2201 980 2255 in
1010 2200 1177 2256 forum
1206 2203 1310 2269 ire,
1343 2203 1484 2257 domi
1511 2219 1569 2259 se
1591 2205 1764 2259 contio

188 2299 326 2341 nere
352 2305 368 2340 :
398 2285 512 2342 hmo
542 2300 759 2360 utraque
779 2302 994 2363 preptcr
1019 2290 1181 2347 Deum
1210 2291 1356 2347 ﬁant.
1406 2295 1473 2348 At
1500 2295 1766 2363 quomodo

189 2384 418 2445 utraque
442 2377 539 2432 ista
568 2378 691 2433 licnt
717 2391 932 2449 propter
963 2381 1163 2435 Deum?
1204 2381 1424 2450 Quando
1467 2383 1532 2437 ad
1578 2383 1763 2440 Eccle-

185 2465 327 2519 siam
359 2468 564 2522 accedis
587 2510 603 2534 ,
643 2470 852 2539 quando
891 2473 1226 2541 precationis,
1265 2475 1473 2544 quando
1509 2474 1764 2531 doctrina:

186 2556 481 2623 spiritualis
524 2559 785 2631 particeps
820 2574 898 2627 es,
945 2563 1057 2617 haec
1104 2565 1400 2633 progressio
1440 2564 1505 2620 ad
1542 2565 1761 2636 gloriam

189 2646 285 2702 Dei
329 2657 430 2703 est.
482 2649 682 2705 Rursus
708 2653 848 2707 domi
878 2655 1034 2709 etiam
1062 2655 1184 2711 licet
1211 2667 1425 2727 propter
1450 2659 1614 2715 Deum
1646 2677 1760 2715 ma-

186 2751 341 2791 nere.
370 2738 684 2806 Quomodo?
707 2753 796 2797 aut
824 2759 925 2814 qua
955 2746 1198 2801 ratione?
1239 2746 1339 2803 Ubi
1378 2749 1643 2806 audiveris
1676 2736 1816 2805 tu-"

185 2827 389 2882 multus
416 2828 778 2897 immodestos,
809 2849 1027 2904 pompas
1054 2834 1342 2892 diabolieas
1366 2880 1380 2905 ,
1415 2841 1567 2896 malis
1606 2851 1762 2912 atque

184 2916 662 2988 intemperantibus
689 2924 986 2979 hominibus
1011 2925 1180 2981 lorum
1211 2928 1420 2997 plenum
1452 2946 1590 2996 esse,
1618 2931 1761 2987 domi

183 3017 425 3073 maneto,
453 3018 506 3064 et
530 3024 561 3065 a
590 3011 737 3067 turba
769 3013 855 3068 tali
879 3014 1154 3082 discedite,
1199 3025 1253 3072 et
1292 3019 1358 3072 ad
1402 3019 1622 3090 gloriam
1671 3023 1760 3076 Dei

186 3100 283 3153 tibi
314 3103 576 3158 mansisti.
622 3104 1075 3174 Quemadmodum
1120 3109 1257 3163 enim
1301 3121 1409 3166 tum
1451 3112 1591 3166 domi
1639 3128 1763 3182 per-

183 3192 419 3259 mansio,
445 3204 553 3248 tum
580 3199 812 3267 egressio
834 3199 993 3266 iuras,
1025 3202 1102 3256 sic
1132 3210 1239 3256 tum
1269 3202 1401 3269 laus,
1434 3212 1543 3258 tum
1565 3206 1764 3276 vitupe-

184 3286 326 3337 ratio
353 3298 563 3356 quoque
581 3286 646 3341 ad
677 3288 767 3343 Dei
793 3291 1010 3360 gloriam
1037 3307 1155 3346 esse
1180 3301 1370 3363 potest.

258 3375 529 3439 Quomodo
567 3395 832 3448 possumus
874 3392 921 3436 et
960 3384 1166 3438 laudare
1190 3395 1235 3438 et
1263 3386 1540 3457 vi'uperarc
1557 3387 1629 3441 ad
1648 3388 1762 3459 glo-

179 3469 316 3524 riam
361 3470 571 3527 Dci.—
598 3474 873 3542 Quomodo
911 3487 1087 3532 autem
1134 3477 1199 3531 ad
1245 3479 1464 3548 gloriam
1505 3480 1598 3535 Dei
1641 3482 1763 3537 licet

180 3561 425 3630 aliquem
453 3561 667 3620 laudare
701 3579 762 3619 ac
788 3567 1129 3635 vituperare?
1174 3567 1381 3625 Sedctis
1405 3584 1546 3639 sa‘pe
1572 3570 1621 3625 in
1648 3570 1764 3625 olli-

180 3654 354 3721 ciuis,
389 3654 581 3711 videtis
607 3659 876 3726 praeterire
912 3659 1152 3714 homines
1179 3660 1345 3715 malos
1380 3671 1535 3733 atque
1562 3662 1763 3733 impro-

182 3746 302 3813 bos,
330 3750 616 3817 supercilia
643 3752 1034 3817 contrahentes,
1059 3753 1287 3818 inﬂatos,
1310 3755 1397 3825 qui
1430 3754 1623 3811 multos
1647 3763 1765 3825 post

182 3855 242 3894 se
269 3842 533 3910 parasitos
578 3851 632 3896 et
675 3842 975 3898 adulatores
1019 3843 1233 3909 ducunt,
1265 3847 1352 3914 qui
1381 3846 1636 3914 pretiosas
1665 3845 1763 3901 ha-

183 3930 315 3983 bent
335 3940 536 3998 vestes,
564 3942 618 3987 et
648 3935 811 3987 nmlto
837 3933 972 3987 fastu
1003 3935 1338 3999 amiciuntur,
1365 3937 1652 3989 alienarmn
1679 3952 1765 3992 re-

180 4035 303 4075 rum
330 4020 650 4090 direptores,
682 4033 838 4093 atque
861 4038 1067 4078 avaros.
1116 4024 1210 4079 [lic
1246 4026 1288 4077 si
1329 4040 1645 4095 quemquam
1671 4041 1765 4080 att-

179 4110 388 4165 diveris
432 4112 694 4167 dicentem
721 4132 735 4168 :
763 4130 936 4168 annon
978 4114 1290 4183 prmstabilis
1335 4115 1420 4170 hic
1458 4116 1557 4182 vir,
1587 4131 1762 4170 annon

179 4202 413 4255 beatus?
441 4203 671 4272 increpa,
690 4202 966 4272 redargue,
990 4218 1050 4258 os
1078 4204 1314 4271 obstrue,
1343 4206 1762 4271 commiserator,

174 4294 481 4364 lacrymarc
510 4311 525 4348 :
559 4296 657 4350 hoc
684 4306 765 4349 est
791 4298 855 4349 ad
883 4296 1102 4365 gloriam
1135 4295 1224 4349 Dei
1259 4297 1577 4365 vituperare.
1612 4296 1765 4352 Vitu-

174 4384 396 4452 peratio
438 4385 575 4438 enim
616 4384 731 4439 talis
768 4386 983 4455 reliquis
1029 4386 1374 4454 praesentibus
1411 4385 1478 4440 ad
1527 4385 1761 4454 philoso-

173 4474 366 4544 phiam
393 4482 447 4528 et
471 4476 712 4529 virtutem
739 4476 1012 4530 instructio
1040 4486 1150 4542 est,
1175 4484 1232 4530 ιιι
1272 4477 1323 4529 iu
1362 4492 1446 4532 res
1478 4476 1543 4531 ad
1570 4477 1764 4531 vietum

169 4574 489 4633 sluvetantes
518 4566 689 4620 ntiuus
715 4566 917 4621 inhient
959 4566 1147 4633 Quer
1174 4568 1240 4621 ab
1267 4568 1356 4622 illo
1377 4569 1461 4638 qui
1486 4568 1570 4622 illa
1594 4568 1725 4622 dixit
1750 4585 1764 4621 τ

168 4673 279 4711 cur
296 4656 483 4710 beatus
502 4657 585 4712 hic
604 4657 717 4712 est?
732 4657 865 4712 Num
881 4659 1003 4728 quia
1019 4657 1378 4713 admirabilem
1398 4659 1555 4715 habet
1571 4677 1763 4731 equusn

167 4758 230 4802 ct
262 4760 432 4802 aureo
454 4747 602 4802 freno
627 4748 978 4803 exornatum?
1005 4759 1094 4802 aut
1120 4750 1238 4818 quia
1269 4765 1319 4803 m
1340 4765 1516 4819 iguum
1548 4750 1770 4805 famula.

166 4838 337 4893 tum?
370 4846 461 4892 aut
499 4840 619 4908 quia
660 4840 964 4909 prarclaram
998 4841 1153 4894 labet
1182 4851 1406 4904 vestem,
1433 4851 1486 4897 et
1511 4842 1766 4898 ebrietate

164 4930 498 5000 deliciisque
535 4931 769 5002 quotidie.
805 4933 1069 4988 solvitur?
1108 4934 1213 4989 Sed
1255 4934 1376 4990 inde
1418 4936 1581 4990 miser
1608 4948 1767 5006 atque

165 5021 370 5077 infelix
397 5030 500 5089 est,
528 5034 582 5077 et
620 5025 798 5078 multis
842 5024 1090 5096 lacrymis
1137 5028 1553 5097 prosequendos.
1604 5028 1768 5084 Video

165 5125 334 5170 certe
363 5130 456 5169 vos
481 5116 675 5170 nullam
706 5116 846 5171 illius
869 5127 1072 5189 partem
1103 5119 1320 5173 laudare
1351 5133 1526 5187 posse,
1550 5121 1644 5177 sed
1673 5137 1769 5175 ex-

167 5222 367 5267 ternas
396 5226 484 5266 res
507 5228 713 5282 omnes,
735 5231 949 5285 rquutn,
974 5217 1198 5278 frenum.
1226 5232 1418 5283 veSIes,
1441 5233 1559 5287 quze
1589 5212 1765 5267 omnia

168 5307 330 5361 nulla
362 5306 505 5361 illius
534 5323 655 5377 pars
682 5307 928 5363 cristuut.
964 5309 1055 5364 Dic
1084 5326 1227 5379 ergo,
1261 5309 1385 5380 quid
1416 5307 1632 5363 omnino
1670 5306 1777 5361 nti-'

241 5564 261 5596 ⁸
305 5564 380 5614 Sic
402 5570 507 5613 sar.
530 5570 579 5615 et
598 5565 696 5614 duo
721 5570 848 5616 uss;
869 5564 961 5616 sed
979 5564 1103 5614 hanc
1124 5563 1233 5614 rittr
1250 5562 1477 5614 rationem
1500 5560 1690 5614 habeas.
1710 5565 1766 5612 ut

160 5622 261 5672 tibi
294 5638 434 5675 citra.-
465 5626 526 5675 sit
564 5624 790 5689 accipere
818 5639 1047 5689 coronam
1058 5625 1283 5688 justititc,
1306 5626 1368 5676 de
1406 5637 1547 5675 manu
1569 5620 1765 5683 Christi,

168 5697 328 5748 super
353 5695 499 5750 amat
522 5695 657 5739 tuum
673 5686 696 5740 ’ξ
721 5686 842 5739 nihil
863 5686 1067 5749 temere,
1084 5696 1177 5737 etc.

1606 276 1673 334 ΙΝ
1699 277 2081 338 KALENDAS.

1889 393 2061 449 serius
2086 404 2205 449 esse
2232 395 2428 464 potest,
2451 407 2609 465 quam
2636 401 2692 449 ut
2719 407 2885 465 equus
2909 402 2966 452 et
2988 395 3112 466 equi
3132 394 3371 464 frenant,
3399 408 3453 454 et

1887 482 2111 539 vestium
2138 483 2388 553 splendor
2408 499 2470 541 ac
2495 485 2808 543 famulorum
2834 486 2973 543 bona
2995 489 3232 559 cummis
3254 490 3448 547 consti-

1888 572 2021 629 tutio
2060 573 2323 638 laudetur,
2355 575 2467 646 ipse
2494 575 2773 633 illaudatus
2812 592 3028 649 prorsus
3073 580 3455 649 prater-eatur?

1885 661 2024 728 Quid
2061 677 2129 719 eo
2172 663 2383 719 homine
2420 666 2736 736 pauperitts,
2770 666 3003 735 quicum
3033 668 3235 723 nullum
3263 668 3454 726 habeat

1885 750 2081 807 bonum
2110 754 2400 824 proprium,
2431 754 2515 810 vel
2536 753 2677 826 quod
2700 755 2823 810 hinc
2851 755 3016 825 possit
3043 757 3283 825 auferre,
3320 758 3451 814 alie-

1884 840 1968 897 nis
1992 842 2161 897 solum
2187 844 2348 899 rebus
2366 845 2687 901 exornetur?
2714 845 2987 918 Proprium
3008 847 3150 902 enim
3171 863 3454 902 ornamen-

1885 941 1994 987 tum
2014 922 2313 1005 divititetjue
2341 945 2535 990 nostra:
2568 944 2710 1007 sunt,
2741 950 2846 990 non
2888 934 3084 1000 lanmli,
3118 952 3221 990 non
3252 947 3450 1003 vestes,

1881 1037 1990 1079 non
2037 1024 2178 1094 equi,
2219 1023 2313 1079 sed
2359 1024 2518 1079 animi
2560 1025 2743 1090 virtus,
2787 1025 2883 1080 sed
2928 1025 3186 1082 bonorum
3230 1041 3452 1099 operum

1883 1114 2222 1180 abundantia,
2253 1115 2346 1172 sed
2378 1116 2565 1172 fiducia
2592 1118 2642 1171 in
2671 1118 2854 1173 Deum.

1950 1205 2003 1259 4.
2038 1205 2236 1260 Rursus
2265 1222 2384 1261 cum
2416 1192 2609 1261 videris
2637 1222 2923 1279 pauperem
2950 1207 3244 1277 abiectum,
3285 1223 3434 1278 spre-

1881 1305 2013 1359 tttm,
2042 1313 2162 1352 cum
2192 1299 2407 1367 penuria
2427 1309 2478 1375 et
2510 1298 2700 1355 virtute
2723 1300 2880 1354 vitam
2908 1302 3306 1369 transigentem,
3337 1312 3389 1355 et
3413 1317 3442 1354 a

1877 1387 2167 1455 sodalibus,
2197 1389 2284 1460 qui
2314 1396 2489 1445 tecum
2518 1399 2660 1457 sunt,
2688 1392 2938 1449 miserum
2957 1392 3209 1455 habitum,
3235 1392 3447 1447 laudato

1877 1477 2058 1533 illum:
2089 1476 2201 1534 haec
2227 1481 2591 1549 pra'tereuntis
2617 1481 2756 1548 laus,
2786 1481 3046 1536 institutio
3070 1493 3150 1537 est
3177 1491 3229 1536 et
3254 1482 3442 1537 aditu!“

1877 1569 2005 1624 tatio
2051 1569 2115 1624 ad
2161 1571 2351 1626 bonam
2372 1580 2426 1626 et
2454 1569 2725 1626 honestam
2754 1571 2918 1626 vitam
2936 1568 3344 1642 transigendaiu.
3387 1572 3439 1627 Si

1875 1661 2138 1726 dixerint,
2170 1676 2503 1717 terumnosus
2535 1671 2590 1716 et
2617 1661 2776 1719 miser
2820 1671 2934 1716 est:
2982 1671 3038 1716 tu
3086 1670 3267 1717 contra
3299 1663 3441 1716 illum

1875 1752 2112 1806 omnium
2139 1750 2499 1807 beatissimum
2526 1750 2750 1821 prtedica
2773 1793 2788 1817 ,
2810 1751 2900 1821 qui
2929 1750 3092 1804 Deum
3122 1751 3280 1806 habet
3308 1753 3445 1806 ami-

1874 1857 1994 1898 cum
2028 1883 2044 1906 .
2088 1841 2182 1913 qui
2235 1842 2411 1897 virtuti
2458 1842 2751 1908 incumbit,
2798 1842 2886 1913 qui
2916 1842 3124 1898 divitias
3155 1858 3257 1897 non
3277 1844 3444 1900 ﬂuxas

1872 1934 2140 2003 possidet,
2172 1935 2259 2005 qui
2290 1934 2665 1990 conscientiam
2696 1933 2851 1988 habet
2874 1950 3077 2005 puram.
3123 1933 3258 2002 Quid
3300 1936 3441 1989 enim

1873 2023 1949 2078 illi
1992 2022 2315 2079 incommodi
2348 2035 2429 2078 est
2454 2066 2467 2088 ,
2512 2024 2555 2079 si
2588 2025 2824 2094 pecuniis
2852 2024 3074 2079 terrenis
3103 2032 3290 2094 egeat,
3322 2039 3439 2079 cum
3476 2091 3480 2096 '

1871 2113 1987 2168 ea‘li
2031 2124 2085 2169 et
2125 2115 2411 2170 cmlcstium
2445 2115 2789 2169 hereditatem
2840 2114 3077 2169 aditurus
3122 2115 3232 2169 sit?
3274 2115 3329 2169 Si
3384 2126 3439 2168 tu

1870 2220 1991 2260 cum
2014 2204 2114 2261 illis
2140 2205 2216 2261 sic
2242 2206 2612 2283 disputaveris,
2632 2215 2682 2261 et
2712 2206 2830 2260 illos
2850 2217 3007 2277 atque
3032 2207 3166 2261 alios
3192 2207 3437 2261 institue-

1870 2297 1945 2352 ris
1968 2339 1981 2358 .
2008 2313 2249 2368 magnam
2266 2298 2609 2368 rceipiestum
2628 2297 3026 2369 vituperationis
3044 2308 3150 2351 tum
3175 2297 3439 2354 laudatio-

1866 2387 1951 2443 nis
1972 2397 2073 2443 tua:
2103 2387 2423 2457 mercedem,
2447 2404 2565 2444 cum
2586 2397 2808 2459 utraque
2824 2389 2887 2442 ad
2902 2388 3121 2460 gloLiam
3139 2389 3226 2444 ltei
3256 2388 3433 2444 iacias.

1866 2479 2017 2548 Quod
2042 2491 2214 2534 autem
2245 2496 2573 2551 nequaquam
2607 2480 3046 2535 temereanimum
3066 2490 3205 2534 uitam
3224 2481 3305 2535 his
3318 2497 3440 2535 ver-

1867 2572 1947 2625 bis
1975 2573 2302 2643 prliexcrim,
2325 2572 2415 2627 sed
2435 2570 2573 2644 quod
2594 2588 2687 2643 per
2702 2587 2886 2641 magna
2906 2571 3142 2641 qumdam
3162 2572 3246 2636 iis,
3263 2571 3347 2641 qui
3369 2572 3440 2624 ita

1865 2662 2042 2715 animo
2069 2662 2335 2716 constituti
2366 2672 2506 2727 sunt,
2525 2677 2559 2715 a
2585 2663 2689 2717 Deo
2709 2661 3067 2731 compensatio
3098 2661 3267 2714 futura
3282 2661 3370 2726 sit,
3391 2669 3446 2713 et

1866 2757 2146 2813 iu'summa
2162 2757 2262 2812 hoc
2284 2755 2471 2811 virtute
2501 2757 2769 2820 habeatur,
2787 2755 2853 2809 ita
2880 2754 2947 2811 de
2968 2755 3068 2808 iliis
3088 2754 3173 2824 qui
3187 2753 3264 2809 sic
3284 2753 3441 2807 vitam

1865 2847 2055 2918 degunt
2075 2857 2325 2903 statuere:
2344 2846 2462 2901 andi
2477 2846 2597 2917 quid
2618 2844 2869 2916 propheta
2885 2843 3163 2910 dieat,etiu
3181 2858 3285 2913 quo
3301 2850 3445 2896 recte

1870 2939 2126 2994 facturum
2158 2953 2379 2992 numero
2418 2944 2597 3006 ponat,
2631 2946 2739 2989 tum
2781 2934 2946 2987 malos
2966 2932 3208 2986 homines
3235 2947 3329 3001 pro
3358 2930 3441 2984 ni-

1869 3030 1979 3084 hilo
2001 3028 2215 3089 habere,
2246 3037 2354 3080 tum
2379 3029 2625 3080 timentes
2654 3025 2814 3078 Deum
2837 3022 2999 3093 gloria
3026 3020 3254 3075 allicere.
3286 3021 3438 3074 l‘ost-

1869 3135 2026 3190 quam
2075 3119 2215 3171 enim
2257 3117 2483 3186 reliquas
2514 3115 2734 3169 virtutes
2781 3120 3247 3167 commemorasset
3278 3110 3438 3171 illius,

1870 3210 1958 3280 qui
1989 3224 2018 3263 a
2051 3209 2159 3262 Deo
2190 3205 2529 3261 honorandus
2554 3216 2727 3271 esset,
2758 3204 2813 3259 et
2842 3203 3061 3258 dixisset
3085 3202 3294 3271 qualem
3321 3216 3440 3256 esse

1871 3301 2019 3357 illum
2048 3306 2334 3370 oporteret,
2362 3297 2450 3369 qui
2469 3298 2520 3350 itt
2548 3304 2731 3350 sancto
2760 3293 2899 3348 illius
2926 3291 3264 3347 tabernaculo
3289 3290 3437 3345 babio

1873 3405 2076 3449 taturus
2100 3401 2263 3456 esset,
2289 3392 2387 3444 hoc
2405 3398 2506 3453 est,
2535 3388 2857 3457 inculpatum
2877 3428 2893 3451 ,
2924 3398 2978 3439 et
3001 3384 3259 3438 colentem
3279 3383 3436 3453 justi-

1872 3485 2019 3546 tiam,
2051 3493 2105 3537 et
2130 3498 2159 3535 a
2191 3480 2418 3551 nequitia
2451 3495 2695 3543 vacuum,
2723 3479 2879 3532 etiam
2908 3473 3274 3541 ltoesuhjecit:
3313 3487 3435 3527 cum
3476 3468 3477 3475 “

1869 3574 2110 3638 dixisset,
2138 3574 2235 3642 Qui
2259 3590 2358 3626 non
2381 3572 2586 3625 dolosus
2616 3570 2708 3639 fuit
2731 3570 2902 3635 lingua
2925 3584 3038 3629 sua,
3071 3582 3157 3619 nec
3183 3566 3298 3637 fecit
3320 3580 3440 3635 prae

1868 3668 2006 3722 trimo
2034 3683 2123 3720 suo
2150 3663 2338 3718 malum
2358 3681 2374 3728 ;
2398 3663 2591 3731 adjecit
2617 3678 2630 3714 :
2661 3660 2741 3714 Ad
2782 3659 2994 3712 nihilum
3035 3657 3278 3709 deductus
3298 3665 3368 3709 cst
3392 3655 3443 3709 in

1871 3765 2134 3825 conspectu
2157 3757 2263 3825 ejus
2292 3753 2560 3820 malignus,
2591 3752 2817 3804 timentes
2844 3757 3010 3802 autem
3040 3745 3310 3800 Dominum
3333 3746 3444 3816 glo-

1869 3847 2112 3917 riari/ﬁcit
2145 3846 2161 3914 (
2192 3844 2333 3898 Psal.
2383 3843 2466 3897 Η.
2509 3843 2563 3897 5.
2601 3840 2633 3895 4
2660 3839 2701 3912 ).
2749 3839 2841 3893 llis
2889 3837 3064 3892 verbis
3118 3836 3443 3891 demonstrat

1872 3957 2033 3995 nnmu
2066 3941 2182 4007 ejus
2213 3938 2438 3990 ollicium
2465 3950 2604 3997 esse,
2639 3933 2804 3986 malos
2829 3942 3170 3985 contemnere
3191 3971 3205 3993 ,
3228 3927 3443 3982 laudare

1875 4041 1929 4086 et
1960 4032 2117 4084 beare
2143 4029 2311 4082 bonos
2342 4046 2354 4080 :
2387 4036 2440 4081 et
2470 4024 2590 4079 alibi
2623 4024 2760 4077 idem
2810 4021 3123 4090 siguiﬂcavit
3147 4034 3267 4072 cum
3297 4016 3440 4073 diee-

1871 4130 1984 4176 ret:
2020 4119 2150 4173 Mihi
2174 4129 2338 4172 autent
2375 4116 2523 4171 nimis
2563 4114 2794 4169 honorati
2817 4120 2934 4166 sunt
2974 4111 3123 4164 amici
3159 4110 3252 4176 tui,
3291 4108 3442 4173 Deus,

1870 4213 2018 4267 nimis
2063 4212 2374 4276 confortatus
2404 4216 2473 4261 cst
2505 4206 2817 4276 principatus
2871 4217 3042 4257 eorum
3091 4200 3110 4271 (
3140 4197 3286 4252 Psal.
3321 4198 3441 4252 1'58.

1873 4307 1938 4361 17
1966 4310 2004 4373 ).
2033 4304 2199 4371 Quem
2249 4303 2387 4355 Deus
2441 4297 2663 4361 laudat,
2694 4304 2749 4349 tu
2800 4309 2868 4348 ne
2913 4294 3197 4362 vituperes.
3246 4288 3448 4344 Laudat

1869 4408 2047 4451 autem
2074 4409 2216 4453 eum,
2248 4391 2335 4461 qui
2364 4405 2482 4444 cum
2528 4387 2729 4456 justitia
2777 4384 2943 4448 vivit,
2976 4382 3217 4451 quamvis
3248 4393 3446 4449 pauper

1869 4492 1959 4544 sit.
1984 4490 2151 4558 Quem
2186 4487 2321 4541 Deus
2336 4491 2631 4547 aversatur,
2650 4489 2703 4534 tu
2723 4495 2788 4534 ue
2812 4475 3142 4533 laudaveris:
3173 4481 3447 4528 aversatur

1871 4594 2048 4637 autem
2074 4593 2284 4633 omnem
2316 4577 2404 4648 qui
2431 4591 2551 4629 eum
2580 4571 2813 4641 nequitia
2836 4569 2984 4633 vivit,
3007 4566 3249 4637 quamvis
3265 4564 3443 4619 multis

1872 4674 2058 4745 opibus
2078 4668 2427 4727 circumﬂuat.
2452 4666 2555 4721 Sed
2586 4665 2696 4719 sive
2723 4660 3020 4717 laudaveris
3048 4700 3063 4725 ,
3092 4660 3204 4713 sive
3245 4657 3448 4723 vitupe-

1871 4764 2092 4829 raveris,
2130 4770 2349 4829 utraque
2373 4758 2436 4811 ad
2462 4756 2550 4811 Dei
2568 4755 2890 4809 voluntatem
2914 4751 3091 4804 iacias.
3115 4747 3261 4802 Licet
3289 4745 3449 4799 etiam

1872 4855 1938 4911 ad
1969 4853 2189 4925 gloriam
2223 4851 2315 4904 Dei
2356 4849 2653 4919 objurgare.
2694 4844 2811 4912 Quo
2837 4840 3047 4896 tandem
3074 4836 3269 4892 modo?
3313 4834 3446 4925 Erga

1876 4924 2060 5001 servos
2085 4953 2295 4997 nostros
2339 4955 2478 5009 ε-ιιιιο
2505 4939 2681 4991 animo
2721 4945 3151 4988 commovemur:
3184 4924 3452 4997 quomodo

1872 5043 2048 5089 autem
2082 5033 2204 5087 licet
2255 5043 2470 5100 propter
2495 5028 2657 5081 Deum
2688 5018 3006 5092 obiurgare?
3042 5017 3096 5073 Si
3126 5016 3331 5070 ebrium
3359 5022 3450 5067 aut

1875 5127 2136 5183 furentem
2164 5122 2360 5180 videris
2386 5121 2469 5175 vel
2498 5132 2707 5173 servum
2734 5158 2749 5178 ,
2793 5113 2875 5167 vel
2908 5111 3156 5174 amicum,
3187 5107 3268 5161 vel
3287 5106 3448 5160 alium

1874 5217 2173 5289 quempiam
2200 5212 2552 5284 propinquant
2598 5215 2744 5261 tuum
2773 5245 2790 5271 ,
2822 5210 2914 5257 aut
2955 5201 3006 5255 in
3040 5202 3300 5255 theatrum
3327 5212 3450 5251 ecr-

1875 5318 2101 5369 rcntem,
2132 5314 2223 5360 aut
2248 5304 2476 5357 animam
2500 5315 2648 5355 suam
2682 5296 2809 5352 nihil
2838 5303 3133 5357 curantem,
3157 5299 3246 5345 aut
3267 5289 3453 5378 iurau-

1874 5409 2007 5463 tem,
2030 5406 2122 5451 aut
2152 5395 2499 5464 pejor-autem.
2534 5397 2626 5443 aut
2652 5386 2996 5441 mentientem
3021 5398 3039 5437 :
3066 5381 3400 5436 stomachare
3430 5417 3448 5444 ,

1875 5490 2080 5562 punito,
2109 5500 2325 5548 revoca,
2356 5481 2580 5552 corrige,
2607 5486 2662 5534 et
2685 5477 2799 5532 htec
2834 5474 3009 5529 omnia
3038 5478 3257 5543 propter
3282 5469 3447 5562 Deum

1877 5558 2064 5636 iecisti.
2088 5578 2146 5635 Si
2169 5593 2291 5648 erga
2322 5587 2373 5631 te
2403 5581 2706 5645 peccantem
2732 5567 2928 5623 videris
2947 5606 2963 5633 ,
2993 5572 3084 5620 aut
3111 5563 3338 5632 aliquam
3360 5558 3448 5613 of-

1880 5672 1980 5727 lirii
2003 5679 2202 5741 partem
2228 5668 2346 5739 erga
2372 5676 2421 5723 te
2446 5665 2526 5722 sui
2557 5660 3042 5735 prmtcrmittentcm
3074 5700 3086 5721 ,
3113 5654 3327 5709 remitte
3356 5650 3457 5707 hoc
