4018 6190
612 394 678 457 ei,
705 403 759 449 et
779 392 1028 450 remisisti
1056 400 1274 462 propter
1298 390 1489 447 Deum.
1512 389 1665 447 Nunc
1682 406 1814 447 vero
1833 390 1984 447 multi
2008 398 2195 446 contra

610 486 810 540 faciunt
850 499 971 540 cum
1007 498 1133 554 erga
1157 482 1357 538 amicos
1389 522 1406 550 ,
1440 491 1549 537 tum
1576 496 1700 552 erga
1727 496 1913 559 servos
1941 497 1956 534 :
1985 478 2202 551 quando

608 578 751 632 enim
776 589 901 645 erga
931 589 989 629 sc
1010 575 1098 629 alii
1121 582 1362 644 peccant,
1384 573 1564 629 acerbi
1590 572 2052 643 inexorabilesque
2078 579 2203 626 sunt

607 666 842 737 iudices:
869 665 1083 736 quando
1112 675 1290 720 autem
1322 665 1375 720 in
1416 664 1581 720 Deum
1626 651 1997 719 contumeliosi
2024 672 2148 718 sunt
2179 704 2195 730 ,

606 767 660 812 et
686 773 811 814 suas
837 758 1074 828 ipsorum
1107 757 1334 828 perdunt
1359 757 1563 812 animas
1591 797 1609 825 ,
1640 757 1842 812 nullam
1866 757 1984 828 ejus
2013 756 2091 811 rei
2119 771 2203 811 ra-

612 850 810 905 tionem
854 849 1071 905 habent.
1116 849 1321 904 Rursus
1367 849 1523 903 amici
1554 850 1647 904 tibi
1700 847 2009 920 acquirendi
2036 847 2205 903 sunt?

611 940 837 1009 Propter
883 941 1050 996 Deum
1085 941 1366 1013 acquirito.
1409 940 1611 995 inimici
1647 940 1739 995 tibi
1761 939 2003 1011 capiendi
2041 939 2207 995 sunt?

510 1026 511 1029 â€œ
613 1030 841 1101 Propter
884 1032 1049 1087 Deum
1078 1033 1274 1102 capito.
1329 1033 1403 1087 At
1429 1031 1695 1102 quomodo
1734 1032 1890 1089 amici
1920 1041 1975 1088 et
2004 1030 2205 1087 inimici

614 1134 832 1195 propter
855 1124 1020 1180 Deum
1042 1123 1354 1195 acquirendi
1381 1124 1548 1180 sunt?
1572 1124 1628 1181 Si
1648 1124 2048 1179 nonamicitias
2086 1123 2204 1178 illas

611 1217 944 1288 colligamus,
963 1216 1104 1272 unde
1133 1216 1385 1288 pecunias
1412 1231 1625 1288 cogere,
1653 1230 1853 1270 mensa:
1874 1215 2204 1271 consortium

612 1309 815 1366 habere
838 1350 854 1377 ,
878 1307 1172 1364 humanum
1195 1307 1548 1381 patrocinium
1588 1307 1845 1378 consequi
1870 1306 2164 1377 poterimus
2189 1322 2204 1361 :

612 1401 710 1456 sed
760 1400 880 1456 illos
930 1415 1318 1471 prosequamur
1368 1406 1424 1455 et
1472 1399 1809 1470 acquiramus
1842 1397 2083 1463 amicos,
2115 1395 2206 1468 qui

612 1499 845 1548 mentem
874 1498 1112 1547 nostram
1144 1490 1407 1546 moderari
1433 1528 1453 1558 ,
1484 1489 1764 1545 consulere
1792 1488 2012 1543 honesta
2035 1529 2051 1553 ,
2086 1502 2208 1557 pec-

614 1592 802 1638 cantes
829 1582 1130 1653 increpare,
1162 1581 1533 1652 delinquentes
1551 1594 1799 1651 arguere,
1835 1579 2209 1653 supplantatos

615 1673 843 1744 erigere,
871 1672 1097 1729 consilio
1119 1687 1182 1728 ac
1210 1673 1456 1743 precibus
1484 1686 1638 1741 opem
1667 1670 1808 1726 ferre
1825 1712 1842 1738 ,
1872 1680 1927 1727 et
1953 1670 2019 1725 ad
2044 1671 2208 1725 Deum

615 1763 883 1819 adducere
909 1772 1149 1834 possunt.
1178 1763 1381 1818 Rursus
1421 1762 1668 1819 inimicos
1714 1761 1844 1817 licet
1871 1761 2050 1818 facere
2082 1776 2211 1832 pro-

616 1862 734 1923 pter
766 1853 953 1908 Deum.
986 1853 1042 1909 Si
1073 1852 1270 1909 videris
1302 1852 1531 1924 aliquem
1558 1853 2000 1924 intemperantem
2019 1894 2036 1921 ,
2063 1850 2212 1908 nefa-

618 1942 776 2007 rium,
802 1943 1048 2013 nequitize
1069 1943 1307 2013 plenum,
1333 1940 1907 2014 opinionibusimpuris
1928 1942 2209 2011 refertum,

617 2034 1044 2106 snpplautautem
1071 2045 1123 2090 te
1147 2050 1210 2090 ac
1232 2034 1325 2089 tibi
1351 2049 1546 2090 nocere
1573 2034 1897 2105 cupientem,
1920 2032 2133 2099 recede,
2157 2042 2213 2088 et

620 2125 826 2180 resilias
844 2125 913 2180 ab
941 2126 1063 2180 illo:
1092 2125 1170 2181 sic
1194 2126 1336 2181 enim
1358 2124 1602 2181 Christus
1617 2125 1770 2196 jubet
1788 2143 1803 2182 :
1821 2125 1884 2181 Si
1902 2126 2077 2180 oculus
2097 2135 2213 2179 tuus

622 2219 798 2272 dexter
810 2217 1125 2273 scandalizat
1150 2228 1217 2284 te,
1233 2233 1354 2272 erue
1370 2233 1505 2284 eum,
1526 2226 1575 2272 et
1595 2216 1790 2288 projice
1825 2216 1911 2271 abs
1934 2226 1982 2271 te
1998 2214 2209 2286 (Matth.

619 2307 675 2363 5.
691 2307 809 2378 29).
828 2306 940 2362 lloc
956 2323 1147 2378 nempe
1170 2307 1438 2378 pra-cepit,
1458 2316 1515 2362 ut
1527 2306 1727 2362 amicos
1737 2321 1871 2377 quos
1889 2321 2040 2377 aeque
2055 2317 2213 2376 atque

619 2402 803 2457 oculos
846 2416 1003 2456 caros
1044 2400 1206 2456 habes
1237 2442 1253 2467 ,
1299 2408 1356 2457 et
1380 2400 1447 2457 ad
1471 2416 1683 2457 omnem
1706 2400 1828 2455 vitae
1856 2415 2009 2456 usum
2030 2413 2215 2455 neces-

620 2492 790 2547 sarios
810 2531 827 2558 ,
874 2492 919 2547 si
943 2491 1135 2547 animm
1164 2491 1323 2546 saluti
1354 2497 1605 2560 noceant,
1636 2498 1880 2560 amputes
1896 2500 1945 2544 et
1973 2487 2211 2559 abjicias.

621 2583 678 2638 Si
713 2584 765 2637 in
791 2592 988 2638 coetum
1016 2582 1290 2637 hominum
1322 2582 1585 2653 prodieris
1602 2623 1617 2649 ,
1642 2591 1697 2637 et
1721 2583 1881 2637 verba
1902 2582 2067 2637 multa
2091 2596 2213 2637 cum

624 2673 744 2729 aliis
765 2672 974 2738 feceris,
995 2681 1211 2743 propter
1234 2673 1397 2727 Deum
1420 2671 1524 2727 hoc
1539 2671 1699 2726 facito
1716 2689 1729 2727 :
1744 2671 1789 2727 si
1820 2671 2068 2735 tacueris,
2085 2686 2212 2742 pro-

624 2772 744 2835 pter
761 2763 925 2819 Denm
945 2772 1138 2820 taceto.
1154 2764 1222 2818 At
1240 2762 1506 2834 quomodo
1535 2762 1588 2819 in
1613 2774 1755 2819 creto
1780 2765 1981 2819 versari
2001 2774 2216 2834 propter

625 2855 792 2911 Deum
811 2855 976 2911 licet?
994 2855 1048 2913 Si
1071 2870 1192 2912 cum
1217 2854 1337 2910 aliis
1358 2855 1571 2923 sedens,
1586 2872 1691 2911 non
1716 2855 1786 2911 de
1809 2856 1968 2912 rebus
1992 2855 2218 2911 saecula-

625 2948 771 3002 ribus
798 2946 1053 3015 disseras,
1081 2962 1253 3019 neque
1274 2946 1343 3003 de
1371 2946 1435 3002 iis
1463 2964 1579 3018 qua:
1602 2946 1754 3003 nobis
1780 2946 1936 3017 plane
1971 2961 2156 3017 parum
2191 2986 2210 3013 ,

623 3049 717 3094 aut
746 3039 879 3095 nihil
898 3039 1209 3095 conducunt
1235 3080 1252 3106 ,
1279 3039 1375 3096 sed
1400 3038 1467 3095 de
1486 3039 1745 3111 religione
1766 3047 1946 3094 nostra
1979 3080 1996 3106 ,
2037 3037 2105 3094 de
2124 3055 2217 3109 ge-

625 3131 823 3197 henna,
850 3130 919 3187 de
948 3146 1114 3202 regno
1139 3130 1417 3198 caelorum,
1447 3145 1553 3186 non
1580 3140 1759 3185 autem
1788 3129 1856 3185 de
1900 3130 2061 3186 rebus
2098 3129 2214 3185 ina-

626 3226 782 3282 nibus
807 3233 901 3280 aut
923 3223 1350 3296 supervacaneis,
1368 3224 1520 3293 cujus
1533 3222 1742 3294 generis
1764 3222 1879 3278 haec
1902 3232 2058 3277 sunt:
2086 3221 2217 3292 Quis

626 3319 992 3389 magistratum
1023 3316 1177 3371 iniit?
1213 3317 1344 3385 Quis
1371 3317 1736 3387 magistratum
1764 3315 1978 3371 amisit?
2006 3316 2119 3384 Qua
2146 3315 2216 3372 de

625 3423 787 3464 causa
807 3407 891 3463 hic
914 3406 1196 3462 mulctatus
1222 3406 1350 3462 est?
1378 3405 1529 3463 Unde
1555 3406 1642 3460 ille
1667 3405 1902 3460 lucratus
1929 3415 2033 3471 est,
2058 3416 2114 3461 et
2139 3406 2219 3461 lo-

628 3498 1024 3569 cupletissimus
1043 3498 1244 3554 evasit?
1274 3497 1412 3567 Quid
1441 3499 1531 3554 ille
1556 3497 1679 3554 huic
1702 3497 1919 3569 reliquit
1947 3499 2218 3554 moriens?

636 3589 917 3658 Quomodo
942 3590 1032 3646 ille
1054 3590 1122 3645 ab
1143 3588 1440 3646 hereditate
1466 3588 1655 3653 abfuit,
1685 3605 1806 3645 eum
1830 3591 1881 3645 in
1910 3590 2095 3660 primis
2125 3590 2219 3647 he-

628 3681 845 3738 redibus
864 3697 924 3738 se
948 3681 1014 3737 ad
1037 3680 1375 3737 scribendum
1392 3682 1694 3752 putaverit?
1716 3682 1795 3737 Ac
1820 3682 1986 3737 multa
2006 3681 2108 3736 alia
2135 3682 2219 3737 his

628 3774 841 3831 similia.
874 3773 949 3830 De
976 3772 1059 3828 his
1081 3773 1240 3829 rebus
1264 3783 1441 3828 autem
1474 3789 1647 3844 neque
1672 3788 1770 3829 nos
1795 3772 2216 3840 confabulemur,

629 3883 805 3940 neque
828 3867 962 3923 alios
985 3867 1310 3923 confabulari
1338 3866 1739 3937 permittamus;
1787 3866 1881 3922 sed
1905 3864 2216 3922 considere-

631 3975 753 4016 mns
783 3959 958 4028 potius
986 3958 1178 4029 quibus
1204 3958 1361 4014 dictis
1403 3966 1495 4013 aut
1540 3957 1696 4014 factis
1725 3957 1836 4013 Deo
1866 3958 2216 4028 placebimus.

633 4050 838 4106 Rursus
868 4052 1069 4120 poteris
1096 4059 1314 4120 propter
1341 4049 1509 4105 Deum
1533 4049 1713 4114 silere,
1740 4049 2048 4120 exagitatus
2065 4089 2079 4113 ,
2104 4048 2218 4105 vio-

632 4144 792 4211 lautis,
821 4142 1021 4199 inï¬nita
1051 4141 1189 4199 mala
1218 4156 1424 4211 passus,
1453 4140 1498 4195 si
1526 4139 1664 4196 feras
1688 4155 1972 4211 generose,
1990 4149 2045 4195 et
2073 4139 2218 4195 nulla

633 4233 916 4293 maledicta
945 4231 1145 4289 referas
1168 4233 1240 4287 illi
1268 4233 1354 4305 qui
1387 4231 1502 4289 haec
1527 4230 1847 4303 designavit.
1890 4231 2007 4287 Non
2035 4239 2216 4287 autem

630 4326 851 4383 laudare
871 4326 1042 4382 solum
1064 4334 1118 4381 ct
1140 4326 1439 4395 vituperare
1459 4365 1476 4389 ,
1528 4339 1626 4380 nec
1653 4323 1797 4378 domi
1846 4339 2063 4379 manere
2088 4364 2105 4390 ,
2132 4332 2223 4378 aut

588 4423 615 4445 â¸
635 4418 778 4472 foras
809 4417 907 4483 ire,
935 4430 1039 4471 non
1059 4415 1223 4487 loqui,
1244 4424 1335 4471 aut
1355 4415 1534 4480 silere,
1553 4414 1645 4469 sed
1662 4415 1823 4471 etiam
1842 4414 1990 4477 ï¬‚ere,
2016 4414 2218 4480 dolere,

637 4520 687 4561 et
717 4506 885 4560 laetari
928 4520 1139 4576 quoque
1175 4505 1242 4560 ad
1278 4506 1500 4574 gloriam
1533 4505 1626 4560 Dei
1657 4505 1797 4559 licet.
1828 4500 2051 4573 Quando
2077 4504 2223 4560 enim

638 4596 724 4652 vel
752 4596 967 4652 fratrem
989 4597 1188 4651 videris
1214 4605 1545 4667 peccantem,
1577 4597 1660 4653 vel
1689 4598 1917 4668 teipsnm
1950 4599 2003 4653 in
2034 4613 2223 4668 pecca-

639 4698 753 4763 tum
777 4687 991 4759 aliquod
1016 4687 1315 4757 delapsum.
1347 4686 1542 4743 deinde
1564 4687 1882 4758 ingemiscas
1907 4730 1923 4754 ,
1956 4704 2021 4744 ac
2043 4689 2223 4743 animo

637 4795 888 4845 maereas,
901 4778 1042 4834 haud
1065 4778 1425 4848 paenitendam
1445 4778 1672 4833 salutem
1688 4793 1752 4833 ex
1773 4777 1877 4836 hoc
1894 4778 2220 4835 lucrifecisli:

636 4870 1090 4943 quemadmodum
1108 4870 1304 4924 Paulus
1330 4870 1444 4924 ait:
1493 4868 1594 4935 Qui
1640 4870 1916 4923 secundum
1934 4868 2103 4924 Deum
2127 4870 2224 4925 do-

638 4964 719 5017 lor
737 4971 832 5027 est,
853 4963 1067 5017 salutem
1085 4960 1226 5019 haud
1247 4958 1589 5031 pwnitendam
1615 4958 1762 5032 eï¬‚icit
1784 4959 1863 5029 (2.
1887 4957 2006 5015 Cor.
2029 4961 2084 5015 7.
2107 4961 2222 5034 l0).

637 5055 999 5112 Si'l'lorentem
1025 5054 1251 5110 alterum
1268 5053 1449 5109 videas
1466 5093 1483 5117 ,
1511 5052 1680 5108 nolito
1706 5052 1778 5107 illi
1805 5052 2063 5109 continuo
2088 5054 2225 5110 invi-

641 5146 793 5214 dere,
824 5141 920 5203 sed
952 5146 1214 5217 Deo,qui
1261 5157 1369 5201 tam
1420 5144 1737 5216 praeclarum
1786 5144 1965 5201 eliâ€˜ecit
2008 5144 2224 5201 fratrem

643 5250 793 5296 tuum
817 5279 834 5306 ,
863 5239 1083 5311 perinde
1101 5254 1167 5295 ae
1190 5240 1257 5295 de
1284 5238 1512 5309 propriis
1552 5238 1708 5294 bouis
1733 5237 1930 5309 gratias
1954 5238 2095 5309 agito
2124 5278 2143 5305 ,
2172 5246 2228 5294 et

642 5332 803 5403 hujus
825 5332 1023 5387 laztitite
1052 5346 1400 5402 permagnum
1433 5329 1597 5386 habes
1624 5329 1877 5386 fructum.

715 5425 773 5480 5.
810 5423 1106 5479 Invidorum
1129 5422 1426 5478 miserabilis
1446 5422 1777 5477 conditio.â€”
1807 5421 1943 5489 Quid
1970 5421 2112 5476 enim
2142 5423 2226 5477 in-

646 5517 784 5574 vidis
821 5515 1125 5571 hominibus
1147 5522 1232 5570 est
1260 5512 1635 5580 miserabilius,
1679 5512 1871 5584 quibus
1908 5529 2030 5569 cum
2074 5513 2231 5569 liceat

647 5605 882 5678 gaudere
912 5647 930 5672 ,
971 5614 1027 5661 et
1054 5607 1283 5661 fructum
1308 5604 1505 5659 lmtitia:
1525 5619 1635 5660 sua:
1659 5619 1853 5673 capere
1874 5646 1889 5669 ,
1922 5604 2019 5674 ipsi
2051 5614 2227 5661 tamen

649 5698 853 5754 malunt
882 5705 1100 5768 propter
1128 5697 1328 5752 alienas
1355 5695 1630 5754 felicitates
1659 5694 1878 5765 dolere;
1901 5708 1953 5755 et
1984 5716 2105 5758 cum
2126 5699 2224 5755 do-

1302 276 1362 335 s.
1398 274 1676 333 JOANNlS
1708 250 2185 333 cunvsosrdm
2222 268 2539 329 ARCHIEP.
2578 270 3108 330 CONSTANTINOP.
3692 295 3778 354 Î¸Î±,

2313 386 2429 442 lore
2470 387 2585 457 ipso
2610 403 2820 458 poenam
2861 403 2890 442 a
2920 386 3030 445 Deo
3059 432 3077 457 ,
3102 398 3157 446 et
3202 394 3487 465 supplicium
3523 400 3780 468 intolerabile

2308 477 2622 549 arcessere?
2645 477 2907 534 Craterum
2951 476 3077 550 quid
3122 478 3301 539 laudes
3338 495 3389 541 et
3422 489 3775 566 vituperationes,

2308 567 2523 624 dolores
2547 579 2602 625 et
2622 568 2834 626 laetitias
2851 584 3242 641 commemoro;
3261 575 3341 631 ubi
3360 577 3499 633 etiam
3518 596 3547 637 a
3563 579 3783 647 levissimis

2310 661 2474 718 rebus
2489 672 2543 718 et
2567 662 2839 719 vilissimis
2865 664 3123 721 maximas
3142 667 3384 725 utilitates
3409 673 3699 744 percipietnns
3716 721 3729 747 ,
3747 685 3781 738 si

2310 764 2529 826 propter
2569 753 2737 811 Deum
2782 755 2954 827 ipsum
2984 771 3076 813 eas
3104 756 3389 816 faciamus?
3429 762 3547 834 Quid
3583 769 3694 824 enim
3725 785 3783 828 est

2311 854 2532 901 tonsura
2582 845 2811 901 crinium
2859 846 3057 902 vilius?
3126 847 3236 903 Hoc
3280 858 3442 907 tamen
3484 854 3587 911 licet
3627 871 3776 930 propter

2312 933 2479 991 Deum
2508 934 2704 993 facere.
2732 936 2957 1006 Quando
2978 938 3119 994 enim
3146 953 3342 995 comam
3363 958 3460 999 non
3474 953 3780 1019 composuerit,

2312 1042 2486 1097 neque
2509 1028 2710 1083 vultum
2734 1037 2881 1085 tuum
2903 1030 3180 1085 ornaveris
3202 1071 3217 1100 ,
3242 1046 3405 1103 neque
3429 1042 3478 1090 te
3498 1036 3557 1090 ad
3581 1038 3781 1097 illecebras

2312 1133 2376 1175 ac
2398 1119 2662 1179 lenocinia
2691 1136 2900 1190 eorum,
2922 1122 3014 1195 qui
3044 1132 3095 1180 te
3117 1125 3380 1182 intuentur
3396 1167 3410 1192 ,
3435 1131 3697 1199 compserit,
3718 1134 3783 1190 sed

2313 1207 2514 1266 inculte
2538 1251 2556 1280 ,
2596 1218 2651 1267 et
2671 1221 2929 1285 quantum
2957 1228 3084 1269 usus
3107 1213 3209 1271 fert
3233 1256 3251 1283 ,
3300 1216 3508 1286 teipsum
3530 1224 3781 1289 appararent

2316 1314 2543 1374 tantum,
2578 1315 2797 1378 propter
2814 1306 2983 1363 Deum
3011 1306 3219 1374 fecisti,
3243 1318 3297 1364 et
3319 1309 3429 1379 ejus
3449 1312 3693 1368 mercedem
3726 1330 3785 1370 re-

2314 1399 2557 1468 portabis
2580 1441 2596 1465 ,
2638 1408 2751 1453 tum
2790 1400 2916 1471 quia
2961 1401 3305 1472 cupiditatem
3330 1405 3780 1475 reprcssistimalam,

2316 1498 2426 1548 tum
2455 1489 2578 1559 quia
2609 1489 2952 1547 ambitionem
2971 1490 3324 1562 importunam
3347 1496 3614 1550 coercuisti.
3635 1495 3782 1553 Sieniu

2315 1578 2406 1659 qui
2440 1579 2691 1650 poculum
2721 1579 2909 1651 frigide
2934 1582 3109 1637 solum
3136 1583 3229 1637 dat
3256 1592 3462 1653 propter
3501 1584 3665 1650 Deum.
3686 1590 3785 1658 regni

2315 1667 2568 1742 caelorum
2607 1667 2958 1728 hereditatem
2986 1671 3153 1728 adibit
3169 1670 3374 1746 (Manli.
3395 1673 3475 1730 l0.
3498 1674 3608 1746 42):
3628 1676 3784 1747 quiem-

2318 1761 2405 1817 nia
2430 1761 2614 1818 fecerit
2638 1771 2858 1834 propter
2884 1763 3072 1825 Deum.
3099 1765 3375 1822 considera
3401 1775 3619 1837 quantam
3641 1768 3791 1825 habebit

2316 1854 2829 1924 compensationem.
2857 1854 2996 1924 Quin
3026 1866 3081 1912 et
3108 1866 3324 1928 propter
3353 1857 3505 1914 Deum
3528 1838 3737 1923 incedere.
3756 1870 3792 1915 et

2317 1955 2537 2016 propter
2558 1946 2723 2001 Deum
2755 1946 2952 2004 intueri
2978 1962 3285 2020 possumus.
3310 1949 3377 2005 At
3397 1950 3630 2020 quomodo
3658 1950 3794 2009 intueri

2316 2048 2372 2095 et
2392 2038 2641 2096 incedere
2667 2049 2887 2111 propter
2909 2040 3080 2098 Deum
3119 2041 3286 2098 licet?
3325 2040 3532 2108 Quando
3551 2056 3639 2095 non
3655 2040 3705 2094 ad
3726 2041 3793 2094 in.

2320 2131 2636 2202 probitatem
2661 2133 2863 2188 curris:
2892 2132 3117 2201 Quando
3137 2147 3243 2189 non
3269 2133 3320 2188 in
3345 2133 3554 2189 alienam
3582 2130 3794 2201 pulchritu-

2317 2222 2495 2278 dinem
2521 2224 2682 2279 nimis
2702 2224 2923 2295 inquiris
2943 2241 2959 2280 :
2985 2224 3201 2295 quando
3230 2223 3498 2280 mulierem
3519 2231 3795 2278 occurrentem

2317 2312 2525 2379 videns,
2548 2313 2785 2369 refrenas
2804 2314 3008 2381 oculos,
3026 2323 3080 2370 et
3105 2315 3296 2370 timore
3315 2313 3406 2369 Dei
3422 2312 3799 2383 munisaspectum,

2321 2403 2420 2457 hoc
2442 2413 2658 2474 propter
2688 2402 2856 2458 Deum
2888 2403 3055 2459 facis:
3091 2402 3306 2474 quando
3344 2417 3444 2458 non
3471 2403 3677 2474 pretiosis
3694 2400 3800 2455 resti-

2319 2492 2420 2548 bus
2444 2501 2501 2548 et
2521 2492 2782 2560 delicatis,
2812 2492 2907 2549 sed
2930 2493 2996 2548 iis
3023 2509 3142 2564 qua:
3169 2502 3345 2565 tegere
3386 2509 3479 2549 nos
3500 2494 3610 2548 satis
3630 2500 3802 2563 possunt,

2320 2584 2607 2640 induimur.
2622 2583 2728 2641 Sed
2740 2594 2794 2640 et
2810 2584 2877 2640 ad
2899 2584 3037 2641 imos
3059 2599 3227 2656 usque
3237 2585 3438 2641 calceos
3456 2583 3690 2639 demittere
3707 2581 3802 2636 hunc

2321 2690 2526 2732 morem
2566 2675 2710 2731 licet.
2759 2675 3009 2747 ansque
3036 2676 3181 2731 enim
3213 2673 3446 2731 mollitiei
3473 2674 3689 2744 luxusque
3706 2671 3803 2726 dela-

2321 2765 2398 2837 psi
2417 2766 2731 2833 suntmulti,
2746 2774 2804 2821 ut
2825 2776 2880 2823 et
2895 2766 3105 2823 calceos
3125 2777 3403 2832 exornent,
3418 2774 3470 2821 et
3482 2764 3669 2820 omnicx
3686 2771 3806 2833 parit.

2319 2872 2471 2928 mque
2493 2872 2557 2913 ac
2576 2857 2767 2913 faciem
2796 2872 2948 2913 suam
2967 2857 3055 2912 alii
3076 2868 3419 2927 componant,
3446 2856 3627 2910 variare
3638 2852 3805 2915 soleant.

2319 2947 2461 3016 quod
2485 2947 2678 3002 animae
2706 2946 2925 3017 impura.-
2951 2961 3016 3003 ac
3041 2946 3346 3017 depravata:
3364 2946 3557 3018 signum
3571 2952 3654 2999 est.
3669 2941 3808 3009 Quam-

2320 3054 2478 3110 quam
2513 3039 2655 3095 enim
2676 3039 3019 3110 perexiguum
3044 3038 3150 3095 hoc
3171 3054 3293 3095 esse
3308 3037 3552 3104 videatur,
3569 3047 3711 3089 tamen
3728 3042 3807 3086 tua

2322 3131 2376 3187 in
2403 3131 2533 3186 viris
2562 3172 2578 3196 ,
2603 3141 2714 3186 tum
2742 3132 2795 3185 in
2824 3130 3036 3186 feminis
3061 3145 3315 3203 maguum
3341 3128 3546 3200 perdita:
3571 3125 3725 3181 mentis
3749 3138 3806 3176 ar-

2321 3231 2628 3293 gumentum
2653 3232 2756 3278 est.
2814 3220 3020 3278 Licebit
3044 3236 3178 3293 ergo
3220 3230 3278 3278 et
3320 3219 3503 3276 calceis
3525 3218 3807 3288 ipsispropter

2322 3315 2490 3371 Deum
2516 3314 2589 3369 uti
2615 3354 2634 3382 ,
2684 3328 2807 3369 cum
2845 3313 3063 3369 omnino
3090 3327 3246 3369 usum
3282 3312 3555 3384 querimus
3580 3349 3595 3376 ,
3634 3316 3681 3363 et
3714 3304 3810 3358 hunc
3914 3374 3915 3385 Ï‡

2322 3404 2641 3462 utendorum
2668 3405 2969 3461 calceorum
2997 3404 3218 3460 modum
3268 3404 3605 3471 habuerimus.
3627 3399 3806 3469 Ingresso

2321 3497 2465 3553 enim
2481 3504 2536 3551 et
2562 3497 2761 3551 amictu
2782 3512 2881 3551 nos
2897 3496 3062 3551 Deum
3088 3496 3259 3567 gloria
3286 3494 3490 3553 aflicere
3509 3499 3808 3564 possecum-

2322 3603 2412 3643 see
2436 3602 2503 3643 ex
2531 3602 2618 3653 eo,
2645 3587 2787 3659 quod
2817 3587 3030 3657 sapiens
3057 3587 3280 3660 quidam
3314 3587 3440 3642 olim
3463 3586 3619 3641 dixit.
3651 3579 3806 3635 Vestitu
3914 3616 3915 3660 á¼¦

2322 3677 2416 3732 viri
2439 3718 2456 3745 ,
2496 3686 2544 3732 et
2569 3676 2701 3731 risus
2729 3677 2974 3744 dentium,
2999 3685 3045 3730 et
3073 3676 3304 3732 incessus
3341 3674 3519 3745 pedum
3548 3670 3728 3726 iudicat
3747 3666 3809 3720 lto-

2324 3768 2701 3841 minem(Eccli.
2738 3768 2823 3827 i9.
2852 3768 2967 3841 27).
2993 3767 3222 3837 Quando
3250 3769 3392 3825 enim
3430 3767 3630 3823 honeste
3651 3756 3809 3817 vestiti.

2322 3860 2597 3933 gravitatis
2625 3860 2790 3932 pleni,
2835 3869 2890 3916 et
2930 3859 3154 3915 multam
3178 3861 3233 3916 in
3260 3859 3403 3915 omni
3431 3873 3488 3914 re
3512 3850 3703 3928 gerenda
3731 3861 3808 3903 me

2323 3952 2549 4009 destiam
2576 3951 2892 4007 adhibentes
2930 3949 3210 4021 prodimus
3243 3968 3257 4004 :
3290 3949 3379 4021 qui
3407 3939 3729 4011 inï¬delis.qui
3749 3938 3804 3990 in-

2326 4054 2659 4113 temperans,
2703 4043 2793 4114 qui
2820 4041 3158 4097 turbulentus
3200 4049 3287 4097 est
3330 4041 3448 4107 vir,
3492 4037 3533 4093 is
3572 4038 3807 4106 quamquam

2326 4134 2755 4191 inconsideratus
2781 4132 2938 4189 fuerit
2966 4174 2982 4198 ,
3011 4140 3194 4188 tamen
3226 4132 3401 4202 primo
3443 4141 3629 4200 quoque
3650 4130 3807 4177 eorum
3914 4192 3915 4197 Î·

2326 4226 2377 4281 in
2403 4226 2630 4296 aliquem
2654 4225 2768 4294 ejus
2792 4224 3002 4294 generis
3026 4222 3304 4279 hominem
3333 4221 3550 4285 intuens,
3572 4216 3692 4271 omni
3712 4209 3808 4271 á½·Î¹Î¹Î¹Î¹Î¹

2325 4316 2677 4371 admiratione
2716 4324 3081 4386 prosequetur.
3115 4313 3173 4369 Si
3195 4327 3417 4368 uxorem
3431 4307 3809 4368 dnxerimus,pr0'

2326 4416 2445 4478 pter
2466 4407 2628 4462 Deum
2646 4405 2747 4461 hoc
2767 4405 3042 4472 faciamus,
3062 4418 3169 4458 non
3188 4412 3246 4459 ut
3268 4402 3531 4459 facultates
3552 4394 3735 4465 majores
3751 4398 3806 4438 ac-

2325 4498 2621 4567 quiramus,
2651 4494 2747 4551 sed
2771 4501 2828 4550 ut
2845 4495 3037 4549 anima:
3060 4494 3396 4549 nobilitatem
3423 4488 3724 4561 inquiranius;
3745 4489 3806 4529 non

2328 4588 2669 4659 pecuniarum
2696 4587 3094 4654 abundantiam,
3124 4601 3232 4642 non
3260 4584 3511 4655 majorum
3537 4572 3806 4649 splendorem.

2327 4679 2422 4735 sed
2449 4693 2656 4734 morum
2676 4678 2923 4732 virtutem
2950 4692 3336 4749 persequamur
3353 4684 3407 4732 et
3424 4669 3711 4729 modestiam,
3733 4660 3804 4712 vita

2329 4773 2551 4839 sociam,
2581 4786 2686 4827 non
2723 4770 3107 4849 lenociniorum
3144 4770 3398 4826 comitem
3417 4766 3673 4836 capiamus.

2329 4881 2448 4922 rum
2469 4864 2592 4936 quid
2617 4878 2753 4934 opus
2773 4846 2866 4920 est
2886 4864 3065 4919 omnia
3087 4856 3546 4919 commemorare?
3578 4854 3698 4910 Licet
3710 4842 3801 4900 v01"s

2330 4972 2395 5015 ex
2427 4959 2490 5013 iis
2513 4972 2629 5027 quae
2658 4956 2800 5012 dicta
2821 4965 2966 5022 sunt,
2994 4954 3201 5025 singula
3226 4968 3347 5025 qua:
3366 4952 3495 5007 fiunt
3516 4953 3598 5002 aut

2332 5064 2666 5120 percurrere,
2695 5056 2751 5103 et
2768 5047 2946 5103 omnia
2977 5056 3196 5117 propter
3239 5045 3409 5100 Deum
3436 5043 3613 5096 facere.
3654 5029 3804 5120 Î•Î¹
3868 5060 3871 5063 Ï€

2331 5118 2656 5199 mercatores
2668 5140 2973 5211 navigantes
2997 5139 3185 5203 maria,
3214 5148 3270 5193 et
3291 5137 3359 5193 ad
3385 5135 3605 5191 civitates
3622 5118 3806 5211 apicum"

2333 5245 2435 5303 tes,
2459 5250 2563 5291 non
2591 5235 2738 5305 prius
2762 5210 2958 5288 abeunt
2975 5248 3005 5287 a
3029 5240 3205 5302 portu,
3236 5239 3293 5285 et
3323 5229 3375 5284 in
3396 5229 3557 5282 forum
3582 5210 3812 5313 Î¹ÎµÎ¿Ï‰Î´á½·Î¾Î¹Î¹Î·Î¹)

2332 5344 2492 5400 quam
2522 5327 2817 5396 intelligant
2845 5324 3055 5394 aliquod
3085 5323 3294 5378 lucrum
3346 5321 3515 5377 inesse
3541 5316 3586 5370 in

2337 5391 2473 5476 niis:
2503 5421 2580 5476 sic
2600 5391 2779 5489 uee'tn
2806 5391 3091 5489 quidquam
3118 5415 3307 5481 facias,
3335 5428 3434 5470 nec
3458 5411 3592 5467 dicas
3614 5446 3627 5469 ,
3666 5396 3738 5455 nisi
3756 5391 3808 5445 Ï‰â€™

2332 5530 2485 5570 crum
2510 5513 2723 5583 aliquod
2748 5511 2943 5567 habeat
2983 5509 3280 5567 secundum
3309 5508 3492 5571 Deum.
3529 5500 3599 5557 Ne
3619 5496 3732 5551 dicas
3747 5498 3815 5538 Ï‰Î½

2337 5615 2441 5660 tem
2484 5605 2749 5660 neminem
2793 5616 2951 5672 posse
2995 5599 3171 5656 omnia
3222 5608 3438 5670 propter
3481 5594 3626 5653 Deum

2336 5696 2546 5769 quando
2588 5696 2730 5752 enim
2756 5694 3132 5761 ealceamcnta,
3159 5690 3428 5757 caesaries,
3458 5683 3665 5744 vestitus.
3687 5677 3817 5728 me"
