4018 6190
203 287 305 347 959

193 415 246 466 0:
269 446 289 476 ,
331 407 426 462 καὶ
458 413 731 476 συνέγνως
758 408 845 463 διὰ
871 406 961 461 τὸν
990 403 1144 464 Θεόν.
1180 408 1315 463 Νυνὶ
1347 408 1403 462 δέ
1434 409 1618 462 πολλοὶ
1656 413 1779 465 τοὺ-

196 493 413 547 ναντίον
463 493 696 556 ποιοῦσι,
745 494 837 545 καὶ
887 492 980 546 ἐπὶ
1019 493 1125 546 τῶν
1170 493 1374 562 φίλων,
1411 493 1506 546 καὶ
1551 495 1642 547 ἐπὶ
1678 495 1785 548 τῶν

190 574 622 630 οἰκετιῖ›ν.’οταν
648 577 750 646 μὲν
773 577 880 648 γὰρ
907 579 987 638 εἰς
1011 577 1205 639 αὐτοὺς
1228 577 1567 648 ἁμάρτωσιν,
1597 577 1785 650 πικροὶ

192 661 294 713 καί
321 657 697 727 ἀσύγγνωστοι
730 661 971 728 γίνονται
998 659 1280 713 δικασταί’
1311 661 1438 713 ὅταν
1479 660 1535 713 δὲ
1579 663 1658 724 εἰς
1695 660 1784 715 τὸν

190 744 334 797 Θεὸν
385 742 726 814 ἐνυϐρίζωσι,
759 745 854 796 καὶ
901 743 1000 806 τὰς
1047 743 1260 796 ἑαυτῶν
1297 743 1540 797 ἀπόλωσι
1584 744 1781 815 ψυχὰς,

190 827 388 880 οὐδένα
415 826 694 879 ποιοῦνται
723 825 899 894 λόγον.
937 825 1126 890 Πάλιν,
1167 826 1355 895 φίλους
1390 828 1612 896 ποιῆσαι
1642 829 1782 900 χρή;

192 912 298 964 Διά
333 911 426 964 τὸν
460 910 591 962 Θεὸν
616 911 860 980 ποίησον.
879 909 1382 982 Ἐχθροὺςποιῆσαι
1407 912 1542 982 χρή;
1572 911 1670 964 Διά
1693 911 1783 966 τὸν

187 993 330 1047 Θεὸν
360 993 604 1064 ποίησον.
637 993 746 1046 Kal
781 992 898 1056 πῶς
931 993 1046 1046 ἔστι
1089 993 1274 1062 φίλους
1313 994 1536 1064 ποιῆσαι
1570 993 1659 1048 διὰ
1692 995 1783 1049 τὸν

189 1076 329 1128 Θεὸν
371 1077 466 1130 καὶ
506 1075 764 1147 ἐχθρούς;
794 1077 890 1129 “Av
919 1077 995 1147 μὴ
1027 1075 1127 1139 τὰς
1156 1076 1339 1147 φιλίας
1373 1077 1589 1141 ἐκείνας
1622 1078 1782 1147 ἐφελ-

189 1158 445 1230 κώμεθα,
475 1159 594 1213 ὅθεν
622 1160 739 1212 ἐστὶ
764 1162 1022 1232 χρήματα
1056 1161 1258 1226 λαϐεῖν,
1292 1161 1415 1214 ὅθεν
1454 1163 1781 1232 κοινωνῆσαι

187 1244 496 1315 τραπέζης,
526 1243 648 1296 ὅθεν
685 1245 1020 1316 προστασίας
1052 1244 1400 1318 ἀνθρωπίνης
1431 1249 1636 1316 τυχεῖν,
1667 1245 1780 1300 ἀλλ’

189 1329 439 1392 ἐκείνους
466 1327 786 1400 θηρεύωμεν
813 1330 908 1384 καὶ
938 1328 1181 1400 ποιῶμεν
1219 1328 1425 1400 φίλους,
1455 1331 1581 1392 τοὺς
1622 1328 1783 1383 δυνα-

189 1412 396 1482 μένους
427 1411 587 1482 ἡμῶν
622 1408 710 1465 ἀεὶ
737 1413 995 1484 ρυθμίσαι
1029 1411 1125 1484 τὴν
1154 1413 1351 1486 ψυχὴν,
1379 1413 1780 1487 συμϐουλεῦσαι

185 1497 261 1550 τὰ
281 1496 493 1559 δέοντα,
531 1497 933 1567 ἁμαρτάνουσιν
959 1499 1300 1570 ἐπιτιμῆσαι,
1330 1498 1781 1570 πλημμελοῦντας

189 1581 436 1651 ἐλέγξαι,
469 1580 992 1652 ὑποσκελιζομένους
1022 1583 1350 1654 ἀνορθῶσαι,
1376 1584 1470 1637 καὶ
1502 1582 1776 1654 συμϐουλῇ

184 1667 288 1720 καὶ
323 1666 510 1737 εὐχαῖς
539 1664 868 1737 βοηθοῦντας
894 1670 1266 1737 προσαγαγεῖν
1311 1667 1389 1738 τῷ
1427 1667 1564 1739 Θεῷ.
1611 1669 1778 1722 Πάλιν

183 1751 422 1820 ἐχθροὺς
454 1749 629 1816 ἔξεστι
674 1750 897 1820 ποιῆσαι
923 1751 1011 1804 διὰ
1054 1752 1146 1805 τὸν
1179 1751 1330 1806 Θεόν.
1350 1753 1475 1806 Ἐὰν
1513 1754 1626 1825 ἴδῃς
1657 1753 1777 1808 τινὰ

183 1834 511 1895 ἀκόλαστον,
563 1833 758 1905 μιαρὸν
784 1874 798 1894 ,
847 1833 1113 1906 πονηρίας
1166 1835 1443 1904 γέμοντα,
1491 1835 1776 1906 δογμάτων

183 1917 522 1990 ἀκαθάρτων
581 1919 1047 1988 πεπληρωμένον,
1099 1918 1524 1984 ὑποσκελίζοντά
1581 1937 1640 1972 σε
1683 1921 1778 1973 καὶ⁵

184 2001 656 2072 παραϐλάπτοντά
689 2018 770 2067 σε,
809 2001 1076 2070 ἀπόστηθι
1100 2004 1192 2055 καὶ
1216 2004 1586 2074 ἀποπὴδησον,
1604 2005 1777 2058 καθά-

185 2103 299 2157 περ
345 2087 438 2138 καὶ
461 2087 490 2138 6
515 2085 746 2154 Χριστὸς
778 2085 1062 2138 ἐκέλευσεν
1093 2087 1260 2139 εἰπών
1282 2104 1294 2117 ’
1335 2087 1476 2140 Ἐὰν
1497 2091 1528 2140 ό
1562 2088 1777 2156 ὀφθαλ-

177 2170 303 2237 μός
337 2184 455 2223 σου
483 2172 514 2222 ὁ
534 2168 730 2234 δεξιὸς
751 2169 1122 2238 σκανδαλίζῃ
1153 2188 1245 2231 σε,
1264 2170 1437 2236 ἐξελε
1465 2173 1653 2226 αὐτὸν
1677 2173 1774 2227 καὶ

177 2251 350 2316 ,βάλε
393 2251 510 2306 ἀπὸ
542 2250 679 2316 σοῦ,
709 2251 944 2304 κελεύων
973 2253 1102 2315 τοὺς
1132 2254 1318 2322 φίλους
1351 2253 1612 2318 ἐκείνους,
1647 2256 1773 2318 τοὺς

182 2337 248 2388 ἐν
271 2335 570 2407 ὀφθαλμῶν
602 2335 754 2400 τάξει
784 2337 1062 2400 ποθεινοὺς
1092 2337 1272 2400 ὄντας,
1310 2339 1405 2391 καὶ
1447 2339 1772 2406 ἀναγκαίους

183 2422 249 2474 ἐν
300 2423 415 2485 τοῖς
463 2420 737 2490 βιωτικοῖς
786 2421 1128 2491 πράγμασιν,
1163 2422 1514 2484 ἀποκόπτειν,
1557 2423 1648 2477 καὶ
1681 2425 1774 2477 ἐκ·

183 2505 474 2570 ϐἀλλεινιι,
507 2506 574 2559 ἂν
603 2504 1070 2577 παραϐλάπτωσιν
1104 2507 1184 2569 είς
1211 2506 1309 2578 τὴν
1342 2508 1438 2578 τῆς
1471 2507 1648 2578 ψυχῆς
1675 2526 1774 2562 σωο

182 2588 386 2658 τηρίαν
420 2589 696 2660 ἡμᾶς.“Αν
729 2588 1000 2657 συλλόγων
1032 2593 1314 2661 κοινωνῇς,
1342 2592 1434 2643 καὶ
1462 2590 1620 2660 λόγον
1646 2594 1775 2646 ἀπο-

179 2674 373 2746 τείνῃς
408 2673 640 2744 μακρὸν,
685 2673 772 2726 διά
800 2672 890 2725 τὸν
920 2672 1050 2725 Θεὸν
1082 2676 1176 2727 καὶ
1203 2674 1360 2727 τοῦτο
1387 2675 1634 2744 ποίησον,
1669 2675 1772 2728 κᾶν

183 2759 372 2826 σιγᾷς,
403 2755 490 2808 διὰ
516 2755 608 2807 τὸν
636 2755 767 2808 Θεὸν
795 2754 1040 2827 σίγησον.
1085 2757 1196 2809 Kal
1222 2757 1337 2819 πῶς
1368 2756 1483 2809 ἐστι
1515 2756 1771 2826 συλλόγου

180 2841 464 2891 κοινωνεῖν
488 2838 577 2892 διὰ
607 2839 695 2892 τὸν
733 2839 897 2905 Θεόν;
930 2841 1028 2893 Ἂν
1061 2839 1474 2913 συγκαθήμενός
1501 2858 1634 2900 τισι,
1663 2859 1771 2912 μη·-

177 2923 275 2976 δέν
322 2924 452 2992 περὶ
501 2921 768 2992 βιωτικῶν
815 2923 1037 2994 διαλέγῃ
1090 2925 1454 2995 πραγμάτων,
1496 2924 1629 2995 μηδέ
1662 2925 1771 2977 τῶν

177 3004 372 3058 ἁπλῶν
412 3005 506 3058 καὶ
550 3005 672 3075 εἰκῆ
722 3005 816 3058 καὶ
851 3005 1002 3058 οὐδὲν
1029 3008 1160 3076 ἡμῖν
1192 3006 1597 3077 προσηκόντων,
1633 3005 1772 3060 ἀλλά

181 3090 316 3159 περὶ
362 3087 678 3156 φιλοσοφίας
709 3088 810 3158 τῆς
841 3089 1140 3159 ἡμετέρας,
1185 3089 1313 3158 περὶ
1353 3089 1598 3158 γεέννης,
1641 3088 1772 3161 περὶ

178 3172 466 3243 βασιλείας
489 3172 753 3244 οὐρανῶν,
787 3172 924 3226 ἀλλά
955 3173 1028 3243 μὴ
1051 3172 1122 3224 τὰ
1147 3173 1376 3242 περιττά
1395 3173 1489 3226 καὶ
1514 3173 1769 3242 ἀνόνητα,

174 3254 321 3310 οἷον⁸
354 3257 435 3320 τίς
471 3257 648 3326 ἀρχῆς
674 3255 845 3327 ἐπέϐη
867 3273 881 3319 ;
907 3257 989 3320 τίς
1015 3256 1290 3328 παρελύθη
1318 3257 1417 3327 τῆς
1453 3259 1662 3330 ἀρχῆς;
1689 3259 1772 3311 τί-

177 3360 268 3406 νος
297 3337 394 3395 οὗν
419 3341 604 3394 ἕνεκεν
631 3342 658 3392 6
683 3341 829 3393 δεῖνα
853 3339 1062 3410 ἐζημίω
1073 3359 1152 3393 ται
1172 3357 1186 3404 ;
1205 3340 1366 3394 πόθεν
1389 3344 1417 3395 6
1446 3343 1592 3395 δεῖνα
1614 3343 1774 3414 ἐκέρ-

173 3426 305 3478 δανε
375 3425 470 3478 καὶ
534 3422 688 3494 [⁸2⁵041
745 3422 1120 3495 εὐπορώτερος
1182 3424 1406 3492 γέγονε;
1453 3425 1505 3478 τί
1551 3426 1769 3479 κατέλι-

178 3526 279 3561 πεν
312 3510 343 3562 6
372 3507 522 3561 δεῖνα
569 3508 648 3578 τῷ
694 3508 827 3561 δεῖνι
859 3507 1157 3571 τελευτῶν;
1193 3509 1311 3572 πῶς
1341 3509 1398 3562 δέ
1427 3512 1456 3563 6
1483 3509 1629 3563 δεῖνα
1662 3511 1770 3564 ἀπ-

178 3592 394 3661 έτυχεν,
423 3591 502 3652 εἰς
524 3590 651 3652 τοὺς
680 3591 930 3661 πρώτους
960 3589 1068 3643 τῶν
1097 3591 1450 3663 κληρονόμων
1491 3595 1772 3664 ἐγγραφή-

179 3673 373 3726 σεσθαι
407 3672 817 3743 προσδοκήσας;
867 3674 962 3727 καὶ
1012 3673 1182 3729 πολλὰ
1209 3675 1370 3747 ἕτερα
1395 3677 1636 3732 τοιαῦτα.
1674 3679 1765 3748 Μὴ

178 3759 243 3829 δὴ
284 3758 357 3810 τὰ
401 3755 625 3810 τοιαῦτα
657 3757 1058 3829 διαλεγώμεθα.
1096 3759 1229 3829 μηδέ
1268 3760 1468 3830 ἐτέρων
1493 3761 1767 3830 διαλεγόν-

178 3860 289 3896 των
328 3839 683 3911 ἀνεχώμεθα·
718 3842 854 3895 ἀλλά
890 3843 1181 3914 σκοπῶμεν
1225 3844 1278 3896 τί
1311 3845 1618 3911 ποιοῦντας,
1646 3846 1678 3918 ἦ
1713 3847 1766 3900 τί

178 3927 443 3994 λέγοντας
477 3925 622 3978 ἐστιν
656 3925 856 3998 ἀρέσαι
884 3926 1022 3998 Θεῷ.
1051 3927 1217 3981 Πάλιν
1261 3928 1375 3982 ἐστι
1419 3931 1639 4001 σιγῆσαι
1678 3930 1766 3986 διὰ

175 4009 274 4062 τὸν
296 4009 452 4068 Θεὸν,
480 4007 854 4080 ὑϐριζόμενος,
883 4008 1308 4082 λοιδορούμενος,
1343 4012 1514 4081 μυρία
1543 4012 1765 4084 πάσχων

174 4093 350 4152 uati,
386 4092 454 4145 ἂν
487 4091 660 4162 φέρῃς
692 4093 975 4160 γενναίως,
1006 4094 1100 4144 καὶ
1137 4093 1302 4162 μηδὲν
1335 4094 1487 4164 ῥῆμα
1519 4093 1765 4166 βλάσφη-

175 4192 282 4244 μον
314 4174 607 4247 ἐξενέγκῃς
630 4177 708 4235 εἰς
730 4175 818 4227 τὸν
837 4175 1008 4228 ταῦτα
1032 4175 1308 4230 ποιοῦντα.
1342 4177 1455 4229 Οὐκ
1485 4179 1764 4232 ἐπαινέσαι

170 4259 235 4311 δὲ
270 4259 368 4312 καὶ
397 4258 560 4328 ψέξαι
593 4259 772 4329 μόνον,
805 4259 926 4312 οὐδέ
970 4258 1117 4312 ἔνδον
1154 4261 1334 4328 μεῖναι
1371 4262 1467 4314 καὶ
1502 4260 1760 4325 ἐξελθεῖν,

169 4343 301 4396 οὐδὲ
336 4342 675 4411 φθέγξασθαι
708 4344 800 4397 καὶ
825 4344 1071 4413 σιγῆσαι,
1099 4343 1233 4396 ἀλλὰ
1268 4344 1363 4397 καὶ
1394 4343 1627 4398 κλαῦσαι
1669 4347 1764 4399 καὶ

168 4426 512 4497 λυπηθῆναι,
542 4426 633 4478 καὶ
675 4426 906 4497 ἡσθῆναι
950 4428 1040 4479 καὶ
1089 4426 1458 4498 εὐφρανθῆναι
1504 4426 1652 4480 ἔστιν
1684 4430 1765 4494 είς

163 4510 336 4574 δόξαν
363 4509 699 4564 Θεοῦ.”’οταν
739 4511 849 4581 γὰρ
890 4509 1004 4582 ἴδῃς
1043 4512 1075 4582 ἦ
1101 4510 1328 4579 ἀδελφὸν
1356 4513 1760 4583 ἁμαρτάνοντα,

164 4594 204 4664 ἢ
238 4593 443 4646 σαυτὸν
477 4593 881 4664 παραπτώματι
915 4593 1302 4665 περιπεσόντα,
1346 4589 1464 4646 εἶτα
1504 4594 1764 4667 στενάξῃς

164 4682 267 4732 καὶ
319 4679 592 4749 λυπηθῇς,
619 4678 914 4748 ἐκέρδανας
960 4677 1068 4730 ἀπὸ
1107 4677 1202 4747 τῆς
1260 4677 1436 4747 λύπης
1488 4679 1762 4749 σωτηρίαν

159 4761 614 4832 ἀμεταμέλητον,
664 4760 916 4830 καθάπερ
961 4761 990 4812 6
1035 4759 1245 4822 Παῦλός
1289 4776 1486 4830 φησιν·
1540 4761 1602 4813 Ἡ
1649 4765 1762 4830 γὰρ

159 4845 330 4900 κατὰ
363 4844 515 4899 Θεὸν
536 4846 702 4910 λύπη
736 4843 1039 4910 σωτηρίαν
1064 4842 1514 4911 ἀμεταμέλητον
1548 4860 1759 4911 κατερ-

161 4928 535 5000 πτίζεται.Ἆν
575 4928 690 5000 ἴδῃς
712 4928 739 4966 δ
769 4927 1159 4999 εὐδοκιμοῦντα
1187 4927 1396 4998 ἕτερον,
1425 4923 1546 4982 εἶτα
1573 4929 1647 5001 μὴ
1671 4931 1763 5001 βα-

161 5014 408 5084 ακήνῃς,
440 5010 554 5065 ἀλλ’
586 5010 663 5074 ὠς
705 5011 799 5064 ἐπὶ
843 5011 1062 5074 οίκείοις
1105 5009 1328 5077 ἀγαθοῖς
1360 5011 1761 5085 εὐχαριστησῃς

154 5096 243 5167 τῷ
284 5093 434 5164 Θεῷ.
463 5093 542 5163 τῷ
568 5095 854 5164 ποιήσαντι
879 5092 1129 5164 λαμπρόν
1158 5110 1251 5145 σου
1280 5093 1372 5146 τὸν
1402 5095 1650 5164 ἀδελφὸν,
1665 5097 1760 5150 καὶ

152 5180 265 5248 τῆς
297 5179 476 5249 χαρᾶς
499 5176 704 5248 ταύτης
745 5174 911 5229 πολὺν
937 5175 1129 5240 ἔλαϐες
1151 5176 1242 5232 τὸν
1272 5176 1486 5248 μισθόν.
1653 5173 1656 5177 ’

229 5500 245 5523 ⁸
274 5501 361 5570 Sic
398 5500 512 5550 Sav.
547 5503 702 5561 magis
733 5503 1115 5570 prqpriAquuan:
1149 5503 1337 5570 Monlﬁ,
1361 5491 1602 5570 quiflegﬂ
1640 5507 1755 5570 βάλ-

149 5567 394 5616 ὶενιιίιεδε
429 5571 605 5613 unum
636 5586 647 5612 :
687 5580 703 5610 ι
748 5568 828 5614 καὶ
866 5567 1052 5629 βάλλειν
1084 5567 1228 5616 deest
1265 5567 1314 5616 in
1350 5567 1563 5641 duobus."
1585 5567 1697 5617 mis.
1731 5585 1750 5618 ο

227 5685 256 5723 δ
278 5687 409 5758 ᾼιιιε
429 5690 534 5758 ἴδῃς
560 5689 731 5739 Morel.
751 5689 899 5740 habet
922 5691 1088 5745 οὕτως.
1106 5691 1212 5740 Mox
1235 5689 1431 5754 quidam
1455 5631 1660 5749 ωςξυιῗξ
1680 5693 1754 5742 ἐπὶ

145 5753 338 5804 κοινοῖς
364 5753 568 5810 ἀγαθοῖς.

1577 307 1646 364 ΙΝ
1681 304 2065 364 KALENDAS.

3362 301 3470 360 κθ

1964 413 2094 466 ε’.Τί
2123 412 2314 482 γένοιτ’
2340 415 2403 468 ἂν
2427 411 2539 477 οὖν,
2572 415 2692 469 εἰπέ
2722 432 2833 487 μοι,
2855 414 2964 469 τῶν
2990 413 3276 486 βασκάνων
3306 414 3476 468 ἐλεει-

1887 497 2120 567 νότερον,
2139 497 2266 550 ὅταν
2295 498 2412 562 ἐξὸν
2444 500 2537 553 καὶ
2569 500 2774 570 χαίρειν
2807 499 2902 553 καὶ
2934 497 3236 568 κερδαίνειν
3263 497 3352 550 διὰ
3373 501 3473 568 τὴν

1885 581 2082 652 χαράν,
2115 582 2268 634 αὐτοὶ
2294 583 2387 634 καὶ
2418 583 2703 636 λυπεῖσθαι
2723 584 2985 654 αἱρῶνται
3016 584 3215 654 μᾶλλον
3237 583 3332 637 ἐπλ⁸
3352 587 3471 647 ταῖς

1883 664 1991 717 τῶν
2023 665 2224 738 ἐτέρων
2265 666 2674 736 εὐδοκιμήσεσι,
2701 667 2797 721 καὶ
2849 667 2986 738 μετὰ
3031 669 3129 738 τῆς
3172 667 3348 739 λύπης
3390 668 3471 721 ἐτι

1883 747 1976 799 καὶ
2026 747 2246 801 κόλασιν
2299 750 2633 803 ἐπισπᾶσθαι
2679 750 2832 821 παρά
2866 749 2957 803 τοῦ
2991 750 3148 817 Θεοῦ,
3175 752 3271 804 καί
3299 768 3470 821 τιμω-

1884 829 2008 902 ρίαν
2037 831 2340 903 ἀφόρητον;
2376 833 2486 886 Kal
2513 835 2566 887 τί
2594 833 2700 906 χρὴ
2729 832 2907 903 λέγειν
2941 835 3215 900 ἐπαίνους,
3246 835 3339 889 καὶ
3371 834 3470 903 ψό-

1883 929 2036 980 γους,
2070 915 2166 968 καὶ
2210 916 2408 980 λύπας,
2441 917 2535 970 καὶ
2580 916 2772 988 χαρὰς,
2801 919 2933 972 ὅπου
2976 935 3040 987 γε
3083 918 3179 971 καὶ
3229 917 3337 971 ἀπὸ
3361 917 3472 970 τῶν

1886 997 2226 1068 μικροτάτων
2252 1000 2430 1053 αὐτῶν
2471 1001 2565 1054 καὶ
2605 1000 3001 1055 εὐτελεστάτων
3038 1002 3376 1073 πραγμάτων
3401 1001 3479 1055 τὰ·

1885 1080 2096 1151 μέγιστ’
2136 1082 2251 1134 ἐστι
2302 1081 2722 1154 καρπώσασθαι,
2769 1083 2835 1138 ἂν
2874 1084 2961 1138 διὰ
3015 1084 3106 1139 τὸν
3152 1084 3284 1136 Θεὸν
3329 1083 3470 1136 αὐτά

1882 1165 2165 1236 ποιῶμεν;
2202 1167 2267 1220 Τί
2297 1169 2404 1239 γὰρ
2432 1167 2528 1220 τοῦ
2560 1167 2851 1239 κείρασθαι
2879 1167 3292 1239 εὐτελεστερον;
3329 1167 3467 1221 Ἀλλ’

1882 1249 1998 1302 ἔστι
2046 1251 2142 1303 καὶ
2185 1249 2345 1304 τοῦτο
2379 1252 2604 1321 ποιῆσαι
2632 1251 2720 1305 διὰ
2752 1252 2844 1306 τὸν
2884 1252 3217 1306 Θεόν.”’οταν
3251 1252 3360 1323 γάρ
3390 1253 3465 1324 μὴ

1878 1335 1980 1403 τὴν
2021 1335 2197 1406 κόμην
2226 1336 2434 1408 διαθῇς,
2467 1336 2601 1407 μηδὲ
2634 1337 2983 1409 καλλωπίσῃς
3011 1337 3110 1408 τὴν
3148 1337 3293 1405 ὅφιν,
3330 1336 3465 1406 μηδέ

1880 1417 2019 1489 πρὸς
2044 1417 2239 1490 δέλεαρ
2271 1420 2361 1473 καὶ
2400 1419 2617 1490 ἀπάτην
2653 1419 2761 1474 τῶν
2793 1420 3045 1491 ὁρώντων
3077 1421 3270 1473 σαυτὸν
3298 1437 3466 1472 κατα-

1879 1501 2197 1573 κοσμήσῃς,
2233 1503 2345 1556 ἀλλ’
2379 1502 2564 1566 ἁπλῶς
2611 1503 2705 1556 καὶ
2746 1503 2820 1567 ώς
2873 1503 3030 1573 ἔτυχε
3105 1503 3200 1559 καὶ
3250 1503 3374 1556 ὅσον
3430 1505 3464 1574 ἡ

1877 1585 2038 1655 χρεία
2088 1586 2310 1640 ἀπαιτεῖ
2352 1587 2534 1657 μόνον,
2568 1586 2657 1639 διὰ
2687 1586 2776 1639 τὸν
2810 1586 2942 1640 Θεὸν
2980 1586 3138 1638 τοῦτο
3177 1585 3462 1657 ἐποίησας,

1877 1666 1972 1719 καὶ
1999 1668 2219 1733 πάντως
2251 1669 2394 1733 ἔξεις
2434 1669 2525 1722 τὸν
2562 1668 2774 1740 μισθὸν,
2809 1669 2890 1722 ὅτι
2938 1669 3233 1738 ἐπιθυμίαν
3275 1670 3467 1722 ἐκόλα-

1879 1765 1976 1813 σας
2022 1752 2285 1822 πονηρὰν,
2328 1752 2422 1805 καὶ¹
2465 1751 2774 1821 φιλοτιμίαν
2820 1751 3046 1823 ἄκαιρον
3080 1751 3364 1821 ἐνέκοψας.
3403 1753 3465 1805 El

1875 1833 1982 1904 γὰρ
2026 1835 2054 1887 6
2101 1833 2359 1905 ποτήριον
2411 1834 2569 1905 μόνον
2613 1834 2822 1905 ψυχροῦ
2867 1835 2990 1899 δοὺς
3041 1834 3130 1888 διὰ
3175 1836 3269 1889 τὸν
3308 1836 3462 1898 Θεὸν,

1878 1917 2156 1987 βασιλείαν
2205 1918 2453 1990 οὐρανῶν
2501 1918 2924 1990 κληρονομήσει,
2980 1920 3008 1972 6
3059 1919 3234 1972 πάντα
3292 1919 3467 1973 ποιῶν

1873 2000 1959 2054 διὰ
1987 2000 2077 2054 τὸν
2106 2001 2238 2054 Θεὸν
2259 2002 2511 2072 ἐννόησον
2544 2002 2718 2073 πόσης
2752 2000 3119 2055 ἀπολαύσεται
3163 2003 3265 2073 τῆς
3304 2005 3464 2073 ἀμοι-

1873 2085 2160 2154 ϐῆς.Ἔστι
2211 2086 2306 2138 καὶ
2357 2085 2592 2154 βαδίζειν
2635 2084 2720 2138 διὰ
2770 2084 2860 2138 τὸν
2913 2085 3065 2149 Θεὸν,
3104 2087 3198 2140 καὶ
3244 2085 3462 2156 βλέπειν

1871 2169 1958 2222 διὰ
1998 2169 2090 2222 τὸν
2137 2168 2290 2223 Θεόν.
2319 2169 2444 2235 Πῶς
2493 2170 2609 2224 ἐστι
2661 2169 2880 2240 βλέπειν
2922 2168 3012 2222 διὰ
3058 2169 3153 2223 τὸν
3178 2169 3335 2233 Θεὸν,
3366 2171 3462 2223 καὶ

1874 2251 2144 2321 βαδίζεινς
2191 2251 2360 2305 Ὅταν
2413 2252 2488 2324 μὴ
2540 2252 2676 2322 πρὸς
2730 2251 2996 2324 πονηρίαν
3053 2251 3275 2323 τρέχῃς,
3329 2251 3461 2305 ὅταν

1879 2334 1953 2406 μὴ
2011 2335 2350 2409 περιεργάζῃ
2404 2336 2474 2390 τά
2521 2335 2788 2404 ,ἀλλότρια
2861 2335 3030 2407 κάλλη
3065 2374 3080 2396 ,
3143 2335 3270 2388 ὅταν
3335 2333 3460 2388 ἰδὼν

1870 2420 2099 2486 γυναῖκα
2135 2420 2482 2485 ἀπαντῶσαν,
2507 2417 2812 2490 χαλινώσῃς
2849 2419 2940 2471 τὸν
2967 2416 3266 2487 ὀφθαλμὸν,
3291 2416 3459 2486 τειχί-

1872 2517 1972 2571 σῃς
1995 2500 2092 2572 τὴν
2115 2500 2237 2570 ὸψιν
2261 2501 2338 2573 τῷ
2361 2501 2454 2555 τοῦ
2498 2501 2632 2554 Θεοῦ
2675 2501 2847 2571 φόϐῳ,
2879 2499 2969 2554 διὰ
3005 2500 3096 2553 τὸν
3139 2500 3272 2553 Θεὸν
3308 2499 3456 2553 τοῦτ’

1870 2583 2135 2654 ἐποίησας
2156 2603 2167 2614 ·
2197 2586 2325 2638 ὅταν
2349 2583 2418 2636 τὰ
2453 2583 2529 2654 μὴ
2581 2583 2872 2650 πολυτελῆ,
2904 2583 2998 2636 καὶ
3036 2581 3459 2654 μαλακωτέρους

1870 2668 2019 2737 ἡμᾶς
2063 2667 2356 2732 ποιοῦντα,
2409 2667 2546 2720 ἀλλά
2583 2667 2650 2719 τὰ
2694 2667 2971 2738 δυνάμενα
3015 2667 3161 2737 ἡμᾶς
3211 2665 3457 2730 σκέπειν,

1869 2749 2040 2802 ταῦτα
2081 2749 2537 2822 περιϐαλλώμεθα
2573 2751 2754 2819 μόνον.
2797 2751 2951 2803 Ἔστι
2980 2751 3074 2803 καὶ
3107 2749 3300 2820 μέχρις
3326 2750 3458 2802 ὑποο

1882 2832 2140 2903 δημάτων
2157 2833 2344 2886 τοῦτον
2374 2834 2661 2902 ἐξαγαγεῖν
2677 2833 2767 2886 τὸν
2791 2833 2974 2904 νόμον.
3008 2834 3118 2887 Kal
3137 2834 3246 2904 γὰρ
3268 2831 3456 2885 πολλοὶ

1871 2921 2006 2992 πρὸς
2035 2921 2194 2973 τοῦτο
2226 2919 2485 2990 βλακείας
2515 2920 2610 2974 καὶ
2639 2921 2876 2984 ἀσωτίας
2911 2919 3222 2987 ἐξώλισθον,
3255 2919 3330 2982 ὡς
3360 2918 3456 2971 καὶ

1868 3004 1936 3055 τά
1961 3003 2281 3073 ὑποδήματα
2313 3002 2695 3067 καλλωπίζειν,
2746 3004 2839 3056 καὶ
2864 3002 3128 3056 πάντοθεν
3170 3001 3309 3055 αὐτά
3334 3019 3456 3054 ποι-

1870 3084 2094 3146 κίλλειν,
2129 3085 2226 3154 οὐχ
2259 3079 2423 3156 ἦττον
2463 3084 2496 3157 ἢ
2531 3086 2630 3148 τὰς
2661 3085 2812 3154 ὄψεις
2846 3085 3024 3156 ⁶ιΞτεροι
3047 3101 3062 3116 ο
3097 3085 3235 3154 ὅπερ
3271 3083 3453 3154 ψυχῆς

1869 3171 2016 3220 ἐστ.ν
2039 3167 2350 3239 ἀκαθάρτου
2375 3169 2472 3220 καὶ
2498 3168 2921 3239 διεφθαρμένης.
2957 3169 3020 3220 Εἰ
3042 3168 3149 3238 γὰρ
3178 3168 3273 3222 καὶ
3319 3169 3452 3221 αὑτὸ

1871 3251 2066 3321 μικρὸν
2095 3247 2233 3304 εἶναι
2269 3252 2452 3314 δοκεῖ,
2501 3251 2638 3305 ἀλλά
2675 3250 2918 3322 μεγάλης
2951 3251 3208 3316 ἐξωλείας
3251 3251 3450 3321 δεῖγμα

1868 3335 1962 3388 καὶ
1980 3334 2201 3404 ἐλεγχος
2221 3333 2286 3388 ἂν
2311 3334 2396 3404 εἴη
2413 3332 2592 3399 τοῦτο,
2613 3335 2705 3388 καὶ
2728 3335 2816 3387 ἐπ’
2839 3333 3158 3402 ἀνδρῶνκαὶ
3182 3335 3274 3387 ἐπὶ
3296 3333 3448 3405 [705]

1867 3418 2159 3485 γυναικῶν.
2201 3416 2416 3481 Ἔξεστι
2439 3418 2616 3471 τοίνυν
2645 3418 2739 3470 καὶ
2762 3416 3073 3488 ὑποδήμασι
3106 3417 3340 3489 χρῆσθαι
3361 3418 3453 3472 διὰ

1867 3502 1958 3554 τὸν
1984 3500 2136 3564 Θεὸν,
2163 3501 2289 3552 ὅταν
2319 3501 2593 3571 πανταχοῦ
2623 3500 2721 3572 τὴν
2749 3501 2938 3572 χρείαν
2967 3501 3335 3572 ἐπιζητῶμεν,
3354 3501 3452 3554 καὶ

1867 3583 2025 3638 τοῦτο
2065 3583 2263 3652 μέτρον
2288 3583 2389 3651 τῆς
2418 3583 2774 3648 ἀπολαύσεως
2802 3584 3102 3654 ποιώμεθα.
3127 3587 3234 3638 Καὶ
3251 3587 3334 3640 6::
3356 3586 3452 3639 καὶ

1867 3667 1956 3721 διὰ
2000 3668 2260 3738 βαδίσεως
2290 3667 2382 3719 καὶ
2405 3667 2493 3719 διὰ
2534 3668 2725 3737 στολῆς
2766 3668 2856 3720 ἔστ
2910 3667 3000 3720 τὸν
3027 3668 3158 3720 Θεὸν
3203 3668 3446 3732 δοξάσαι,

1868 3751 2100 3805 ἄκουσον
2121 3751 2174 3803 τί
2207 3767 2338 3819 φησι
2365 3751 2527 3818 σοφός
2557 3767 2642 3813 τις
2664 3751 2826 3822 ἀνήρ·
2845 3750 3180 3819 Στολισμὸς
3205 3751 3446 3819 ἀνδρὸς,

1868 3834 1967 3889 καί
2001 3834 2192 3904 γέλως
2223 3833 2508 3897 ὀδόντων,
2539 3833 2638 3886 καὶ
2673 3832 2846 3902 βῆμα
2872 3833 3058 3900 ποδὸς
3089 3834 3447 3903 ἀναγγέλλει

1866 3919 1940 3972 τὰ
1983 3919 2116 3985 περὶ
2177 3917 2387 3972 αὐτοῦ.
2433 3918 2604 3971 Ὅταν
2666 3918 2774 3988 γὰρ
2826 3918 3254 3988 κατεσταλμένοι
3310 3918 3446 3990 [καὶ

1868 4000 2104 4072 σεμνοὶ],
2129 4003 2223 4056 καὶ
2252 4001 2582 4072 σεμνότητος
2621 4003 2904 4073 γέμοντες,
2938 4002 3032 4056 καὶ
3063 4003 3262 4073 πολλὴν
3311 4021 3445 4055 παν-

1865 4085 2093 4157 ταχόθεν
2117 4085 2552 4157 ἐπιδεικνύμενοι
2583 4087 2682 4157 τὴν
2707 4086 3060 4158 σωφροσύνην
3089 4087 3408 4156 φαινώμεθα
3426 4105 3443 4122 ο

1866 4171 1962 4222 καὶ
2001 4169 2110 4222 ἀπὸ
2147 4169 2308 4239 ψιλῆς
2357 4170 2457 4239 τῆς
2501 4169 2790 4240 συντυχίας
2825 4171 2920 4223 καὶ
2949 4171 2978 4223 6
3009 4170 3262 4232 ἄπιστος,
3292 4171 3387 4222 καὶ
3417 4173 3446 4224 6

1865 4253 2184 4316 ἀκόλαστος,
2212 4255 2306 4306 καὶ
2337 4253 2366 4304 6
2393 4252 2705 4324 θορυϐώδης
2732 4253 2826 4305 τὸν
2856 4252 3098 4306 τοιοῦτον
3147 4251 3270 4307 ἰδὼν
3317 4253 3446 4306 θαυ-

1869 4337 2120 4406 μάσεται,
2149 4335 2252 4388 κᾶν
2267 4335 2521 4389 ἁπάντων
2543 4335 2896 4406 ἀναισθητότε
2905 4352 2996 4406 ρος
3079 4335 3197 4389 Κᾶν
3213 4341 3447 4404 γυναῖκα

1865 4420 2150 4490 ἀγώμεθα,
2185 4418 2272 4472 διὰ
2305 4419 2396 4471 τὸν
2431 4418 2564 4472 Θεὸν
2592 4418 2748 4471 τοῦτο
2794 4417 3059 4488 ποιῶμεν,
3091 4419 3175 4471 ἵνα
3228 4437 3442 4490 σωφρο-

1865 4503 2064 4573 νῶμεν,
2092 4503 2192 4571 οὐχ
2222 4501 2308 4554 ἵνα
2331 4501 2432 4571 τὴν
2447 4501 2634 4553 οὐσίαν
2653 4502 3038 4573 εὐπορωτέραν
3057 4501 3442 4574 ἐργαζώμεθα,

1866 4585 1953 4638 ἵνα
1985 4584 2164 4655 ψυχῆς
2197 4583 2478 4652 εὐγένειαν
2507 4583 2877 4655 ἐπιζητῶμεν,
2911 4584 2985 4656 μὴ
3014 4587 3312 4656 χρημάτων
3343 4604 3442 4639 πε-

1867 4667 2132 4741 ριουσίαν,
2187 4668 2325 4736 μηδὲ
2349 4668 2629 4738 προγόνων
2654 4670 3034 4740 περιφάνειαν,
3063 4670 3198 4724 ἀλλά
3225 4672 3442 4742 τρόπων

1863 4751 2062 4823 ἀρετὴν
2087 4751 2180 4804 καὶ
2208 4751 2538 4805 ἐπιείκειαν·
2575 4753 2917 4824 συνέμπορον
2954 4753 3047 4806 τοῦ
3079 4753 3194 4823 βίου
3232 4754 3442 4824 λαμϐά-

1863 4853 2063 4906 νωμεν,
2095 4834 2217 4904 οὐχὶ
2251 4835 2554 4906 καπηλείας
2594 4839 2872 4889 κοινωνόν.
2903 4837 3012 4889 Kal
3040 4837 3092 4890 τί
3137 4837 3218 4890 δεῖ
3264 4839 3442 4892 πάντα

1863 4919 2226 4987 καταλέγεινς
2271 4919 2488 4984 Ἔξεστι
2521 4918 2632 4991 γὰρ
2683 4919 2870 4973 λοιπὸν
2924 4922 3056 4990 ἡμῖν
3107 4922 3172 4974 ἐκ
3224 4922 3332 4975 τῶν
3364 4925 3440 4975 εἰ·

1865 5019 1932 5075 ρη
1941 5002 2116 5074 μένων
2142 5001 2374 5056 ἕκαστον
2398 5003 2670 5073 ἐφοδεύειν
2697 5004 2808 5057 τῶν
2834 5005 3133 5074 γινομένων
3157 5007 3251 5060 καὶ⁸
3275 5023 3440 5076 πρατε

1860 5085 2126 5156 τομένων,
2151 5086 2244 5138 καὶ
2262 5085 2437 5140 πάντα
2469 5086 2557 5140 διὰ
2577 5087 2668 5139 τὸν
2692 5087 2825 5141 Θεὸν
2841 5091 3032 5143 ποιεῖν.
3056 5090 3167 5142 Kal
3191 5089 3440 5162 καθάπερ

1861 5171 1912 5222 οἱ
1941 5167 2174 5240 ἔμποροι
2201 5169 2585 5240 περιπλέοντες
2622 5171 2684 5223 τὸ
2715 5170 2970 5239 πέλαγος,
3017 5175 3110 5227 καὶ
3137 5175 3217 5236 είς
3257 5174 3440 5239 πόλεις

1859 5252 2198 5324 όρμίζοντες,
2247 5253 2305 5305 οὐ
2337 5253 2602 5324 πρότερον
2652 5255 3006 5310 ἀποϐαίνουσι
3055 5256 3147 5310 τοῦ
3198 5257 3436 5327 λιμένος,

1859 5335 1980 5388 οὐδὲ
2011 5337 2090 5396 είς
2117 5335 2214 5406 τὴν
2241 5336 2447 5406 ἀγορὰν
2468 5336 2873 5403 ἀναϐαίνουσιν,
2904 5339 3010 5402 ἓως
3035 5339 3101 5393 ἂν
3136 5341 3437 5407 πύθωνται,

1858 5419 1940 5472 ὅτι
1973 5417 2160 5488 κέρδος
2182 5417 2294 5488 ἔχει
2321 5437 2373 5471 τι
2401 5420 2509 5472 τῶν
2537 5422 2653 5474 ἐκεῖ
2677 5423 3111 5494 ἀποτεθειμένων
3135 5441 3148 5454 ⁸
3175 5424 3315 5479 οὑτω
3342 5428 3438 5480 καὶ

1861 5504 1926 5584 cf;
1950 5501 2280 5584 μηδὲνῗμήτε
2309 5502 2542 5577 πράξῃς,
2562 5507 2685 5576 μήτ’
2712 5508 2893 5579 εἴπῃς,
2924 5508 2990 5561 ἂν
3017 5508 3090 5578 μὴ
3121 5508 3307 5581 κέρδος
3337 5511 3435 5584 ἔχῃ

1857 5583 1920 5636 τὸ
1942 5583 2082 5637 κατά
2107 5583 2263 5637 Θεόν.
2284 5586 2392 5639 Kal
2418 5590 2490 5658 μή
2521 5605 2607 5657 μοι
2638 5588 2760 5658 λέγε
2789 5591 2871 5644 δτι
2900 5591 2960 5643 οὐ
2994 5591 3214 5644 δυνατὸν
3235 5591 3323 5645 διὰ
3349 5583 3438 5646 τὸν

1859 5667 1992 5720 Θεὸν
2035 5667 2214 5722 πάντα
2243 5673 2435 5724 ποιεῖν.
2464 5671 2633 5726 Ὅταν
2658 5674 2767 5746 γὰρ
2800 5677 3070 5740 ὑπόδεσις,
3106 5677 3197 5729 καὶ
3229 5679 3399 5748 κουρᾶ
3419 5719 3434 5742 ,

1865 5751 1961 5805 καὶ
1982 5752 2212 5824 ἱματίων
2236 5755 2415 5829 στολὴ,
2443 5758 2534 5812 καὶ
2553 5757 2778 5830 βάδισις,
2808 5763 2900 5816 xal
2918 5761 3059 5833 ὄψις,
3085 5763 3177 5816 καὶ
3193 5763 3434 5835 ῥήματα,
