4018 6190
234 292 340 349 9M

231 433 345 482 Elis,
377 426 644 487 aspectus,
674 417 835 474 verba
856 458 874 486 ,
899 432 1182 477 consessus
1200 462 1216 488 ,
1240 422 1512 494 ingressus
1538 467 1553 491 ,
1589 428 1765 485 exitus
1789 469 1811 500 ,

228 508 439 566 facetia:
465 549 484 572 ,
510 507 875 578 laudationes,
909 509 1351 583 vituperationes,
1398 519 1817 575 commendatio-

227 617 351 666 nes,
377 600 647 667 amicitur,
672 598 964 656 inimicitia:
981 614 1203 671 possunt
1228 617 1449 676 propter
1472 609 1638 664 Deum
1665 610 1813 668 lieri:

224 692 354 763 quid
383 698 566 756 restat,
593 690 637 744 si
657 690 996 756 voluerimus,
1017 693 1157 762 quod
1186 710 1290 749 non
1316 699 1580 765 possimus
1600 712 1818 770 propter

226 785 398 840 Deum
429 782 641 839 facere?
667 782 801 850 Quid
828 786 1060 839 carceris
1085 787 1395 843 custodibus
1421 790 1656 847 deterius
1696 808 1817 849 esse

222 876 441 947 potest?
489 874 676 930 Nonne
702 877 813 930 lucc
837 877 943 930 vita
968 879 1206 932 omnium
1229 880 1553 950 nequissima
1589 898 1709 939 esse
1731 884 1812 938 vi~

226 968 421 1025 detur?
458 969 607 1027 Licet
634 978 812 1024 tamen
840 970 888 1024 ei
918 970 1010 1039 qui
1051 971 1177 1027 velit
1227 972 1351 1028 inde
1379 974 1588 1032 lucrum
1629 992 1815 1048 repor-

223 1072 362 1122 tare,
376 1060 593 1129 quando
614 1059 803 1113 vinctis
817 1060 1003 1127 parcit,
1026 1061 1448 1132 quandoiujuste
1470 1065 1523 1119 in
1539 1081 1812 1124 carcerem

222 1150 689 1220 conjectoscnrat,
711 1158 764 1204 et
793 1150 845 1205 in
874 1150 1064 1206 alienis
1082 1152 1476 1213 cnlamitatibus
1498 1173 1609 1212 non
1646 1173 1812 1228 uego-

216 1242 386 1296 tiatur
424 1241 683 1310 :quando
721 1241 1020 1296 communis
1064 1245 1374 1313 proponitur
1401 1248 1649 1302 omnibus
1675 1248 1814 1303 allii-

220 1338 325 1389 ctis
358 1344 566 1404 portus.
609 1332 685 1387 lta
724 1342 905 1388 custos
929 1335 1161 1389 carceris
1193 1336 1339 1390 Pauli
1371 1339 1595 1394 salutem
1621 1351 1810 1398 nactus

212 1436 305 1481 est
333 1426 359 1497 (
382 1428 494 1479 Act.
526 1425 611 1480 16.
634 1426 725 1480 ‘27.
754 1443 865 1499 sqq.
902 1429 957 1497 ):
992 1427 1130 1482 unde
1157 1429 1321 1498 liquet
1347 1447 1444 1485 nos
1467 1448 1534 1487 ex
1564 1434 1810 1490 omnibus

214 1517 405 1580 rebus,
441 1516 486 1570 si
511 1518 858 1586 voluerimus,
889 1518 1091 1589 lucrum
1124 1520 1298 1575 facere
1319 1537 1499 1593 posse.

290 1608 347 1663 6.
374 1607 540 1677 Quid,
569 1623 777 1678 quaeso,
807 1608 953 1664 caede
978 1609 1243 1681 indignius
1266 1626 1384 1668 esse
1410 1613 1625 1684 potest?
1649 1617 1807 1670 Atta-

217 1714 344 1769 men
369 1698 626 1769 justitiam
657 1696 848 1754 atl‘erre
876 1702 1048 1770 potuit
1071 1702 1230 1757 etiam
1261 1705 1359 1759 hoc
1387 1705 1608 1771 facinus,
1639 1708 1688 1762 ei
1716 1707 1807 1779 qui

210 1790 509 1847 adtitiserat
538 1807 552 1843 ;
582 1789 711 1844 tanti
737 1799 819 1844 cst
846 1803 1065 1861 propter
1094 1792 1258 1848 Dcutn
1288 1795 1575 1867 quidquam
1606 1796 1802 1853 facere.

216 1883 289 1936 At
315 1881 583 1953 quomodo
610 1881 964 1950 potuitczndcs
979 1882 1238 1951 justi:iam
1257 1884 1484 1940 afferre?
1510 1886 1807 1942 Madianita:

214 1975 345 2030 olim
374 1975 620 2030 volebant
647 1972 911 2029 infensum
942 1975 1105 2030 Deum
1134 1976 1335 2033 Judaeis
1366 1982 1540 2034 facere
1559 2023 1573 2045 ,
1604 1980 1702 2036 hac
1723 1983 1803 2035 via

214 2065 459 2121 arbitrati
486 2080 545 2120 se
574 2065 692 2120 illos
718 2080 969 2135 superare
1000 2082 1154 2136 posse
1180 2110 1194 2135 ,
1233 2068 1278 2123 si
1309 2068 1677 2125 benevolentia
1711 2072 1805 2127 Dei

204 2156 344 2212 illos
379 2150 682 2228 privarunt;
730 2157 934 2227 puellas
972 2170 1327 2225 exornantcs,
1357 2172 1413 2216 et
1450 2161 1502 2216 in
1533 2163 1801 2219 exercitus

212 2257 510 2319 conspectu
529 2248 876 2314 collocantcs,
907 2249 1343 2307 lcnoeinabantur
1373 2269 1486 2319 eos,
1520 2265 1573 2309 et
1597 2254 1662 2309 ad
1693 2266 1806 2310 stu-

212 2358 373 2412 prum
393 2345 587 2413 primo,
609 2342 802 2398 deinde
827 2342 986 2403 etiam
1008 2332 1074 2398 ad
1097 2330 1418 2414 impietatem
1449 2347 1801 2403 adducebant.

203 2434 330 2492 Hoc
354 2449 477 2491 cum
499 2435 720 2491 vidisset
746 2434 973 2495 Phinees
998 2478 1014 2503 ,
1050 2438 1184 2494 duos
1222 2440 1274 2493 in
1315 2441 1427 2510 ipsa
1454 2440 1804 2500 fornicatione

212 2527 658 2598 deprehendens,
701 2528 942 2585 districto
982 2530 1155 2600 gladio
1201 2541 1454 2603 utrosque
1485 2534 1799 2598 transfodit,

208 2620 416 2690 Deique
446 2620 578 2674 iram
607 2636 637 2675 a
669 2620 932 2675 destinata
957 2624 1220 2686 sententia
1241 2621 1455 2678 deduxit
1475 2622 1665 2695 (Nam.
1685 2626 1800 2696 ‘25).

204 2714 291 2768 Ac
318 2714 523 2769 [acinus
547 2713 762 2783 quidem
793 2714 964 2785 ipsum
991 2715 1167 2769 caules
1200 2716 1298 2771 fuit
1329 2734 1343 2772 :
1378 2715 1581 2773 fructus
1621 2729 1798 2774 autem

198 2806 376 2869 illius,
402 2807 635 2879 omnium
661 2804 1050 2875 pcrdendorum
1079 2806 1223 2862 salus
1253 2825 1265 2860 :
1298 2808 1436 2863 unde
1464 2817 1519 2863 et
1538 2806 1798 2879 justitiam

200 2897 390 2952 attulit
409 2897 480 2962 ci,
511 2897 601 2966 qui
629 2896 729 2950 hoc
757 2897 901 2951 fecit.
935 2895 1002 2952 Et
1028 2911 1131 2952 non
1162 2897 1319 2952 modo
1343 2914 1448 2952 non
1480 2915 1665 2954 manus
1689 2899 1804 2955 luce

198 2986 391 3041 caules
431 2987 724 3056 inquinavit
755 3025 770 3048 ,
813 2988 908 3041 sed
951 2987 1119 3040 multo
1162 2987 1320 3041 etiam
1366 2987 1609 3057 puriores
1651 2986 1797 3043 fecit.

201 3083 390 3155 Atque
417 3077 467 3133 id
487 3078 609 3149 jure
633 3079 844 3148 quidem
870 3095 884 3132 :
913 3094 1019 3133 non
1045 3078 1189 3134 enim
1214 3094 1280 3134 ex
1305 3094 1489 3134 eorum
1516 3079 1639 3135 odio
1667 3095 1823 3161 quos)

200 3169 507 3237 interfecit,
527 3184 579 3226 et
608 3171 822 3237 invidia,
853 3171 950 3226 sed
981 3180 1037 3226 ut
1060 3186 1264 3233 eorum,
1290 3172 1380 3242 qui
1405 3171 1797 3240 superfuerant,

198 3263 370 3319 saluti
410 3264 748 3331 consuleret,
781 3263 880 3318 hoc
908 3262 1164 3334 suscepit.
1217 3263 1359 3317 Duos
1403 3260 1708 3329 interfecit,
1749 3272 1804 3317 et

202 3357 476 3413 inlinitam
528 3356 800 3412 hominum
844 3357 1231 3412 multitudinem
1279 3358 1529 3412 servavit.
1574 3354 1803 3412 Perinde

199 3460 395 3504 autem
425 3447 551 3503 fecit
576 3462 641 3503 ac
664 3448 860 3503 medici
887 3449 1082 3515 solent,
1109 3447 1197 3518 qui
1231 3460 1406 3516 partes
1428 3446 1669 3517 corporis
1702 3462 1801 3517 pn-

203 3538 871 3610 tresccntesamputando,
896 3538 1156 3610 integrum
1178 3548 1232 3593 et
1251 3554 1438 3593 sanum
1460 3552 1652 3607 corpus
1673 3553 1803 3592 con-

200 3640 433 3689 servant
464 3650 478 3685 :
512 3630 589 3686 sic
616 3640 670 3686 ct
711 3631 799 3686 ille
838 3629 983 3703 fecit.
1029 3629 1319 3701 Propterea
1363 3626 1641 3684 Psaltnista
1679 3629 1753 3682 ait
1784 3646 1798 3682 :

206 3723 362 3779 Stetit
392 3720 650 3789 Phincos,
682 3731 731 3776 et
758 3722 974 3793 placavit
993 3762 1008 3787 ,
1036 3733 1082 3777 et
1109 3710 1316 3776 cessavit
1341 3721 1617 3793 quassatio,
1640 3728 1687 3775 et
1714 3737 1797 3775 re—

207 3827 448 3887 pudium
464 3827 535 3872 est
557 3817 633 3871 illi
659 3816 726 3869 ad
738 3816 1014 3884 justitiam,
1042 3832 1073 3868 α
1096 3816 1420 3887 generatione
1440 3814 1508 3868 ad
1531 3814 1806 3887 generatio-

210 3923 362 3973 nem,
394 3922 554 3977 usque
594 3907 644 3960 in
681 3906 1037 3975 sempiternum
1063 3908 1083 3978 (
1114 3905 1257 3961 Paul.
1290 3905 1411 3961 103.
1442 3903 1510 3961 50
1534 3903 1554 3976 )
1582 3923 1593 3958 :
1629 3904 1804 3974 itaque

204 3997 533 4053 immortalis
548 3996 705 4067 hujus
719 4007 866 4052 recte
882 3998 999 4051 facti
1019 3998 1270 4052 memoria
1289 4005 1580 4067 permanet.
1602 3994 1804 4050 Rursus

204 4088 348 4142 alios
384 4087 557 4143 oravit
580 4096 635 4143 et
658 4087 926 4143 lacessivit
960 4088 1123 4142 Deum
1153 4105 1167 4142 :
1195 4088 1328 4143 adeo
1355 4098 1437 4143 est
1464 4085 1662 4158 aliquid
1699 4102 1803 4141 non

206 4191 436 4252 propter
464 4182 634 4237 Deum
677 4180 855 4238 facere
887 4201 901 4238 :
931 4182 1259 4239 Pharismum
1300 4183 1421 4237 dico
1468 4180 1637 4255 (Luc.
1671 4179 1802 4251 18).

198 4272 323 4329 Sed
342 4271 793 4343 quemadmodum
821 4272 1051 4329 Phinees
1079 4273 1237 4331 etiam
1262 4287 1383 4328 cum
1411 4272 1610 4327 caedem
1640 4266 1799 4325 fecis-

230 4522 424 4536 μ..-

234 4520 3098 4553 W

1244 310 1557 371 ΗΟΠῙΜᾸΞ
1599 317 1688 373 ΒΕ
1724 317 2024 379 ΙΔῑΑΒΟ.
2052 352 2122 366 --
2150 324 2497 387 MUNITUM.

3404 353 3509 408 N79.

1917 443 2039 501 set,
2068 439 2331 533 gratiosus
2357 445 2500 515 apud
2541 447 2708 505 Deum
2753 450 2887 509 fuit:
2917 456 2997 511 sic
3022 465 3077 513 et
3120 459 3222 515 iste
3263 477 3370 518 non
3409 478 3505 533 per

1922 529 2281 595 precationem
2302 535 2540 605 oﬂ'endit,
2567 539 2663 595 scd
2688 556 2785 612 per
2807 546 2969 600 animi
2994 547 3344 618 affectionem,
3372 529 3506 622 qua-

1918 630 2042 711 cum
2069 622 2407 711 precabatur,
2436 629 2714 700 prolapsus
2738 642 2837 688 est.
2867 636 2943 690 lta
2966 636 3127 693 etiam
3154 641 3199 695 si
3228 641 3505 711 spirituate

1919 705 2115 777 aliquid
2141 711 2301 767 fuerit
2319 756 2334 781 ,
2367 717 2411 770 si
2445 727 2619 774 tamen
2648 733 2866 793 propter
2894 726 3060 782 Deum
3089 744 3193 784 non
3226 705 3350 799 fiat,
3376 747 3502 789 cum

1921 800 2109 866 primis
2135 803 2283 858 illum
2311 806 2485 874 laedit,
2516 812 2605 880 qui
2646 815 2789 868 facit.
2822 815 3280 883 Quemadmodum
3315 824 3359 878 si
3398 826 3500 879 ali-
3554 818 3574 844 “·

1919 890 2044 958 quid
2084 895 2340 984 swculare
2378 912 2594 969 propter
2632 903 2795 959 Deum
2832 910 2941 975 fiat,
2970 909 3254 966 admodum
3288 913 3503 984 adjuvat

1919 993 2063 1046 cum,
2092 983 2180 1052 qui
2221 1000 2340 1042 eum
2383 991 2625 1064 religiosa
2671 994 2723 1049 id
2766 996 2891 1052 facit
2937 1011 3134 1055 mente.
3179 1003 3314 1069 Quid
3356 1005 3499 1061 enim

1916 1074 2063 1128 caede
2090 1080 2300 1145 gravius
2326 1091 2419 1137 aut
2453 1085 2764 1143 horribilius
2790 1105 2910 1146 esse
2939 1094 3152 1163 potest?
3179 1095 3385 1151 Justum
3417 1109 3499 1152 ta-

1916 1179 2039 1218 men
2068 1167 2245 1224 cll‘ecit
2266 1188 2390 1226 eum
2417 1175 2509 1243 qui
2551 1175 2605 1230 id
2631 1192 2791 1233 ausus
2817 1191 2918 1235 est.
2940 1182 3161 1248 Qualem
3186 1200 3312 1255 ergo
3337 1203 3498 1242 excu-

1913 1256 2174 1315 sationem
2200 1261 2513 1320 habebimus
2536 1283 2633 1323 nos
2650 1311 2665 1334 ,
2690 1271 2778 1340 qui
2794 1273 3020 1329 dicimus
3044 1291 3109 1330 ex
3133 1278 3380 1333 onmibus
3407 1295 3496 1335 re-

1915 1345 2016 1401 bus
2036 1348 2345 1409 lucrifacere
2367 1364 2421 1409 et
2441 1359 2619 1412 omnia
2647 1371 2864 1430 propter
2882 1363 3050 1418 Deum
3080 1381 3176 1420 nos
3196 1369 3367 1422 facere
3389 1384 3496 1426 non

1914 1448 2105 1504 posse,
2135 1456 2255 1496 cum
2297 1444 2627 1503 inveniamus
2655 1451 2813 1505 etiam
2841 1453 2930 1522 qui
2952 1470 2982 1507 e
3013 1456 3159 1510 cmde
3187 1457 3391 1512 lucrum
3421 1461 3497 1514 fc-

1912 1531 2138 1585 ccrunt?
2166 1532 2221 1587 Si
2243 1534 2477 1590 animum
2497 1539 2775 1602 advertere
2806 1544 3146 1611 voluerimus,
3169 1547 3282 1602 sive
3306 1562 3495 1604 cmen-

1912 1620 2072 1687 dum,
2101 1623 2216 1679 sive
2257 1628 2593 1683 vendendum
2636 1631 2739 1695 sit,
2791 1634 2843 1687 in
2883 1642 2990 1689 teta
3026 1637 3130 1690 vita
3163 1638 3492 1709 spiritualent

1914 1710 2052 1767 hanc
2077 1727 2426 1772 mercaturam
2454 1720 2712 1777 faciemus
2743 1740 2756 1777 :
2791 1735 2848 1779 ut
2875 1726 2918 1779 si
2950 1727 3182 1796 legitimo
3210 1730 3380 1799 pretio
3411 1732 3495 1786 ni-

1912 1799 1986 1854 hil
2015 1804 2240 1873 amplius
2268 1810 2621 1880 requiramus,
2650 1812 3014 1870 difﬁcultatem
3042 1834 3269 1874 annona:
3293 1836 3493 1892 nequa-

1911 1909 2068 1962 quam
2087 1896 2451 1968 observemus,
2475 1911 2528 1956 ct
2552 1912 2659 1957 tum
2678 1906 2957 1975 egentibus
2976 1908 3345 1965 divendamus.
3373 1911 3493 1966 Ma—

1913 1986 2120 2041 ledictus
2147 1992 2278 2041 enim
2297 2032 2310 2054 ,
2338 1991 2526 2061 inquit,
2558 1994 2662 2059 ille,
2690 1997 2777 2065 qui
2802 1999 3041 2066 frumenti
3066 2002 3321 2054 caritatem
3346 2012 3497 2072 auget

1911 2077 1931 2147 (
1962 2075 2113 2133 Prov.
2143 2081 2227 2135 ll.
2250 2080 2377 2153 26).
2405 2084 2510 2139 Sed
2536 2084 2659 2155 quid
2685 2096 2893 2155 Oportet
2918 2089 3124 2159 singula
3150 2105 3490 2160 percenSere.

1911 2169 2030 2227 Uno
2057 2176 2301 2244 exemplo
2338 2178 2515 2231 omnia
2544 2179 2842 2250 colligenda
2878 2182 3106 2237 fuerant.
3142 2184 3492 2253 Quemadmo-

1908 2265 2033 2321 dum
2063 2268 2203 2322 cnitn
2230 2258 2582 2326 aedificatores
2609 2287 2729 2325 eum
2762 2290 2969 2328 tnurutn
2993 2277 3314 2330 exstrueturi
3344 2287 3491 2343 sunt,

1908 2358 2159 2413 amussim
2188 2359 2256 2414 ab
2277 2358 2468 2432 angulo
2488 2362 2554 2417 ad
2579 2365 2829 2434 angulum
2852 2366 3069 2430 ducunt,
3097 2377 3257 2438 atque
3283 2368 3354 2423 ita
3379 2385 3493 2424 tnu-

1908 2465 2026 2503 rum
2054 2461 2386 2518 construunt,
2412 2464 2470 2509 ut
2498 2454 2715 2510 minime
2741 2455 3018 2526 inatqualis
3046 2457 3159 2527 ejus
3186 2458 3493 2529 superficies

1908 2542 2130 2596 exsistat
2162 2560 2175 2597 :
2198 2544 2276 2598 sic
2302 2552 2355 2598 et
2383 2560 2480 2598 nos
2506 2561 2603 2614 pro
2627 2547 2825 2600 amussi
2850 2547 3071 2603 verbum
3104 2549 3205 2603 hoc
3234 2548 3491 2603 adhibea-

1908 2649 2027 2688 mus
2051 2634 2190 2704 quod
2216 2635 2355 2704 apud
2370 2632 2679 2703 Apostolum
2711 2643 2792 2691 est
2816 2653 2829 2691 :
2852 2637 2970 2693 Sive
2995 2639 3161 2707 editis,
3184 2640 3285 2693 sive
3306 2640 3489 2705 bibitis,

1906 2727 2009 2780 sive
2049 2728 2171 2797 quid
2206 2728 2347 2782 aliud
2390 2731 2557 2800 facitis
2586 2771 2600 2793 ,
2644 2731 2813 2784 omnia
2847 2732 2913 2784 ad
2949 2731 3165 2803 gloriam
3208 2731 3301 2786 Dei
3346 2733 3495 2804 facite

1910 2817 1931 2890 (
1956 2818 2002 2871 l.
2032 2818 2149 2871 Cor.
2174 2817 2256 2872 i0.
2280 2816 2391 2890 51).
2419 2818 2541 2875 Sive
2556 2835 2682 2891 ergo
2706 2836 3003 2890 precemur,
3031 2820 3143 2876 sive
3168 2821 3493 2892 jejunemus,

1907 2910 2020 2965 sive
2044 2925 2373 2977 accusemus,
2396 2911 2507 2966 sive
2527 2912 2911 2981 condonemus,
2948 2913 3061 2968 sive
3078 2912 3355 2969 laudemus
3386 2915 3498 2969 sive

1908 3003 2269 3071 vituperemus
2293 3041 2309 3067 ,
2352 3002 2465 3056 sive
2511 3002 2870 3072 ingrediamur
2909 3005 3023 3058 sive
3049 3018 3337 3068 exeamus,
3382 3003 3495 3059 sive

1909 3092 2204 3147 vendamus
2239 3094 2352 3147 sive
2391 3106 2649 3160 emamus,
2686 3092 2798 3147 sive
2827 3078 3096 3148 taceamus
3121 3093 3232 3147 sive
3257 3092 3497 3162 dispute-

1908 3198 2047 3250 mus,
2078 3185 2191 3240 sive
2210 3182 2348 3239 aliud
2376 3183 2500 3254 quid
2527 3182 2819 3237 faciamus:
2847 3183 3026 3238 omnia
3048 3182 3115 3237 ad
3140 3184 3365 3252 gloriam
3394 3182 3495 3239 Dei

1909 3275 2198 3340 faciamus,
2231 3285 2285 3330 ct
2311 3274 2356 3330 si
2399 3275 2524 3345 quid
2554 3276 2618 3329 ad
2649 3275 2871 3346 gloriam
2913 3276 3003 3329 Dei
3048 3290 3153 3329 non
3192 3275 3487 3345 pertineat,

1908 3367 2037 3425 illud
2070 3383 2236 3436 neque
2265 3366 2405 3421 facto
2424 3407 2440 3435 ,
2470 3383 2638 3436 neque
2659 3367 2801 3421 dicto
2824 3381 2855 3419 a
2881 3366 3033 3420 nobis
3060 3376 3371 3436 usurpetur;
3399 3364 3495 3422 sed

1911 3477 2008 3531 pro
2036 3461 2224 3515 baculo
2253 3474 2464 3531 magno,
2496 3475 2593 3530 pro
2621 3459 2807 3525 armis,
2837 3473 2932 3529 pro
2962 3457 3228 3529 prmsidio,
3255 3474 3350 3530 pro
3379 3457 3496 3514 tlte-

1909 3551 2081 3606 Sauris
2103 3550 2398 3615 immensis,
2415 3548 2736 3620 ubicumque
2761 3548 2946 3615 simus,
2973 3548 3076 3603 hoc
3098 3546 3295 3603 dictum
3317 3549 3496 3602 animo

1911 3643 2262 3700 inscribentes
2282 3683 2298 3709 ,
2331 3641 2607 3697 nobiscum
2634 3640 3071 3695 circunifcratnus
3092 3682 3106 3706 ,
3137 3648 3195 3694 ut
3221 3639 3397 3694 omnia
3426 3638 3496 3693 ad

1908 3734 2129 3807 gloriam
2164 3732 2255 3788 Dei
2294 3732 2577 3795 facientes,
2609 3729 2886 3800 loquentes
2910 3770 2925 3794 ,
2960 3729 3344 3799 suscipientes,
3380 3740 3494 3784 tum

1913 3829 2017 3892 hic,
2049 3838 2159 3882 tum
2186 3837 2307 3898 post
2332 3825 2487 3896 hujus
2517 3826 2640 3879 vita:
2669 3823 3150 3895 peregrinationem
3180 3822 3401 3892 gloriam
3426 3823 3495 3876 ab

1910 3936 1976 3974 eo
2003 3932 2412 3988 consequamur.
2445 3916 2532 3970 Ait
2556 3915 2698 3969 cnim
2730 3932 2743 3969 :
2777 3914 2952 3968 Gloria
2973 3914 3239 3985 efﬁcientes
3264 3929 3361 3977 me,
3391 3914 3494 3984 glo-

1910 4012 1988 4066 ria
2009 4011 2224 4082 afﬁciant
2249 4009 2320 4081 (ί.
2347 4006 2475 4080 Reg.
2497 4007 2551 4061 2.
2584 4005 2697 4078 30).
2720 4004 2836 4061 Non
2863 4005 3018 4060 dictis
3043 4019 3191 4076 ergo,
3216 4004 3312 4059 sed
3340 4002 3494 4058 factis

1912 4102 2041 4173 ipsis
2062 4102 2208 4156 illum
2232 4098 2443 4154 assidue
2465 4097 2630 4168 gloria
2654 4096 2946 4153 afﬁciamus
2984 4110 3105 4150 cum
3126 4094 3337 4151 Christo
3383 4094 3496 4151 Deo

1914 4206 2096 4251 nostro
2128 4209 2143 4247 :
2175 4194 2294 4265 quia
2326 4193 2474 4247 illum
2498 4191 2653 4248 decet
2677 4190 2854 4246 omnis
2879 4188 3067 4261 gloria,
3099 4186 3274 4243 honor
3294 4185 3496 4241 etado—

1913 4288 2070 4349 ratio,
2094 4300 2234 4340 nunc
2251 4293 2308 4340 et
2323 4298 2536 4353 semper
2564 4291 2618 4337 ct
2642 4282 2696 4337 in
2721 4280 2915 4337 stecula
2934 4278 3270 4335 satculorum.
3297 4277 3490 4333 Amen.

2280 4521 2644 4530 ———_-——~—-
2737 4522 2818 4529 -ιι
2839 4523 2874 4530 -—
2898 4520 3422 4532 .—_——.———.—.—~~-
3456 4520 3469 4528 αι

3100 4534 3470 4545 .-—————————

1652 4670 2045 4733 MONITUM.

220 4871 465 4930 prorsus
499 4855 647 4911 nulla
693 4868 815 4911 esse
860 4854 1212 4926 probavimus
1254 4870 1312 4909 in
1354 4853 1558 4910 Iouito
1606 4867 1810 4924 praece-

223 4948 387 5003 denti
419 4946 485 5000 ad
520 4945 804 5000 homiliam
831 4945 887 4999 in
918 4944 1209 5009 Kalendas,
1238 4945 1332 5000 ubi
1362 4944 1486 5000 vide
1524 4943 1623 5000 sis.

306 5033 489 5090 Hasce
511 5048 645 5088 vero
679 5033 976 5088 conciones
1006 5043 1407 5102 consequenter
1442 5033 1649 5100 habuit,
1676 5048 1813 5104 pan-

216 5129 430 5196 cisqne
481 5126 821 5196 interpositis
864 5126 1005 5183 inter
1046 5124 1293 5195 singulas
1343 5125 1557 5180 diebus.
1607 5124 1813 5181 Earum

218 5232 408 5289 porro
442 5232 666 5274 cursum
720 5218 1059 5289 intercepere
1089 5217 1227 5272 festa
1272 5220 1451 5273 sancti
1480 5217 1714 5290 Babylaz,
1757 5227 1814 5275 et

216 5321 556 5368 sanctorum
586 5308 861 5367 Juventini
889 5324 944 5367 ct
972 5310 1255 5367 Maximini
1296 5322 1620 5383 martyrum,
1666 5328 1809 5383 qun-

212 5418 353 5460 tum
382 5408 633 5461 omnii:
660 5415 720 5461 ut
742 5406 1044 5462 celebraret
1069 5404 1518 5477 Chrysostomus,
1549 5414 1805 5474 quartam

212 5499 296 5552 de
322 5495 536 5552 Lazaro
562 5498 846 5553 homiliam
872 5498 1082 5569 aliquot
1114 5498 1306 5554 diebus
1346 5497 1555 5554 tardius
1592 5497 1803 5566 habuit,

215 5596 292 5643 ut
320 5588 439 5657 ipse
484 5597 672 5645 monet
706 5589 866 5644 initio
899 5593 1142 5660 ‘quartae.
1206 5588 1353 5644 Cave
1412 5597 1593 5644 autem
1648 5600 1804 5659 putes

220 5680 406 5745 illaut,
432 5694 597 5751 quam
618 5681 1142 5749 ibidem‘memorat,
1178 5682 1233 5738 in
1261 5690 1512 5739 sanctum
1546 5680 1804 5755 Babylam

1904 4856 2249 4920 concionem,
2284 4870 2406 4912 esse
2432 4855 2631 4911 librum
2655 4855 2805 4910 illum
2834 4855 3104 4925 prolixum
3145 4855 3198 4912 in
3226 4866 3473 4912 sanctum

1905 4950 2168 5023 Babylam
2216 4958 2270 5005 et
2313 4959 2508 5005 contra
2544 4949 2794 5017 gentiles,
2827 4955 2888 5001 ut
2933 4946 3265 5001 existimavit
3308 4953 3362 4999 et
3422 4946 3475 5000 in

1906 5042 2157 5113 margine
2179 5041 2391 5097 notavit
2424 5038 2629 5093 Fronto
2674 5037 2923 5094 Ducentis.
2980 5034 3117 5090 Nam
3164 5043 3221 5090 ut
3272 5036 3325 5089 in
3359 5034 3477 5091 Mo-

1908 5132 2024 5186 nito
2049 5131 2115 5185 ad
2152 5131 2433 5185 homiliam
2459 5129 2514 5182 in
2541 5127 2793 5198 Babylam
2816 5136 2869 5181 et
2888 5126 2953 5181 ad
2978 5140 3249 5180 annexum
3278 5124 3476 5179 librum

1909 5224 2178 5290 dicemus,
2205 5222 2295 5277 hic
2342 5222 2458 5290 ipse
2487 5220 2622 5274 liber
2651 5234 2928 5287 nunquam
2957 5216 3059 5273 fuit
3104 5218 3158 5272 in
3186 5226 3330 5273 cortu
3380 5215 3481 5272 Ec-

1912 5316 2098 5373 clesiae
2147 5312 2574 5385 pronuntiatus;
2610 5326 2710 5366 nec
2751 5311 2822 5365 ob
2858 5310 3226 5380 prolixitatem
3261 5310 3481 5379 potuit:

1909 5407 2005 5463 sed
2035 5406 2215 5477 agitur
2248 5404 2358 5458 illic
2387 5406 2455 5458 de
2490 5401 2714 5457 homilia
2758 5403 2813 5456 in
2853 5400 3133 5473 Babylam,
3186 5410 3248 5457 ut
3279 5402 3480 5473 cuique

1908 5513 2023 5554 rem
2062 5495 2370 5567 inspieienti
2403 5494 2579 5564 palam
2620 5493 2745 5548 crit.

1984 5589 2231 5656 Quatuor
2255 5587 2496 5658 priorum
2548 5587 2615 5643 de
2656 5584 2863 5642 Lazaro
2912 5583 3265 5640 liomiliarum
3312 5587 3482 5642 inter-

1911 5679 2141 5751 pretatio
2181 5688 2259 5734 est
2300 5675 2534 5746 Erasmi,
2570 5676 2777 5748 aliquot
2813 5678 2865 5732 in
2908 5677 3041 5733 locis
3063 5676 3370 5732 emendata.
