4018 6190
607 209 710 268 965

1353 237 1409 296 S.
1447 240 1723 299 JOANNlS
1759 240 2221 298 CllRYSOSTOMl
2260 241 2576 302 ARClﬂEP.
2621 243 3154 318 CONSTANTINOP.
3645 265 3727 322 εισι

3056 893 3086 915 ‘7

583 940 850 986 HOM‘ELIA
892 942 1227 986 POSTRIDIE
1269 944 1598 990 KALENDAS
1639 945 2000 991 ΔΝΤῘΟΟΗῙᾹΞ
2060 948 2114 992 Il.

2222 949 2297 993 TA
2353 951 2435 992 DE
2478 950 2584 1004 llS,
2631 949 2738 1004 QUI
2807 951 3271 1007 INEBRIANTUII,
3313 954 3501 1010 DEQUE
3533 955 3600 1005 us
3649 963 3728 1018 θυι

662 1021 1010 1064 (ΣΟΜᾺΙΒΔΝΤ
1039 1023 1122 1065 AD
1164 1023 1481 1068 CAUPONAS
1507 1050 1524 1078 ,
1572 1024 1809 1078 ρυιρυιζ
1862 1026 2111 1070 CHOREA

2222 1028 2448 1071 IUCUNT
2489 1031 2607 1072 PER
2650 1030 2996 1075 CIVITATEM
3043 1035 3057 1073 2

3107 1032 3432 1080 PRAETEREA
3467 1038 3607 1090 QUOD
3640 1043 3727 1086 ηοη

661 1100 988 1143 οροιιτελτ
1029 1101 1500 1145 ΡΠΕΟΕΡΤΟΒΕΜ
1543 1104 1908 1147 ΒΒεΡΕιιΑιιε
1951 1107 2033 1147 DE
2078 1107 2114 1147 D

2222 1107 2446 1163 lPULlS,
2478 1109 2734 1152 ETIAMSI
2779 1111 2841 1153 IN
2871 1111 3156 1155 PBESENS
3190 1112 3306 1156 NON
3332 1113 3726 1164 οιιτιςιιιιειιιητς

665 1178 992 1222 POSTREMO
1037 1181 1116 1222 DE
1160 1181 1400 1224 ιΑιΔιιο
1440 1183 1722 1226 MENDICO
1789 1184 1867 1227 AC
1909 1185 1991 1226 DE
2035 1185 2114 1226 Dl‘

1096 1509 1280 1551 CONCIO
1319 1513 1473 1552 unum
1506 1506 1550 1570 tt.
1566 1499 1608 1562 ).

627 1587 679 1642 l.
723 1587 1034 1643 llestcrnum
1063 1585 1225 1656 dicm,
1252 1604 1372 1644 cum
1403 1599 1546 1644 esset
1574 1591 1762 1644 festum
1791 1589 2018 1656 Saluum,
2051 1587 2126 1645 fe-

555 1681 701 1735 cistis
733 1681 922 1737 festum
955 1683 1182 1751 Spiritus
1206 1723 1222 1748 ,
1258 1682 1378 1751 quia
1410 1681 1577 1736 multo
1603 1697 1722 1736 cum
1763 1682 1923 1736 animi
1952 1680 2128 1737 studio

558 1769 828 1838 recepistis
871 1787 955 1838 ea,
998 1789 1114 1842 quae
1143 1788 1173 1826 a
1201 1774 1352 1827 nobis
1377 1771 1708 1841 dicebantur,
1739 1773 2128 1844 maximamque

555 1861 659 1916 diei
689 1871 887 1932 partem
918 1865 966 1916 in
990 1879 1054 1920 eo
1079 1863 1500 1934 consumpsistis,
1518 1865 1648 1919 ebrii
1667 1865 1972 1920 temulentia
1995 1881 2129 1936 qua-

555 1954 679 2006 dam
720 1953 1024 2009 sobrietatis
1053 1954 1204 2024 plena
1229 1994 1244 2021 ,
1273 1969 1499 2024 eumque
1529 1951 1692 2009 Paulo
1717 1954 1972 2011 ducentes
1999 1956 2128 2010 eho-

553 2057 692 2095 reas.
721 2042 832 2109 Qua
857 2041 1067 2114 quidem
1097 2059 1162 2099 ex
1200 2060 1258 2099 re
1284 2045 1432 2101 vobis
1466 2047 1732 2116 geminum
1773 2048 2000 2102 accrevit
2043 2046 2127 2103 lu-

553 2147 724 2198 crum,
753 2134 978 2203 primum
1007 2132 1146 2204 quod
1173 2135 1239 2190 ab
1266 2134 1511 2192 indecora
1538 2133 1942 2194 temulentorum
1969 2139 2128 2194 salta-

555 2225 697 2280 tione
728 2223 1056 2282 abstinuistis
1077 2268 1092 2292 ,
1139 2223 1332 2283 deinde
1365 2230 1504 2298 quod
1544 2224 1868 2299 spiritalibus
1894 2231 2127 2286 saltastis

553 2314 815 2384 tripudiis,
839 2317 1026 2388 quibus
1046 2316 1328 2387 plurimum
1346 2321 1495 2376 adest
1515 2319 1724 2376 decoris
1740 2337 1803 2378 ac
1829 2319 2123 2379 modestia).

555 2408 634 2462 Ad
665 2408 779 2463 hzec
804 2410 944 2478 quod
974 2411 1193 2466 crateris
1220 2413 1503 2482 participes
1541 2410 1714 2469 fuistis
1737 2454 1752 2477 ,
1793 2431 1897 2470 non
1937 2428 2085 2470 mero
2107 2457 2122 2482 ,

555 2497 651 2559 sed
691 2501 912 2569 spiritali
955 2500 1196 2559 doctrina
1240 2499 1622 2571 redundantis;
1669 2513 1825 2576 atque
1864 2501 1962 2577 ipsi
1997 2507 2125 2562 tibia

553 2589 861 2659 citharaque
906 2589 1076 2646 fuistis
1120 2588 1336 2662 Spiritui
1381 2605 1568 2649 sancto
1615 2612 1629 2649 :
1670 2611 1895 2666 cumque
1944 2598 2124 2652 ca-teri

553 2679 747 2733 choros
782 2680 1033 2736 ducerent
1075 2681 1288 2738 diabolo
1313 2725 1328 2750 ,
1374 2697 1470 2738 vos
1507 2700 1570 2739 eo
1596 2686 1736 2755 quod
1778 2685 1878 2742 hoc
1911 2687 1964 2742 in
2006 2687 2126 2743 loco

551 2770 921 2839 versabautini,
948 2771 1240 2842 praebuistis
1260 2789 1353 2828 vos
1381 2776 1521 2845 ipsos
1540 2791 1734 2846 organa
1763 2792 1993 2847 vasaqnc
2019 2772 2126 2849 spi-

552 2863 745 2930 ritalia,
775 2864 1190 2935 cxhibuistisque
1220 2866 1422 2923 animus
1453 2877 1654 2922 vestras
1684 2883 1780 2925 ceu
1811 2871 2009 2926 musica
2042 2870 2124 2925 iu—

549 2965 864 3024 strumeuta,
895 2973 1014 3028 qua:
1036 2955 1264 3029 Spiritus
1287 2970 1500 3015 sanctus
1525 2961 1778 3032 pulsaret,
1803 2973 1858 3019 et
1884 2965 1934 3018 iu
1961 2959 2121 3018 corda

550 3057 723 3102 vestra
767 3049 989 3120 gratiam
1035 3065 1184 3106 suam
1239 3048 1540 3123 inspiraret.
1596 3053 1745 3109 Unde
1795 3053 2121 3111 modulatum

548 3147 859 3194 concentum
882 3140 1201 3206 reddidistis,
1230 3156 1336 3198 non
1363 3145 1530 3197 solum
1558 3143 1798 3199 homines
1818 3142 2122 3202 demulcuﬂ~

549 3237 677 3295 teut,
709 3247 889 3285 verum
917 3233 1073 3286 etiam
1104 3249 1360 3302 supernas
1389 3236 1606 3289 virtutes
1642 3231 2012 3291 dthClanlClll.

623 3319 753 3373 Mali
781 3339 878 3374 non
905 3323 1208 3390 infamandi,
1237 3323 1324 3376 sed
1340 3325 1641 3394 corrigendi.
1658 3327 1838 3396 -—Age
1861 3328 2037 3397 itaque
2062 3336 2118 3384 et

553 3410 708 3466 hodie
759 3411 1019 3465 adversus
1069 3411 1379 3467 ebrietatem
1432 3429 1702 3468 armemus
1731 3415 1996 3486 linguam,
2042 3420 2118 3475 is-

550 3511 762 3570 tamque
786 3503 944 3557 vitam
968 3503 1229 3559 madidam
1259 3519 1322 3559 ac
1351 3505 1657 3560 dissolutam
1684 3518 2077 3576 lmstcraamus
2101 3529 2115 3565 :

549 3594 912 3663 vituperamus
950 3594 1080 3650 istos
1105 3599 1193 3666 qui
1224 3597 1274 3652 in
1317 3613 1380 3653 ea
1413 3598 1536 3653 totis
1563 3597 1750 3654 diebus
1803 3611 2113 3670 versantur,

551 3699 655 3737 non
684 3693 739 3738 ιιι
765 3685 884 3740 illos
913 3685 1309 3755 pudefaciamus
1331 3731 1345 3755 ,
1373 3689 1464 3743 sed
1497 3700 1551 3744 ut
1592 3706 1687 3746 eos
1733 3690 1801 3744 ab
1829 3690 2116 3764 ignominia

545 3776 862 3832 liberemus:
895 3794 998 3832 non
1030 3787 1086 3834 ut
1115 3780 1231 3834 illos
1253 3781 1458 3850 probris
1481 3781 1793 3850 afficiantm,
1827 3785 1918 3840 sed
1947 3795 2003 3840 ut
2023 3801 2116 3842 eos

545 3869 872 3936 corrigamus
905 3887 920 3924 :
947 3885 1051 3924 non
1084 3881 1140 3925 ut
1165 3871 1284 3927 illos
1315 3873 1686 3942 traducamus,
1718 3877 1809 3932 sed
1855 3886 1913 3932 ut
1939 3880 2004 3933 ab
2030 3879 2113 3935 in-

545 3957 667 4013 fanti
700 3960 1032 4018 traductione
1056 4003 1073 4030 ,
1123 3971 1177 4019 et
1215 3980 1245 4018 a
1271 3966 1465 4021 diaboli
1517 3968 1760 4023 manibus
1803 3971 2110 4042 eripiamus.

540 4049 790 4120 Quisquis
814 4055 955 4108 enim
985 4053 1036 4108 in
1070 4055 1373 4110 temulentia
1406 4066 1545 4112 totos
1575 4059 1684 4127 agit
1708 4060 1853 4128 dies,
1875 4062 2113 4132 quisquis

539 4141 591 4194 in
621 4141 824 4198 deliciis
852 4151 905 4198 et
931 4143 1340 4217 ingurgitatione
1362 4189 1378 4214 ,
1406 4149 1505 4203 sub
1530 4148 1723 4206 diaboli
1774 4154 2110 4224 tyrannidem

541 4232 788 4288 redactus
830 4245 934 4290 est.
966 4238 1140 4306 Atque
1168 4239 1368 4294 utinam
1392 4241 1563 4296 oratio
1613 4253 1793 4299 nostra
1843 4245 2111 4314 profectus

535 4325 730 4395 aliquid
756 4325 962 4382 all'erat.
991 4328 1142 4395 Quod
1171 4331 1214 4384 si
1243 4340 1358 4401 post
1401 4341 1636 4388 nostram
1675 4336 1836 4390 etiam
1870 4337 2111 4394 admoui-

536 4417 733 4471 tionem
758 4417 809 4470 in
833 4418 1019 4473 iisdem
1042 4421 1180 4476 vitiis
1203 4427 1674 4493 perseveraverint,
1703 4443 1772 4482 ne
1796 4428 1872 4484 sic
1893 4430 2107 4500 quidem

536 4520 634 4559 nos
680 4505 1000 4562 desistentus
1049 4510 1156 4565 illis
1200 4513 1339 4582 quod
1409 4526 1610 4570 rectum
1663 4529 1745 4572 est
1789 4522 2103 4588 eousuIere;

532 4596 958 4667 quandoquidem
981 4610 1033 4654 et
1058 4614 1313 4670 aquarum
1345 4619 1525 4673 vente,
1558 4608 1762 4663 etiamsi
1808 4611 1984 4666 nullus
2013 4629 2105 4669 ve-

535 4686 643 4740 niat
669 4697 918 4758 aquatum
942 4731 958 4756 ,
1006 4702 1222 4747 manant
1273 4703 1447 4749 tamen
1479 4713 1493 4749 :
1525 4708 1578 4751 et
1616 4697 1818 4767 fontes,
1864 4705 2105 4772 quamvis

538 4775 745 4832 hauriat
769 4795 923 4834 nemo
946 4823 961 4847 ,
993 4789 1169 4837 tamen
1199 4784 1467 4839 scatebras
1494 4787 1740 4844 emittunt
1766 4807 1780 4844 :
1809 4800 1865 4846 et
1882 4807 2066 4849 amnes
2085 4837 2100 4863 ,

528 4868 734 4923 etiamsi
753 4884 907 4924 nemo
928 4871 1093 4939 bihat,
1115 4873 1277 4928 nihilo
1303 4875 1476 4930 accitis
1499 4877 1684 4931 ﬂuunt:
1711 4880 1788 4935 sic
1815 4893 2019 4950 oportet
2049 4895 2103 4940 et

528 4957 676 5011 illntn
699 4958 787 5028 qui
808 4962 1180 5030 concionatur,
1207 4968 1443 5034 quamvis
1472 4968 1651 5023 nullus
1686 4973 1985 5041 auscultet,
2018 4985 2100 5030 ta-

530 5065 650 5103 men
677 5063 930 5119 prmstare
956 5056 1208 5127 quidquid
1237 5058 1286 5111 itt
1318 5058 1433 5127 ipso
1458 5061 1615 5114 situm
1642 5071 1743 5116 est.

607 5139 752 5195 Verbi
770 5145 992 5199 minister
1005 5163 1275 5218 numquam
1292 5165 1487 5204 cessare
1504 5153 1644 5206 debet
1661 5155 1722 5207 ab
1734 5155 1910 5225 ofﬁcio.
1936 5186 2006 5198 --
2017 5157 2100 5213 Si-

523 5234 735 5304 quidem
788 5237 902 5292 ltmc
933 5238 1016 5294 lex
1056 5241 1208 5296 nobis
1231 5281 1248 5308 ,
1278 5242 1365 5312 qtti
1395 5245 1532 5298 sacri
1575 5248 1838 5301 sermonis
1874 5249 2100 5304 admini-

521 5328 835 5384 strationem
866 5333 1214 5401 suscepimus,
1239 5350 1267 5386 a
1290 5336 1516 5405 benigno
1539 5341 1841 5408 prmseﬁpta
1861 5351 1942 5396 est
1963 5341 2094 5408 Deo,

521 5433 590 5472 ne
617 5435 866 5490 umquam
896 5422 1035 5493 quod
1065 5425 1275 5494 quidem
1305 5425 1356 5481 in
1387 5429 1539 5483 nobis
1569 5428 1725 5483 fuerit
1748 5431 1920 5487 facere
1943 5433 2094 5487 defa-

522 5508 909 5578 tigemurznec
955 5516 1064 5570 ullo
1121 5525 1358 5587 tempore
1409 5519 1697 5590 sileamus,
1745 5523 1857 5578 sive
1881 5525 1951 5578 sit
1999 5525 2088 5595 qui

581 5629 656 5707 Eu.)
677 5630 983 5707 colllatacttm
1005 5640 1287 5707 ttlss.tt_egi_is
1302 5640 1600 5707 l8l9._1832,
1631 5643 1766 5704 1952,
1794 5645 1930 5705 lDtiO,
1957 5646 2093 5707 1963,

520 5689 656 5752 1967,
685 5692 965 5745 uolbertiuis
991 5711 1105 5746 vero
1129 5689 1341 5757 totast,
1371 5689 1505 5752 tum.

2240 1496 2543 1561 auscultet,
2573 1491 2687 1552 sive
2718 1493 2792 1552 sit
2823 1493 2916 1568 qui
2954 1505 3324 1571 prmtercurrat
3364 1497 3600 1569 negligens
3622 1502 3720 1569 qud

2237 1588 2451 1644 dicitur.
2480 1587 2610 1642 Nam
2641 1596 2696 1644 et
2726 1574 3019 1657 Jeremias,
3052 1605 3174 1644 cum
3217 1588 3407 1644 ludatis
3435 1591 3576 1643 multa
3613 1591 3725 1642 mini.

2237 1691 2354 1738 tans
2375 1722 2392 1749 ,
2421 1682 2662 1753 malaque
2706 1683 3032 1738 lmmiuentia
3061 1681 3348 1752 prmdicens
3371 1723 3385 1748 ,
3425 1681 3488 1735 ab
3523 1682 3726 1736 audienti.

2237 1773 2335 1828 bus
2357 1773 2779 1831 subsannaretur
2799 1815 2816 1840 ,
2863 1783 3078 1844 totoque
3107 1773 3195 1828 die
3221 1771 3470 1828 rideretur
3488 1815 3502 1841 ,
3531 1774 3734 1844 cogitabat

2236 1867 2303 1921 ab
2333 1867 2421 1921 illa
2452 1867 2729 1938 prophetia
2775 1863 3034 1921 desistere
3054 1906 3071 1933 ,
3120 1866 3368 1920 nimirum
3395 1864 3597 1919 humano
3633 1880 3733 1935 quo-

2236 1955 2356 2012 datu
2383 1957 2572 2011 aﬂ‘ectu
2605 1957 2776 2012 victus
2800 1998 2814 2022 ,
2867 1971 3063 2011 sannas
3093 1955 3212 2010 illas
3255 1964 3310 2010 ct
3353 1955 3564 2010 convicia
3587 1954 3739 2024 perpeti

2237 2061 2341 2102 non
2370 2047 2549 2102 valens
2574 2089 2587 2112 ,
2613 2048 2789 2117 aitque
2821 2065 2834 2102 :
2869 2044 3057 2100 Factus
3088 2063 3202 2100 sum
3241 2045 3476 2100 ridiculus
3514 2052 3600 2123 toto
3643 2045 3729 2110 die,

2236 2137 2344 2191 dixi
2377 2151 2517 2192 :non
2541 2138 2718 2207 loquor
2742 2179 2756 2204 ,
2786 2154 2942 2208 neque
2971 2133 3242 2190 nominabo
3285 2147 3459 2190 nomen
3493 2132 3688 2199 Domini,
3711 2141 3743 2187 et

2238 2230 2406 2301 [actus
2426 2239 2496 2284 est
2537 2223 2590 2284 in
2635 2246 2714 2284 me
2738 2229 2869 2284 velut
2916 2229 3046 2299 ignis
3076 2227 3264 2282 ardens
3288 2267 3302 2293 ,
3349 2233 3488 2298 atque
3509 2227 3742 2280 arstsansitt

2237 2319 2431 2375 ossibus
2474 2320 2598 2374 meis
2643 2335 2662 2375 :
2713 2319 2958 2374 dissolvor
3006 2319 3236 2389 undique
3285 2333 3375 2373 nec
3429 2333 3611 2388 possunt
3655 2315 3748 2384 [em

2235 2411 2367 2482 (Jer.
2394 2409 2552 2468 20.7.
2577 2409 2651 2480 9).
2672 2410 2822 2479 Quod
2849 2419 3023 2466 autem
3047 2410 3201 2474 dicit,
3222 2409 3365 2465 hunc
3381 2409 3528 2464 habet
3551 2421 3746 2462 sensum:

2235 2503 2504 2566 volebam,
2544 2501 2746 2573 inquit,
2793 2518 2822 2557 a
2854 2502 3206 2572 prmdictioue
3251 2500 3519 2564 desistere,
3559 2505 3750 2568 propter-

2234 2608 2295 2646 ea
2311 2590 2451 2664 quod
2469 2607 2571 2647 non
2598 2591 2960 2647 auscultabant
2975 2591 3149 2646 Judzei
3169 2599 3252 2647 :et
3276 2591 3428 2645 simul
3443 2599 3582 2659 atque
3596 2588 3752 2642 hocco-

2233 2685 2482 2754 gitassem
2507 2723 2524 2749 ,
2557 2684 2708 2739 irruit
2738 2685 2788 2738 in
2820 2685 3052 2738 animam
3082 2698 3261 2739 meam
3287 2682 3499 2753 spiritus
3520 2680 3592 2735 vis
3611 2721 3626 2746 ,
3645 2675 3755 2732 velut

2236 2776 2372 2846 ignis
2396 2815 2413 2843 ,
2443 2777 2722 2846 omniaque
2771 2772 2951 2830 intima
2979 2790 3100 2830 mea
3150 2774 3458 2839 succendit,
3501 2780 3757 2827 consumens

2234 2866 2448 2935 insuper
2468 2907 2482 2931 ,
2516 2875 2570 2922 et
2596 2866 2832 2922 exedens
2852 2879 2972 2921 ossa
3004 2878 3151 2932 mea,
3175 2865 3312 2920 adeo
3342 2873 3398 2919 ut
3427 2861 3686 2918 incendium
3707 2856 3758 2911 ita

2234 2955 2321 3010 lttd
2351 2957 2487 3012 ferre
2509 2973 2612 3011 non
2641 2970 2872 3026 possem.
2895 2953 3049 3025 Quod
3092 2956 3139 3011 s'i
3173 2955 3432 3026 propheta
3460 2954 3542 3024 qui
3576 2947 3761 3022 quotidie

2233 3047 2462 3104 ludibrio
2490 3048 2807 3114 habebatur,
2848 3047 3088 3118 quotidie
3129 3047 3393 3103 conviciis
3423 3043 3760 3103 incessebatur.

2233 3139 2311 3194 sic
2356 3138 2704 3194 discruciatus
2747 3144 2858 3205 est,
2905 3153 2973 3194 eo
3000 3139 3148 3210 quod
3187 3145 3446 3194 statuerat
3488 3137 3763 3202 silerezqm

2231 3229 2440 3285 tandem
2469 3246 2568 3286 nos
2589 3229 2737 3286 venia
2759 3230 2898 3300 digni
2919 3231 3286 3294 censebimur,
3305 3228 3456 3299 siqui
3480 3225 3681 3282 nonduut
3701 3229 3761 3276 ta-

2231 3320 2282 3376 le
2306 3321 2588 3392 quidquam
2630 3324 2865 3392 perpessi
2894 3338 3082 3376 sumus
3110 3363 3125 3388 ,
3169 3332 3355 3377 tamen
3383 3322 3452 3376 oh
3476 3315 3765 3390 quorumdam

2231 3408 2602 3484 negligentiam
2640 3412 2953 3482 dejiciamus
2994 3413 3244 3467 animum
3269 3452 3286 3478 ,
3326 3421 3382 3466 ct
3422 3411 3488 3464 ab
3525 3403 3763 3464 exhibenda

2231 3502 2338 3557 illis
2367 3501 2607 3557 doctrina
2633 3517 2908 3558 cessemus
2924 3545 2939 3571 ,
2965 3503 3209 3559 maxime
3235 3517 3368 3558 vero
3388 3516 3506 3558 cum
3534 3510 3628 3554 tam
3651 3493 3766 3550 multi

2228 3595 2334 3650 sint
2363 3637 2378 3662 ,
2410 3594 2501 3666 qui
2531 3609 2590 3651 se
2618 3595 2856 3666 prmbent
2882 3603 3124 3651 attentos
3147 3594 3173 3648 ?

2295 3685 2349 3740 2.
2379 3685 2494 3741 Non
2525 3685 2638 3740 hinc
2683 3685 2871 3757 loquor
2921 3686 3023 3741 mei
3059 3685 3389 3741 consolandi
3437 3677 3770 3746 deliniendiqtte

2223 3778 2410 3850 gratia.
2439 3778 2570 3835 Nam
2599 3794 2718 3834 mco
2746 3779 2957 3849 quidem
2989 3779 3165 3849 ipsius
3204 3779 3390 3834 animo
3421 3774 3667 3847 persuasi,
3689 3784 3768 3838 quo

2223 3869 2602 3940 adspiravcro,
2638 3877 2695 3924 et
2733 3869 2904 3925 donec
2945 3871 3183 3925 Domino
3227 3872 3405 3925 visum
3444 3867 3595 3924 fuerit
3617 3878 3699 3919 nos
3730 3860 3770 3912 'm

2224 3961 2473 4030 prmsenti
2527 3961 2630 4015 vita
2663 3959 2897 4026 versari,
2927 3959 3027 4014 hoc
3070 3960 3312 4032 implere
3345 3958 3705 4014 ministerium.
3731 3956 3771 4002 cl

2220 4047 2332 4107 sive
2357 4052 2476 4122 quis
2501 4053 2739 4107 attendat
2757 4093 2772 4118 ,
2814 4051 2926 4107 sive
2948 4066 3052 4105 non
3093 4051 3352 4108 attendat
3371 4090 3389 4118 ,
3418 4049 3586 4105 facere
3609 4059 3663 4100 ea
3683 4053 3772 4112 qm!

2219 4144 2618 4216 prmcipiuntur.
2665 4142 2860 4199 Verum
2903 4143 3167 4213 quoniam
3221 4153 3353 4198 sunt
3407 4138 3659 4200 nonnulli,
3701 4130 3768 4200 qui

2219 4237 2507 4292 multorum
2554 4251 2744 4292 manus
2787 4233 3128 4304 dissolvunt,
3175 4251 3362 4308 neque
3407 4230 3631 4291 contenti
3665 4222 3770 4298 quod

2217 4327 2317 4398 ipsi
2349 4327 2480 4382 nihil
2520 4327 2762 4382 utilitatis
2790 4326 3020 4382 aderunt
3047 4327 3184 4382 vitae
3216 4337 3462 4391 nostrte,
3502 4324 3647 4380 etiam
3672 4317 3770 4372 alio-

2215 4436 2333 4476 rum
2363 4419 2594 4475 studium
2628 4435 2691 4476 ac
2717 4419 2980 4476 fervorem
3005 4419 3342 4492 refrigerant
3368 4417 3551 4476 sannis
3573 4429 3630 4470 ac
3644 4411 3772 4468 dicte-

2214 4512 2308 4567 riis
2333 4551 2348 4578 ,
2379 4511 2504 4566 dum
2531 4511 2678 4566 aiunt
2703 4527 2716 4564 :
2739 4511 2922 4566 desine
2949 4512 3086 4567 bene
3117 4513 3422 4566 consulere
3440 4552 3456 4578 ,
3479 4508 3661 4563 desiste
3680 4513 3768 4555 mo-

2214 4617 2376 4670 nere,
2409 4602 2595 4657 nolunt
2641 4603 2734 4658 tibi
2776 4604 3122 4669 auscultare;
3178 4619 3254 4659 ne
3283 4603 3417 4676 quid
3464 4601 3533 4657 sit
3570 4596 3654 4654 tibi
3681 4604 3768 4649 cum

2212 4695 2321 4751 illis
2346 4695 2648 4750 commercii
2675 4713 2689 4748 :
2730 4695 2979 4765 quoniam
3008 4710 3147 4765 ergo
3179 4707 3316 4750 sunt
3361 4694 3574 4766 quidam
3615 4692 3696 4743 ista
3717 4686 3770 4736 lo-

2215 4793 2441 4856 Quentes
2464 4825 2479 4851 ,
2503 4785 2862 4840 inhumanm
2895 4784 3032 4840 hanc
3079 4786 3431 4841 sententiam
3455 4824 3472 4852 ,
3503 4779 3768 4842 insidiasque

2209 4875 2498 4931 diabolicas
2527 4884 2779 4931 excutere
2823 4875 3011 4930 volens
3033 4890 3068 4929 e
3103 4877 3416 4931 multorum
3451 4872 3658 4934 animis,
3685 4865 3765 4934 plﬂ'

2208 4968 2354 5023 ribus
2381 4967 2481 5022 hac
2505 4967 2574 5023 de
2601 4983 2658 5023 re
2685 4967 2912 5022 dissero.
2940 4968 3231 5038 Siquidem
3255 4979 3316 5024 et
3337 4968 3455 5024 heri
3483 4965 3598 5023 novi
3623 4958 3763 5016 multa

2207 5058 2296 5128 qui
2349 5058 2472 5112 talia
2518 5058 2677 5113 verba
2729 5058 3078 5128 protulerint,
3135 5060 3239 5129 qui
3280 5077 3412 5116 cum
3453 5051 3765 5125 conspicerent

2207 5151 2414 5221 aliquos
2439 5151 2490 5204 in
2520 5164 2757 5221 caupona
2785 5150 3067 5206 detrivisse
3095 5159 3364 5222 tempus,
3411 5166 3534 5207 cum
3557 5149 3656 5204 risu
3680 5151 3764 5197 tal-

2207 5243 2393 5313 nisque
2413 5243 2659 5298 dicebant
2689 5261 2704 5297 :
2735 5244 2943 5300 scilicet
2967 5245 3208 5300 omnino
3257 5245 3510 5316 persuasi
3537 5249 3679 5302 sunt;
3701 5245 3770 5286 ιιο·

2205 5352 2295 5392 mo
2310 5352 2529 5408 prorsus
2553 5353 2844 5408 cauponam
2863 5341 3139 5411 ingressus
3158 5350 3273 5406 est;
3299 5355 3498 5396 omnes
3513 5335 3660 5395 sobrii
3678 5331 3771 5386 sunt

2205 5429 2421 5485 redditi.

2285 5519 2500 5574 Verbum
2527 5536 2723 5591 semper
2763 5521 2817 5574 in
2863 5520 3033 5593 aliqua
3084 5524 3413 5593 fructi/icat.
3435 5513 3651 5589 ——Quid
3682 5508 3776 5570 ais.

2205 5609 2412 5664 homo?
2443 5610 2700 5665 Videlicet
2749 5613 2884 5666 istuc
2911 5612 3140 5680 polliciti
3192 5629 3397 5669 sumus
3424 5653 3441 5680 ,
3474 5627 3570 5668 nos
3597 5619 3687 5662 uno
3713 5599 3781 5652 die

2203 5717 2390 5757 omnes
2417 5703 2532 5757 illos
2558 5704 2655 5759 reti
2685 5705 2969 5775 capturos?
3008 5702 3152 5760 Nam
3181 5707 3230 5760 si
3262 5705 3460 5762 decem
3505 5701 3652 5762 modo
3685 5699 3771 5767 per“
