4018 6190
263 218 364 276 9Γώ

259 329 402 388 suasi
462 328 686 396 fuerint,
719 330 763 384 si
811 339 1044 401 quinque
1088 342 1321 397 tantum,
1364 334 1406 386 si
1456 350 1592 391 unus
1621 353 1637 401 ;
1668 351 1845 392 nonne

263 423 419 477 nobis
451 421 554 477 hoc
581 420 781 476 sufﬁcit
805 420 873 475 ad
899 423 1362 478 consolationem?
1386 424 1496 495 Ego
1526 441 1650 481 vero
1670 426 1842 482 dicam

260 514 515 586 quiddam
543 514 646 568 hoc
668 513 829 568 etiam
857 512 1247 569 vehementius.
1279 514 1423 571 Pone
1448 517 1715 573 neminem
1742 533 1840 571 no-

259 603 386 659 stris
401 602 558 658 dietis
575 600 738 656 fuisse
766 615 1104 671 persuasum;
1121 619 1439 674 quamquam
1469 606 1519 660 id
1544 605 1659 662 fieri
1685 624 1841 662 num-

259 708 422 762 quam
443 699 640 763 potest,
656 691 901 747 nimirum
917 700 975 747 ut
987 707 1164 749 sermo
1178 694 1229 747 in
1246 702 1351 748 tam
1371 695 1562 750 multas
1577 695 1846 751 auresdis-

259 784 553 839 seminatus
575 791 726 839 vacet
744 784 889 838 omni
912 783 1081 840 fructu
1106 802 1120 838 :
1148 795 1512 841 verumtamen
1546 799 1685 857 pone
1709 788 1844 843 istuc

257 889 380 930 esse
401 912 422 940 ,
448 889 517 929 ne
538 874 619 930 sic
657 873 873 942 quidem
901 874 1055 930 nobis
1097 874 1229 929 nihil
1265 875 1468 932 adferet
1494 876 1627 932 lucri
1666 891 1844 933 sermo

260 974 469 1020 noster.

334 1054 541 1109 Gradus
562 1053 634 1107 ad
659 1054 891 1108 virtutem
916 1063 987 1109 est
1005 1055 1170 1110 minus
1194 1056 1509 1128 impudenter
1532 1074 1756 1128 peccare.
1774 1085 1846 1098 --

261 1145 395 1200 Nam
424 1144 637 1200 etiamsi
668 1145 910 1200 nonnulli
960 1146 1184 1217 ingressi
1213 1158 1336 1202 sunt
1371 1163 1667 1217 cauponam
1686 1188 1704 1215 ,
1735 1164 1840 1202 non

259 1248 440 1293 tamen
469 1252 591 1291 cum
616 1236 733 1307 pari
760 1252 861 1306 qua
883 1238 1062 1293 solent
1088 1239 1416 1309 impudentia
1442 1251 1568 1295 sunt
1597 1240 1839 1311 ingressi,

256 1327 353 1383 sed
380 1327 449 1382 ad
492 1327 662 1398 ipsam
705 1328 867 1382 etiam
898 1342 1135 1385 mensam
1164 1330 1354 1392 crebro
1395 1341 1696 1386 nostrorum
1726 1348 1844 1386 ver-

262 1422 454 1476 borum
477 1419 736 1476 recordati
767 1429 912 1487 sunt,
944 1421 1105 1475 subiit
1131 1421 1233 1477 illis
1263 1432 1441 1478 nostra
1456 1422 1837 1493 reprehensio,

263 1510 419 1566 rediit
443 1510 495 1565 in
525 1511 836 1565 memoriam
861 1520 1041 1566 nostra
1062 1511 1359 1583 objurgatio
1374 1553 1390 1579 ,
1412 1528 1477 1569 ac
1500 1514 1842 1570 recordantes

264 1603 461 1659 rubore
484 1602 671 1657 suffusi
696 1612 856 1670 sunt,
901 1604 1232 1660 erubuerunt
1275 1607 1435 1663 tacita
1478 1608 1838 1678 cogitatione,

264 1709 364 1750 nec
384 1694 546 1749 simili
573 1694 896 1764 irnpudentia
924 1694 1162 1752 fecerunt
1188 1712 1250 1752 ea
1280 1714 1398 1769 quae
1436 1699 1699 1755 solebant.
1730 1700 1843 1755 lloe

263 1798 447 1845 autem
486 1788 692 1843 initium
741 1798 824 1843 est
850 1789 1035 1844 salutis
1063 1790 1383 1867 opjimtequc
1406 1792 1745 1859 mutationis,
1794 1795 1840 1849 si

259 1894 425 1948 quem
455 1878 663 1948 penitus
692 1878 776 1933 sui
815 1879 1048 1949 pudeat,
1093 1883 1136 1935 si
1165 1882 1285 1952 quis
1312 1898 1530 1952 prorsus
1570 1882 1707 1940 facta
1746 1901 1841 1941 sua

257 1969 504 2025 damnet.
549 1969 684 2037 Quin
714 1984 780 2024 ex
814 1970 914 2026 hoc
942 1972 1160 2042 insuper
1183 1982 1237 2028 et
1279 1974 1423 2029 aliud
1453 1974 1608 2030 nobis
1632 1976 1840 2032 lucrum

260 2076 375 2116 non
409 2062 585 2115 minus
613 2062 865 2116 nascitur.
899 2061 1178 2130 Quodnam
1221 2063 1364 2120 hoc?
1404 2064 1666 2120 Nimirum
1712 2066 1841 2122 illud

263 2150 417 2219 quod
465 2165 559 2206 eos
604 2151 693 2221 qui
724 2151 1070 2207 sobrietatem
1098 2154 1527 2223 amplectuntur,
1570 2155 1843 2211 reddimus

260 2243 624 2299 modestiores
648 2244 921 2316 magisque
956 2248 1280 2316 compositos
1305 2290 1321 2315 ,
1360 2248 1484 2304 dum
1511 2265 1577 2305 ex
1602 2251 1843 2306 oratione

257 2344 446 2390 nostra
474 2336 809 2404 declaratur,
850 2338 992 2408 quod
1024 2339 1239 2408 optimis
1276 2341 1539 2397 ducantur
1573 2343 1837 2411 consiliis,

251 2430 352 2499 qui
390 2443 497 2484 nou
519 2428 850 2484 abducantur
872 2432 1117 2502 exemplo
1140 2432 1514 2488 multitudinis.
1544 2433 1660 2490 Non
1691 2436 1839 2491 erexi

250 2519 480 2591 quidem
505 2528 825 2591 aegrotantes
848 2564 866 2590 ,
886 2532 1122 2579 attamen
1146 2539 1241 2580 eos
1269 2526 1357 2595 qui
1384 2526 1603 2594 valent,
1635 2527 1840 2582 reddidi

250 2612 566 2678 ﬁrmiores;
595 2627 703 2668 non
745 2612 969 2668 abduxit
1005 2615 1262 2684 quosdam
1306 2631 1335 2670 a
1365 2616 1495 2672 vitio
1528 2632 1707 2672 sermo
1746 2633 1842 2672 no.

252 2715 375 2759 srer
397 2744 413 2766 ,
455 2703 548 2759 sed
578 2713 756 2759 tamen
802 2718 895 2760 eos
920 2706 1009 2774 qui
1056 2719 1179 2761 cum
1211 2706 1406 2762 virtute
1439 2707 1599 2761 vitam
1639 2716 1839 2778 agunt,

252 2795 495 2851 reddidit
514 2798 845 2853 attentiores.
871 2798 949 2852 Ad
973 2797 1089 2854 hare
1107 2799 1356 2870 quiddam
1376 2799 1566 2857 addam
1592 2802 1802 2858 tertium
1824 2818 1840 2857 :

258 2886 427 2943 hodie
456 2902 561 2942 non
594 2888 870 2958 persuasi,
894 2890 987 2945 sed
1014 2904 1132 2945 cras
1157 2891 1383 2947 fortasse
1400 2893 1719 2963 persuadere
1740 2906 1835 2964 po.

253 2988 402 3035 tero.
447 2978 599 3047 Quod
642 2979 687 3034 si
718 2979 897 3035 minus
942 2995 1096 3047 cras,
1146 2990 1379 3037 attamen
1412 2984 1706 3053 perendie,
1750 2991 1844 3039 aut

253 3079 456 3140 quarto
500 3070 568 3125 ab
611 3069 735 3126 hinc
759 3070 848 3127 die
892 3068 1132 3126 fortassis
1171 3086 1513 3141 persuasero.
1541 3077 1644 3141 Qut
1686 3072 1842 3129 hodie

250 3160 406 3231 quod
430 3158 628 3215 audivit
652 3161 875 3229 repulit,
902 3175 1021 3215 cras
1042 3160 1283 3217 fortassis
1302 3161 1480 3216 audiet
1503 3177 1565 3217 ac
1589 3161 1841 3232 recipiet:

253 3260 375 3306 tum
405 3251 494 3321 qui
523 3250 1236 3322 hodiernocrastinoquedie
1278 3253 1692 3323 contempserit,
1738 3253 1845 3309 for-

253 3342 425 3398 tassis
451 3348 572 3411 post
594 3341 709 3396 dies
751 3343 1055 3411 complures
1084 3343 1343 3414 praebebit
1368 3345 1602 3399 animum
1634 3345 1699 3400 iis
1724 3360 1843 3416 qua:

255 3434 534 3488 dicuntur.
565 3432 1003 3504 Quandoquidem
1043 3449 1186 3505 saepe
1226 3436 1494 3506 piscator,
1520 3438 1611 3507 qui
1639 3452 1734 3508 per
1762 3448 1842 3493 to-

255 3536 377 3580 tum
395 3524 537 3580 diem
556 3540 776 3581 vacuum
795 3526 1011 3579 attraxit
1034 3535 1148 3581 rete
1167 3567 1183 3594 ,
1208 3528 1307 3581 sub
1331 3539 1542 3583 noctem
1560 3529 1672 3598 jam
1698 3529 1845 3585 abire

252 3630 492 3688 iurans,
523 3625 713 3686 capto,
738 3616 827 3686 qui
858 3617 1026 3686 ipsum
1060 3633 1153 3686 per
1181 3627 1345 3673 totum
1381 3617 1641 3675 fefellerat
1668 3621 1840 3689 diem,

258 3709 415 3776 pisce
434 3746 452 3773 ,
480 3706 726 3762 discedit.
755 3706 906 3775 Quod
935 3708 979 3763 si
1020 3708 1141 3764 ideo
1177 3708 1370 3764 victuri
1388 3722 1582 3763 sumus
1615 3708 1670 3764 in
1696 3711 1842 3777 otio,

255 3808 315 3855 et
343 3798 415 3853 ab
438 3798 685 3854 omnibus
715 3798 1015 3853 actionibus
1040 3798 1304 3855 videbitur
1326 3799 1696 3856 abstinendum
1719 3842 1738 3869 ,
1779 3816 1845 3856 eo

258 3890 409 3963 quod
434 3904 646 3960 semper
683 3892 895 3957 evenit,
930 3900 987 3946 ut
1032 3891 1224 3948 alicubi
1261 3891 1581 3949 frustremur
1615 3895 1843 3965 optatis,

260 3985 516 4040 universa
565 3983 720 4039 nobis
760 3984 977 4054 perierit
1006 3986 1112 4039 vita
1143 4002 1160 4039 :
1189 4000 1290 4040 nec
1320 3985 1614 4056 spiritualia
1648 3986 1844 4055 modo,

258 4089 453 4129 verum
481 4075 640 4129 etiam
667 4073 754 4128 illa
782 4089 902 4144 qua:
942 4073 1011 4128 ad
1041 4075 1163 4129 vitae
1190 4075 1469 4144 praesentis
1508 4090 1660 4130 usum
1687 4076 1850 4145 perti-

259 4176 438 4231 nent,
488 4166 650 4222 simul
693 4166 992 4222 interierint
1032 4166 1232 4221 omnia.
1273 4167 1483 4223 Etenim
1526 4169 1574 4224 si
1618 4170 1846 4239 agricola

261 4260 514 4328 protinus
549 4257 620 4311 ab
666 4257 986 4328 agricultura
1026 4258 1270 4325 resiliat,
1313 4258 1454 4329 quod
1480 4259 1646 4314 semel
1689 4270 1849 4331 atque

264 4352 465 4405 iterum
496 4357 590 4404 aut
611 4351 806 4419 sapius
833 4349 1088 4405 acciderit
1126 4351 1267 4405 aeris
1295 4351 1659 4420 inaequalitas,
1699 4351 1846 4407 brevi

264 4439 422 4495 fame
447 4440 740 4510 peribimus
767 4454 978 4497 omnes.
1026 4441 1157 4496 Item
1197 4440 1243 4495 si
1270 4442 1553 4496 nauclerus
1577 4440 1648 4496 ob
1681 4444 1847 4497 semel

264 4543 432 4603 atque
469 4533 660 4588 iterum
685 4573 702 4598 ,
735 4542 827 4587 aut
864 4533 1060 4603 amplus
1085 4533 1325 4589 obortam
1366 4514 1730 4602 tempestatem
1762 4532 1849 4589 fu-

258 4624 378 4694 giat
426 4638 611 4691 mare,
653 4622 887 4679 futurum
927 4634 1039 4686 est,
1071 4633 1131 4680 ut
1172 4640 1332 4680 nemo
1358 4626 1583 4679 vehatur
1626 4627 1847 4698 pelago,

260 4725 429 4786 atque
448 4715 571 4772 hinc
610 4732 821 4772 rursum
870 4718 1119 4787 peribunt
1164 4718 1318 4773 nobis
1343 4719 1518 4774 omnia
1548 4720 1672 4774 vita:
1700 4736 1848 4775 com-

263 4808 451 4863 moda.
501 4808 656 4877 Quod
693 4810 738 4864 si
776 4824 871 4879 per
896 4809 1129 4879 singulas
1168 4822 1311 4868 artes
1359 4829 1703 4882 percurrens,
1752 4813 1850 4869 ista

265 4916 393 4969 qua
438 4916 536 4956 nos
577 4900 753 4958 facere
795 4902 914 4969 vis,
956 4904 1215 4965 suadeas,
1263 4920 1622 4976 moneasque,
1660 4916 1852 4962 cuncta

265 4989 509 5046 funditus
546 4992 872 5058 interibunt,
920 5001 1165 5063 terraque
1187 4995 1391 5050 carebit
1434 4996 1639 5052 incolis.
1672 4996 1852 5067 itaque

266 5094 399 5134 cum
426 5079 543 5135 haec
571 5095 762 5137 omnes
805 5082 1013 5149 sciant,
1042 5082 1251 5138 etiamsi
1279 5086 1445 5140 semel
1472 5094 1632 5155 atque
1661 5086 1850 5140 iterum

262 5179 367 5226 aut
412 5173 608 5241 saepius
663 5172 899 5229 frustrati
946 5175 1143 5230 fuerint
1187 5186 1369 5247 optato
1412 5181 1747 5249 negotiorum
1798 5181 1850 5234 in

264 5262 470 5333 quibus
518 5275 802 5321 versantur
838 5268 987 5323 exitu
1018 5285 1032 5322 :
1066 5268 1243 5323 denuo
1272 5268 1385 5340 pari
1424 5285 1545 5325 cum
1580 5270 1853 5327 alacritate

266 5352 500 5410 redeunt
520 5355 588 5410 ad
610 5356 819 5412 eadem.

1499 223 1585 278 DE
1625 221 1899 280 LAZARO
1933 221 2183 283 CONCIO
2214 228 2256 281 1.

3427 232 3531 287 966

1954 353 2021 393 ne
2051 348 2327 407 promanat
2357 339 2574 395 utilitas.
2599 344 2729 393 Nam
2762 350 2814 394 et
2838 340 3087 412 agricola.
3122 341 3208 397 ubi
3253 347 3420 401 semei
3447 357 3535 401 at-

1950 443 2055 497 que
2086 429 2276 483 iterum
2323 445 2384 484 ac
2434 430 2627 499 smpius
2672 444 2855 487 semen
2910 447 3039 486 arvo
3085 432 3388 499 commisit,
3425 449 3529 492 nec

1951 518 2089 574 votis
2126 519 2403 588 respondit
2437 530 2722 588 proventus
2745 562 2761 587 ,
2806 535 2992 575 rursus
3032 521 3276 577 eamdem
3316 534 3532 578 exercet

1951 620 2184 679 segetem
2212 625 2385 680 neque
2428 625 2551 664 raro
2578 610 2663 676 ﬁt,
2694 621 2749 664 ut
2778 611 2942 665 totius
2988 610 3242 682 temporis
3268 612 3531 682 jacturaut

1950 717 2056 756 uno
2081 701 2277 755 sarciat
2318 716 2480 755 anno.
2510 701 2597 756 Sic
2629 712 2682 757 et
2710 704 3009 773 negetiator
3045 718 3365 773 quamquam
3410 718 3532 760 cre-

1951 791 2050 846 bro
2078 791 2204 847 fecit
2230 792 2608 863 naufragium,
2641 810 2743 848 non
2785 803 2965 849 tamen
3010 774 3241 850 abstinet
3265 809 3295 848 a
3327 804 3481 864 portu
3509 836 3529 862 ,

1948 882 2042 938 sed
2070 893 2124 939 et
2168 892 2511 954 posteaquam
2560 886 2732 938 navim
2765 885 3033 952 detraxit,
3082 895 3137 940 et
3187 894 3373 938 nautas
3395 899 3530 940 con-

1948 975 2137 1040 duxit,
2192 976 2433 1046 pecuniis
2477 982 2662 1031 mutuo
2693 976 2956 1045 acceptis,
2986 976 3171 1031 eadem
3224 975 3532 1046 aggreditur

1947 1065 2190 1135 negotia,
2221 1066 2378 1136 idque
2403 1082 2524 1122 cum
2552 1066 2719 1121 nihilo
2760 1069 2927 1138 magis
2959 1076 3083 1122 tunc
3107 1069 3238 1123 sciat
3263 1067 3536 1139 quomodo

1947 1172 2221 1212 cessurum
2247 1157 2346 1226 sit,
2380 1173 2537 1228 quam
2575 1159 2770 1214 scierat
2796 1167 2973 1214 antea.
3017 1158 3253 1230 Denique
3289 1161 3531 1231 quicum-

1948 1265 2050 1318 que
2077 1249 2253 1305 solent
2289 1250 2504 1320 aggredi
2528 1265 2641 1305 rem
2668 1264 3057 1322 quamcumque
3076 1291 3091 1315 ,
3120 1252 3188 1306 ita
3211 1250 3385 1306 facere
3410 1266 3528 1306 con—

1947 1349 2232 1396 Suevernnt
2255 1383 2271 1409 ,
2300 1341 2745 1412 quemadmodum
2794 1341 2992 1397 faciunt
3019 1343 3248 1415 agricola
3278 1358 3344 1400 ac
3364 1359 3529 1414 nego-

1949 1434 2123 1487 tiator.
2151 1434 2217 1487 Et
2252 1442 2369 1503 post
2395 1433 2513 1489 hu‘c
2537 1448 2657 1489 cum
2690 1434 2761 1488 illi
2801 1442 2996 1488 tantam
3029 1434 3315 1491 adhibeant
3346 1450 3528 1491 curam

1947 1525 2292 1595 studiumque
2320 1525 2458 1580 circa
2488 1540 2578 1581 res
2617 1524 2685 1580 ad
2720 1526 2993 1595 praesentis
3024 1541 3176 1581 usum
3207 1526 3328 1581 vita:
3371 1528 3531 1598 perti-

1947 1624 2132 1670 nentes
2151 1656 2167 1679 ,
2196 1615 2320 1671 licet
2341 1616 2513 1670 exitus
2533 1616 2602 1669 sit
2632 1616 2864 1671 incertus
2894 1632 2909 1671 :
2939 1630 3036 1671 nos
3055 1617 3100 1670 si
3127 1616 3403 1688 loquentes
3423 1632 3528 1670 non

1945 1706 2108 1760 auditi
2131 1705 2384 1760 fuerimus
2404 1746 2420 1772 ,
2446 1706 2587 1760 illico
2614 1705 2957 1762 desinemus?
2985 1707 3054 1763 Et
3079 1723 3237 1778 quam
3270 1707 3531 1763 obtinebi-

1950 1811 2067 1851 nms
2095 1796 2345 1851 veniam?
2369 1795 2504 1864 Quid
2525 1796 2881 1852 excusationis
2905 1796 3228 1852 all‘eremus?
3257 1799 3322 1852 Et
3352 1809 3527 1853 tamen

1948 1887 2053 1942 illis
2075 1926 2091 1954 ,
2124 1886 2168 1941 si
2198 1901 2303 1941 non
2335 1887 2682 1952 successerit,
2714 1885 2887 1941 nullus
2915 1897 2998 1942 est
3040 1887 3128 1957 qui
3157 1886 3410 1942 damnum
3436 1903 3527 1941 ac-

1947 1988 2158 2048 ceptum
2192 1978 2356 2035 leniat
2390 1996 2406 2033 :
2438 1978 2598 2033 veluti
2637 1978 2683 2032 si
2713 1992 2859 2034 mare
2884 1980 3060 2034 navim
3091 1977 3338 2035 ﬂuctibus
3366 1980 3528 2035 obru-

1945 2070 2081 2137 erit,
2113 2083 2272 2123 nemo
2319 2068 2615 2124 medebitur
2659 2064 2852 2139 inopiae
2894 2067 3134 2140 naufragi
3166 2086 3181 2124 :
3212 2070 3255 2124 si
3297 2070 3379 2124 vis
3422 2069 3545 2141 itn-_

1947 2162 2117 2216 brium
2149 2160 2313 2216 effusa
2338 2161 2391 2215 in
2418 2175 2603 2214 arvum
2630 2159 2927 2229 prmiocal'it
2953 2169 3244 2216 sementem
3269 2202 3284 2222 ,
3312 2160 3523 2230 Cogitur

1946 2253 2175 2323 agricola
2202 2253 2380 2307 vacuis
2408 2251 2653 2307 manibus
2696 2251 2844 2307 abire
2869 2250 3105 2306 domum.
3130 2249 3322 2307 Nostra
3354 2266 3481 2306 vero
3500 2294 3519 2316 ,

1947 2360 2066 2400 cum
2078 2344 2343 2415 loquimur
2354 2350 2443 2398 aut
2458 2342 2821 2410 exhortamur,
2840 2354 3038 2398 nonest
3054 2341 3241 2399 eadem
3264 2342 3520 2398 conditio.

2019 2435 2254 2490 Ministro
2311 2433 2479 2499 uerbi,
2508 2435 2657 2488 etiam
2694 2433 2740 2488 si
2781 2441 2949 2502 pereat
2987 2448 3172 2503 opera,
3210 2449 3310 2486 non
3356 2440 3524 2486 tamen

1948 2527 2096 2598 periit
2124 2542 2330 2582 merces.
2355 2555 2429 2566 —
2452 2525 2565 2581 lmo
2593 2526 2638 2580 si
2675 2539 2859 2580 semen
2890 2539 2989 2596 per
3018 2534 3069 2579 te
3092 2523 3291 2595 iactum
3321 2524 3529 2580 auditor

1945 2632 2054 2673 non
2093 2616 2388 2686 νεώρει-ῆι,
2419 2630 2518 2670 nec
2545 2614 2862 2671 obedientiaa
2890 2613 3117 2670 fructum
3149 2614 3391 2670 retulerit
3415 2656 3429 2674 .
3460 2629 3527 2676 ιιι

1917 2713 2125 2763 tamen
2166 2704 2540 2761 communicati
2579 2702 2787 2759 consilii
2822 2701 3120 2759 mercedem
3158 2694 3268 2759 fers
3307 2720 3337 2757 a
3376 2696 3551 2763 Deo.-

1948 2806 2049 2852 n‘cc
2075 2795 2250 2851 minus
2285 2792 2517 2865 accipies
2544 2794 2748 2865 priamii
2780 2809 2885 2848 non
2924 2793 3154 2861 auditus,
3184 2809 3343 2866 quam
3370 2808 3527 2850 acoe«

1948 2895 2136 2957 pturus
2163 2900 2286 2941 eras
2309 2925 2326 2952 ,
2361 2884 2407 2940 si
2435 2885 2526 2939 ille
2563 2884 3000 2954 obtemperasset.
3028 2884 3179 2954 Quod
3212 2897 3325 2941 erat
3348 2885 3403 2939 in
3435 2894 3525 2949 te,

1946 2972 2239 3049 praestitisti
2269 2993 2283 3029 :
2311 2984 2560 3031 caeterum
2586 2973 2654 3030 ad
2681 2975 2766 3042 id,
2796 2983 2852 3030 ut
2881 2976 3293 3045 persuadeamus
3317 2977 3527 3033 audito-

1946 3067 2127 3134 ribus,
2154 3082 2260 3121 non
2288 3079 2474 3120 sumus
2497 3064 2767 3130 obstricti,
2794 3064 2887 3120 sed
2914 3074 3120 3119 tantum
3150 3074 3206 3121 ut
3233 3065 3523 3123 admonea-

1947 3173 2084 3215 mus.
2119 3157 2326 3215 Nostrm
2351 3156 2564 3229 quidem
2600 3167 2781 3227 partes
2804 3167 2928 3212 sunt
2950 3157 3238 3214 admonere
3261 3201 3277 3225 ,
3310 3158 3521 3213 morum

1947 3267 2078 3307 vero
2118 3251 2506 3320 obtemperare.
2539 3246 2609 3304 Et
2644 3248 3088 3320 quemadmodum
3130 3248 3176 3304 si
3211 3264 3311 3305 nos
3337 3250 3528 3304 admo-

1949 3343 2109 3398 ncndi
2153 3340 2331 3397 officio
2374 3340 2540 3397 functi
2579 3334 3011 3406 non'fuerimus,
3039 3341 3246 3396 etiamsi
3274 3350 3528 3397 sexcenta

1950 3436 2024 3491 illi
2063 3434 2202 3492 bena
2241 3448 2405 3504 opera
2444 3432 2739 3499 ediderint,
2780 3430 2909 3502 ipsis
2951 3432 3079 3488 solis
3112 3432 3407 3503 repositum
3445 3442 3531 3487 est

1949 3525 2226 3598 praemium
2251 3567 2267 3591 ,
2296 3524 2364 3581 ad
2394 3539 2491 3581 nos
2517 3523 2646 3580 nihil
2677 3521 2867 3579 redibit
2903 3522 3070 3590 lucri,
3102 3522 3529 3594 quandoquidem

1949 3633 2057 3673 non
2094 3614 2337 3672 dedimus
2370 3614 2649 3671 consilium
2683 3631 2696 3667 :
2725 3616 2796 3668 ita
2836 3614 2880 3668 si
2927 3613 3079 3669 nobis
3119 3613 3530 3668 admonentibus

1951 3709 2026 3765 illi
2072 3722 2177 3763 non
2223 3706 2592 3774 auscultarint,
2634 3705 2702 3760 ad
2745 3706 2889 3776 ipsos
2929 3707 3072 3759 solos
3113 3703 3309 3761 redibit
3352 3705 3530 3761 omnis

1952 3802 2121 3867 ultio,
2166 3797 2319 3853 nobis
2361 3807 2536 3853 autem
2580 3795 2714 3851 nihil
2757 3795 3141 3865 imputabitur,
3185 3796 3312 3867 quin
3355 3797 3531 3866 potius

1949 3891 2163 3960 cOpiosa
2196 3901 2401 3944 merces
2426 3886 2580 3942 nobis
2606 3886 2788 3942 veniet
2823 3901 2852 3940 a
2887 3885 3013 3941 Deo.
3061 3884 3331 3955 Siquidem
3372 3882 3529 3955 quid-

1948 3979 2074 4051 quid
2118 3979 2170 4034 in
2220 3978 2374 4035 nobis
2410 3987 2526 4033 erat
2560 3977 2753 4041 situm,
2802 3977 3160 4047 praestitimus.
3198 3974 3344 4031 Nihil
3386 3974 3533 4031 aliud

1947 4073 2228 4142 jubemur,
2256 4086 2413 4141 quam
2448 4068 2589 4140 apud
2626 4068 2921 4125 mensarios
2956 4068 3224 4137 deponere
3250 4067 3529 4139 pecuniam

1951 4160 2163 4234 (Matth.
2187 4161 2279 4215 25.
2304 4159 2419 4233 27),
2446 4161 2587 4230 loqui
2616 4170 2667 4215 et
2694 4159 2993 4215 consulere.
3024 4159 3269 4229 Loquere
3294 4158 3454 4229 igitur
3475 4168 3532 4213 et

1952 4251 2179 4307 admone
2208 4250 2448 4307 fratrem.
2475 4250 2670 4306 Verum
2697 4265 2800 4304 non
2825 4249 3044 4305 audivit.
3066 4248 3146 4303 Tu
3170 4248 3335 4304 nihilo
3359 4248 3537 4303 secius

1956 4342 2121 4400 habes
2160 4352 2394 4414 paratam
2429 4342 2761 4404 mercedem,
2801 4343 2846 4396 si
2884 4358 2990 4396 non
3026 4342 3315 4409 destiteris,
3358 4343 3533 4412 prius-

1951 4448 2108 4503 quam
2133 4433 2474 4503 persuadeas,
2492 4432 2663 4487 donec
2685 4432 2924 4504 spiritum
2949 4431 3230 4488 efﬂaveris.
3253 4432 3534 4489 Terminus

1954 4524 2204 4579 monendi
2239 4524 2308 4579 sit
2334 4523 2634 4579 obedientia
2662 4523 3006 4578 inonitionem
3038 4534 3179 4578 tuam
3205 4523 3529 4594 recipientis.

1957 4616 2207 4672 Diabolus
2228 4617 2610 4672 circumcursat
2638 4616 2897 4672 obsistere
2922 4617 3141 4687 cupiens
3169 4628 3370 4672 nostrae
3393 4617 3536 4673 salu-

1958 4705 2033 4770 ti,
2065 4719 2168 4760 non
2192 4704 2364 4760 solum
2394 4706 2506 4775 ipse
2530 4705 2660 4761 nihil
2690 4705 2814 4761 hinc
2839 4706 2969 4761 lucri
2998 4716 3277 4777 reportans
3299 4749 3315 4768 .
3348 4723 3532 4762 verunt

1954 4797 2113 4851 etiam
2138 4810 2233 4851 suo
2252 4795 2427 4851 studio
2443 4798 2752 4867 gravissima
2768 4797 3079 4852 detrimenta
3103 4798 3201 4853 sibi
3223 4798 3533 4858 concilians.

1956 4886 2006 4942 is
2032 4895 2208 4943 tamen
2235 4903 2401 4958 usque
2423 4888 2560 4943 adeo
2583 4904 2810 4944 vesanus
2834 4899 2936 4958 est,
2959 4900 3014 4943 ut
3042 4889 3348 4958 frequenter
3369 4898 3424 4945 et
3446 4890 3532 4944 illa

1954 4988 2162 5046 tentet,
2191 4995 2310 5050 qua:
2338 4979 2452 5035 fieri
2490 4995 2594 5034 non
2624 4988 2845 5050 possunt
2870 4997 2884 5033 :
2911 4995 3012 5035 nec
3050 4979 3169 5034 illos
3195 4979 3368 5035 solum
3398 4981 3534 5037 ado-

1955 5073 2145 5137 riatur,
2177 5085 2312 5141 quos
2336 5054 2553 5125 omnino
2579 5070 2795 5125 conﬁdit
2819 5085 2879 5124 se
2907 5070 3361 5139 supplantaturum
3385 5070 3536 5140 deje-

1955 5172 2287 5232 ctttrumqne.
2314 5178 2498 5217 verum
2525 5162 2683 5215 etiam
2706 5177 2820 5227 eos,
2844 5175 2976 5231 quos
3003 5162 3272 5231 probabile
3294 5172 3379 5218 est
3402 5162 3534 5217 arti-

1957 5253 2055 5309 bus
2074 5253 2241 5324 ipsius
2264 5251 2373 5307 fore
2392 5253 2709 5321 superiores.
2733 5251 2917 5323 Itaque
2932 5267 3051 5307 cum
3071 5253 3277 5308 audiret
3297 5252 3501 5309 laudari
3514 5254 3531 5288 '

1952 5345 2054 5402 Job
2086 5347 2153 5402 ab
2175 5360 2243 5400 eo
2266 5384 2280 5408 ,
2308 5344 2397 5415 qui
2438 5343 2581 5398 novit
2620 5356 2810 5398 arcana
2837 5343 3016 5399 omnia
3037 5385 3057 5411 ,
3085 5340 3330 5399 nimirum
3374 5344 3485 5401 Deo
3506 5384 3527 5411 .

356 5442 413 5499 δ,
438 5442 573 5514 Qua;
592 5462 713 5502 cum
742 5448 896 5503 nobis
915 5450 1074 5504 etiam
1105 5458 1231 5505 ηοω
1256 5450 1364 5506 sim
1387 5450 1593 5516 omnia,
1621 5450 1856 5507 dilectis.
1956 5437 2198 5509 sperabat
2226 5435 2359 5499 fore,
2389 5443 2446 5489 ut
2471 5448 2591 5489 eum
2617 5433 2929 5488 subvertere
2954 5443 3132 5502 posset
3161 5448 3300 5489 :aec
3326 5433 3534 5490 destitit

270 5534 428 5599 simi,
482 5551 550 5591 ne
587 5553 768 5608 quzeso
819 5539 1154 5609 proferamus
1202 5541 1340 5606 ista,
1392 5557 1525 5597 neve
1571 5541 1851 5608 dieamus,

276 5625 403 5693 quid
436 5627 590 5683 nobis
619 5638 699 5685 est
728 5640 803 5685 tot
830 5631 1004 5687 verbis
1031 5631 1199 5701 opus?
1226 5631 1377 5687 Nulla
1423 5648 1484 5686 ex
1514 5631 1615 5687 hoc
1644 5647 1850 5687 sermo-

1957 5529 2133 5584 omnia
2160 5542 2374 5582 movere
2398 5526 2696 5596 molirique,
2724 5539 2830 5596 quo
2854 5526 3215 5595 supplantarct
3238 5525 3530 5594 hominem,

2026 5645 2038 5673 ι
2079 5642 2161 5691 alii
2182 5648 2309 5703 post,
2334 5638 2528 5689 laudari
2546 5678 2559 5697 ,
2585 5637 2781 5699 addunt,
2806 5636 3265 5704 “rationemque
3286 5626 3513 5690 oblinere.
