4018 6190
438 187 559 245 ’91η

451 320 555 359 nec
594 303 900 375 desperavit
940 306 1179 379 impurus
1220 305 1307 362 ille
1345 322 1408 361 ac
1446 304 1890 361 sceleratissimus
1922 305 2037 358 ιΙςν-

453 409 579 449 mon
614 415 629 451 :
662 397 816 468 idque
848 414 966 452 cmn
1001 398 1141 453 Deus
1178 398 1321 467 justo
1352 397 1424 451 illi
1467 406 1669 452 tantum
1710 397 1916 451 virtutis
1945 413 2044 448 suo

433 486 704 558 sulfragio
737 488 1026 543 tribuisset.
1077 490 1141 544 Et
1182 499 1299 558 post
1338 489 1453 544 lure
1497 504 1602 544 non
1645 488 2040 551 erubescimus,

458 593 630 647 neque
660 579 862 648 pudore
891 580 1268 646 sut'fundimur,
1296 581 1383 636 die
1412 577 1561 647 mihi,
1586 582 1629 637 si
1656 596 1777 636 cum
1805 580 2044 635 diabolus

457 687 741 741 numquam
766 671 1014 742 desl-eret
1039 685 1274 729 nostram
1297 675 1608 745 perniciem,
1631 674 1724 729 sed
1750 673 2046 729 indesinen-

454 772 534 816 ter
553 778 670 817 cam
693 774 984 834 exspectet,
1012 780 1108 820 nos
1126 766 1345 821 fratrmn
1364 767 1591 821 salutem
1611 765 2046 834 deSperabimus?

450 853 513 906 lit
550 863 723 907 t:nnen
766 856 913 911 illum
949 857 1206 923 decebat,
1250 858 1412 913 etiam
1455 858 1762 927 priusquam
1797 868 2047 926 expertus

454 955 617 1009 esset,
649 962 676 999 e
708 947 845 1001 lucta
874 948 1144 1005 abstinere
1173 968 1188 1005 :
1218 966 1340 1004 nam
1375 950 1512 1005 Deus
1539 959 1652 1004 erat
1679 950 1766 1019 qui
1798 950 2041 1003 testimo-

448 1036 593 1091 nium
638 1036 840 1092 ferebat
867 1039 933 1093 de
969 1040 1097 1108 justi
1137 1040 1353 1097 virtute.
1398 1040 1509 1096 Nec
1543 1050 1717 1095 tamen
1749 1041 2039 1107 abstinuit,

461 1127 554 1182 sed
580 1145 689 1197 prie
710 1131 875 1185 nimio
900 1130 1099 1199 furore,
1126 1149 1231 1204 quo
1254 1134 1423 1189 fertur
1441 1133 1723 1189 adversum
1746 1149 1864 1202 nos,
1887 1135 2047 1189 etiam

462 1232 579 1291 post
609 1222 696 1278 Dei
730 1225 1090 1280 testimonium
1117 1226 1366 1297 sperabat
1395 1226 1651 1295 futurum,
1677 1236 1733 1281 ut
1759 1227 1898 1282 illius
1923 1236 2051 1280 aeta—

460 1314 531 1367 tis
572 1316 1011 1383 priestantissium
1050 1318 1166 1372 viro
1192 1319 1437 1387 superior
1472 1318 1743 1373 evaderet.
1786 1316 2048 1373 therum

460 1405 592 1459 nihil
623 1416 706 1460 est
736 1407 841 1461 tale
865 1449 879 1472 ,
915 1408 1054 1479 quod
1087 1424 1181 1463 nos
1215 1410 1264 1463 in
1296 1409 1726 1479 desperationem
1757 1409 1970 1479 adigat,
2000 1417 2053 1462 ct

458 1506 636 1551 tamen
665 1496 989 1552 desistimus.
1020 1501 1095 1553 Ac
1124 1499 1367 1554 diabolus
1395 1500 1607 1571 quidem
1649 1507 1862 1553 Vetante
1896 1500 2004 1553 Deo
2034 1539 2049 1565 ,

458 1604 562 1642 non
591 1588 816 1644 discedit
848 1606 877 1643 a
906 1604 1080 1661 pugna
1113 1589 1392 1643 adversum
1424 1605 1520 1643 nos
1545 1597 1789 1660 suscepta
1825 1605 1839 1642 :
1874 1598 1926 1641 lu
1959 1603 2050 1642 ve-

455 1694 512 1731 ro
537 1693 656 1732 cum
687 1679 825 1735 Deus
852 1680 1067 1735 mandet
1100 1680 1511 1751 exstimuletque
1532 1680 1597 1734 ad
1626 1680 2052 1735 subveniendum

454 1772 615 1841 lapsis
640 1814 653 1833 ,
686 1773 861 1827 resilis
900 1771 1222 1843 refugisque.
1257 1773 1511 1828 Audierat
1538 1773 1782 1827 diabolus
1815 1774 2038 1844 loquen-

456 1873 559 1917 tem
585 1865 769 1928 Deum,
795 1863 961 1918 Ilomo
974 1868 1165 1937 justus,
1192 1881 1363 1929 verax,
1389 1866 1566 1919 timens
1590 1865 1771 1929 Deum,
1793 1865 2047 1920 abstinens

457 1957 516 2009 ab
543 1957 679 2010 omni
705 1973 854 2025 apere
880 1959 1013 2014 malo
1044 1958 1185 2028 (Job.
1218 1960 1266 2013 1.
1299 1960 1358 2028 8)
1384 2000 1399 2025 ,
1427 1960 1676 2030 quodque
1708 1961 1882 2015 nullus
1906 1972 2044 2015 esset

459 2048 531 2101 illi
559 2046 750 2102 similis
772 2064 833 2101 ex
861 2049 943 2115 iis,
968 2050 1057 2120 qui
1083 2060 1207 2104 sunt
1227 2065 1387 2121 super
1409 2058 1631 2112 terram,
1656 2060 1710 2104 et
1731 2061 1904 2106 tmnen
1935 2060 2051 2120 post

464 2151 608 2195 tanta
656 2141 886 2212 taliaque
929 2142 1127 2213 judicia
1174 2144 1532 2214 perseveravit
1574 2142 1754 2198 dicere
1788 2162 1802 2197 :
1835 2143 1962 2214 quid
2013 2145 2055 2197 si

461 2229 678 2299 quando
702 2232 1052 2302 perpetuitate
1080 2233 1545 2304 magnitudineque
1567 2232 1826 2288 malorum
1854 2232 2060 2287 irruen-

462 2323 598 2375 tium
642 2322 845 2377 valeam
877 2322 1025 2378 illum
1053 2338 1308 2394 superare
1331 2365 1346 2389 ,
1376 2335 1426 2378 et
1459 2322 1594 2379 hanc
1624 2323 1890 2379 excelsam
1921 2322 2055 2391 deji-

464 2428 589 2468 cere
620 2414 807 2469 turrim
825 2414 849 2468 ’ἔ

537 2503 592 2559 ι.
625 2502 757 2573 Quis
783 2503 943 2575 igitur
968 2503 1070 2560 erit
1096 2505 1249 2561 nobis
1278 2506 1448 2561 venia:
1479 2506 1626 2560 locus
1645 2547 1661 2574 ,
1692 2506 2057 2573 dilectissimi,

459 2605 553 2650 aut
583 2595 713 2667 quid
738 2597 1131 2666 excusabimus,
1159 2600 1202 2653 si
1231 2613 1351 2653 cum
1382 2609 1524 2653 tanta
1552 2599 1618 2653 sit
1650 2598 1774 2652 mali
1801 2599 2062 2653 daemonis

461 2693 512 2743 in
552 2698 790 2744 nostrum
812 2688 1125 2743 insanientis
1165 2690 1382 2744 exitium
1411 2689 1678 2760 vigilantia
1703 2733 1716 2754 ,
1743 2704 1839 2744 nos
1862 2705 1930 2745 ne
1955 2701 2057 2744 tan‘

462 2783 627 2835 tulum
654 2782 869 2852 quidem
892 2781 1082 2838 similis
1127 2780 1414 2853 diligenti-.c
1434 2781 1717 2838 all'eramus
1737 2782 1803 2837 ad
1827 2782 2053 2837 Salutem

471 2873 694 2929 fratrum
726 2885 1066 2940 nostrorum,
1097 2874 1389 2945 pra-sertim
1416 2890 1536 2929 cum
1576 2873 1739 2928 Deum
1770 2872 2061 2929 habeamus

468 2958 873 3023 auxiliatorem?
893 2965 1074 3038 Itaque
1090 2982 1210 3022 cum
1231 2966 1426 3020 videris
1444 2964 1661 3021 fratrem
1681 2975 1827 3020 tuum
1847 2965 2059 3034 durum,

462 3057 712 3128 rigidum,
737 3057 1061 3130 minimeque
1089 3052 1374 3127 attentum,
1406 3058 1493 3113 die
1517 3057 1655 3128 apud
1688 3060 2023 3129 temetipsum
2047 3078 2058 3112 :

466 3149 591 3219 quid
620 3150 666 3205 si
697 3164 983 3223 progressu
1014 3151 1273 3221 temporis
1303 3150 1586 3219 aliquando
1617 3149 1887 3205 valeamus
1918 3151 2062 3205 illum

464 3241 719 3297 ﬂectere?
750 3240 862 3297 lloc
901 3241 1152 3297 nimirum
1195 3250 1251 3297 et
1289 3241 1485 3296 Paulus
1527 3241 1817 3310 praecepit:
1851 3240 2064 3295 Servum

468 3329 680 3387 Domini
725 3348 823 3385 non
866 3343 1060 3402 oportet
1106 3334 1335 3405 litigare,
1380 3333 1469 3386 sed
1509 3333 1767 3402 placidum
1806 3349 1912 3388 esse
1946 3351 2067 3406 erga

466 3432 692 3486 cunctos,
726 3422 1035 3476 erudientem
1067 3438 1151 3477 eos
1174 3424 1262 3492 qui
1288 3423 1523 3477 resistunt
1552 3423 1768 3489 veritati,
1798 3424 1844 3477 si
1864 3426 2066 3492 quando

472 3513 554 3565 det
593 3510 697 3565 illis
731 3509 873 3565 Deus
914 3513 1256 3582 paenitentiam
1292 3513 1345 3566 in
1385 3513 1693 3582 agnitionem
1733 3514 1953 3568 veritatis
1985 3515 2063 3584 (2.

469 3599 599 3657 Tim.
621 3601 678 3657 2.
704 3601 795 3656 2i.
822 3602 934 3670 25).
960 3604 1151 3658 Annon
1182 3604 1329 3658 vides
1354 3613 1623 3675 parentes,
1645 3606 1914 3676 quomodo
1941 3606 2063 3662 filiis

468 3695 598 3761 suis,
618 3693 743 3750 licet
769 3692 1076 3765 frequenter
1092 3696 1407 3766 desperatis,
1428 3697 1663 3752 assident
1678 3698 2061 3771 lacrymantes,

472 3784 847 3847 lamentantes,
873 3788 1263 3853 exosculantes,
1286 3788 1466 3842 omnia
1488 3804 1607 3859 quae
1634 3799 1855 3859 possunt
1878 3790 2063 3846 admo-

479 3887 667 3932 ventes
695 3877 762 3931 ad
800 3891 1108 3948 supremum
1140 3894 1304 3950 usque
1333 3879 1598 3935 halitum?
1628 3882 1739 3936 Hoc
1770 3891 1824 3937 ιιι
1857 3898 2069 3954 quoque

476 3967 637 4022 facito
668 3982 765 4038 pro
797 3967 1070 4024 fratribus.
1103 3971 1165 4025 Et
1202 3980 1378 4027 tamen
1407 3973 1480 4026 illi
1507 3956 1613 4027 non
1643 3985 1867 4045 possunt
1892 3976 2065 4046 lacry-

472 4057 574 4125 mis
596 4072 658 4113 ac
684 4058 930 4114 lamentis
953 4076 1125 4131 neque
1154 4062 1395 4117 morbum
1415 4062 1705 4135 depellere,
1728 4080 1904 4136 neque
1924 4081 2068 4120 mor-

472 4159 577 4203 tem
606 4148 970 4207 inuninentem
1002 4152 1237 4223 abigere.
1269 4154 1351 4209 Tu
1380 4170 1508 4211 vero
1534 4153 1845 4226 frequenter
1870 4159 2068 4227 poteris

470 4240 701 4295 animam
716 4240 1046 4311 deploratam
1064 4244 1371 4301 assiduitate
1387 4246 1740 4318 instantiaque
1757 4264 1851 4319 per
1868 4249 2061 4304 lamen-

471 4339 524 4384 ta
564 4347 818 4389 revocare
842 4349 906 4389 ac
925 4336 1205 4392 suscitare.
1239 4337 1438 4393 Dedisti
1464 4340 1747 4395 consilium
1769 4383 1784 4407 ,
1813 4357 1912 4397 nec
1939 4357 2061 4411 per-

479 4421 714 4487 suasisti,
745 4423 1037 4495 illacryma,
1070 4442 1241 4496 punge
1269 4428 1593 4499 frequenter,
1617 4446 1681 4486 ac
1704 4433 1911 4501 suspira
1942 4448 2071 4502 pau-

475 4509 640 4563 lulum
666 4552 681 4577 ,
721 4520 781 4566 ut
817 4522 904 4566 tua
938 4514 1236 4572 sollicitudo
1272 4519 1493 4574 incutiat
1534 4522 1606 4576 illi
1647 4524 2019 4578 verecundiam
2050 4565 2066 4588 ,

483 4598 660 4670 itaque
688 4617 747 4658 se
774 4614 1050 4659 convertat
1077 4607 1142 4661 ad
1174 4609 1426 4666 salutem.
1454 4611 1590 4679 Quid
1622 4629 1749 4684 ergo
1773 4615 1920 4670 solus
1953 4631 2073 4684 pos-

481 4707 594 4745 sem
635 4693 887 4751 efﬁcere?
926 4696 1107 4767 Neque
1150 4700 1291 4755 enim
1339 4703 1577 4771 quotidie
1625 4704 1776 4761 vobis
1824 4707 2073 4761 omnibus

480 4784 628 4837 solus
652 4785 841 4841 adesse
870 4789 1019 4842 valeo
1045 4832 1059 4853 ,
1095 4807 1264 4860 neque
1293 4795 1525 4863 suppetit
1558 4796 1685 4849 mihi
1716 4796 1936 4853 facultas
1962 4842 1977 4863 ,
2012 4810 2069 4854 ut

479 4875 629 4932 solus
660 4893 784 4933 cum
816 4889 956 4936 tanta
989 4881 1252 4952 disputem
1285 4885 1641 4943 multitudine.

551 4965 739 5023 Frater
761 4968 972 5040 fratrem
1003 4975 1168 5027 trahat
1193 4975 1261 5028 ad
1279 4976 1512 5031 salutem.
1532 4979 1879 5034 —Ca:tcrum
1909 4983 1952 5035 si
1980 4999 2075 5038 vos

482 5057 657 5115 velitis
682 5061 822 5117 inter
847 5079 941 5117 vos
968 5067 1085 5119 aliis
1112 5067 1334 5122 aliorum
1361 5069 1543 5138 partiri
1569 5085 1750 5125 curam
1778 5072 1984 5139 salutis,
2012 5090 2075 5128 ac

482 5160 717 5207 vestrum
735 5154 959 5225 quisque
980 5171 1139 5210 uninn
1163 5159 1432 5230 suscipere
1448 5160 1666 5216 fratrum
1687 5164 2069 5234 neglecturum,

480 5240 630 5300 illico
654 5243 812 5300 nobis
831 5260 1100 5303 cresceret
1126 5249 1429 5306 aediﬁcatio.
1454 5252 1519 5307 Et
1540 5253 1665 5323 quid
1689 5256 1879 5310 attinet
1898 5256 2075 5312 dicere

481 5334 551 5390 de
584 5335 685 5401 iis,
718 5338 807 5407 qui
852 5350 966 5408 post
1008 5342 1225 5396 Inultam
1264 5352 1320 5399 et
1356 5344 1617 5401 diutinam
1656 5347 2072 5405 admonitionem

483 5427 690 5497 seipsos
709 5428 775 5484 ad
797 5432 1075 5486 meliorem
1101 5433 1304 5505 frugem
1329 5437 1624 5506 recipiunt?
1642 5437 1822 5510 Neque
1844 5442 1986 5495 enim
2009 5441 2077 5495 ab

486 5515 627 5585 illis,
656 5519 814 5574 etiam
843 5522 886 5576 si
920 5535 1228 5579 tenerentur
1256 5525 1628 5584 immedicabili
1654 5531 1842 5586 morbo
1863 5573 1877 5596 ,
1911 5548 2074 5603 opor-

489 5619 625 5666 teret
647 5605 907 5669 deSistere
928 5657 943 5683 ,
984 5633 1153 5688 neque
1183 5635 1364 5675 curam
1392 5621 1623 5692 ahjicere
1644 5665 1659 5693 ,
1694 5624 1901 5680 etiamsi
1929 5635 2076 5683 certo

1167 193 1222 248 S.
1264 190 1543 248 JOANNIS
1580 184 2056 245 Clll’t‘t‘EUS'l‘Olll
2100 186 2419 244 ARClllEP.
2462 186 2998 245 CONSTANTINOP.

3626 183 3750 240 968

2154 306 2526 375 prtesciremus
2550 303 2807 373 futurum,
2836 315 2893 361 ut
2919 314 3036 374 past
3060 305 3277 362 multam
3303 305 3745 373 sollicitudinem.

2151 396 2479 467 multamque
2506 396 2794 452 adhibitam
2821 397 3261 462 admonitionem,
3294 399 3462 455 nihilo
3491 404 3605 471 plus
3626 401 3744 456 sint

2152 481 2461 552 profecturi.
2491 481 2643 550 Quod
2682 483 2726 537 si
2758 484 2875 538 ιιωο
2902 483 3073 537 oratio
3103 483 3254 538 vobis
3281 484 3490 542 videtur
3515 487 3743 541 incredi-

2154 573 2276 627 bilis
2302 613 2317 639 ,
2350 587 2447 643 age
2471 613 2486 639 ,
2515 587 2582 628 ex
2613 571 2765 628 faelis
2793 573 3059 644 dictisque
3085 573 3280 631 Christi
3310 574 3597 631 reddemus
3623 590 3748 631 eam

2153 666 2485 721 credibilem.
2511 665 2643 721 Nam
2669 681 2768 722 nos
2789 667 3002 737 quidem
3027 668 3195 737 ignari
3216 681 3401 722 sumus
3422 667 3742 725 futurorum,

2156 757 2298 814 unde
2341 773 2441 814 nec
2486 758 2776 829 dijudicare
2818 774 3101 829 possumus
3139 758 3206 815 de
3246 759 3312 814 iis
3349 761 3439 830 qui
3481 761 3741 823 audiunt,

2155 861 2329 904 utrum
2368 849 2784 920 obtemperaturi
2829 850 2937 906 sint
2976 850 3132 906 dictis
3170 852 3371 906 nostris
3395 892 3410 917 ,
3442 866 3508 905 an
3541 866 3697 906 secus
3729 868 3743 904 :

2154 940 2401 995 Christus
2429 949 2606 996 autem
2638 957 2758 996 cum
2789 941 2906 997 lia-c
2934 949 3159 1012 utraque
3187 945 3353 1012 probe
3383 952 3566 998 nosset
3588 986 3605 1010 ,
3638 960 3745 996 non

2153 1037 2386 1090 cessavit
2407 1035 2472 1090 ad
2500 1044 2797 1090 extremum
2827 1050 2994 1106 usque
3017 1035 3287 1106 corrigere
3314 1035 3497 1099 illum,
3529 1035 3620 1107 qui
3640 1034 3743 1089 sibi

2158 1143 2263 1182 non
2293 1137 2439 1183 esset
2464 1129 2876 1183 auseultaturus.

2227 1218 2416 1273 Christi
2441 1235 2561 1291 erga
2585 1218 2617 1271 .l
2626 1219 2777 1272 udam
2807 1219 3005 1274 lenitas.
3028 1250 3099 1260 —
3115 1218 3297 1290 Itaque
3318 1234 3440 1274 cum
3467 1219 3635 1275 sciret
3651 1218 3741 1271 .lu-

2156 1309 2280 1364 dam
2305 1326 2411 1364 non
2444 1319 2750 1365 revocatum
2783 1312 2847 1365 iri
2872 1325 2901 1363 a
2936 1311 3255 1382 proditione,
3289 1328 3394 1366 non
3427 1322 3604 1365 tamen
3633 1325 3745 1365 cesc

2161 1403 2301 1474 savit
2346 1402 2572 1457 assiduis
2615 1403 2880 1467 consiliis,
2926 1404 3175 1470 monitis,
3222 1403 3518 1468 beneficiis,
3568 1404 3744 1468 minis,

2157 1491 2373 1547 demum
2400 1493 2543 1548 omni
2568 1492 2828 1549 doctrina:
2856 1493 3037 1563 specie
3060 1509 3089 1547 a
3117 1493 3416 1563 proditione
3444 1493 3739 1554 retrahere.

2160 1600 2259 1640 nec
2288 1584 2491 1640 destitit
2529 1586 2679 1641 illum
2705 1587 2860 1642 dictis
2886 1602 2984 1642 ceu
3030 1585 3183 1642 freno
3209 1586 3485 1642 cohibere.
3519 1586 3632 1642 Hoc
3656 1603 3747 1641 au-

2161 1687 2267 1730 tem
2303 1676 2429 1731 fecit
2457 1692 2554 1731 nos
2579 1678 2883 1744 instituens,
2916 1686 2974 1733 ut
2999 1678 3209 1734 etiamsi
3240 1678 3588 1748 prtesciamus
3608 1677 3746 1731 funi-

2161 1786 2299 1837 rum,
2328 1780 2383 1825 ut
2423 1770 2613 1825 fratres
2644 1786 2749 1825 non
2776 1772 3168 1841 obtemperent,
3203 1780 3380 1825 tamen
3410 1771 3668 1841 quidquid
3698 1772 3753 1825 in

2163 1872 2343 1916 nostra
2377 1862 2534 1916 fuerit
2564 1861 2813 1918 facultate
2861 1872 3196 1931 pra‘stemus,
3250 1871 3523 1934 tamquam
3567 1874 3750 1933 parata

2164 1953 2319 2007 nobis
2377 1952 2757 2007 admonitionis
2807 1963 3003 2009 nostra:
3052 1953 3321 2009 mercede.
3390 1952 3527 2009 Vide
3574 1965 3751 2009 autem

2161 2055 2355 2115 quanta
2396 2045 2728 2113 assiduitate,
2759 2057 3064 2117 quantaque
3110 2047 3369 2116 sapientia
3412 2047 3560 2101 illum
3600 2048 3752 2101 cohi-

2163 2140 2356 2194 buerit.
2391 2138 2533 2195 Unus
2549 2149 2767 2195 vestrum
2792 2156 2870 2193 me
2890 2140 3183 2210 proditurus
3199 2150 3271 2193 est
3291 2139 3508 2211 (Matth.
3525 2139 3620 2195 26.
3637 2140 3751 2208 2|).

2166 2233 2240 2285 Ac
2269 2247 2514 2286 rursum:
2554 2230 2673 2284 Non
2701 2231 2764 2284 de
2800 2231 3030 2284 onmibus
3068 2232 3205 2285 vobis
3245 2232 3443 2301 loquor,
3490 2231 3608 2285 novi
3632 2248 3754 2303 quos

2167 2323 2291 2393 elegi
2312 2322 2493 2390 (Joan.
2542 2325 2628 2377 15.
2685 2322 2793 2394 18).
2839 2323 2906 2377 Ει
2935 2338 2947 2375 :
2997 2321 3143 2377 Unus
3170 2339 3233 2378 ex.
3258 2323 3396 2377 vobis
3424 2324 3660 2378 diabolus
3684 2336 3755 2378 cst

2169 2412 2346 2484 (Joan.
2377 2415 2430 2469 6.
2462 2416 2573 2482 7|).
2606 2414 2869 2470 Sustinuit
2892 2428 3079 2468 omnes
3106 2414 3158 2468 in
3187 2429 3438 2485 angorem
3476 2414 3750 2480 inducere,

2165 2522 2233 2560 ne
2271 2506 2511 2576 vulgaret
2554 2505 2904 2577 proditorem,
2950 2520 3013 2561 ac
3059 2506 3334 2560 manifesta
3380 2504 3756 2576 redargutiOne

2165 2596 2415 2653 redderet
2433 2599 2591 2652 etiam
2622 2596 3088 2669 impudentiorem.
3111 2596 3242 2651 Nam
3262 2607 3317 2652 ut
3335 2596 3603 2667 intelligas
3617 2597 3758 2668 quod

2164 2689 2283 2744 aliis
2310 2689 2468 2743 etiam
2495 2704 2748 2759 angorem
2773 2696 2827 2744 et
2850 2688 3350 2759 metum'injecerint
3371 2686 3569 2743 Christi
3595 2688 3757 2753 dicta,

2166 2777 2291 2835 licet
2319 2780 2418 2835 sibi
2443 2780 2638 2835 nullius
2660 2780 2785 2835 mali
2813 2780 3063 2848 consciis,
3086 2779 3209 2835 audi
3235 2780 3504 2850 quomodo
3524 2782 3751 2850 quisque

2165 2872 2357 2928 anxius
2384 2872 2518 2929 dixit
2547 2891 2558 2926 :
2592 2871 2855 2944 Numquid
2880 2889 2969 2944 ego
2997 2889 3130 2938 sum,
3173 2870 3389 2926 Domine
3417 2871 3632 2944 (Matth.
3659 2873 3760 2927 2G.

2164 2964 2302 3035 22)?
2329 2965 2512 3037 Neque
2539 2981 2665 3021 vero
2694 2966 2848 3021 dictis
2877 2974 3100 3033 tantum,
3128 2981 3314 3021 verum
3346 2976 3400 3021 et
3431 2964 3587 3021 factis
3614 2967 3759 3021 illum

2168 3057 2444 3127 corripuit.
2485 3057 2618 3112 Cum
2662 3057 2803 3112 enim
2853 3057 3232 3127 benignitatem
3271 3072 3419 3111 suam
3451 3056 3761 3129 frequenter

2168 3164 2230 3203 ac
2272 3148 2448 3203 modis
2491 3147 2753 3203 omnibus
2785 3147 3127 3212 declarasset,
3165 3146 3407 3217 leprosos
3440 3147 3759 3209 emundam,

2170 3239 2441 3293 d:emones
2469 3239 2709 3309 abigens,
2737 3247 2966 3309 aegrotos
2991 3253 3203 3302 sanans,
3234 3246 3475 3293 mortuos
3498 3241 3758 3305 excitans,

2173 3330 2490 3400 paralyticos
2520 3330 2839 3393 restituens;
2868 3328 3101 3384 breviter
3119 3344 3239 3383 cum
3261 3329 3513 3384 omnibus
3550 3328 3758 3385 benefe-

2171 3421 2354 3486 cisset,
2389 3422 2654 3475 nemiuem
2688 3429 2864 3476 tamen
2894 3420 3080 3488 puniit,
3104 3435 3316 3490 semper
3336 3419 3540 3475 habens
3568 3421 3621 3474 in
3642 3436 3752 3483 ore,

2175 3509 2297 3565 Non
2327 3512 2437 3564 veni
2468 3520 2518 3564 ut
2536 3510 2763 3580 judicem
2805 3510 3074 3574 mundum,
3104 3509 3192 3564 sed
3220 3520 3275 3563 ut
3300 3526 3491 3564 servem
3520 3512 3756 3564 mundum

2174 3602 2352 3671 (Joan.
2379 3600 2462 3658 i2.
2496 3604 2605 3671 47).
2633 3601 2710 3658 Ne
2733 3611 2941 3671 putaret
2966 3601 3150 3669 ludas,
3181 3603 3322 3672 quod
3349 3612 3552 3658 tantum
3580 3615 3755 3657 nosset

2174 3693 2510 3759 benefacere,
2543 3693 2731 3762 punire
2762 3707 2887 3748 vero
2917 3708 3269 3763 nequaquam,
3305 3702 3360 3749 et
3386 3694 3524 3749 hanc
3551 3710 3753 3765 quoque

2175 3794 2377 3854 partem
2410 3784 2580 3854 ipsum
2627 3782 2828 3850 docuit,
2874 3783 3124 3839 videlicet
3152 3784 3292 3855 quod
3330 3786 3520 3854 punire
3564 3797 3748 3856 posset,

2173 3876 2538 3946 supplicioque
2562 3875 2777 3931 afﬁcere
2808 3885 3109 3945 peccantes.

2246 3969 2297 4023 5.
2345 3967 2514 4034 Quare
2538 3967 2768 4021 Christus
2794 3984 2908 4021 cum
2924 3968 3153 4022 omnibus
3180 3969 3492 4037 benefacerit,
3516 3969 3746 4023 nentiam

2175 4058 2392 4129 punierit
2421 4058 2475 4110 in
2504 4057 2666 4111 terris.
2686 4087 2756 4097 —
2775 4058 2851 4110 Ac
2894 4058 3016 4112 vide
3051 4072 3209 4127 quam
3254 4059 3526 4126 sapienter
3548 4068 3599 4113 et
3621 4073 3738 4111 C0"-

2176 4157 2428 4218 grueuter
2457 4149 2559 4202 hoc
2608 4148 2770 4202 etiam
2821 4147 3094 4203 docuerit:
3124 4164 3222 4204 nec
3268 4158 3445 4203 tamen
3495 4149 3733 4202 hominem

2176 4242 2477 4311 uuempiam
2510 4241 2758 4312 punierit,
2805 4241 3171 4311 supplicioque
3212 4238 3473 4314 all‘eeerit.
3508 4243 3602 4311 Qui
3638 4241 3734 4293 sic?

2177 4333 2248 4389 Ut
2272 4335 2561 4405 discipulus
2589 4334 2839 4404 puniendi
2880 4320 3184 4389 facultatem
3227 4335 3278 4389 in
3306 4351 3370 4389 eo
3396 4346 3729 4405 cognosceret.

2183 4427 2390 4481 Etenim
2414 4429 2457 4481 si
2478 4442 2634 4497 quem
2658 4428 2918 4496 punisset,
2935 4442 3114 4482 secum
3138 4442 3372 4497 pugnare
3393 4428 3539 4482 visus
3557 4426 3738 4482 fuiSscl.

2178 4519 2266 4589 qui
2293 4518 2531 4573 dixerat:
2565 4516 2684 4572 Non
2713 4518 2825 4572 veni
2854 4529 2907 4571 ut
2922 4518 3150 4588 judicent
3178 4518 3442 4585 mundum,
3473 4519 3558 4573 sed
3580 4529 3627 4571 ut
3649 4534 3734 4569 ser-

2177 4628 2287 4667 vent
2307 4611 2551 4665 mundum
2582 4609 2760 4683 (Joan.
2792 4610 2877 4665 l2.
2904 4610 3017 4680 47).
3048 4610 3274 4665 Rursum
3298 4610 3341 4663 si
3369 4612 3624 4665 neminem
3651 4621 3735 4673 pn-

2180 4701 2365 4767 uisset,
2396 4700 2679 4756 mansisset
2695 4700 3068 4770 incorrigibilis
3084 4701 3394 4769 discipulus,
3419 4700 3518 4755 nisi
3542 4711 3589 4754 et
3609 4694 3735 4749 lactis

2179 4792 2452 4848 didicisset
2465 4792 2536 4846 illi
2549 4806 2668 4847 esse
2682 4791 2928 4861 puniendi
2955 4791 3277 4846 facultatem.
3299 4791 3562 4858 Quorsum
3576 4785 3727 4860 igitur?

2257 4883 2301 4937 F
2302 4884 2404 4937 icui
2429 4899 2586 4952 quare
2611 4883 2945 4937 maledixeiit.
2970 4913 3039 4923 -—
3066 4882 3133 4938 Ut
3159 4883 3319 4939 simul
3349 4894 3402 4939 et
3434 4893 3639 4939 terreret
3659 4881 3719 4933 de

2182 4978 2467 5047 seipulum,
2496 4990 2559 5030 ne
2589 4990 2682 5044 Per
2705 4985 3067 5044 contemptum
3098 4973 3247 5028 fleret
3273 4976 3527 5039 deterior,
3560 4988 3640 5027 nec
3657 4970 3713 5024 ul-

2183 5070 2265 5123 lus
2294 5081 2470 5122 tamen
2503 5066 2776 5121 hominum
2808 5066 3168 5132 alllictionem,
3191 5081 3431 5134 premint,
3457 5062 3708 5134 autsupplz-

2181 5162 2322 5218 cium
2353 5170 2639 5231 pateretur,
2670 5160 2720 5212 in
2745 5159 2898 5213 lit-um
2922 5160 3165 5213 arborem
3187 5157 3435 5215 Christus
3461 5159 3586 5213 hanc
3604 5169 3707 5211 snam

2184 5263 2499 5326 potestatem
2531 5254 2787 5316 exercuit,
2819 5252 3034 5308 dicens:
3070 5250 3153 5305 Ne
3182 5254 3395 5318 posthac
3420 5268 3482 5306 ea:
3501 5261 3544 5305 te
3565 5250 3709 5321 frum

2183 5356 2424 5400 nascatur
2453 5342 2665 5417 (Matth.
2692 5343 2784 5397 2|.
2819 5342 2929 5414 l9),
2952 5357 3180 5412 eamque
3208 5358 3328 5396 mox
3353 5341 3574 5413 simplici
3593 5333 3709 5391 verbo

2184 5438 2422 5494 arefecit.
2458 5437 2570 5491 lloc
2597 5445 2752 5505 pacto
2781 5435 2972 5489 factum
3017 5443 3099 5489 est
3127 5435 3346 5505 pariter,
3378 5445 3435 5488 ut
3464 5430 3582 5489 nihil
3602 5438 3711 5482 noxa

2185 5531 2384 5586 rediret
2408 5530 2476 5585 ad
2506 5530 2668 5585 ullum
2710 5528 3002 5594 hominem,
3050 5539 3105 5585 et
3147 5531 3260 5599 ipse
3299 5545 3451 5583 suam
3481 5522 3710 5598 potentiam

2190 5623 2505 5692 declararet,
2543 5623 2773 5681 vindicta
2818 5624 2871 5679 in
2914 5624 3160 5681 arborem
3192 5624 3439 5694 impacta.
3473 5612 3711 5688 Discipuli”
