4018 6190
247 367 348 424 967

243 476 493 551 θρωπον·
542 484 634 537 καὶ
674 487 773 540 οὐκ
815 489 1188 559 ἀπεγίνωσκεν
1230 494 1257 544 6
1308 494 1500 563 μιαρός
1543 496 1638 543 καὶ
1671 506 1821 560 παμ-

243 567 481 638 πόνηροι
513 566 722 639 δαίμων
752 571 988 636 ἐκεῖνος,
1032 574 1208 627 καίτοι
1238 574 1334 628 τοῦ
1370 572 1507 627 Θεοῦ
1551 572 1820 643 τοσαύτην

244 649 324 719 τῷ
369 650 565 724 δικαίῳ
595 652 975 725 ψηφισαμένου
1005 659 1106 730 τὴν
1161 660 1382 730 ἀρετήν.
1429 654 1562 713 Εἶτα
1607 659 1709 711 οὐκ
1736 658 1821 712 αἱ·

247 733 574 805 σκυνόμεθα,
597 735 719 791 οὐδὲ
746 740 1160 814 ἐρυθριάζομεν,
1187 745 1308 798 εἰπέ
1340 761 1450 815 μοι,
1473 744 1543 808 εί,
1570 743 1664 797 τοῦ
1706 743 1821 796 διας

246 818 403 871 δόλου
430 819 700 889 μηδέποτε
725 822 1194 893 ἀπογινώσκοντος
1220 828 1322 898 τῆς
1343 826 1618 890 ἀπωλείας
1637 825 1816 897 ἡμῶν,

246 901 364 995 ἀλλ’
406 901 494 995 ἀεὶ
525 904 932 995 προσδοκῶντος
982 909 1171 981 αὐτὴν,
1209 911 1365 964 αὐτοὶ
1394 910 1493 979 τῆς
1523 909 1632 962 τῶν
1666 907 1823 962 ἀδελ-

245 984 365 1051 φῶν
397 984 832 1059 ἀπογνωσόμεθα
877 994 1178 1065 σωτηρίας;
1214 993 1406 1048 Καίτοι
1460 994 1666 1048 ἐκεῖνον
1720 990 1820 1061 μὲν

248 1067 345 1120 καὶ
377 1069 484 1138 πρὸ
520 1071 618 1140 τῆς
664 1074 861 1143 πείρας
913 1077 1214 1148 ἀποστῆναι
1257 1077 1366 1130 τῶν
1421 1074 1820 1147 παλαισμάτων

246 1148 374 1203 ἔδει·
400 1150 532 1215 θεὸς
553 1153 663 1224 γάρ
682 1149 748 1225 ῆν
780 1159 806 1209 6
836 1159 1129 1230 μαρτυρῶν
1156 1159 1233 1230 τῷ
1255 1159 1449 1231 δικαίῳ
1470 1160 1571 1230 τὴν
1594 1160 1817 1229 ἀρετήν·

246 1233 362 1287 ἀλλ’
391 1237 541 1306 ὅμως
565 1240 664 1291 οὐκ
690 1241 921 1312 ἀπέστη,
956 1243 1070 1296 ἀλλ’
1107 1243 1213 1297 ὑπὸ
1244 1243 1446 1314 πολλῆς
1487 1242 1682 1314 μανίας
1718 1242 1821 1312 τῆς

246 1316 370 1370 καθ’
399 1320 432 1389 ἡ
441 1319 558 1389 μῶν
581 1323 677 1374 καὶ
708 1322 847 1392 μετά
869 1323 967 1395 τὴν
994 1323 1088 1378 τοῦ
1126 1325 1262 1378 Θεοῦ
1293 1324 1600 1398 μαρτυρίαν
1622 1324 1821 1395 ἧλπισε

244 1401 597 1471 περιέσεσθαι
636 1404 730 1457 τοῦ
778 1408 1026 1474 γενναίου
1063 1408 1184 1462 τότε
1236 1407 1467 1463 ἐκείνου.
1533 1408 1713 1478 Ἦμᾶς
1763 1406 1821 1459 δέ

242 1484 402 1537 οὐδέν
421 1486 535 1539 ἐστι
550 1486 789 1541 τοιοῦτον
804 1487 866 1542 τὸ
886 1489 1069 1543 ποιοῦν
1080 1493 1159 1555 είς
1175 1492 1483 1561 ἀπόγνωσιν
1503 1490 1819 1561 ἐμπίπτειν,

243 1566 344 1620 καὶ
383 1567 533 1636 ὅμως
565 1569 937 1640 ἀφιστάμεθα.
974 1575 1086 1628 Καὶ
1124 1576 1152 1626 6
1185 1575 1283 1646 μὲν
1328 1573 1606 1636 διάϐολος,
1639 1573 1820 1626 καίτοι

241 1650 342 1703 τοῦ
370 1650 508 1705 Θεοῦ
544 1651 865 1718 κωλύοντος,
908 1658 1010 1709 ούκ
1046 1659 1320 1729 ἀναχωρεῖ
1363 1657 1465 1726 τῆς
1505 1655 1629 1710 καθ’
1660 1658 1692 1727 ἡ
1704 1650 1834 1726 μῶν

248 1733 451 1805 μάχης·
490 1737 555 1791 σὺ
589 1736 669 1801 δέ,
692 1737 785 1791 τοῦ
814 1739 949 1792 Θεοῦ
981 1740 1382 1813 προτρέποντός
1414 1757 1474 1794 σε
1506 1741 1600 1794 καὶ
1626 1739 1823 1807 διεγεί-

246 1835 437 1889 ροντος
452 1821 533 1882 εἰς
554 1821 651 1891 τὴν
665 1822 948 1894 ἀντίληψιν
969 1824 1079 1877 τῶν
1095 1825 1482 1889 πεπτωκότων,
1498 1824 1783 1895 ἀποπηδᾷς
1802 1842 1817 1889 ;

248 1901 526 1955 Ἤκουσεν
546 1905 576 1957 6
602 1903 847 1970 διάϐολος
870 1908 965 1960 τοῦ
988 1907 1124 1960 Θεοῦ
1164 1906 1435 1976 λέγοντος·
1476 1908 1822 1975 Ἀνθρωπος

243 1981 512 2051 δίκαιος,
561 1986 878 2054 ἀληθινὸς,
924 1989 1247 2057 θεοσεϐὴς,
1279 1990 1661 2059 ,ἀπεχόμενος
1700 1987 1820 2043 ἀπὸ

244 2067 477 2134 παντὸς
522 2071 793 2137 πονηροῦ
843 2071 1219 2141 πράγματος,
1260 2074 1355 2127 καὶ
1384 2074 1467 2126 ὅτι
1502 2073 1677 2136 οὐδείς
1703 2074 1819 2126 ἐστι

242 2148 492 2214 τοιοῦτος
529 2151 637 2203 τῶν
659 2152 766 2223 ,ἐπὶ
797 2153 897 2223 τῆς
931 2154 1033 2225 γῆς
1056 2171 1069 2184 ·
1106 2157 1199 2209 καὶ
1242 2155 1383 2226 μετά
1428 2155 1694 2217 τοσαύτας
1727 2154 1821 2207 καὶ⁵

239 2231 505 2295 τοιαύτας
536 2232 749 2304 ψήφους
786 2235 1056 2306 ἐνέμεινεν
1094 2238 1243 2308 ὅμως
1268 2237 1468 2307 λέγων·
1512 2238 1719 2307 μήποτε
1752 2237 1817 2308 τῇ

243 2317 503 2388 συνεχείᾳ
538 2318 631 2371 καὶ
662 2319 740 2389 τῷ
772 2320 991 2390 μεγέθει
1017 2321 1125 2375 τῶν
1158 2322 1516 2392 ἐπαγομένων
1545 2319 1693 2391 αὐτῷ
1718 2338 1821 2374 κα-

242 2399 362 2453 κῶν
380 2399 594 2472 δυνηθῶ
616 2402 779 2457 αὐτοῦ
799 2403 1191 2476 περιγίνεσθαι,
1210 2407 1304 2458 καὶ
1325 2405 1417 2458 τὸν
1435 2403 1609 2475 μέγαν
1634 2403 1821 2458 τοῦτον

240 2482 500 2537 καθελεῖν
521 2482 595 2536 πύ
606 2502 732 2556 ργον
749 2501 763 2551 ;

317 2613 381 2668 δ’.
407 2613 505 2679 Τίς
534 2610 628 2668 οὖν
654 2617 789 2687 ἡμῖν
810 2614 964 2671 ἐσται
992 2616 1311 2690 συγγνώμη,
1338 2619 1631 2689 ἀγαπητοὶ,
1658 2617 1743 2681 τίς
1764 2617 1822 2670 δέ

237 2698 535 2767 ἀπολογία,
555 2700 603 2752 εί
623 2698 858 2771 τοσαύτῃ
873 2700 965 2754 τοῦ
989 2700 1226 2772 πονηροῦ
1251 2702 1502 2774 δαίμονος
1530 2701 1650 2754 καθ’
1666 2700 1822 2772 ἡμῶν

239 2781 596 2852 κεχρημένου
647 2783 848 2862 μανίᾳ,
886 2785 1049 2854 ἡμεῖς
1089 2783 1225 2855 μηδέ
1278 2783 1341 2838 τὸ
1395 2783 1684 2839 πολλοστὸν
1722 2783 1824 2853 τῆς

237 2863 517 2937 τοσαύτης
543 2863 782 2935 σπουδῆς
811 2867 890 2930 είς
933 2864 1031 2938 τὴν
1071 2867 1345 2938 σωτηρίαν
1386 2867 1495 2920 τῶν
1538 2867 1824 2937 ἡμετέρων

234 2947 496 3017 ἀδελφῶν
532 2948 960 3021 είσενέγκοιμεν,
994 2951 1088 3004 καὶ
1116 2950 1288 3005 ταῦτα
1312 2950 1403 3004 τὸν
1439 2951 1573 3005 Θεδν
1605 2950 1824 3021 σύμμα-

236 3049 342 3102 χον
362 3029 578 3101 ἔχοντες
597 3048 613 3097 ;
633 3032 799 3085 Ὅταν
818 3033 949 3101 γοῦν
971 3033 1085 3105 ἴδῃς
1102 3031 1337 3104 σκληρὸν
1358 3032 1452 3088 καὶ
1473 3033 1656 3104 ἀπηνῆ
1675 3031 1823 3104 [712]

234 3113 339 3167 τὸν
366 3112 616 3184 ἀδελφὺν,
651 3115 746 3168 καὶ
772 3115 846 3186 μὴ
875 3116 1210 3187 προσέχοντά
1240 3115 1482 3184 σοι,λέγε
1507 3115 1643 3188 πρὸς
1665 3131 1824 3168 σεαυο

234 3197 358 3250 τόν·
374 3196 607 3268 Μήποτε
634 3197 713 3268 τῷ
745 3198 923 3270 χρόνῳ
948 3198 1268 3270 δυνηθῶμεν
1301 3202 1519 3265 πεῖσαι;
1545 3199 1702 3253 Οὕτω
1727 3202 1824 3253 καὶ

236 3279 461 3344 Παῦλος
488 3280 741 3333 ἐκέλευσε
773 3282 970 3334 ποιεῖν·
1005 3281 1235 3336 Δοῦλον
1262 3281 1331 3335 δὲ
1362 3284 1585 3353 Κυρίου
1624 3284 1696 3338 οὐ
1736 3281 1829 3336 δεῖ

231 3365 544 3436 μάχεσθαι
565 3405 581 3428 ,
625 3364 763 3419 ἀλλ’
806 3363 991 3434 ἤπιον
1039 3360 1193 3419 εἶναι
1245 3365 1394 3435 πρὸς
1450 3367 1715 3433 πάντας,
1755 3367 1826 3421 ἐν

236 3449 536 3519 πραότητι
562 3446 921 3502 παιδεύοντα
944 3446 1084 3514 τοὺς
1108 3448 1703 3518 ἀντιδιατιθεμένους,
1717 3449 1827 3519 μή·

236 3544 395 3587 ποτε
422 3530 543 3602 δώῃ
571 3530 778 3597 αὐτοῖς
817 3534 850 3585 ό
878 3530 1021 3598 Θεὸς
1045 3530 1368 3602 μετάνοιαν
1393 3534 1480 3599 είς
1500 3532 1827 3602 ἐπίγνωσιν

236 3615 557 3683 ἀληθείας.
575 3614 687 3685 Οὐχ
704 3615 839 3687 ὁρᾷς
861 3616 989 3678 τοὺς
1020 3614 1281 3686 πατέρας,
1295 3614 1413 3678 πῶς
1433 3614 1693 3678 πολλάκις
1716 3615 1825 3668 τῶν

238 3698 381 3751 υἱῶν
409 3697 595 3761 αὐτοῖς
628 3696 1088 3767 ἀπεγνωσμένων,
1125 3696 1544 3768 παρακάθηνται
1573 3697 1827 3768 δακρύον-

235 3799 372 3847 τες,
422 3777 787 3851 θρηνοῦντες,
832 3778 1289 3848 καταφιλοῦντες,
1332 3778 1402 3833 τά
1448 3781 1579 3852 παρ’
1615 3780 1825 3834 ἑαυτῶν

238 3864 602 3934 εἰσφέροντες
643 3861 860 3915 ἅπαντα
897 3860 1004 3926 ἕως
1037 3862 1275 3933 ἐσχάτης
1309 3863 1621 3934 ἀναπνοῆςς
1654 3862 1826 3918 Τοῦτο

242 3949 341 4002 καὶ
367 3948 438 3999 σὺ
470 3947 600 4016 περὶ
629 3944 722 3999 τὸν
747 3944 973 4014 ἀδελφὸν
999 3946 1245 4016 ποίησον.
1278 3945 1473 4000 Καίτοι
1500 3948 1696 4001 ἐκεῖνοι
1726 3947 1827 4016 μὲν

239 4031 360 4086 ἀπὸ
378 4029 491 4083 τῶν
513 4029 726 4101 θρήνων
749 4028 965 4083 καὶτῶν
986 4029 1237 4102 δακρύων
1257 4028 1381 4083 οὔτε
1396 4031 1493 4103 τὴν
1515 4029 1826 4104 ἀρρωστίαν

240 4114 546 4178 ἀπελάσαι,
564 4111 688 4165 οὕτε
711 4110 801 4166 τὸν
821 4110 1049 4166 θάνατον
1067 4111 1360 4166 ἐπελθόντα
1382 4113 1827 4185 ἀποκρούσασθαι

239 4201 527 4255 δύνανται·
562 4197 627 4250 σὺ
655 4195 712 4248 δέ
748 4195 927 4266 ψυχὴν
965 4195 1413 4263 ἀπογνωσθεῖσαν
1454 4200 1520 4269 τῇ
1560 4199 1827 4271 καρτερίᾳ

238 4284 345 4340 καὶ
380 4285 450 4354 τῇ
489 4278 789 4353 προσεδρίᾳ
826 4279 1029 4351 δυνήσῃ
1074 4279 1333 4344 πολλάκις
1360 4279 1448 4333 διὰ
1476 4281 1584 4335 τῶν
1604 4282 1826 4355 θρήνων

240 4368 345 4422 καὶ
367 4366 477 4419 τῶν
500 4362 752 4435 δακρύων
780 4362 1187 4416 ἐπισπάσασθαι
1213 4363 1308 4416 καὶ
1350 4364 1671 4435 ἀναστῆσαι.
1691 4367 1827 4420 Συν-

238 4450 597 4511 εϐούλευσας,
621 4447 717 4500 καὶ
738 4445 838 4499 οὐκ
862 4445 1084 4509 ἔπεισας
1106 4463 1121 4513 ;
1165 4446 1455 4518 δάκρυσον,
1489 4449 1584 4502 καὶ
1606 4450 1827 4523 καθάψη

238 4535 531 4596 πολλάκις·
584 4530 838 4597 στέναξον
882 4530 1109 4601 πικρὸν,
1151 4530 1238 4583 ἵνα
1276 4530 1544 4595 αἰδεσθείς
1585 4549 1680 4586 σου
1728 4533 1829 4607 τὴν

234 4617 597 4692 κηδεμονίαν,
629 4613 935 4686 ἐπιστρέψῃ
958 4614 1094 4684 πρὸς
1130 4614 1228 4684 τὴν
1262 4614 1557 4684 σωτηρίαν.
1578 4617 1643 4669 Τί
1664 4618 1826 4690 δυνή-

233 4722 419 4775 σομαι
450 4700 563 4771 ἐγὼ
598 4701 758 4771 μόνος
787 4702 991 4762 ποιεῖν;
1026 4698 1089 4752 οὐ
1123 4698 1233 4769 γάρ
1263 4699 1328 4771 δὴ
1357 4700 1525 4753 πᾶσιν
1554 4702 1683 4772 ὑμῖν
1704 4704 1828 4758 καθ’

226 4788 490 4855 ἑκάστην
524 4782 876 4852 συγγίνεσθαι
908 4782 1138 4853 δύναμαι
1172 4795 1197 4823 α
1232 4783 1393 4852 μόνος
1438 4783 1537 4855 τὴν
1582 4786 1824 4859 ἡμέραν,

223 4869 371 4927 οὐδὲ
397 4868 556 4940 ἀρκῶ
584 4865 778 4936 πλήθει
805 4864 1044 4936 τοσούτῳ
1071 4864 1414 4933 διαλέγεσθαι
1453 4866 1632 4937 μόνος.

331 4995 522 5065 Ὑμεῖς
549 4992 625 5056 δὲ,
667 4992 717 5046 εί
762 4989 1110 5062 βουληθείητε
1144 4992 1243 5063 τὴν
1278 4991 1523 5066 ἀλλήλων
1546 4996 1828 5070 διανείμα-

218 5080 376 5135 σθαι
410 5075 705 5147 σωτηρίαν,
730 5073 826 5129 καὶ⁵
851 5074 1081 5137 ἕκαστος
1108 5074 1207 5128 ἕνα
1231 5075 1522 5133 ἀπολαϐεῖν
1553 5081 1660 5135 τῶν
1690 5085 1829 5155 ὴμε-

210 5161 507 5231 λημένων
552 5157 829 5227 ἀδελφῶν,
868 5158 1079 5229 ταχέως
1115 5160 1250 5229 ἡμῖν
1290 5158 1359 5213 τὰ
1400 5161 1499 5233 τῆς
1540 5166 1830 5240 οἰκοδομῆς

206 5243 640 5316 αὐξηθήσεται.
677 5243 789 5295 Καὶ
829 5242 882 5296 τί
925 5242 1031 5315 χρὴ
1077 5242 1256 5311 λέγειν
1287 5244 1397 5298 τῶν
1442 5248 1579 5318 μετά
1627 5251 1829 5325 πολλὴν

1476 372 1562 428 DE
1602 370 1878 428 ΜΖΑηο
1915 371 2177 429 CONCIO‘
2205 372 2245 429 ῐ.

3382 366 3486 419 968

1927 489 2107 548 πλέον.
2145 496 2205 546 ΕΞ
2237 493 2292 546 δέ
2327 490 2626 561 παράδοξος
2656 486 2786 559 ὑμῖν
2829 488 2858 541 6
2881 487 3035 555 λόγος
3068 477 3219 547 οὗτος
3243 482 3381 535 εἶναι
3414 483 3499 533 δοο

1926 578 2035 639 κεῖ,
2076 578 2230 648 φέρε,
2269 577 2362 644 ἀφ’
2395 568 2470 628 ὧν
2514 577 2542 628 6
2577 573 2809 643 Χριστὸς
2843 570 3069 639 ἐποίησέ
3098 586 3159 621 τε
3199 566 3294 619 καὶ
3321 561 3495 623 εἶπεν,

1925 659 2033 712 ἀπὸ
2057 647 2263 713 τούτων
2301 659 2462 713 αὐτὸν
2505 653 2908 725 πιστωσόμεθα.
2943 653 3135 722 Ἡμεῖς
3176 651 3274 719 μὲν
3309 647 3417 715 γὰρ
3449 650 3497 698 οὶ

1926 741 2201 812 ἄνθρωποι
2228 743 2289 796 τὸ
2318 742 2508 812 μέλλον
2532 738 2852 809 ἀγνοοῦμεν,
2880 736 3002 788 ὅθεν
3030 734 3149 786 οὐδὲ
3173 729 3499 800 διισχυρίζε-

1928 822 2052 876 σθαι
2084 824 2359 895 δυνάμεθα
2383 827 2511 895 περὶ
2534 822 2641 876 τῶν
2664 820 2988 877 ἀκουόντων,
3030 816 3139 868 εἴτε
3175 812 3492 882 πεισθήσονο

1927 924 2036 971 ται,
2064 908 2175 961 εἴτε
2212 894 2566 980 ἀπειθήσουσι
2601 908 2712 969 τοῖς
2745 905 2874 975 παρ’
2913 899 3071 972 ἡμῶν
3108 895 3438 980 λεγομένοις·
3470 894 3499 944 6

1926 990 1982 1044 δὲ
2014 992 2249 1063 Χριστὸς
2273 976 2447 1047 ταῦτα
2468 990 2679 1063 ἁμφότε
2690 1006 2757 1060 ρα
2783 985 2938 1048 εἰδὼς
2968 981 3172 1052 σαφῶς,
3208 980 3271 1033 οὐ
3294 976 3497 1063 διέλιπε

1927 1075 2018 1129 τὸν
2050 1076 2149 1130 οὐκ
2179 1060 2544 1148 ἀκουσόμενον
2584 1071 2749 1127 αὐτοῦ
2795 1067 3170 1140 διςρθούμενος
3209 1064 3370 1135 μέχρι
3409 1060 3498 1114 τέ·

1900 1227 1911 1233 θ
1928 1158 2073 1223 λους.

1996 1288 2105 1340 Τὸν
2141 1285 2270 1354 γοῦν
2325 1284 2527 1338 Ἰούδαν
2582 1281 2735 1345 εἰδὼς
2772 1280 2873 1334 οὐκ
2923 1274 3364 1345 ἀποστησόμενον
3404 1271 3502 1341 τῆς

1930 1371 2243 1443 προδοσίας,
2292 1371 2353 1423 ού
2397 1369 2604 1422 διέλιπε
2656 1364 3020 1436 συμϐουλαῖς,
3073 1356 3500 1428 παραινέσεσιν,

1929 1454 2301 1526 εὐεργεσίαις,
2356 1453 2641 1516 ἀπειλαῖς,
2706 1448 2868 1503 παντὶ
2920 1445 3105 1515 τρόπῳ
3157 1438 3503 1502 διδασκαλίας

1928 1521 2268 1591 ἀναστέλλων
2316 1536 2477 1590 αὑτὸν
2526 1535 2592 1587 ἐκ
2623 1534 2721 1603 τῆς
2764 1529 3087 1602 προδοσίας,
3129 1524 3222 1578 καὶ
3267 1521 3503 1591 συνεχῶς

1929 1620 2382 1691 ἀνακρουόμενος,
2416 1617 2602 1688 ῶσπερ
2633 1616 2738 1669 τινὶ
2779 1610 2996 1684 χαλινῷ,
3033 1608 3109 1679 τῷ
3137 1607 3299 1691 λόηρ.
3333 1603 3505 1656 Τοῦτο

1928 1703 1985 1755 δὲ
2016 1706 2176 1761 ποιεῖ.
2215 1701 2478 1755 παιδεύων
2506 1701 2684 1770 ἡμᾶς,
2733 1696 2834 1749 κᾶν
2874 1692 3183 1766 προειδότες
3215 1684 3386 1759 ὦμεν,
3425 1688 3504 1740 ὅτι

1929 1786 1989 1838 ού
2015 1785 2402 1856 πεισθήσονται
2430 1785 2479 1836 οἱ
2510 1781 2749 1850 ἀδελφοὶ,
2780 1778 2847 1832 τὰ
2886 1776 3015 1847 παρ’
3055 1773 3261 1827 ἐαυτῶν
3292 1774 3506 1825 ἅπαντα

1930 1854 2303 1941 ἀποπληροῦν,
2334 1868 2410 1931 ὠς
2449 1864 2865 1938 ἀπηρτισμένου
2904 1861 3003 1930 τῆς
3034 1856 3345 1941 συμϐουλῆς
3375 1854 3507 1941 ἡμῖν

1928 1953 2022 2007 τοῦ
2051 1938 2265 2023 μισθοῦ,
2303 1952 2413 2005 Καὶ
2439 1952 2541 2022 ὅρα
2568 1948 2684 2012 πῶς
2716 1945 2957 2016 συνεχῶς
2995 1942 3157 1998 αὑτὸν
3207 1940 3300 1994 καὶ
3329 1938 3508 2008 σοφῶς

1930 2022 2215 2091 ἀνέστελλε
2244 2035 2311 2088 δι’
2349 2027 2425 2088 ὧν
2454 2033 2657 2100 ἔλεγεν·
2708 2027 2813 2094 Εἷς
2841 2029 2910 2094 ἐξ
2956 2025 3123 2097 ὑμῶν
3166 2022 3507 2093 παραδώσει

1924 2137 2021 2188 με.
2050 2120 2158 2173 Καὶ
2188 2118 2369 2171 πάλιν·
2395 2118 2479 2170 Οὐ
2503 2099 2638 2181 περὶ
2678 2111 2920 2165 πάντων
2962 2107 3129 2179 ὑμῶν
3156 2107 3343 2188 λέγω·
3373 2099 3508 2188 οἶδα

1929 2185 2037 2267 οὓς
2058 2199 2448 2269 ἐξελεξάμην.
2470 2200 2581 2253 Καὶ
2610 2195 2793 2250 πάλιν·
2818 2189 2921 2260 Εἷς
2940 2192 3008 2256 ἐξ
3034 2190 3200 2260 ὑμῶν
3228 2185 3508 2269 διάϐολός

1927 2286 2079 2339 ἐστι.
2106 2283 2218 2337 Καὶ
2237 2267 2482 2354 ἠνείχετο
2508 2280 2713 2342 πάντας
2741 2280 2797 2331 ἐν
2827 2275 3036 2346 ἀγωνία
3062 2272 3346 2342 καθιστᾷν,
3365 2267 3505 2322 ὥστε

1932 2369 2007 2439 μὴ
2037 2364 2419 2437 ἐκπομπεῦσαι
2446 2364 2536 2419 τὸν
2565 2362 2853 2434 προδότην,
2901 2359 2994 2413 καὶ
3027 2354 3508 2426 ἀναισχυντότερον

1930 2434 2154 2520 ποιῆσαι
2180 2434 2246 2521 τῇ
2271 2447 2380 2502 τῶν
2425 2447 2666 2517 ἐλέγχων
2710 2441 3054 2517 περιφανείᾳ.
3102 2440 3223 2521 Ὅτι
3265 2437 3373 2521 γάρ
3413 2434 3507 2488 κοιλ⁹

1926 2519 2247 2596 τοῖςάλλοις
2286 2530 2524 2600 ἀγωνίαν
2561 2528 2655 2583 καὶ
2680 2527 2843 2597 φόϐον
2872 2524 3091 2580 ἐνέϐαλε
3119 2522 3187 2575 τὰ
3216 2519 3504 2588 λεγόμενα,

1930 2616 2107 2671 καίτοι
2136 2616 2301 2687 μηδὲν
2327 2616 2540 2678 ἐαυτοῖς
2569 2611 2833 2666 συνειδόσι
2858 2607 3114 2679 πονηρὸν,
3139 2608 3365 2662 ἄκουσον
3392 2602 3507 2665 πῶς

1911 2700 2159 2766 ,ἕκαστος
2185 2699 2433 2769 ἀγωνιῶν
2461 2698 2615 2767 ἔλεγε
2639 2696 2690 2737 δ’
2715 2695 2864 2765 Μήτι
2897 2692 3011 2763 ἐγώ
3032 2694 3170 2769 ειμι,
3192 2690 3400 2757 Κύριε;
3431 2688 3507 2740 Οὐ

1930 2783 2019 2837 διά
2047 2762 2309 2855 ῥημάτων
2342 2781 2401 2835 δέ
2430 2762 2610 2851 μόνον,
2645 2762 2907 2833 ἀλλὰκαὶ
2938 2762 3030 2829 νδιά
3061 2762 3211 2847 [m1
3247 2771 3509 2855 πραγμά-

1929 2854 2233 2920 τωναύτὸν
2264 2864 2566 2919 ἐπαίδευεν.
2592 2862 2810 2934 Ἐπειδὴ
2832 2861 2940 2931 γὰρ
2968 2859 3066 2931 τὴν
3099 2856 3293 2911 ἐαυτοῦ
3323 2854 3510 2924 φιλαν-

1933 2950 2179 3022 θρωπίαν
2206 2947 2519 3014 ἐπεδείξατο
2537 2948 2794 3011 πολλάκις
2813 2948 2907 3001 καὶ
2920 2946 3009 2999 διὰ
3023 2942 3261 3006 πάντων,
3275 2939 3511 3010 λεπροὺς

1932 3033 2236 3104 καθαίρων,
2263 3031 2522 3102 δαίμονας
2555 3030 2897 3091 ἀπελαύνων,
2928 3025 3219 3088 νοσοῦντας
3254 3022 3507 3104 ἰώμενος,

1931 3103 2161 3187 νεκροὺς
2214 3115 2482 3187 ἐγείρων,
2540 3111 3018 3186 παραλελυμένους
3075 3107 3352 3177 σφίγγων,
3414 3103 3509 3187 καλ

1932 3184 2141 3261 πάντας
2183 3199 2280 3268 μὲν
2333 3184 2730 3269 εὐηργέτησεν,
2770 3192 2998 3246 ἐκόλασε
3045 3189 3104 3245 δέ
3151 3187 3365 3253 οὐδένα,
3413 3184 3508 3239 καὶ

1934 3280 2171 3353 συνεχῶς
2205 3281 2408 3349 ἔλεγεν,
2429 3281 2550 3333 Οὐκ
2574 3275 2763 3349 ἦλθον
2786 3278 2887 3331 ἵνα
2918 3274 3099 3345 κρίνω
3126 3272 3231 3327 τόν
3250 3271 3504 3353 κόσμον,

1932 3352 2069 3420 ἀλλ⁴
2091 3365 2193 3418 ἵνα
2224 3363 2403 3418 σώσω
2434 3361 2543 3417 τὸν
2573 3364 2824 3431 κόσμον·
2849 3360 2936 3415 ἵνα
2970 3358 3046 3431 μὴ
3079 3356 3275 3429 νομίσῃ
3308 3356 3337 3408 6
3374 3352 3507 3407 ἰού-

1931 3450 2047 3513 δας,
2070 3449 2151 3503 ὅτι
2178 3449 2511 3521 εὐεργετεῖν.
2531 3447 2630 3519 μὲν
2657 3446 2817 3518 μόνον
2839 3439 2979 3497 οἶδεν
3007 3445 3036 3497 6
3065 3441 3321 3516 Χριστὸς,
3351 3438 3510 3492 κολά-

1934 3532 2047 3598 ζειν
2071 3531 2128 3585 δὲ
2162 3531 2368 3594 οὐκέτι,
2406 3531 2502 3584 καὶ
2543 3529 2701 3583 τοῦτο
2748 3527 2911 3582 αὐτὸν
2943 3526 3187 3581 διδάσκει
3218 3523 3279 3577 τδ
3321 3523 3506 3594 μέρος,

1932 3610 2044 3669 οἷον
2074 3616 2157 3669 ὃτι
2187 3616 2281 3668 καὶ
2306 3614 2556 3679 κολάζειν
2601 3612 2823 3667 δύναται
2855 3612 2949 3666 καὶ
2992 3607 3351 3681 τιμωρεῖσθαι
3385 3609 3509 3668 τοὺς

1934 3698 2364 3772 ἁμαρτάνοντας.

2003 3835 2064 3881 ε’.
2097 3825 2208 3879 Καὶ
2239 3825 2341 3897 δρα
2368 3824 2484 3887 πῶς
2515 3821 2690 3892 σοφῶς
2720 3821 2813 3875 καλ⁸
2851 3818 3235 3892 προσηκόντως
3267 3815 3359 3870 καὶ
3387 3815 3509 3867 τοῦ-ι

1933 3928 2021 3964 τον
2044 3920 2065 3949 ε
2095 3909 2194 3980 μὲν
2226 3906 2536 3969 ἐπαίδευσε,
2585 3905 2679 3958 καὶ
2709 3902 3014 3974 ἀνθρώπων
3048 3899 3239 3954 οὐδένα
3283 3897 3510 3953 κολάσαι

1932 3995 2054 4048 οὐδὲ
2081 3990 2499 4064 τιμωρήσασθαι
2525 3988 2801 4060 ἠνέσχετο.
2826 3985 2950 4050 Πῶς
2976 3980 3211 4051 οὗν;’¹1να
3240 3982 3388 4053 μάθῃ
3411 3980 3509 4051 τὴν

1932 4074 2309 4148 τιμωρητικὴν
2341 4073 2506 4127 αὐτοῦ
2535 4071 2765 4142 δύναμιν
2792 4071 2821 4123 6
2862 4068 3130 4139 μαθητής.
3167 4067 3231 4119 Εἰ
3275 4064 3374 4135 μὲν
3401 4065 3509 4134 γὰρ

1935 4159 2163 4214 ἐκόλασέ
2190 4175 2335 4219 τινα.
2365 4154 2543 4222 ἔδοξεν
2570 4155 2637 4209 ἀν
2662 4152 3035 4209 ἐναντιοῦσθαι
3065 4149 3242 4220 ἐαυτῷ
3270 4147 3505 4216 λέγοντι·

1938 4247 2060 4299 Οὐκ
2085 4241 2276 4314 ἦλθον
2320 4243 2420 4296 ἵνα
2449 4241 2629 4308 κρίνω
2652 4238 2757 4292 τὸν
2778 4239 3029 4305 κόσμον,
3045 4234 3183 4289 ἀλλ’
3199 4235 3299 4287 ἵνα
3329 4233 3509 4285 σώσω

1934 4327 2042 4381 τὸν
2067 4327 2319 4394 κόσμον.
2349 4323 2537 4389 Πάλιν,
2564 4323 2612 4374 εί
2647 4318 2850 4391 μηδένα
2883 4317 3162 4379 ἐκόλασεν,
3180 4314 3507 4386 άδιόρθωτος

1935 4413 2129 4482 ἔμενεν
2155 4411 2185 4463 6
2214 4407 2485 4479 μαθητὴς,
2516 4407 2578 4459 οὐ
2621 4403 2908 4476 μανθάνων
2931 4401 3020 4456 διά
3054 4400 3166 4455 τῶν
3208 4400 3384 4471 ἔργων
3412 4397 3509 4467 τὴν

1936 4494 2265 4564 κολαστικὴν
2290 4490 2453 4546 αὑτοῦ
2482 4490 2730 4560 δύναμιν.
2757 4488 2822 4542 Τί
2859 4483 2953 4541 οῦν
2982 4487 3072 4542 ἵνα
3097 4485 3354 4557 γένηται;

2009 4634 2174 4687 Ὥστε
2200 4630 2297 4685 καὶ⁵
2331 4629 2423 4684 τὸν
2461 4627 2710 4701 μαθητὴν
2730 4627 3038 4699 φοϐηθῆναι
3080 4626 3174 4680 καὶ
3218 4625 3294 4697 μὴ
3343 4639 3510 4677 κατα-

1938 4720 2283 4790 φρονήσαντα
2316 4712 2571 4783 γενέσθαι
2602 4712 2795 4783 χείρω,
2829 4710 2924 4765 καὶ
2966 4708 3271 4782 ἀνθρώπων
3304 4706 3509 4778 μηδένα

1938 4802 2232 4875 πληγῆναι,
2259 4796 2395 4870 μηδὲ
2426 4795 2647 4850 κόλασιν
2673 4796 2962 4867 ὑπομεῖναι
2986 4794 3080 4848 καὶ
3112 4791 3403 4863 τιμωρίαν,
3428 4790 3509 4852 εἰς

1935 4887 2034 4958 τὴν
2059 4884 2233 4952 συκῆν
2267 4880 2366 4953 τὴν
2405 4878 2637 4956 δύναμιν
2678 4879 2888 4949 ταύτην
2924 4876 3295 4931 ἐπιδείκνυται
3323 4875 3352 4926 6
3376 4875 3509 4958 Χριέ

1938 4956 2083 5034 στδς,
2118 4963 2310 5026 εἰπὼν,
2351 4962 2576 5032 Μηκέτι
2602 4962 2672 5016 ἐκ
2700 4961 2819 5016 σοῦ
2861 4959 3090 5029 καρπὸς
3121 4960 3381 5029 γένηται,
3415 4956 3508 5009 καὶ

1940 5056 2143 5127 ῥήματι
2166 5045 2352 5120 ψιλῷά
2382 5046 2619 5116 ξηράνας
2638 5044 2806 5116 αὐτὴν
2831 5041 3194 5127 παραχρῆμα.
3215 5038 3371 5127 ῡῦτω
3400 5037 3509 5127 γάρ

1936 5121 2065 5192 οἵτε
2095 5133 2374 5204 ἄνθρωποι
2393 5130 2592 5192 πάντες
2620 5127 2813 5198 έμενον
2833 5125 3106 5188 ἀϐλαϐεῖς,
3136 5124 3299 5187 αὐτός
3328 5140 3387 5175 τε
3410 5121 3507 5193 τὴν

1937 5218 2130 5277 ἐαυτοῦ
2153 5218 2382 5287 δύναμιν
2401 5212 2767 5274 ἐπεδείκνυτο,
2786 5210 2881 5265 τοῦ
2907 5211 3076 5281 φυτοῦ
3097 5208 3390 5279 δεξαμένου
3412 5209 3509 5281 τὴν

1938 5302 2226 5376 τιμωρίαν.
2284 5298 2394 5353 Καὶ
2433 5300 2463 5352 6
2503 5294 2831 5369 μαθητὴςᾶ
2864 5296 2915 5349 εί
2944 5296 3229 5366 προσεῖχε,
3263 5293 3508 5363 μεγάλην

206 5327 577 5401 ⁸παραίνεσιν
609 5326 1013 5397 ἀνακτωμένων
1038 5326 1265 5393 ἑαυτούς
1284 5345 1299 5393 ;
1319 5330 1452 5384 Οὐδὲ
1474 5331 1584 5402 γάρ
1605 5335 1828 5392 ἐκείνων

202 5413 356 5471 τῶν
384 5408 583 5465 ἀνίατα
607 5408 908 5464 νοσούντων
945 5409 1276 5479 ἀφίστασθαι
1309 5413 1414 5484 χρὴ
1452 5416 1545 5468 καὶ
1583 5417 1826 5487 ἀμελεῖν·

203 5495 352 5552 κᾶν
387 5493 698 5565 προειδότες
724 5488 875 5563 ὦμεν
904 5493 1112 5564 σαφῶς,
1146 5495 1228 5549 ὅτι
1258 5496 1457 5565 πολλῆς
1489 5498 1828 5557 ἀπολαύσαν-

200 5596 341 5644 τες
368 5579 471 5650 τῆς
492 5577 730 5648 σπουδῆς
757 5578 969 5647 καὶτῆς
991 5579 1317 5651 συμϐουλῆς,
1338 5580 1488 5636 οὐδὲν
1511 5600 1570 5636 κε
1579 5584 1828 5656 ρδανοῦσι

1939 5390 2004 5445 ἂν
2035 5386 2141 5441 ἀπὸ
2176 5385 2274 5455 τῆς
2299 5382 2576 5443 κολάσεως
2608 5380 2812 5451 ταύτης
2856 5376 3218 5450 ἐκαρπώσατο
3242 5376 3343 5449 τὴν
3364 5376 3509 5447 ὠφέ-

2005 5627 2031 5664 ιι
2057 5625 2194 5674 ῐτιιυε
2213 5638 2300 5674 ms.
2330 5626 2528 5679 ἕκαστος
2550 5621 2920 5683 σωιδὼνίέλεγε.

2004 5693 2026 5720 ο
2056 5691 2189 5737 Unus
2212 5700 2300 5736 ms.
2341 5688 2423 5736 καὶ
2455 5677 2615 5741 τοῦτο,
2652 5682 2827 5744 melius
2860 5677 3013 5744 'quam
3042 5677 3126 5744 alji
3163 5677 3323 5744 τοῦτο,
3348 5678 3511 5741 inquit

1943 5751 2133 5805 Mnulﬁ.
2153 5752 2227 5797 cui
2256 5763 2342 5797 nos
2367 5740 2716 5796 dissentientes
2735 5740 2905 5793 τοῦτον
2927 5740 3217 5805 recepimus.
3248 5741 3389 5796 Eon.

316 5803 333 5828 ⁸
358 5806 458 5858 Alii
478 5808 755 5863 δυνήσομαι.
932 5870 938 5874 _

2009 5817 2035 5855 ιι
2064 5803 2199 5861 ζειν.
2227 5810 2274 5860 in
2301 5826 2450 5873 marg.
2472 5812 2548 5858 καὶ
2572 5811 2695 5874 ῥῆμα
2720 5809 2873 5871 ψιλόν.
