4018 6190
298 305 405 367 οὔθ

301 430 478 475 artem
504 421 549 475 si
587 420 705 477 hzec
731 422 1215 485 animadvertisset.
1263 429 1528 495 ingentem
1572 444 1633 482 ex
1668 428 1766 484 hac
1793 431 1876 485 ul-

297 512 450 566 tione
473 512 705 580 cepisset
732 511 1028 569 utilitatem.
1071 512 1175 568 Sed
1228 522 1402 568 tamen
1452 532 1520 571 ne
1562 517 1641 573 sic
1668 519 1878 587 quidem

304 611 579 658 correctus
607 610 710 659 est.
738 601 980 659 Christus
999 612 1176 661 autem
1208 605 1459 674 praescius
1472 616 1526 661 et
1541 606 1641 663 hoc
1660 620 1881 664 eventu-

304 706 450 760 rum,
480 708 585 749 uou
615 694 716 749 hoc
758 701 982 759 tantum,
1015 711 1198 751 verum
1229 696 1389 751 etiam
1414 698 1559 753 aliud
1584 698 1685 755 hoc
1715 702 1885 757 multo

305 784 483 855 majus
511 782 706 839 ell‘eeit.
736 783 866 840 Cum
894 784 1083 855 gladiis
1121 794 1175 839 et
1217 784 1444 841 fustibus
1481 789 1670 845 armati
1699 803 1889 845 manus

308 876 364 930 in
394 875 567 945 ipsum
608 884 859 945 pararent
902 875 1122 944 injicere
1158 875 1347 943 Judaei,
1383 886 1490 933 tum
1536 879 1658 935 illos
1701 894 1896 936 omnes

308 965 621 1021 excmcavit.
652 966 706 1019 ω
736 966 877 1023 enim
926 966 1236 1035 declaravit,
1280 983 1401 1025 cum
1442 968 1644 1026 diceret
1678 984 1694 1025 :
1729 969 1890 1036 Quem

306 1056 533 1122 mritis
578 1055 755 1127 (Joan.
811 1057 896 1113 l8.
926 1054 1021 1128 4)?
1064 1056 1193 1112 Cum
1224 1059 1365 1113 enim
1394 1059 1558 1114 ludas
1590 1061 1892 1132 frequenter

308 1150 565 1204 dixisset:
601 1147 736 1213 Quid
774 1150 920 1204 vultis
963 1151 1087 1204 milii
1126 1150 1266 1217 dare,
1310 1163 1356 1206 et
1395 1170 1487 1223 ego
1531 1153 1665 1208 vobis
1692 1154 1890 1209 tradam

305 1256 422 1292 eum
452 1238 664 1312 (Matth.
694 1238 784 1294 26.
813 1240 940 1310 l5)?
979 1241 1069 1297 ille
1100 1241 1286 1297 volens
1312 1242 1509 1322 .ludwis
1549 1245 1887 1314 persuadere,

309 1329 733 1400 discipulumque
752 1330 971 1397 docere,
995 1347 1056 1387 se
1082 1332 1346 1389 volentem
1365 1334 1430 1389 ad
1458 1345 1681 1390 mortem
1709 1336 1809 1403 ire,
1838 1345 1893 1391 et

310 1420 495 1476 omnia
523 1421 688 1492 ipsius
712 1436 855 1489 esse,
885 1438 985 1478 nec
1011 1422 1162 1479 Iuda:
1187 1425 1386 1480 malitia
1414 1427 1607 1481 victum
1631 1427 1735 1482 huc
1753 1428 1891 1498 adigi

314 1514 571 1583 potuisse,
614 1517 732 1585 ipso
776 1515 1047 1585 proditore
1086 1532 1207 1572 eum
1255 1519 1465 1573 caneris
1506 1520 1753 1575 omnibus
1793 1522 1892 1575 ad-

314 1614 508 1671 stante,
532 1604 709 1675 Quem,
734 1606 922 1676 inquit,
943 1608 1203 1679 queritis?
1219 1608 1363 1665 Itane
1383 1626 1484 1664 non
1502 1618 1722 1667 noverat
1737 1627 1893 1682 quem

311 1709 431 1753 erat
462 1698 801 1768 proditurus?
830 1701 938 1756 Sed
989 1702 1243 1757 Dominus
1286 1704 1580 1760 obesccarat
1607 1706 1744 1762 illius
1769 1721 1897 1762 ocu—

317 1791 419 1855 los,
449 1804 547 1845 nec
569 1789 619 1844 id
646 1789 840 1856 solum,
864 1807 1045 1846 verum
1070 1792 1227 1847 etiam
1252 1807 1438 1850 omnes
1466 1794 1566 1851 hac
1588 1811 1720 1852 voce
1747 1811 1899 1851 resu-

318 1880 530 1949 pinatus
554 1879 748 1947 dejecit
790 1882 842 1936 in
875 1890 1091 1938 terram.
1139 1883 1240 1940 Ubi
1283 1900 1412 1941 vero
1440 1900 1539 1941 nec
1565 1901 1628 1943 ea
1664 1903 1748 1943 res
1778 1887 1901 1942 illos

322 1972 557 2028 reddidit
598 1973 959 2036 humaniores.
994 1990 1167 2045 neque
1194 1977 1510 2035 sceleratum
1540 1978 1687 2035 illum
1709 1993 1738 2032 a
1772 1994 1897 2049 pro-

319 2062 525 2119 ditione
551 2064 837 2131 revocavit,
855 2065 951 2121 sed
977 2066 1349 2135 perseverabat
1374 2068 1701 2135 insanabilis,
1733 2085 1799 2124 ne
1821 2071 1901 2125 sic

324 2154 536 2222 quidem
561 2155 824 2212 alienatus
847 2165 931 2212 est
958 2158 1228 2225 Dominus,
1262 2173 1369 2229 quo
1403 2159 1580 2216 minus
1609 2176 1797 2216 rursus
1822 2161 1898 2215 illi

324 2256 437 2301 tum
463 2247 911 2315 benevolentiam,
943 2258 1052 2304 tum
1079 2264 1263 2305 curant
1290 2250 1643 2320 impenderet.
1666 2251 1770 2307 Sed
1802 2267 1899 2322 age

321 2339 625 2407 considera,
658 2355 815 2410 quam
852 2350 1148 2411 opportune
1190 2342 1552 2413 impudentem
1582 2351 1760 2413 tangat
1782 2344 1898 2397 ani-

322 2447 491 2494 tuum,
516 2440 572 2486 et
598 2446 661 2487 ea
685 2431 947 2503 loquatur,
975 2449 1093 2504 quae
1116 2433 1199 2489 vel
1225 2449 1439 2490 saxeam
1458 2444 1687 2491 mentem
1705 2443 1904 2505 queant

318 2525 591 2581 emollire.
643 2524 853 2580 Etenim
897 2525 1055 2581 simul
1100 2533 1259 2596 atque
1298 2526 1461 2582 ludas
1491 2527 1809 2582 accessisset
1833 2526 1900 2581 ad

320 2634 447 2675 cum
477 2617 830 2682 (iaculaturus,
856 2617 983 2688 quid
1011 2618 1121 2673 ait?
1141 2618 1304 2688 Juda,
1331 2619 1504 2675 osculo
1518 2618 1710 2674 Filium
1734 2619 1903 2674 homi-

323 2710 409 2765 nis
435 2708 607 2780 prodis
632 2707 782 2780 (Luc.
802 2708 894 2764 η.
921 2708 1052 2781 48)ἳ
1080 2708 1189 2768 Nec
1216 2710 1326 2780 ipsa
1354 2710 1671 2781 proditionis
1699 2711 1911 2784 species.

325 2799 584 2870 pudorem
607 2800 829 2856 incutit?
851 2799 978 2856 Haec
1001 2810 1179 2856 autem
1206 2799 1420 2857 dicebat
1457 2810 1645 2858 laxans
1675 2817 1739 2857 ac
1766 2818 1901 2872 pun.

319 2905 460 2960 gens
484 2889 651 2957 illum,
693 2890 1033 2962 pristinaeque
1060 2892 1543 2949 commonefaciens
1564 2893 1905 2949 consuetudio

325 2981 432 3035 nis.
460 2984 708 3037 Attamen
739 2996 859 3036 eum
902 2981 1144 3038 Christus
1171 2991 1278 3037 tam
1322 2985 1489 3039 multa
1529 2993 1638 3039 tum
1669 2986 1901 3053 fecisset,

322 3084 443 3127 tum
472 3073 712 3138 dixisset,
746 3074 835 3158 ille
863 3082 1038 3128 tamen
1066 3072 1233 3129 nihilo
1252 3072 1422 3129 factus
1449 3084 1532 3130 est
1557 3076 1765 3143 melior,
1797 3091 1904 3130 non

325 3166 474 3234 quod
503 3181 686 3236 parum
716 3176 859 3222 esset
884 3175 1075 3238 potens
1093 3168 1182 3238 qui
1210 3169 1480 3235 monebat,
1514 3170 1608 3224 sed
1648 3170 1789 3240 quod
1820 3171 1907 3226 ille

327 3273 541 3314 vecors.
589 3258 835 3315 Christus
876 3270 1054 3315 autem
1099 3275 1218 3316 cum
1251 3261 1364 3316 haec
1389 3263 1566 3317 omnia
1614 3264 1903 3332 praeseiret,

324 3366 439 3405 nou
465 3349 622 3406 desiit
647 3359 821 3406 tamen
847 3351 916 3406 ab
943 3351 1094 3407 initio
1123 3368 1288 3422 usque
1313 3353 1377 3407 ad
1401 3355 1560 3408 tinent
1587 3369 1735 3409 suam
1761 3355 1910 3408 exhi-

326 3442 463 3497 bere
488 3442 887 3513 benignitatem.
918 3443 983 3497 Et
1008 3457 1104 3498 nos
1133 3443 1290 3514 igitur
1312 3458 1432 3498 cum
1449 3443 1564 3499 hate
1584 3445 1906 3511 noverimus,

324 3534 698 3602 dilectissimi,
746 3535 1001 3590 debemus
1041 3534 1450 3606 infatigabiliter,
1507 3551 1570 3593 ac
1616 3552 1712 3607 per
1754 3552 1912 3593 omne

329 3636 548 3696 tempus
566 3627 756 3683 fratres
775 3638 987 3683 nostros
1007 3629 1274 3699 neglectos
1299 3630 1562 3684 instruere
1584 3644 1647 3685 ac
1670 3644 1909 3699 monere,

325 3718 544 3773 etiamsi
589 3718 717 3772 nihil
760 3735 825 3775 ex
855 3719 1217 3776 admonitione
1254 3721 1460 3776 fruetus
1498 3721 1570 3776 sit
1595 3720 1910 3777 rediturum.

333 3810 550 3865 Etenim
580 3812 624 3866 si
651 3812 905 3866 Dominus
933 3812 1024 3883 qui
1054 3824 1393 3883 pramoverat
1438 3813 1739 3884 huiusmodi
1765 3794 1911 3869 futti-

333 3917 457 3957 rum
484 3913 753 3970 eventum,
782 3902 883 3959 hac
911 3918 1037 3960 usus
1078 3912 1161 3960 est
1200 3904 1558 3961 sollicitudine
1597 3920 1724 3976 erga
1768 3920 1913 3971 eum,

333 3996 430 4067 qui
478 3995 610 4051 nihil
653 3996 854 4052 fructus
881 3996 1085 4053 laturus
1110 4005 1225 4053 erat
1272 4012 1338 4054 ex
1383 3997 1784 4054 admonitione:
1812 4015 1914 4070 qua

335 4087 558 4144 tandem
584 4088 737 4143 venia
768 4088 913 4160 digni
942 4088 1198 4144 fuerimus
1224 4105 1337 4155 nos,
1364 4090 1430 4155 si,
1452 4105 1574 4145 cum
1598 4090 1829 4147 incertus
1848 4092 1919 4146 sit

337 4178 498 4234 nobis
526 4193 707 4233 rerum
748 4186 990 4241 eventus,
1034 4177 1169 4234 adeo
1212 4179 1466 4233 socordes
1494 4178 1750 4235 fuerimus
1775 4179 1919 4237 circa

338 4271 571 4342 proximi
616 4271 861 4335 salutem,
891 4279 1008 4339 post
1034 4285 1191 4324 unam
1222 4278 1382 4340 atque
1423 4270 1644 4325 alteram
1673 4270 1916 4326 admoni-

342 4365 545 4421 tionem
575 4378 668 4419 eos
694 4362 1034 4418 deserentes?
1079 4362 1313 4433 Denique
1354 4370 1553 4432 praeter
1602 4361 1717 4417 haec
1742 4364 1918 4417 omnia

343 4472 465 4527 qua:
486 4456 625 4511 dicta
654 4467 800 4522 sunt,
827 4457 987 4511 etiam
1017 4455 1143 4526 quid
1174 4456 1227 4509 in
1256 4455 1408 4510 nobis
1428 4455 1558 4525 ipsis
1571 4456 1924 4511 aceidatcon-

344 4547 665 4614 sideremus,
696 4555 1003 4617 reputantes
1022 4546 1161 4617 quod
1181 4562 1300 4601 cum
1326 4547 1487 4602 Deum
1513 4548 1665 4602 nobis
1684 4548 1922 4618 quotidie

349 4637 664 4708 loquentem
685 4652 782 4708 per
800 4636 1105 4708 prophetas,
1125 4652 1219 4706 per
1237 4638 1508 4708 apostolos
1527 4639 1817 4694 oscitanter
1830 4656 1926 4695 au-

343 4729 579 4796 diamus,
608 4729 747 4785 haud
776 4738 951 4786 tamen
979 4729 1174 4786 desinit
1197 4731 1279 4786 vel
1305 4731 1596 4800 appellare,
1624 4732 1707 4789 vel
1729 4731 1925 4787 docere

347 4823 580 4879 rebelles
609 4838 899 4893 parumque
938 4831 1189 4877 attentos.
1221 4822 1361 4891 Quin
1391 4832 1446 4878 et
1475 4822 1668 4877 Paulus
1708 4823 1923 4889 clamat,

344 4917 534 4971 dicens
560 4933 574 4969 :
600 4913 705 4968 Pro
727 4913 925 4969 Christo
951 4913 1196 4985 legatione
1225 4914 1503 4985 fungimur,
1536 4923 1789 4985 tamquam
1817 4911 1928 4968 Deo

347 5023 439 5077 per
459 5022 552 5060 nos
572 5006 879 5070 obsecrante,
905 5021 1143 5075 rogamus
1166 5021 1257 5075 pro
1281 5005 1496 5071 Christo,
1538 5002 1929 5058 reconciliamini

347 5096 462 5152 Dee
484 5095 567 5167 (2.
594 5096 713 5151 Cor.
740 5097 795 5151 5.
822 5094 936 5168 20).
961 5095 1112 5163 Quod
1138 5096 1182 5150 si
1207 5094 1488 5151 dicendum
1510 5095 1706 5166 aliquid
1728 5110 1926 5151 novum

347 5196 405 5245 et
420 5186 813 5254 admirandum,
829 5186 968 5242 haud
991 5186 1315 5242 tantumdem
1332 5186 1503 5243 laudis
1522 5198 1755 5243 meretur
1778 5188 1825 5243 is
1839 5186 1929 5257 qui

351 5281 570 5353 praescit
593 5280 847 5349 futurum,
878 5290 935 5336 ut
976 5282 1020 5337 is
1047 5282 1137 5353 qui
1165 5281 1445 5336 consilium
1490 5281 1682 5350 accipit
1718 5281 1929 5336 obtem-

352 5380 525 5444 peret,
556 5382 716 5443 atque
739 5373 811 5427 ita
838 5372 890 5427 in
919 5371 1247 5428 consulendo
1269 5379 1591 5441 perseverat,
1614 5380 1868 5441 quantum
1886 5371 1931 5426 is

349 5466 443 5535 qui
470 5466 779 5535 frequenter
819 5465 1090 5536 loquutus,
1134 5464 1438 5535 frequenter
1482 5464 1714 5519 adhibita
1755 5465 1930 5521 moui-

356 5556 524 5621 tione,
557 5555 840 5611 frustratus
867 5564 970 5623 est,
1002 5572 1100 5612 nec
1127 5556 1203 5611 sic
1226 5564 1401 5611 tamen
1427 5555 1652 5612 destitit.

431 5646 563 5703 Plus
577 5658 793 5702 tueretur
816 5649 900 5719 qui
924 5658 1069 5702 curat
1093 5648 1439 5703 insanabilem.
1458 5677 1527 5689 -—
1548 5647 1678 5702 Nam
1701 5648 1932 5719 priorem

355 5735 509 5791 illum
538 5750 663 5807 spes
687 5738 875 5796 futura:
899 5739 1152 5796 auditoris
1177 5739 1559 5811 obsequentize,
1600 5739 1808 5797 etiamsi
1843 5756 1930 5798 sc-

1524 316 1606 370 DE
1630 316 1903 371 LAZARO
1939 314 2181 371 CONCIO
2221 316 2263 370 Ι.

3450 321 3555 378 970

1986 435 2273 501 guissimus
2306 435 2482 499 fuerit,
2504 435 2700 489 excitat
2728 434 2794 489 ad
2819 432 3049 488 officium
3067 435 3415 492 admouendi:
3434 451 3560 491 cena

1988 538 2066 581 tru
2099 527 2183 580 hic
2209 541 2330 582 cum
2360 525 2570 581 assidue
2600 533 2832 588 moneat,
2864 540 2962 580 nec
2989 525 3254 593 audiatur,
3280 541 3379 582 nec
3404 542 3470 583 eo
3488 535 3565 582 ta-

1988 636 2109 675 men
2138 619 2378 684 desistat,
2419 617 2790 672 fervidissimze
2836 616 3114 687 cujusdam
3162 633 3227 674 ac
3273 619 3564 675 verissima:

1989 712 2227 767 caritatis
2274 719 2643 779 argumentum
2675 708 2892 777 praebet,
2927 708 3016 778 qui
3060 724 3181 765 cum
3211 710 3354 763 nulla
3403 709 3561 763 simili

1990 818 2087 873 spe
2113 804 2304 865 alatur,
2336 811 2510 856 tamen
2540 799 2611 855 ob
2649 800 2755 853 vim
2793 799 2990 853 amoris
3030 814 3155 867 erga
3203 797 3420 853 fratrem
3462 813 3566 853 non

1991 895 2187 951 desinit
2214 894 2354 949 illius
2382 908 2538 963 agere
2565 906 2770 946 curam.
2796 889 2994 945 Verum
3038 904 3143 944 non
3185 900 3432 959 oportere
3470 904 3570 943 nos

1995 1001 2245 1056 umquam
2268 983 2531 1040 desistere
2558 997 2589 1037 a
2616 998 2741 1037 cura
2766 982 3058 1051 lapsorum,
3084 979 3293 1035 etiamsi
3326 980 3570 1049 prtescia-

1996 1094 2114 1132 mus
2144 1077 2263 1132 illos
2287 1076 2440 1130 nobis
2469 1089 2575 1130 non
2601 1075 3082 1144 obtemperaturos,
3113 1070 3323 1126 abunde
3342 1070 3569 1125 demon-

1995 1179 2217 1224 stratum
2244 1178 2348 1224 est.
2376 1167 2633 1236 Superest
2658 1172 2715 1218 ut
2758 1164 2822 1218 ad
2867 1179 3052 1218 eorum
3095 1161 3570 1232 reprehensionem

1996 1271 2348 1324 transeamus,
2374 1258 2463 1327 qui
2491 1255 2697 1312 deliciis
2726 1253 3015 1324 indulgent.
3045 1253 3223 1307 Donec
3245 1253 3385 1307 cnim
3413 1252 3570 1306 dura-

1996 1353 2063 1405 rit
2107 1351 2206 1403 hoc
2255 1349 2468 1413 festum,
2512 1346 2685 1401 donec
2728 1344 3002 1400 ebrietatis
3046 1343 3265 1398 vulnera
3311 1343 3573 1397 mentibus

1997 1442 2328 1496 ebriosorum
2363 1439 2613 1494 indixerit
2640 1437 2902 1504 diabolus,
2928 1444 3143 1506 Oportet
3172 1444 3230 1491 et
3259 1450 3355 1491 nos
3379 1435 3567 1489 adum-

1997 1550 2122 1589 vcre
2151 1534 2401 1588 remedia.
2658 1538 2661 1543 ’

2069 1626 2123 1680 6.
2165 1624 2289 1679 lleri
2311 1623 2521 1694 quidem
2547 1623 2764 1677 Paulum
2787 1621 2892 1675 illis
2913 1621 3259 1690 opposuimus
3286 1620 3570 1675 dicentem:

2001 1716 2120 1771 Siue
2147 1715 2315 1781 editis,
2346 1714 2447 1769 sive
2472 1712 2658 1779 bibitis,
2688 1713 2790 1768 sive
2815 1711 2956 1765 aliud
2984 1710 3167 1781 facitis,
3192 1711 3360 1763 omnia
3381 1710 3432 1762 in
3462 1711 3575 1779 glo-

1999 1808 2130 1861 riam
2160 1806 2249 1860 Dei
2289 1806 2439 1876 facite
2468 1806 2543 1877 (1.
2588 1804 2707 1859 Cor.
2744 1804 2831 1859 10.
2876 1803 2992 1872 51).
3041 1802 3209 1856 llodie
3238 1816 3363 1855 vero
3404 1801 3577 1870 ipsum

2002 1899 2151 1956 Pauli
2184 1899 2465 1956 Dominan
2493 1898 2597 1953 illis
2626 1896 2977 1967 proferemus,
3028 1909 3132 1949 non
3182 1893 3343 1948 modo
3389 1908 3579 1947 consu-

2004 1995 2199 2049 lentem
2247 2001 2339 2046 aut
2384 2000 2688 2046 monentem
2728 2004 2759 2044 a
2804 1988 3008 2043 deliciis
3054 1986 3344 2050 abstinere,
3394 2000 3580 2039 verum

2003 2085 2161 2141 etiam
2194 2085 2534 2140 insultantem
2561 2096 2625 2136 ac
2663 2080 2967 2151 punientem
2996 2094 3140 2142 eum,
3176 2077 3266 2147 qni
3294 2076 3347 2131 in
3376 2074 3582 2131 deliciis

2004 2180 2231 2234 vixerat.
2257 2176 2389 2232 Nam
2416 2175 2638 2230 historia
2667 2173 2736 2229 de
2764 2173 2930 2228 divite
2955 2186 3018 2226 ac
3056 2170 3276 2233 Lazaro,
3317 2168 3491 2238 deque
3519 2167 3583 2221 iis

2004 2286 2123 2341 qua:
2152 2268 2359 2338 utrique
2384 2264 2712 2327 acciderunt,
2742 2262 2875 2318 nihil
2901 2260 3045 2317 aliud
3073 2275 3231 2331 quam
3263 2258 3365 2312 hoc
3392 2257 3581 2312 decla-

2005 2370 2107 2415 rat.
2135 2359 2271 2426 Quin
2312 2358 2506 2428 potius,
2548 2370 2617 2412 ue
2658 2355 2850 2410 leviter
2892 2352 2994 2408 hoc
3021 2361 3112 2405 aut
3140 2350 3315 2406 obiter
3338 2363 3581 2419 agamus,

2005 2455 2194 2509 ordine
2235 2452 2387 2507 vobis
2433 2450 2600 2520 ipsam
2648 2446 2949 2518 parabolam
2997 2443 3375 2500 reeitabimus:
3414 2439 3584 2494 Homo

2006 2545 2211 2612 quidam
2257 2552 2363 2597 erat
2407 2542 2566 2605 dives,
2595 2547 2640 2594 et
2667 2537 2965 2592 induebatur
2990 2550 3217 2606 purpura
3252 2549 3312 2586 ac
3339 2531 3507 2601 bysso,
3536 2538 3583 2583 et

2007 2640 2304 2710 epulabatur
2351 2634 2571 2708 quotidie
2609 2630 2891 2703 splendide.
2936 2628 3065 2682 Erat
3109 2635 3276 2680 autent
3329 2623 3586 2677 mendicus

2007 2731 2214 2801 quidam
2255 2728 2457 2784 nomine
2482 2724 2727 2788 Lttsarus,
2759 2722 2844 2792 qui
2861 2718 3066 2791 jacebat
3106 2718 3160 2772 in
3187 2714 3426 2772 vestibulo
3452 2714 3587 2767 illius

2007 2824 2282 2888 ulcerosus,
2308 2819 2612 2890 cupiensque
2644 2813 2868 2869 saturari
2897 2812 2959 2865 de
2982 2809 3125 2864 micis
3153 2823 3267 2879 qua:
3295 2805 3587 2860 decidebant

2009 2932 2036 2968 e
2061 2929 2234 2968 mensa
2261 2910 2449 2965 divitis.
2479 2906 2585 2964 Sed
2608 2915 2658 2962 et
2686 2920 2835 2959 canes
2862 2903 3118 2965 adeuntes,
3147 2895 3588 2968 circumliugebaut

2010 3006 2181 3061 ulcera
2216 3020 2328 3073 ejus
2365 3000 2518 3071 (Luc.
2549 2998 2635 3054 16.
2670 2994 2783 3070 19).
2810 2994 2973 3064 Cujus
2998 2992 3163 3062 gratia
3208 2989 3465 3044 Dominus
3496 3002 3589 3055 per

2011 3096 2288 3169 parabolas
2331 3095 2578 3163 loquutus
2605 3090 2696 3156 sit,
2742 3096 2797 3147 et
2830 3100 2989 3156 quam
3018 3082 3248 3138 tamdem
3279 3081 3348 3135 ob
3373 3093 3587 3135 cursant

2010 3168 2079 3245 ex
2109 3185 2372 3259 parabolis
2389 3182 2521 3237 alias
2540 3179 2753 3251 quidem
2769 3173 3135 3245 explieaverit,
3157 3171 3290 3225 alias
3310 3184 3415 3223 non
3440 3168 3588 3222 item:

2012 3289 2067 3335 et
2097 3278 2347 3349 quidnam
2381 3274 2451 3329 sit
2477 3270 2744 3343 parabole,
2772 3277 2827 3324 et
2854 3267 2898 3320 si
2926 3280 3025 3337 qua
3051 3272 3176 3319 sunt
3200 3261 3355 3332 hujus
3381 3259 3591 3329 generis

2014 3374 2137 3438 alia,
2171 3371 2223 3425 in
2254 3366 2394 3422 aliud
2427 3376 2636 3434 tempus
2663 3358 3075 3423 reservabimus,
3097 3369 3164 3408 ne
3183 3354 3250 3408 ab
3278 3359 3591 3421 argumento

2017 3478 2157 3519 nunc
2180 3467 2399 3532 urgente
2418 3453 2794 3526 digrediamur.
2816 3450 3078 3504 Ceterum
3105 3444 3233 3500 illud
3262 3442 3420 3498 modo
3444 3441 3593 3495 vobis

2015 3556 2254 3611 dicemus
2293 3552 2345 3606 in
2376 3546 2678 3620 praesentia,
2710 3543 2828 3615 quis
2861 3538 3301 3611 evangelistarum
3327 3533 3596 3603 scripserit

2018 3646 2155 3702 hanc
2181 3642 2485 3715 parabolam
2510 3654 2539 3693 a
2565 3636 2782 3693 Christo
2809 3633 2971 3688 fuisse
2988 3627 3338 3702 propositam?
3352 3622 3564 3693 Quisigi
3582 3655 3598 3664 ε

2021 3749 2105 3794 tur
2132 3738 2176 3793 is
2212 3735 2328 3791 est?
2356 3730 2616 3788 Nimirum
2658 3727 2831 3782 Lucas
2873 3718 3501 3792 solus:quandoqnidem
3545 3724 3599 3770 et

2020 3831 2124 3886 hoc
2141 3828 2280 3884 scire
2299 3824 2483 3889 refert,
2505 3819 2647 3893 quod
2669 3820 2806 3874 inter
2825 3833 2886 3871 ea
2907 3831 3027 3886 qute
3048 3813 3348 3870 referuntur
3362 3811 3430 3864 ab
3445 3825 3598 3864 evan.

2020 3919 2243 3991 gelistis,
2268 3916 2369 3971 alia
2394 3914 2638 3970 dicantur
2658 3921 2691 3964 a
2707 3917 2934 3981 quatuor
2960 3900 3460 3968 communiter,a|ia
3480 3913 3612 3970 spe-r

2022 4010 2203 4067 ciatim
2225 4024 2253 4061 a
2280 4006 2525 4077 singulis.

2101 4099 2434 4170 Evangelistte
2441 4111 2537 4149 cur
2545 4110 2649 4149 non
2662 4092 2839 4147 omnia
2851 4088 3155 4157 scripserint
3168 4083 3541 4149 eadem—Qua
3549 4097 3598 4135 m

2024 4195 2095 4250 ob
2119 4189 2372 4249 causam?
2419 4188 2486 4245 Ut
2516 4186 2673 4243 simul
2699 4193 2757 4242 et
2789 4182 2942 4238 nobis
2977 4186 3123 4236 esset
3148 4176 3444 4233 necessaria
3473 4175 3601 4229 reti-

2026 4299 2251 4355 quarunt
2276 4296 2425 4338 saera
2446 4280 2622 4345 lectio,
2645 4286 2699 4332 et
2719 4274 2991 4332 evidenter
3012 4270 3285 4341 perspicua
3306 4270 3457 4322 lieret
3478 4267 3597 4319 illo-

2028 4391 2144 4432 rum
2167 4373 2306 4429 inter
2330 4373 2471 4442 ipsos
2488 4366 2852 4425 consonantia.
2885 4364 3094 4419 Etenim
3129 4361 3175 4417 si
3210 4372 3397 4413 omnes
3423 4357 3600 4412 omnin

2025 4466 2299 4529 dixissent,
2331 4475 2665 4533 nequaquam
2702 4456 2769 4513 ad
2797 4465 2984 4511 omnes
3018 4468 3138 4508 cum
3165 4450 3342 4507 studio
3369 4448 3600 4503 aninnun

2029 4554 2429 4625 adjecissemus,
2462 4564 2582 4606 cum
2613 4563 2749 4602 unus
2788 4546 2855 4601 ad
2894 4544 3071 4600 omnia
3096 4541 3332 4598 docenda
3369 4538 3623 4633 sulfuris;

2027 4659 2136 4715 set;
2177 4647 2257 4701 sin
2296 4655 2473 4700 autem
2514 4655 2701 4698 omnes
2744 4640 2955 4695 diversa
2994 4636 3173 4693 omnia
3212 4643 3372 4704 atque
3409 4630 3605 4686 variata

2028 4737 2389 4812 protulissent,
2422 4747 2751 4804 nequaquam
2780 4727 3000 4800 insignis
3040 4726 3249 4782 illorum
3278 4721 3606 4812 apparuisset

2029 4809 2331 4885 concordia.
2384 4825 2720 4894 Quapropter
2757 4829 2813 4877 et
2853 4832 3041 4875 omnes
3066 4814 3419 4872 communiter
3444 4809 3608 4864 multa

2029 4920 2377 4990 scripserunt.
2405 4926 2460 4971 et
2473 4915 2572 4970 sibi
2600 4914 2823 4984 quisque
2844 4909 3058 4981 proprie
3085 4904 3311 4974 sumpsit
3332 4900 3605 4956 nonnulla.

2033 5010 2146 5064 Hoc
2161 5009 2317 5080 igitur
2332 5005 2460 5062 illud
2478 5002 2721 5074 esl,quod
2742 5017 2834 5072 per
2850 4998 3153 5070 parabolam
3170 4995 3327 5050 docet
3346 4991 3607 5047 Christus.

2034 5101 2203 5161 Homo
2227 5098 2440 5170 quidam
2466 5106 2581 5152 erat
2605 5094 2755 5149 dives
2775 5134 2789 5157 ,
2820 5093 2973 5161 cujus
2999 5090 3101 5144 vita
3131 5087 3292 5142 variis
3331 5084 3473 5140 vitiis
3497 5092 3611 5138 erat

2033 5192 2301 5263 inquinata
2322 5232 2336 5253 ,
2379 5202 2477 5244 nec
2508 5188 2622 5257 ipse
2647 5196 2819 5240 tamen
2858 5184 3018 5237 ullam
3053 5180 3316 5235 sentiebat
3341 5177 3613 5232 calamita-

2035 5293 2175 5347 tem,
2224 5297 2406 5336 verum
2451 5280 2523 5334 illi
2561 5286 2747 5334 cuneta
2786 5275 2928 5330 velut
2965 5288 2997 5328 c
3039 5271 3270 5327 fontibus
3302 5267 3610 5322 afﬂuebant.

2034 5373 2186 5443 Quod
2211 5373 2352 5428 enim
2374 5371 2448 5427 illi
2470 5369 2599 5426 nihil
2623 5366 2874 5424 acciderit
2895 5365 3126 5422 subitum
3153 5374 3243 5416 aut
3263 5360 3611 5429 inopinatum,

2037 5481 2135 5521 nec
2164 5465 2266 5519 ulla
2295 5463 2496 5518 doloris
2523 5459 2764 5517 materia.
2809 5472 2909 5513 nec
2927 5456 3091 5510 ullum
3118 5455 3170 5507 in
3202 5452 3362 5507 rebus
3391 5449 3614 5504 munda-

2039 5556 2122 5612 nis
2146 5554 2559 5618 incommodum,
2592 5553 2693 5608 hoc
2725 5550 2896 5622 ipsum
2936 5545 3150 5618 aperuit
3170 5546 3358 5609 Lucas,
3393 5542 3611 5597 dicens:

2038 5647 2313 5701 lmtabatur
2338 5656 2391 5701 et
2426 5642 2686 5715 gaudebat
2715 5639 2968 5712 quotidie.
3002 5634 3263 5692 Craterum
3293 5632 3436 5705 quod
3459 5634 3613 5687 vitio-

2039 5755 2154 5796 sam
2180 5739 2346 5810 egerit
2384 5739 2564 5803 vitam,
2593 5735 2927 5807 perspicuum
2956 5741 3033 5788 est
3060 5746 3124 5786 ex
3156 5730 3273 5801 ipso
3297 5737 3416 5783 vute
3448 5730 3615 5788 exitu,
