4018 6190
507 245 600 305 97!

504 369 661 423 quem
677 356 898 414 sortitus
916 368 1015 427 est,
1036 371 1090 419 et
1111 363 1235 419 item
1257 377 1380 425 ante
1405 370 1530 427 vitm
1552 375 1749 430 exitum
1768 391 1832 432 ex
1852 393 1918 434 eo
1937 376 2079 451 quod

501 446 581 502 sic
623 446 875 507 fastidivit
901 465 1209 525 pauperem.
1249 457 1383 516 Nam
1413 462 1510 518 ista
1536 481 1624 522 res
1646 467 1898 538 declarat,
1940 446 2081 543 quod

503 550 608 591 non
643 537 797 609 hujus
818 541 992 598 solum
1019 547 1106 616 qui
1132 546 1338 618 iacebat
1373 553 1424 607 in
1450 557 1734 628 vestibulo,
1773 537 2081 622 verum-nec

495 625 716 683 alterius
738 630 1044 702 cujusquam
1068 636 1157 693 ille
1176 640 1425 700 misertus
1443 644 1619 705 fuerit.
1642 625 1847 708 Etemm
1870 654 1913 709 si
1931 655 2078 714 illum

502 728 757 786 perpetuo
792 720 848 777 in
880 725 1141 782 vestibulo
1164 742 1507 802 prostratum,
1537 752 1695 809 quem
1727 744 1963 813 quotidie
1987 761 2077 802 se-

497 805 605 861 mel
646 816 804 878 atque
837 811 1028 869 iterum
1073 832 1137 873 ac
1160 821 1356 890 smpius
1384 805 1571 884 videre
1588 805 1891 902 cogebatur,
1935 837 2076 895 foras

499 896 750 964 prodiens
775 916 838 957 ac
865 902 1081 961 domum
1105 909 1317 968 rediens
1345 933 1358 969 :
1405 931 1512 973 non
1538 920 1679 977 enim
1710 924 1761 977 in
1788 924 1947 992 bivio,
1977 945 2076 985 nee

497 986 550 1040 in
579 990 855 1059 angiportu
879 1036 895 1060 ,
941 999 1216 1056 oecttltove
1258 1004 1375 1060 loco
1416 1007 1803 1082 decumbebat,
1849 986 1944 1073 sed
1971 1036 2071 1089 qua

496 1079 803 1149 frequenter
828 1088 1004 1144 exibat
1030 1091 1363 1165 intrabatque
1388 1098 1536 1156 dives
1559 1144 1573 1167 ,
1596 1104 1674 1159 sic
1694 1116 1747 1159 ut
1776 1079 1860 1163 vel
1888 1112 2072 1168 uolens

494 1172 733 1240 aspicere
769 1190 1082 1249 cogeretur;
1128 1184 1176 1238 si
1202 1186 1357 1251 hunc,
1404 1189 1636 1261 inquant,
1668 1211 1772 1251 non
1803 1208 1885 1253 est
1922 1215 2068 1255 com-

494 1261 798 1334 miseratus,
844 1279 983 1325 tanta
1015 1272 1264 1331 afﬂictum
1296 1281 1628 1348 aegritudine,
1661 1285 1712 1339 in
1745 1300 1978 1358 egestate
2009 1308 2072 1347 ac

493 1356 712 1421 penuria
749 1359 908 1414 vitam
940 1363 1221 1434 degentem
1246 1409 1263 1436 ,
1304 1372 1389 1426 vel
1435 1376 1609 1442 potius
1648 1387 1760 1433 toto
1782 1356 1914 1436 “vitm
1960 1400 2071 1440 sua:

495 1458 731 1518 tempore
762 1454 947 1509 morbo
988 1467 1148 1528 atque
1189 1462 1325 1516 adeo
1352 1467 1669 1533 gravissimo
1717 1470 2066 1542 laborantem,

491 1539 764 1609 cnjusnant
795 1545 933 1600 obvii
966 1549 1214 1606 misertus
1240 1556 1425 1610 esset?
1462 1558 1672 1615 Etenim
1704 1573 1763 1619 ut
1794 1566 1961 1633 primo
1983 1569 2069 1626 die

491 1634 803 1704 neglexerit,
844 1650 990 1696 certe
1027 1656 1440 1704 consentaneum
1485 1665 1629 1721 erat,
1667 1665 1724 1710 ttt
1768 1659 1941 1716 altero
1982 1662 2069 1717 die

488 1726 709 1781 sentiret
738 1728 937 1799 aliquid
964 1733 1204 1790 aﬂ‘cctus.
1246 1737 1395 1805 Quod
1423 1742 1465 1795 si
1498 1741 1599 1798 hoc
1618 1761 1827 1817 quoque
1854 1750 1938 1806 die
1957 1751 2068 1807 dis-

487 1815 774 1885 simulavit,
804 1832 952 1877 certe
980 1827 1135 1880 tertio
1158 1827 1264 1895 die,
1297 1842 1442 1887 certe
1458 1845 1667 1904 quarto,
1687 1850 1836 1896 certe
1858 1844 2060 1911 quinto,

484 1913 579 1961 aut
615 1908 738 1965 huic
780 1915 1022 1981 proximo
1060 1918 1146 1974 die
1181 1935 1398 1989 prorsus
1425 1926 1604 1981 animo
1633 1928 1772 1985 ﬂecti
1817 1908 2063 2004 debebat,

488 1997 608 2053 licet
636 1998 762 2057 feris
786 2018 997 2075 quoque
1028 2007 1210 2066 fuisset
1232 2012 1501 2070 immitior.
1524 2017 1716 2075 Verum
1739 2022 1869 2080 nihil
1890 2024 2066 2081 istius-

487 2087 627 2142 modi
657 2092 845 2159 sensit,
880 2095 973 2149 sed
1001 2096 1093 2152 illo
1118 2115 1329 2171 quoque
1349 2103 1548 2174 judice,
1574 2109 1663 2179 qui
1689 2126 1862 2182 neque
1894 2114 2063 2172 Deum

487 2183 772 2250 metuebat,
806 2200 905 2241 nec
937 2186 1205 2247 hominem
1242 2198 1600 2267 reverebatur,
1629 2212 1682 2258 et
1705 2204 2065 2276 impudentior

484 2279 598 2327 erat
622 2282 674 2327 et
702 2274 1091 2336 inexorabilior.
1120 2283 1251 2340 Nam
1277 2286 1420 2343 illum
1438 2292 1651 2361 quidem
1677 2274 1846 2353 vidua:
1867 2301 2061 2357 instan-

485 2361 579 2430 tia,
617 2368 862 2434 quamvis
904 2373 1172 2430 crudelem
1211 2387 1264 2433 et
1291 2395 1560 2451 asperum,
1603 2395 1777 2445 tamen
1812 2390 1957 2446 ﬂexit
1995 2394 2061 2448 ad

481 2457 904 2525 gratilicandum,
944 2466 1174 2537 vicitque
1214 2472 1454 2529 mulieris
1496 2480 1811 2548 supplicatio
1853 2500 1868 2537 :
1919 2484 2062 2542 hunc

481 2561 610 2604 vero
638 2566 703 2605 ne
725 2551 824 2606 ista
851 2554 1061 2624 quidem
1094 2574 1179 2614 res
1206 2560 1420 2620 ﬂectere
1445 2568 1612 2636 potuit
1638 2572 1704 2626 ad
1743 2574 2062 2632 subvenien-

479 2636 604 2692 dum
637 2644 874 2712 pauperi.
911 2643 1237 2719 Quamquam
1266 2667 1373 2708 non
1398 2666 1513 2711 erat
1537 2659 1723 2717 similis
1754 2666 2057 2736 postulatio,

479 2726 572 2781 sed
601 2727 777 2799 hujus,
809 2748 1000 2805 nempe
1020 2735 1228 2809 Lazari,
1252 2742 1420 2799 multo
1446 2743 1544 2801 fuit
1566 2757 1674 2802 tum
1703 2726 1924 2821 facilior,
1949 2726 2056 2813 tum

476 2817 687 2888 justior.
710 2821 845 2878 Nam
874 2825 1026 2881 vidua
1056 2829 1268 2899 quidem
1292 2833 1436 2890 illum
1461 2836 1778 2908 implorabat
1800 2817 2057 2903 adversus

481 2907 660 2966 hostes
685 2927 849 2970 suos:
878 2915 967 2973 hic
995 2919 1127 2975 nihil
1146 2923 1288 2979 aliud
1316 2907 1547 2996 petebat,
1579 2946 1737 3001 quam
1768 2945 1821 2990 ut
1847 2938 2059 2996 sedaret

476 2998 694 3071 famem,
728 3014 783 3060 et
809 3020 876 3062 ne
901 3018 1268 3069 contemneret
1302 2998 1628 3085 pereuntem.
1671 3024 1761 3081 illa
1793 3027 2059 3099 ﬂagitabat

474 3091 808 3164 obstrepens,
834 3096 919 3155 hic
936 3109 1113 3157 autem
1138 3106 1332 3175 saepius
1358 3124 1464 3165 uno
1483 3111 1570 3168 die
1593 3115 1755 3172 silens
1770 3091 2058 3190 apparebat

473 3182 620 3240 diviti
647 3187 957 3261 jacettsque.
1005 3194 1116 3250 lloc
1144 3207 1292 3255 certe
1317 3202 1446 3257 satis
1478 3213 1592 3259 erat
1620 3207 1702 3261 vel
1741 3182 1817 3264 ad-
1837 3182 2053 3269 saxeum

473 3289 568 3331 cor
594 3279 994 3339 emolliendum.
1039 3285 1247 3343 Etenim
1275 3292 1362 3360 qui
1383 3292 1703 3364 obtundant,
1732 3300 1784 3354 iu
1816 3301 1915 3357 hos
1947 3305 2051 3360 fre.

472 3378 699 3437 quenter
716 3372 874 3426 etiam
895 3390 1252 3446 provocamur
1279 3384 1373 3437 ira.
1397 3385 1656 3444 Czcterunt
1684 3395 1890 3477 quptics
1912 3399 2053 3454 vidc-

475 3473 593 3514 mus
617 3461 815 3518 auxilio
836 3465 1129 3537 indigentes
1150 3512 1166 3535 ,
1194 3475 1361 3530 multo
1385 3492 1505 3533 eum
1526 3461 1739 3539 silentio
1756 3461 2049 3557 adstantes,

472 3563 644 3620 neque
693 3567 874 3610 vocem
903 3558 1061 3614 ullam
1105 3562 1354 3632 edentes,
1404 3569 1510 3624 imo
1552 3573 1710 3628 etiam
1757 3576 1803 3631 si
1840 3593 2053 3647 semper

470 3637 811 3712 frustrentur,
859 3663 964 3704 non
1010 3659 1184 3709 tanten
1229 3658 1451 3714 moleste
1494 3662 1745 3732 ferentes,
1774 3667 1868 3723 scd
1897 3671 2051 3726 tacite

470 3731 752 3792 oﬂ'ercntes
776 3752 896 3796 sese
920 3752 1104 3801 nostro
1130 3756 1455 3821 conspectui,
1478 3760 1717 3826 quamvis
1736 3761 1902 3817 simus
1922 3763 2050 3833 ipsis

471 3824 734 3896 lapidibus
772 3832 1048 3901 duriores,
1100 3849 1277 3898 tamen
1305 3846 1669 3907 admirabilem
1697 3853 1841 3909 illam
1868 3859 2051 3914 mode-

466 3918 624 3975 stiam
666 3924 878 3980 reveriti
910 3927 1188 3987 ﬂcctimur.
1231 3934 1348 3990 Jam
1392 3949 1445 3992 et
1472 3940 1613 3997 aliud
1652 3945 1940 4003 accedebat
1968 3948 2049 4004 Itis

466 4022 589 4078 qua
607 4009 716 4076 dixi
737 4027 840 4070 non
860 4016 1055 4082 minus,
1085 4021 1328 4081 videlicet
1344 4028 1483 4097 qu-td
1510 4030 1622 4100 ipsa
1652 4047 1861 4105 quoque
1888 4035 2049 4094 facies

470 4102 713 4171 pauperis
737 4116 853 4163 erat
887 4109 1226 4182 miserabilis,
1259 4124 1439 4188 utpote
1467 4121 1603 4178 fame
1628 4102 1935 4199 diutinaque
1958 4146 2049 4185 va-

465 4191 701 4252 letudine
735 4200 995 4258 confecta.
1029 4206 1274 4263 Attamen
1315 4227 1414 4268 nec
1453 4213 1637 4271 harum
1679 4191 1861 4275 rerum
1894 4223 2050 4293 quid-

463 4298 622 4354 quam
650 4288 1037 4361 implacabilem
1069 4298 1213 4354 illuttt
1239 4304 1482 4361 emolliit.

537 4378 590 4432 7.
630 4380 742 4437 Hoc
775 4384 932 4455 igitur
953 4389 1177 4458 primum
1204 4394 1386 4452 vitium
1409 4399 1694 4457 crudelitas
1717 4414 1852 4471 erat,
1881 4406 2041 4461 inltu-

464 4470 798 4542 manitasque
850 4478 935 4532 cui
982 4480 1112 4535 nihil
1159 4496 1365 4553 poterat
1405 4488 1679 4547 accedere.
1741 4493 1849 4551 Nec
1900 4498 2042 4552 enim

463 4559 638 4615 simile
680 4576 783 4632 est,
825 4568 869 4622 si
913 4570 976 4636 is,
1004 4575 1092 4643 qui
1126 4575 1175 4628 in
1208 4580 1424 4645 penuria
1452 4581 1596 4654 degit
1624 4601 1730 4641 non
1770 4599 2044 4646 succumt

463 4653 669 4723 egenis,
707 4665 763 4712 et
800 4659 844 4713 si
877 4663 1033 4717 tantis
1057 4664 1283 4723 afﬂuens
1307 4670 1533 4738 deliciis,
1560 4676 1694 4731 alios
1732 4679 1869 4734 fame
1896 4680 2042 4737 tabe-

460 4758 671 4804 scentes
695 4749 970 4822 despiciat.
1004 4757 1233 4814 Rursum
1260 4763 1432 4818 simile
1452 4781 1559 4821 non
1585 4778 1666 4824 est
1685 4771 1729 4824 si
1751 4786 2037 4841 pauperem

460 4840 628 4896 semel
655 4852 814 4915 atque
836 4846 1022 4903 iterum
1051 4862 1393 4922 conspectum
1417 4866 1814 4930 prattercurras,
1839 4874 1893 4919 et
1919 4879 2037 4920 cum

460 4933 699 5000 quotidie
720 4937 920 5003 videas,
960 4958 1026 4996 ne
1056 4944 1134 4999 sic
1162 4946 1374 5014 quidem
1405 4964 1468 5004 ex
1504 4950 1720 5007 assiduo
1748 4966 2038 5023 eonSpectu

459 5025 708 5082 excitaris
750 5028 818 5084 ad
859 5031 1297 5091 misericordiam.
1330 5040 1531 5097 ltursus
1559 5042 1699 5096 aliud
1726 5053 1828 5111 est,
1868 5046 1911 5098 si
1946 5047 2035 5116 qui

458 5117 848 5178 calamitatibus
895 5132 950 5179 et
990 5129 1247 5197 angustiis
1292 5134 1565 5201 premitur,
1617 5136 1863 5206 maleque
1909 5138 2036 5192 affe-

456 5214 575 5264 ctus
597 5220 680 5266 est
702 5213 902 5281 aninto,
934 5231 1039 5272 non
1069 5221 1359 5287 epituletur
1385 5226 1628 5292 proximo
1662 5244 1675 5281 :
1707 5227 1849 5282 aliud
1878 5228 1922 5283 si
1945 5230 2033 5298 qui

458 5310 600 5356 tanta
650 5301 844 5362 fruitur
884 5309 1156 5380 voluptate
1202 5325 1562 5387 perpetuaque
1602 5318 1852 5376 felicitate
1900 5321 2034 5376 alios

454 5389 597 5446 fame
620 5393 956 5453 tabescentes
996 5402 1246 5472 negligat,
1288 5406 1638 5476 occludatque
1678 5409 1902 5477 viscera,
1935 5426 2032 5466 nec

453 5482 537 5536 vel
576 5484 646 5540 ab
685 5486 799 5556 ipsa
848 5488 1029 5545 ltetitia
1081 5494 1332 5551 reddatur
1384 5497 1682 5555 humanior.
1729 5501 1858 5556 Nam
1904 5501 2031 5557 illud

454 5573 694 5642 profecto
732 5580 916 5643 nostis,
954 5584 1094 5652 quod
1135 5586 1257 5641 licet
1300 5589 1467 5645 simus
1503 5592 1738 5647 omnium
1785 5592 2031 5649 immitis-

421 5684 429 5703 ε
455 5662 595 5730 siuti,
632 5675 806 5723 tamen
834 5687 1085 5741 prospero
1127 5691 1373 5733 successu
1404 5696 1581 5736 rerum
1615 5683 1851 5740 mitiores
1875 5684 2028 5741 bcni‘

1234 257 1291 313 S.
1321 259 1597 320 JOANNIS
1632 265 2101 327 CHRYSOSTOMI
2129 274 2447 333 ARClllEP.
2480 280 3011 341 CONSTANTIN'OP.
3576 305 3658 363 972

2192 384 2512 457 gnioresque
2555 389 2715 468 reddi,
2745 394 3135 449 consuevimus.
3184 396 3251 452 At
3289 399 3417 459 illum
3454 424 3511 465 ne
3549 422 3662 488 capia

2183 476 2397 545 quidem
2424 493 2600 535 rerum
2625 480 2880 538 reddebat
2926 485 3222 554 meliorem,
3257 492 3342 547 sed
3367 476 3666 567 perseverabat

2183 579 2371 623 versus
2395 571 2447 624 in
2478 571 2663 637 feram,
2705 575 2818 630 imo
2843 576 3014 646 potius
3039 579 3269 635 omnium
3295 581 3496 644 ferarum
3523 596 3669 654 crude—

2183 658 2383 715 litatem
2423 671 2479 718 et
2504 663 2938 722 inhumanitatem
2977 669 3212 725 moribus
3248 680 3504 744 superavit.
3535 682 3590 738 Et
3613 698 3670 742 ta.

2181 765 2304 805 men
2353 750 2491 809 hanc
2525 755 2843 811 scelerosam
2886 766 2942 813 et
2984 759 3312 817 inhumanam
3351 766 3490 820 vitam
3520 782 3670 840 agens,

2180 842 2325 896 omni
2344 859 2521 898 rerum
2542 848 2891 917 prosperitate
2915 848 3185 905 fruebatur
3211 870 3223 906 :
3245 852 3370 909 alter
3386 872 3498 914 vero
3516 860 3672 933 justus,

2179 946 2244 987 ac
2278 932 2490 989 virtutis
2537 936 2805 992 studiosus
2842 938 2895 992 in
2943 943 3195 996 extremis
3239 953 3348 998 erat
3383 949 3531 1003 malis.
3568 951 3671 1007 Nam

2177 1021 2433 1078 Lazarum
2462 1024 2623 1081 fuisse
2645 1026 2867 1097 justum,
2898 1029 3223 1087 declaratum
3252 1044 3328 1089 est
3348 1045 3445 1091 tum
3470 1041 3590 1096 exitu
3612 1045 3673 1098 vi-

2178 1121 2265 1178 taz,
2300 1124 2408 1168 tttm
2450 1125 2504 1170 et
2537 1127 2661 1172 ante
2688 1118 2811 1172 vitae
2852 1120 3008 1175 ﬂuent
3040 1123 3148 1191 ipsa
3187 1122 3401 1181 hominis
3423 1128 3469 1182 in
3496 1145 3674 1200 pauper-

2177 1213 2283 1260 tate
2316 1207 2611 1262 tolerantia.
2652 1210 2869 1278 Qttatso,
2912 1228 3087 1270 nonne
3134 1215 3376 1272 videmini
3406 1219 3508 1276 hare
3545 1226 3674 1280 oculis

2177 1298 2410 1353 intueri?
2437 1300 2591 1355 Diviti
2617 1304 2767 1358 navis
2797 1315 2909 1359 erat
2931 1306 3081 1375 plena
3111 1308 3382 1377 mercium,
3409 1324 3468 1367 ac
3487 1315 3674 1369 secundo

2175 1390 2457 1459 navigabat
2487 1401 2663 1448 vento.
2691 1394 2885 1450 Verum
2913 1413 2979 1452 ne
3008 1398 3132 1468 quid
3173 1399 3393 1466 mireris,
3431 1403 3490 1459 ad
3517 1404 3676 1461 naufra-

2171 1477 2315 1546 gium
2344 1479 2645 1550 festinabat,
2681 1500 2747 1539 eo
2771 1486 2909 1557 quod
2938 1502 3071 1543 onus
3111 1489 3323 1545 nolebat
3345 1502 3483 1547 caute
3503 1509 3672 1562 ponere.

2175 1567 2265 1623 Vis
2296 1569 2387 1623 tibi
2413 1586 2826 1630 commemorem
2865 1586 2920 1631 et
2960 1577 3100 1633 aliud
3130 1580 3270 1633 illius
3304 1581 3508 1637 vitium?
3530 1585 3677 1650 Quoti-

2171 1657 2259 1711 die
2288 1661 2506 1715 vacabat
2531 1661 2732 1718 deliciis
2761 1665 2877 1720 sine
2908 1666 3015 1720 ullo
3053 1679 3219 1723 metu.
3252 1668 3377 1725 Nam
3402 1681 3452 1726 ct
3483 1671 3570 1728 hoc
3591 1685 3679 1729 erat

2173 1747 2376 1815 vitium,
2415 1766 2520 1805 non
2551 1752 2711 1806 modo
2740 1754 2842 1809 hoc
2877 1765 3137 1827 tempore,
3178 1773 3301 1814 cum
3331 1769 3463 1816 tanta
3506 1777 3531 1816 a
3562 1764 3681 1818 nobis

2169 1836 2397 1907 exigitur
2426 1839 2781 1912 philoemphia,
2812 1861 2995 1901 verum
3037 1848 3196 1903 etiam
3242 1849 3386 1905 initio
3421 1852 3510 1907 sub
3539 1852 3679 1908 Veteri

2169 1928 2530 1998 Testamento,
2576 1947 2695 1988 cum
2738 1937 2971 1992 nondum
3009 1940 3164 1995 nobis
3210 1952 3355 1996 esset
3383 1952 3572 1998 ostensa
3598 1953 3681 1998 tam

2168 2029 2351 2075 exacta
2377 2022 2727 2094 philosophia.
2760 2028 2895 2083 Audi
2934 2030 3093 2101 igitur
3118 2031 3251 2102 quid
3279 2033 3411 2088 dicat
3435 2034 3681 2105 propheta:

2179 2109 2266 2165 Va:
2295 2112 2449 2175 vobis,
2489 2116 2577 2187 qui
2599 2119 2794 2172 venturi
2822 2120 2939 2175 estis
2966 2122 3018 2176 in
3047 2123 3177 2177 diem
3203 2126 3411 2191 malum,
3436 2127 3513 2191 qui
3532 2142 3684 2196 appro-

2166 2201 2439 2273 pinquatis,
2482 2214 2529 2259 et
2569 2208 2771 2277 tangitis
2798 2210 3005 2265 sabbata
3044 2214 3310 2268 mendacia
3336 2217 3515 2285 (Amos.
3553 2218 3596 2272 6.
3621 2218 3681 2288 5).

2166 2292 2302 2360 Quid
2329 2303 2430 2358 est,
2463 2296 2692 2369 Tangitis
2716 2300 2921 2355 sabbata
2945 2305 3206 2358 mendacia
3228 2307 3255 2360 ?

2236 2384 2519 2440 Sabbatum
2557 2405 2657 2442 non
2698 2391 2808 2457 alii,
2853 2393 2943 2446 sed
2980 2394 3325 2450 meditationis
3363 2413 3504 2449 causa
3526 2396 3684 2450 datam.

2163 2504 2234 2515 -—
2252 2475 2418 2532 Judaei
2447 2489 2632 2548 putant
2671 2482 2770 2537 sibi
2813 2483 3091 2539 sabbatum
3118 2487 3213 2540 otii
3260 2489 3421 2558 gratia
3448 2487 3587 2542 fuisse
3607 2488 3684 2542 da-

2165 2575 2297 2632 tum,
2326 2583 2512 2625 verum
2540 2586 2645 2626 non
2689 2572 2790 2627 ista
2833 2584 2916 2629 est
2953 2590 3109 2631 causa
3139 2593 3153 2630 :
3180 2577 3284 2633 sed
3326 2580 3508 2650 potius,
3547 2579 3688 2634 tttab—

2161 2655 2356 2712 ductia
2400 2661 2541 2715 curis
2585 2676 2763 2717 rerum
2803 2667 3194 2735 temporalium,
3234 2669 3395 2723 otium
3422 2684 3563 2724 omne
3581 2685 3687 2724 con-

2161 2757 2436 2804 sumerent
2482 2751 2534 2805 in
2569 2752 2914 2822 spiritalibus.
2963 2755 3114 2824 Quod
3150 2758 3301 2814 enim
3331 2759 3581 2814 sabbatum
3605 2773 3688 2811 non

2160 2839 2276 2907 otii,
2322 2840 2417 2896 sed
2459 2843 2748 2912 spiritualis
2788 2846 3018 2903 actionis
3061 2851 3287 2904 materia
3332 2851 3418 2915 sit,
3445 2850 3686 2905 dilucidum

2160 2940 2244 2985 est
2270 2948 2335 2988 ex
2364 2934 2493 3003 ipsis
2519 2935 2697 2990 rebus.
2719 2936 2851 2992 Nam
2878 2938 3131 2994 sacerdos
3157 2954 3232 2995 eo
3256 2941 3344 2996 die
3367 2940 3566 3010 duplum
3591 2939 3690 2993 facit

2160 3024 2358 3092 operis,
2386 3026 2475 3094 qtti
2497 3027 2732 3096 quotidie
2765 3043 2868 3083 non
2900 3030 2998 3084 nisi
3028 3031 3245 3085 unicam
3282 3031 3499 3085 hostiam
3526 3030 3687 3083 aliene

2158 3115 2365 3180 solitus,
2414 3117 2633 3171 sabbato
2674 3117 2894 3189 jubetur
2932 3120 3122 3176 olferre
3168 3124 3458 3192 geminam.
3490 3119 3620 3189 Quod
3654 3118 3689 3170 si

2158 3220 2380 3276 prorsus
2398 3216 2539 3262 esset
2562 3209 2653 3263 otii
2676 3210 2809 3273 dies,
2837 3212 3116 3282 Oportebat
3137 3214 3471 3269 sacerdotem
3492 3211 3688 3264 omniunt

2157 3300 2386 3352 maxime
2410 3299 2575 3353 otium
2600 3316 2777 3371 agerc.
2804 3301 3061 3369 Quoniam
3090 3304 3255 3373 igitur
3281 3303 3447 3359 .ludmi
3482 3315 3690 3370 content-

2156 3386 2284 3441 littm
2316 3404 2492 3442 rerum
2520 3393 2662 3444 curis
2688 3391 2913 3457 liberati,
2939 3408 3041 3446 non
3081 3395 3344 3449 vaatbant
3388 3391 3687 3461 spiritalibus.

2156 3488 2280 3549 puta
2322 3480 2617 3547 sobrietati,
2662 3483 2958 3550 modestiat,
2995 3496 3048 3540 et
3090 3487 3376 3542 audiendis
3397 3487 3575 3541 divinis
3595 3499 3689 3538 ser-

2155 3570 2422 3640 monibus,
2453 3573 2542 3627 sed
2570 3575 2893 3628 contrarium
2920 3577 3092 3644 potius
3119 3576 3408 3637 faciebant.
3439 3576 3691 3631 servientes

2154 3663 2344 3729 ventri,
2378 3663 2709 3733 indulgentes
2759 3665 3020 3727 ebrietati,
3051 3666 3276 3722 distenti
3304 3668 3453 3733 cibis,
3477 3665 3691 3721 dclician-

2156 3766 2266 3819 tes,
2321 3753 2443 3811 ideo
2499 3756 2616 3810 illos
2673 3757 3015 3826 reprehendit
3067 3760 3354 3841 protiheL't.
3404 3760 3529 3813 Cum
3574 3756 3689 3810 enim

2153 3844 2393 3910 dixisset,
2427 3843 2514 3901 Va:
2532 3847 2615 3916 qui
2643 3847 2816 3901 venitis
2849 3848 2902 3901 in
2929 3848 3059 3902 diem
3085 3851 3280 3904 malam
3306 3866 3325 3905 :
3348 3858 3403 3904 et
3439 3863 3551 3903 cum
3574 3844 3690 3900 addi-

2150 3934 2339 4002 disset,
2368 3934 2470 4001 Qui
2507 3937 2753 4007 attingitis
2791 3936 2996 3992 sabbata
3038 3941 3326 4002 mendacia,
3375 3938 3606 3994 indicavit
3639 3949 3693 3988 ex

2151 4026 2441 4094 additione,
2471 4042 2579 4097 quo
2618 4038 2771 4097 pacto
2815 4030 3088 4086 mendacia
3135 4030 3243 4084 illis
3283 4031 3498 4086 sabbata
3522 4032 3691 4083 essent.

2150 4118 2431 4186 Quomodo
2461 4120 2619 4190 igitur
2659 4135 2725 4176 ea
2754 4121 3025 4177 mendacia
3070 4123 3415 4179 reddebant?
3439 4123 3562 4177 Dum
3584 4133 3693 4188 ope-

2149 4214 2402 4268 rabantur
2439 4212 2791 4284 iniquitatem,
2824 4214 3028 4269 deliciis
3068 4223 3123 4268 et
3162 4215 3413 4271 ebrietati
3453 4219 3692 4271 vacantes,

2147 4313 2202 4358 et
2255 4312 2502 4359 sexcenta
2546 4303 2646 4357 alia
2703 4302 2991 4357 foedissima
3046 4313 3441 4373 perpetrantes.
3481 4299 3618 4370 Quod
3650 4303 3695 4351 ut

2148 4410 2330 4449 verum
2385 4408 2507 4449 esse
2555 4394 2835 4464 intelligas,
2880 4394 2999 4448 andi
3046 4411 3167 4464 qua:
3222 4385 3692 4465 stqttuttturzquod

2147 4501 2246 4557 ego
2274 4486 2397 4540 dico
2426 4500 2522 4555 per
2543 4500 2603 4541 ea
2634 4486 2851 4544 indicat.
2874 4502 2989 4555 qua:
3014 4489 3192 4541 statim
3222 4485 3692 4581 adjunxitAdicensoz

2148 4578 2250 4646 Qui
2274 4578 2503 4634 dormitis
2541 4581 2593 4632 in
2639 4578 2777 4633 lectis
2808 4577 3055 4643 eburneis,
3097 4595 3156 4632 ac
3197 4578 3444 4633 lascivitis
3469 4577 3520 4631 in
3551 4577 3693 4629 stratis

2143 4672 2337 4726 vestris.
2373 4672 2471 4738 Qui
2520 4671 2777 4725 comeditis
2817 4671 2988 4726 Iucdos
3010 4688 3039 4725 e
3067 4672 3252 4736 caulis,
3296 4683 3349 4727 et
3374 4670 3550 4726 nitidos
3573 4683 3598 4721 ι
3619 4662 3695 4764 ba-

2142 4763 2327 4817 ttilibus
2355 4763 2610 4829 lactentes,
2639 4763 2727 4831 qui
2755 4762 2919 4817 bibitis
2946 4762 3115 4816 vinum
3155 4763 3486 4857 deformium,
3524 4775 3581 4811 ac

2143 4855 2240 4909 mis
2284 4855 2551 4925 unguentis
2588 4854 2835 4924 ungimini
2885 4853 3081 4921 (Amos.
3129 4854 3183 4908 6.
3229 4855 3287 4910 4.
3339 4854 3424 4925 6).
3464 4853 3695 4918 Accepisll

2141 4947 2442 5007 sabbatum.
2469 4955 2529 5000 ut
2556 4946 2785 4999 animam
2818 4954 2959 5000 tuam
2988 4946 3246 5001 liberares
3263 4961 3296 5000 a
3317 4945 3499 5000 vitiis:
3520 4950 3691 5042 lavero

2143 5048 2252 5093 tum
2281 5036 2448 5107 magis
2486 5037 2572 5092 illa
2597 5036 2904 5091 committis.
2935 5036 3072 5103 Quid
3102 5038 3245 5090 enim
3276 5050 3403 5092 esse
3428 5031 3689 5131 possit

2141 5131 2363 5186 mollitie
2404 5129 2649 5200 nequius,
2693 5144 2850 5198 quam
2896 5128 3188 5184 indormire
3229 5128 3391 5183 lectis
3431 5117 3686 5183 eburneis?

2140 5222 2269 5277 Nam
2295 5230 2488 5277 caetera
2513 5220 2727 5291 quidem
2760 5229 2973 5290 peccata
3004 5221 3191 5276 saltem
3213 5219 3455 5290 aliquam
3480 5216 3687 5285 exiguam

2139 5312 2547 5369 delectationem
2595 5311 2809 5376 habent,
2839 5311 2998 5366 veluti
3033 5309 3374 5371 tetnulentia,
3417 5307 3620 5364 avaritia
3647 5307 3685 5354 et

2138 5405 2343 5462 luxuria
2380 5412 2670 5459 :czeterum
2700 5404 2751 5458 in
2786 5403 2938 5458 lectis
2963 5401 3215 5458 eburneis
3256 5402 3520 5468 dormire,
3560 5405 3685 5460 quam

2138 5497 2290 5552 alTert
2332 5495 2693 5566 voluptatem?
2740 5491 3215 5574 quod'solatiunt?
3259 5492 3400 5547 Num
3454 5490 3573 5546 lecti
3606 5483 3685 5554 pul-

2136 5588 2379 5645 chritudo
2407 5588 2580 5644 reddit
2620 5588 2771 5642 nobis
2796 5602 3038 5642 somnum
3064 5584 3373 5643 suaviorem
3399 5582 3688 5640 dulciorem-

2137 5684 2284 5754 que'?
2318 5683 2427 5737 ltno
2457 5680 2824 5752 gravissimum
2863 5690 2946 5736 est
2986 5679 3114 5737 illud
3150 5671 3688 5738 molestissimutttqtts.
