4018 6190
256 295 347 355 971

256 412 334 486 τῷ
359 411 589 476 πυλῶνι,
618 412 733 467 ἀλλ’
758 413 864 468 οὐδ’
891 414 1048 470 ἄλλον
1079 415 1199 471 τινὰ
1235 418 1404 487 ἠλέει,
1435 421 1598 484 αὐτὸς
1624 420 1829 482 ἐκεῖνος

254 501 413 556 τοῦτο
443 501 661 566 ἔδειξεν.
694 503 758 556 El
779 505 888 577 γὰρ
912 504 1003 560 τὸν
1030 505 1089 561 ἐν
1117 506 1194 577 τῷ
1228 507 1434 561 πυλῶνι
1456 506 1715 579 διηνεκῶς
1741 507 1831 578 ἐρ-

257 589 542 661 ῥιμμένον,
566 592 663 645 καὶ
693 591 800 663 πρὸ
847 591 957 647 τῶν
988 593 1283 666 ὀφθαλμῶν
1314 595 1594 667 κείμενον,
1624 593 1683 649 ὃν
1707 593 1829 648 καθ’

255 675 492 746 ἑκάστην
515 676 751 750 ἡμέραν,
783 681 876 733 καὶ
895 680 1063 749 ἅπαξ,
1104 682 1199 735 καὶ
1235 682 1339 749 δὶς,
1374 683 1470 736 καὶ
1503 681 1829 745 πλεονάκις,

254 763 389 834 όρᾷν
417 764 759 833 ἠναγκάζετο
791 765 977 821 εἰσιὼν
1009 769 1103 822 καὶ
1128 768 1313 833 ἐξιών·
1338 769 1400 822 οὐ
1424 767 1532 840 γάρ
1561 768 1618 821 ἐν
1648 765 1830 837 ἀμφό-

251 850 348 922 δῳ,
391 852 500 906 οὐδ’
530 854 589 907 ἐν
638 855 866 928 κρυπτῷ
899 843 992 913 καὶ
1039 857 1302 930 στενωπῷ
1347 858 1632 912 κατέκειτο
1656 856 1828 925 τόπῳ,

250 942 368 997 ἀλλ’
416 942 546 999 ἔνθα
601 949 845 1017 συνεχεῖς
891 947 991 1012 τὰς
1047 948 1282 1013 εἰσόδους
1335 950 1429 1003 καὶ
1482 949 1581 1014 τὰς
1618 947 1831 1013 ἐξόδους

251 1032 576 1103 ποιούμενος
601 1037 630 1088 6
650 1034 923 1101 πλούσιος,
953 1037 1101 1092 άκων
1134 1038 1296 1091 αὐτὸν
1313 1038 1445 1109 όρᾷν
1467 1036 1826 1109 ἠναγκάζετο·

246 1123 301 1177 εί
334 1124 515 1179 τοίνυν
536 1125 728 1182 τοῦτον
756 1129 856 1182 οὐκ
885 1130 1106 1202 ἠλέησε,
1142 1132 1316 1184 τδνέν
1338 1130 1581 1201 τοσούτῳ
1608 1127 1829 1201 χαλεπῷ

245 1210 413 1266 πάθει
439 1215 855 1286 κατακείμενον,
905 1217 1002 1271 κα)⁸
1040 1218 1245 1291 ἀπορίᾳ
1276 1220 1513 1293 τοσαύτῃ
1550 1220 1825 1285 συζῶντα,

251 1300 456 1371 μᾶλλον
477 1301 533 1355 δὲ
565 1302 654 1356 διὰ
698 1305 899 1369 παντὸς
931 1306 1027 1361 τοῦ
1072 1307 1187 1378 βίου
1225 1309 1509 1381 ἀρρωστία
1552 1309 1831 1364 ταλαιπω-

250 1387 471 1460 ροῦντα,
496 1392 589 1444 καὶ
615 1391 898 1465 ἀρρωστίᾳ
919 1394 1298 1470 χαλεπωτάτῃ·
1317 1398 1453 1468 πρὸς
1482 1398 1604 1451 τίνα
1628 1398 1696 1453 ἂν
1718 1399 1828 1454 τῶν

245 1478 686 1549 ἐντυγχανόντων
708 1481 1038 1554 ἐπεκάμφθη
1060 1484 1190 1537 ποτέ
1207 1503 1221 1550 ;
1245 1486 1356 1539 Καὶ
1370 1485 1479 1557 γάρ
1493 1487 1573 1551 είς
1587 1486 1686 1558 τὴν
1702 1503 1830 1560 προ-

244 1565 415 1638 τέραν
446 1568 662 1640 ἡμέραν
692 1570 1036 1643 παρέδραμε,
1066 1572 1165 1644 τὴν
1207 1573 1466 1645 δευτέραν
1497 1576 1643 1640 είκὸς
1670 1571 1739 1648 ἦν
1770 1594 1826 1631 τι

248 1655 465 1710 παθεῖν·
487 1659 536 1710 εί
559 1657 617 1710 δὲ
643 1660 738 1713 καὶ
769 1661 830 1713 ἐν
856 1661 1025 1733 ταύτῃ
1047 1663 1320 1734 παρεῖδεν,
1340 1663 1475 1718 ἀλλά
1496 1666 1594 1736 τὴν
1611 1666 1823 1739 τρίτην,

246 1745 284 1816 ἢ
317 1744 415 1816 τὴν
444 1746 712 1819 τετάρτην
731 1790 746 1812 ,
783 1747 816 1819 ἢ
866 1748 964 1820 τὴν
993 1753 1110 1821 μετ’
1137 1751 1375 1821 ἐκείνην,
1403 1752 1622 1819 πάντως
1664 1755 1825 1812 αὐτὸν

243 1839 662 1910 ἐπικαμφθῆναι
684 1839 809 1906 ἔδει,
835 1842 929 1895 καὶ
951 1844 1000 1895 εί
1021 1841 1129 1895 τῶν
1152 1842 1353 1914 Θηρίων
1378 1844 1712 1918 ἀγριώτερος
1732 1841 1822 1919 ἦν.

242 1926 392 1979 Ἀλλ’
417 1926 567 1981 οὐδὲν
604 1927 776 1981 ἔπαθε
800 1929 1058 1983 τοιοῦτον·
1089 1930 1227 1985 ἀλλά
1257 1933 1351 1986 καὶ
1382 1933 1592 1987 ἐκείνου
1619 1934 1713 1989 τοῦ
1744 1935 1825 1988 δι-

244 2013 475 2078 καστοῦ,
497 2014 592 2068 τοῦ
618 2017 756 2086 μήτε
786 2016 881 2069 τὸν
907 2016 1040 2073 Θεὸν
1062 2018 1418 2088 φοϐουμένου,
1454 2023 1591 2093 μήτε
1620 2022 1826 2095 ἀνθρώ-

242 2120 388 2167 πους
407 2102 722 2175 αἰδουμένου
755 2105 847 2158 καὶ
869 2104 1203 2182 ἰταμώτερος
1224 2109 1324 2163 καὶ
1344 2109 1714 2182 ἀπηνέστερος
1741 2110 1825 2179 γέ-

241 2208 428 2260 γονεν.
454 2193 691 2248 Ἐκεῖνον
725 2194 823 2265 μὲν
854 2193 964 2267 γὰρ
1003 2197 1037 2265 ἡ
1072 2196 1173 2266 τῆς
1216 2197 1388 2268 χήρας
1423 2198 1693 2268 συνέχεια,
1729 2200 1823 2253 καὶ

238 2279 421 2335 ταῦτα
446 2281 595 2353 ώμὸν
614 2282 743 2337 ὄντα
766 2283 860 2338 καὶ
883 2283 1089 2355 ἄγριον,
1105 2283 1287 2338 δοῦναι
1312 2285 1412 2356 τὴν
1432 2286 1590 2357 χάριν
1614 2285 1820 2351 ἔπεισε,

243 2370 344 2425 καὶ
364 2370 499 2442 πρὸς
512 2369 611 2442 τὴν
642 2371 922 2443 ἱκετηρίαν
939 2371 1248 2444 ἐπέκαμψε·
1267 2372 1454 2428 τοῦτον
1465 2375 1521 2428 δὲ
1536 2375 1656 2429 οὐδέ
1670 2374 1820 2447 [716]

240 2459 409 2516 τοῦτο
435 2462 653 2530 ίσχυσεν
676 2460 987 2531 ἐπικάμψαι
1016 2460 1153 2532 πρὸς
1168 2460 1267 2531 τὴν
1295 2461 1390 2515 τοῦ
1422 2462 1648 2533 πένητος
1671 2463 1822 2516 ἀντί-

241 2548 430 2620 ληψιν·
471 2547 648 2601 καίτοι
674 2564 737 2616 γε
776 2546 877 2601 οὐκ
928 2547 1015 2619 ἴση
1055 2543 1122 2619 ἦν
1160 2549 1195 2618 ἡ
1235 2547 1472 2619 αἴτησις,
1528 2548 1641 2604 ἀλλ’
1679 2549 1820 2622 αῦτη

239 2638 427 2710 πολλῷ
463 2637 809 2709 εὐκολωτέρα
837 2637 933 2691 καὶ
963 2638 1294 2712 δικαιοτέρα.
1322 2640 1386 2693 Ἡ
1420 2641 1518 2711 μὲν
1550 2642 1660 2711 γὰρ
1679 2641 1821 2696 κατὰ

238 2729 353 2783 τῶν
381 2728 593 2800 ἐχθρῶν
617 2727 779 2782 αὐτὸν
824 2726 1155 2797 παρεκάλει,
1195 2719 1351 2792 οὗτος
1380 2729 1438 2782 δὲ
1472 2729 1624 2798 ἠξίου
1660 2729 1821 2784 λῦσαι

236 2816 421 2889 λιμὸν,
447 2816 543 2870 καὶ
576 2816 650 2889 μὴ
695 2817 959 2887 περιιδεῖν
990 2814 1397 2885 ἀπολλύμενον·
1450 2818 1674 2889 κάκείνη
1719 2819 1821 2890 μὲν

234 2904 474 2977 ἠνώχλει
499 2902 913 2976 παρακαλοῦσα,
934 2896 1091 2983 οὗτος
1114 2902 1170 2957 δὲ
1199 2903 1460 2969 πολλάκις
1493 2907 1590 2976 τῆς
1609 2908 1821 2983 ἡμέρας

235 2993 499 3065 ἐφαίνετο
522 2990 599 3064 τῷ
637 2990 877 3063 πλουσίῳ
911 2977 1038 3063 σιγῇ
1079 2990 1351 3062 κείμενος·
1406 2992 1539 3046 πολύ
1572 2977 1821 3048 δένντοῦτο

236 3081 429 3136 ἱκανὸν
457 3079 693 3151 μαλάξαι
723 3078 925 3145 μᾶλλον
980 3079 1076 3132 καὶ
1137 3076 1346 3155 λιθίνην
1403 3079 1661 3135 διάνοιαν.
1702 3083 1831 3147 Ἑν-⁸

234 3169 559 3242 οχλούμενοι
581 3166 691 3238 γάρ
712 3165 971 3229 πολλάκις
1002 3165 1097 3219 καὶ
1139 3165 1576 3237 παροξυνόμεθα·
1608 3168 1736 3222 ὅταν
1765 3168 1820 3222 δέ

233 3259 368 3315 τοὺς
405 3255 696 3326 δεομένους
744 3253 997 3326 βοηθείας
1035 3253 1233 3319 ἴδωμεν
1278 3256 1403 3324 σιγῇ
1459 3253 1626 3325 πολλῇ
1681 3272 1820 3326 παρα

233 3346 506 3408 εστῶτας,
525 3343 617 3398 καὶ
648 3342 813 3414 μηδὲν
837 3340 1265 3411 φθεγγομένους,
1291 3340 1402 3394 ἀλλ’
1420 3342 1821 3413 ἀποτυγχάνον-

232 3453 339 3500 τας
362 3434 466 3506 μὲν
494 3434 603 3497 ἀεὶ,
640 3432 716 3505 μὴ
739 3430 1189 3505 δυσχεραίνοντας
1215 3430 1292 3495 δὲ,
1312 3431 1446 3485 ἀλλά
1476 3435 1600 3504 σιγῇ
1635 3451 1821 3503 φαινο-

236 3525 444 3595 μένους
500 3522 658 3594 μόνον
703 3522 872 3592 ἡμῖν,
918 3518 1021 3572 κᾶν
1077 3518 1258 3573 αὐτῶν
1308 3519 1417 3574 τῶν
1460 3520 1622 3575 λίθων
1669 3517 1820 3591 ὦμεν

232 3613 705 3684 ἀναισθητότεροι,
742 3609 842 3681 τὴν
877 3607 1183 3680 ὑπερϐολὴν
1211 3609 1311 3678 τῆς
1337 3610 1640 3676 ἐπιεικείας
1679 3614 1821 3666 αῐδε-

234 3701 464 3764 σθέντες
517 3695 1045 3768 κατακαμπτόμεθα.
1091 3697 1205 3750 Καὶ
1251 3696 1440 3769 ἕτερον
1475 3698 1533 3753 δέ
1579 3717 1633 3753 τι
1684 3702 1819 3772 πρὸς

233 3790 452 3853 τούτοις
481 3786 684 3843 τούτων
710 3786 811 3839 οὐκ
844 3784 1065 3839 ἔλαττον
1085 3780 1173 3856 ἦν,
1194 3785 1255 3839 τὸ
1274 3787 1368 3840 καὶ
1384 3788 1484 3859 τὴν
1502 3787 1624 3859 ὄψιν
1650 3791 1819 3863 αὐτὴν

234 3877 482 3949 ἐλεεινὴν
543 3871 682 3930 εἶναι
730 3872 823 3928 τοῦ
876 3873 1141 3944 πένητος,
1188 3873 1331 3946 λιμῷ
1389 3875 1481 3929 καὶ
1536 3877 1820 3951 ἀρρωστίᾳ

237 3967 434 4039 μακρᾷ
453 3964 948 4035 κατεργασθεῖσαν.
979 3962 1120 4016 Ἀλλ’
1139 3963 1290 4033 ὅμως
1321 3964 1474 4018 οὐδὲν
1503 3966 1708 4021 τούτων
1730 3969 1820 4021 τὸν

227 4055 516 4124 ἀνήμερον
545 4053 753 4106 ἐκεῖνον
782 4050 1044 4119 ἐμάλαξε.

308 4166 376 4232 ζ’.
396 4163 594 4236 Πρώτη
629 4165 725 4235 μὲν
745 4160 838 4219 οὖν
859 4165 1027 4219 κακία
1053 4163 1192 4234 αῦτη
1211 4162 1513 4235 ὠμότητος,
1537 4168 1631 4219 καὶ
1652 4165 1818 4220 ἀπαν-

228 4254 458 4328 θρωπία
490 4252 793 4327 ὑπερϐολὴν
823 4255 922 4308 οὐκ
951 4254 1165 4325 ἔχουσα.
1194 4255 1267 4308 οὐ
1301 4254 1411 4326 γάρ
1437 4256 1584 4308 ἐστιν
1616 4255 1729 4307 ἴσον
1760 4257 1818 4308 ἐν

228 4344 405 4415 πενίᾳ
449 4342 627 4406 ζῶντα
666 4340 741 4413 μὴ
774 4341 988 4414 βοηθεῖν
1029 4344 1142 4406 τοῖς
1168 4342 1464 4414 δεομένοις,
1506 4342 1599 4396 καὶ
1630 4343 1820 4396 τοσαύ-

227 4449 339 4502 της
379 4428 721 4484 ἀπολαύοντα
759 4429 992 4501 τρυφῆς,
1030 4429 1175 4500 λιμῴ
1213 4430 1552 4501 τηκομένους
1598 4430 1818 4500 ἐτέρους

230 4521 527 4593 περιορᾷν.
581 4518 750 4574 Πάλιν
800 4519 901 4573 οὐκ
956 4518 1101 4573 ἐστιν
1148 4519 1280 4586 ἴσον,
1309 4518 1458 4585 άπαξ
1497 4519 1530 4593 ἢ
1566 4519 1818 4592 δεύτερον

227 4609 417 4665 ἰδόντα
440 4607 675 4679 πτωχὸν,
710 4606 1109 4678 παραδραμεῖν,
1145 4607 1239 4659 καὶ
1271 4605 1390 4660 καθ’
1420 4608 1657 4679 ἑκάστην
1682 4607 1820 4679 ἡμέ-

227 4714 339 4771 ραν
374 4696 637 4766 βλέποντα
673 4695 809 4766 μηδέ
834 4694 940 4748 ὐπὸ
970 4694 1069 4767 τῆς
1093 4693 1232 4749 κατὰ
1263 4695 1360 4766 τὴν
1388 4695 1510 4766 ἆψιν
1540 4696 1820 4767 συνεχείας

224 4785 377 4857 πρὸς
418 4784 511 4839 τὸν
546 4784 692 4838 ἔλεον
732 4783 828 4839 καὶ
864 4783 966 4854 τὴν
1015 4783 1424 4855 φιλανθρωπίαν
1467 4785 1818 4857 διαναστῆναι

215 4873 466 4944 ταύτην.
495 4873 665 4927 Πάλιν
697 4873 797 4927 οὐκ
824 4871 971 4926 ἔστιν
1003 4871 1116 4925 ίσον
1150 4872 1208 4924 ἐν
1237 4876 1541 4944 συμφοραῖς
1567 4874 1694 4928 ὄντα
1725 4876 1820 4930 καὶ

217 4964 503 5036 ἀθυμίαις
531 4964 625 5017 καὶ
656 4962 844 5026 κακῶς
868 4962 968 5034 τὴν
997 4962 1176 5034 ψυχὴν
1204 4962 1545 5034 διακείμενον
1581 4965 1655 5036 μὴ
1689 4966 1820 5037 βοη-

219 5053 354 5108 θεῖν
397 5055 512 5116 τοῖς
540 5051 787 5122 πλησίον,
824 5051 919 5105 καὶ
946 5049 1215 5119 τοσαύτης
1245 5050 1588 5107 ἀπολαύοντα
1619 5054 1820 5125 εὐφρο-

217 5140 410 5211 σύνης
453 5141 547 5193 καὶ
595 5139 873 5210 διηνεκοῦς
923 5138 1248 5209 εὐπραγίας,
1296 5138 1439 5210 λιμῷ
1485 5141 1821 5212 τηκομένους

213 5234 465 5305 ἑτέρους
495 5234 780 5303 περιορᾷν,
820 5231 913 5285 καὶ
940 5231 1262 5285 ἀποκλεῖσαι
1299 5231 1368 5285 τὰ
1390 5232 1693 5303 σπλάγχνα,
1724 5234 1822 5289 καὶ

220 5321 379 5396 μηδὲ
424 5320 531 5374 ὐπδ
560 5321 659 5391 τῆς
692 5321 866 5391 χαρᾶς
895 5319 1065 5389 αὐτῆς
1106 5318 1358 5383 γενέσθαι
1393 5320 1823 5393 φιλανθρωπότε-

218 5428 354 5484 ρον.
392 5410 538 5463 Ἰστε
571 5408 681 5481 γάρ
708 5408 878 5479 δήπου
920 5406 1099 5475 τοῦτο,
1124 5408 1207 5476 δτι
1245 5407 1347 5461 κᾶν
1377 5408 1634 5463 ἁπάντων
1669 5405 1820 5482 ὦμεν

211 5495 589 5569 ἀγριώτεροι,
619 5498 737 5560 ταῖς
768 5496 1093 5565 εὐπραγίαις
1119 5495 1458 5568 ἡμερώτεροι
1485 5497 1822 5570 καὶχρηστό-

210 5600 388 5656 στεροι
430 5582 757 5654 πεφύκαμεν
809 5583 1073 5652 γίνεσθαι.
1123 5582 1245 5637 um
1298 5584 1506 5649 ἐκεῖνος
1552 5586 1672 5641 οὐδέ
1716 5588 1822 5643 ὐπὸ

210 5674 339 5749 τῆς
368 5676 671 5749 εὐημερίας
709 5675 934 5745 βελτίων
968 5676 1201 5745 ἐγένετο,
1233 5677 1347 5733 ἀλλ’
1370 5679 1559 5745 ἔμενεν
1592 5683 1818 5755 ἐκτεθη-

1453 288 1542 345 DE
1578 286 1860 346 LAZARO
1898 278 2147 348 CONCIO
2183 294 2223 350 Ι.

3403 318 3506 373 972

1939 426 2220 496 ριωμένος,
2255 428 2455 499 μᾶλλον
2482 432 2539 485 δέ
2566 434 2661 487 καλ⁵
2682 434 2871 507 θηρίου
2902 432 3098 497 παντὸς
3125 433 3383 506 ὠμότητα
3411 434 3506 488 καὶ

1934 511 2327 586 ἀπανθρωπίαν
2351 521 2464 582 τοῖς
2497 520 2723 592 τρόποις
2750 522 3082 593 ἀπέκρυψεν.
3131 522 3271 577 Ἀλλ’
3302 524 3450 593 ὅμως
3477 525 3506 575 ὁ

1938 600 2037 671 μὲν
2061 602 2118 654 ἐν
2142 604 2377 677 πονηρίᾳ
2399 605 2506 671 ζῶν
2529 608 2623 662 καὶ
2643 608 3005 682 ἀπανθρωπίᾳ
3028 610 3208 680 πάσης
3226 610 3505 682 ἀπήλαυεν

1935 688 2262 760 εὐπραγίας,
2291 695 2320 746 ὁ
2345 693 2402 747 δὲ
2429 694 2636 760 δίκαιος
2656 696 2751 750 καὶ
2774 698 2970 769 ἀρετῆς
2996 697 3421 769 ἐπιμελούμενος
3446 698 3504 749 ἐν

1933 777 2182 847 ἐσχάτοις
2221 772 2291 849 ἦν
2312 784 2520 847 κακοῖς.
2552 784 2674 837 Ὅτι
2707 784 2814 857 γὰρ
2850 785 3053 849 δίκαιος
3081 788 3110 840 6
3136 786 3385 858 Λάζαρος
3410 781 3501 857 ἦν.

1934 864 2098 920 πάλιν
2144 868 2238 921 καὶ
2271 869 2504 924 ἐνταῦθα
2548 871 2610 924 τὸ
2648 872 2799 936 τέλος
2832 872 3098 939 ἀπέδειξε,
3137 874 3230 927 καὶ
3266 871 3372 943 πρὸ
3407 869 3500 925 τοῦ

1932 951 2119 1017 τέλους
2171 956 2312 1027 αὐτὴ
2351 958 2386 1029 ἡ
2427 958 2569 1012 κατὰ
2609 958 2708 1031 τὴν
2746 961 2934 1014 πενίαν
2970 961 3236 1032 ὐπομονὴ.
3264 957 3409 1030 ’Ἃρα
3439 958 3502 1012 οὐ

1931 1042 2141 1097 δοκεῖτε
2178 1045 2318 1098 αὐτά
2348 1047 2592 1118 παρόντα
2627 1048 2698 1102 τά
2733 1050 3035 1118 πράγματα
3076 1051 3247 1120 όρᾷν;
3280 1050 3502 1120 Πλὴρης

1930 1131 2010 1203 τῷ
2042 1132 2281 1205 πλουσίῳ
2314 1135 2347 1206 ἡ
2378 1135 2511 1199 ναῦς
2537 1135 2637 1207 τῆς
2675 1137 2945 1209 ἐμπορίας
2984 1133 3073 1207 ἦν,
3102 1139 3194 1191 καὶ
3225 1138 3286 1202 ἐξ
3314 1137 3502 1208 οὐρίας

1932 1219 2102 1276 ἔπλει.
2148 1221 2308 1275 Ἀλλά
2340 1223 2414 1293 μὴ
2450 1222 2783 1295 θαυμάσητε·
2810 1228 2890 1289 είς
2914 1227 3171 1294 ναυάγιον
3197 1225 3306 1297 γὰρ
3338 1225 3501 1296 ὴπεί-

1930 1325 2077 1378 γετο,
2107 1309 2294 1381 ἐπειδὴ
2328 1311 2420 1364 τὸν
2455 1312 2652 1382 φόρτον
2679 1313 2779 1367 οὐκ
2810 1314 3040 1385 ἠθέλησε
3074 1313 3350 1367 διαθέσθαι
3381 1315 3499 1383 μετ’

1930 1398 2235 1463 εὐλαϐείας.
2262 1399 2450 1453 Βούλει
2479 1417 2562 1454 σοι
2588 1402 2680 1454 καὶ
2705 1402 2899 1473 ἑτέραν
2924 1403 3063 1456 εἴπω
3087 1402 3283 1456 κακίαν
3302 1401 3498 1475 αὐτοῦς

1929 1490 1974 1542 Τ
1974 1488 2004 1542 ὸ
2036 1490 2159 1543 καθ’
2185 1490 2421 1560 ἑκάστην
2448 1490 2661 1563 ἡμέραν
2681 1495 2890 1564 τρυφᾷν
2920 1493 3110 1555 ἀδεῶς.
3136 1492 3246 1546 Καὶ
3270 1491 3378 1562 γάρ
3405 1492 3499 1545 καὶ

1927 1574 2087 1631 τοῦτο
2112 1579 2280 1632 κακία
2303 1579 2527 1651 ἐσχάτη,
2554 1581 2675 1651 οὐχὶ
2696 1581 2812 1649 νῦν,
2833 1582 2920 1634 ὅτε
2948 1580 3214 1651 τοσαύτην
3236 1579 3497 1633 ἀπαιτού-

1931 1664 2070 1735 μεθα
2099 1665 2434 1736 φιλοσοφίαν,
2464 1668 2599 1722 ἀλλά
2618 1668 2714 1722 καὶ⁸
2737 1670 2794 1721 ἐν
2821 1669 2962 1740 ἀρχῇ
2988 1670 3080 1722 ἐπὶ
3105 1669 3203 1738 τῆς
3232 1668 3495 1731 Παλαιᾶς,

1927 1753 2017 1806 ὅτε
2055 1755 2119 1808 οὐ
2156 1754 2425 1825 τοσαύτης
2472 1755 2788 1827 φιλοσοφίας
2826 1756 3081 1821 ἐπίδειξις
3113 1752 3201 1826 ἦν.
3234 1757 3497 1809 ’Ἄκουσον

1927 1840 2058 1908 γοῦν
2099 1841 2154 1894 τί
2185 1860 2349 1913 φησιν
2386 1845 2414 1897 6
2453 1846 2758 1916 προφήτης·
2792 1845 2939 1899 Οὐαί
2980 1848 3034 1899 οἱ
3065 1844 3375 1913 ἐρχόμενοι
3411 1845 3499 1907 εὶς

1924 1929 2156 1999 ἡμέραν
2188 1932 2407 2000 κακὴν,
2435 1936 2488 1987 οἱ
2521 1933 2849 2003 ἐγγίζοντες
2874 1933 2971 1987 καί
3004 1933 3323 2001 ἁπτόμενοι
3355 1933 3501 1983 0'06-

1927 2016 2120 2072 ϐάτων
2152 2020 2411 2087 ψευδῶν.
2446 2021 2511 2073 Τί
2533 2022 2703 2086 ἐστιν,
2746 2024 2800 2075 cl
2833 2022 3153 2090 ἁπτόμενοι
3186 2017 3500 2073 σαϐϐάτων

1923 2105 2170 2172 ψευδῶν
2189 2124 2210 2172 ;

1996 2208 2057 2261 Ol
2110 2208 2345 2262 Ἰουδαῖοι
2380 2210 2712 2279 νομίζουσιν,
2745 2198 2830 2265 ὅτι
2872 2210 2940 2264 δι’
2966 2209 3162 2281 ἀργίαν
3207 2209 3391 2272 αὐτοῖς
3434 2207 3495 2262 τὸ

1925 2294 2191 2350 σάϐϐατον
2227 2295 2376 2369 [717]
2405 2296 2633 2353 δέδοται.
2686 2299 2799 2352 Οὐκ
2843 2298 2957 2352 ἔστι
2989 2298 3046 2352 δὲ
3086 2297 3223 2369 αὐτη
3254 2298 3287 2368 ἡ
3323 2296 3490 2363 αἰτία,

1924 2382 2038 2437 ἀλλ’
2083 2383 2170 2438 ἵνα
2213 2384 2322 2439 τῶν
2361 2385 2629 2455 βιωτικῶν
2670 2386 2898 2450 ἑαυτοὺς
2943 2387 3341 2455 ἀπαγαγόντες,
3391 2386 3493 2457 τὴν

1926 2471 2121 2543 σχολὴν
2152 2472 2369 2527 ἃπασαν
2392 2475 2469 2537 εἰς
2493 2473 2567 2527 τά
2590 2474 2935 2545 πνευματικά
2963 2474 3342 2528 ἀναλίσκωσιν.
3371 2474 3494 2527 Ὅτι

1922 2558 2033 2630 γὰρ
2066 2575 2086 2597 ι
2123 2560 2223 2613 οὐκ
2265 2562 2461 2632 ἀργίας
2491 2562 2607 2614 ἐστὶ
2657 2562 2716 2615 τὸ
2756 2561 3043 2623 σάϐϐατον,
3088 2560 3202 2614 ἀλλ’
3232 2559 3494 2632 ἐργασίας

1922 2646 2041 2700 ἐστὶ⁵
2086 2650 2462 2719 πνευματικῆς
2490 2646 2764 2712 ὑπόθεσις,
2797 2648 2890 2701 ἀπ’
2914 2646 3092 2701 αὐτῶν
3112 2647 3221 2700 τῶν
3245 2644 3496 2718 πραγμά-

1899 2751 2032 2798 ’των
2056 2733 2236 2805 δῆλον.
2282 2734 2341 2788 '0
2370 2735 2501 2805 γοῦν
2546 2736 2724 2807 ἱερεὺς
2764 2734 2982 2789 διπλοῦν
3020 2734 3177 2806 ἔργον
3215 2735 3273 2786 ἐν
3310 2732 3492 2803 ἐκείνη

1921 2825 1986 2894 τῇ
2013 2822 2195 2895 ἡμέρᾳ
2221 2825 2381 2877 ποιεῖ·
2405 2824 2498 2877 καὶ
2527 2822 2652 2878 καθ’
2675 2823 2911 2895 ἑκάστην
2939 2821 3150 2894 ἡμέραν
3180 2820 3353 2891 ἁπλῆς
3375 2822 3496 2874 ἀνα-

1922 2911 2229 2983 φερομένης
2264 2911 2472 2976 θυσίας,
2502 2911 2697 2981 διπλῆν
2719 2912 3011 2981 ἀναφέρειν
3046 2909 3322 2964 κελεύεται
3346 2908 3493 2965 τότε.

1920 2998 2072 3066 Είδὲ
2103 2998 2359 3064 καθάπαξ
2391 2999 2590 3069 ἀργίας
2612 2994 2681 3070 ἦν
2706 2999 2766 3052 τὸ
2801 2997 3088 3060 σάϐϐατον,
3128 2997 3234 3067 πρὸ
3258 2995 3368 3049 τῶν
3395 2994 3491 3050 ἄλ-

1921 3086 2027 3138 λων
2066 3085 2160 3139 τὸν
2197 3086 2348 3156 ίερέα
2383 3087 2571 3157 ἀργεῖν
2608 3086 2794 3156 ἐχρῆν.
2843 3084 2996 3138 Ἐπεὶ
3036 3081 3128 3139 οῦν
3157 3086 3205 3138 οί
3253 3084 3492 3137 Ἰουδαῖοι

1919 3172 2027 3227 τῶν
2058 3172 2326 3244 βιωτικῶν
2354 3173 2757 3242 ἀπαλλαγέντες
2795 3172 3154 3245 πραγμάτων,
3184 3173 3298 3235 τοῖς
3328 3188 3493 3224 πνευ-

1924 3265 2173 3335 ματικοῖς
2190 3264 2252 3316 οὐ
2288 3266 2598 3336 προσεῖχον,
2631 3263 2956 3337 σωφροσύνῃ
2982 3263 3077 3317 καὶ
3106 3261 3372 3333 ἐπιεικείᾳ
3400 3261 3495 3315 καὶ

1920 3352 2182 3422 ἀκροάσει
2236 3351 2394 3406 θείων
2450 3352 2669 3421 λογίων,
2709 3349 2847 3404 ἀλλὰ
2895 3350 3200 3405 τούναντίον
3251 3344 3489 3413 ἐποίουν,

1919 3437 2354 3510 γαστριζόμενοι,
2393 3438 2701 3510 μεθύοντες,
2735 3439 3211 3511 διαρρηγνύμενοι,
3242 3437 3491 3509 τρυφῶν-

1918 3543 2031 3592 τες,
2064 3527 2153 3582 διά
2186 3527 2343 3581 τοῦτο
2379 3528 2755 3600 κατηγόρησεν
2787 3528 2967 3581 αὐτῶν
2995 3529 3025 3582 ό
3060 3527 3364 3598 προφήτης.
3398 3526 3492 3578 EE-

1921 3612 2039 3669 πὼν
2070 3614 2203 3685 γὰρ,
2249 3615 2392 3669 Οὐαί
2442 3618 2497 3669 οἱ
2536 3615 2846 3685 ἐρχόμενοι
2876 3617 2964 3681 είς
3009 3614 3238 3684 ἡμέραν
3273 3613 3491 3681 κακὴν,

1920 3704 2013 3756 καὶ
2035 3701 2353 3771 ἐπαγαγὼν,
2382 3705 2447 3757 Ol
2470 3691 2865 3772 ἐφαπτόμενοι
2892 3700 3204 3754 σαϐϐάτων
3226 3698 3492 3767 ψευδῶν,

1918 3793 2087 3857 ἔδειξε
2117 3792 2206 3846 διὰ
2231 3793 2332 3864 τῆς
2360 3794 2677 3864 ἐπαγωγῆς,
2706 3792 2823 3855 πῶς
2849 3787 2918 3863 ἦν
2939 3791 3121 3854 αὐτοῖς
3153 3790 3221 3843 τά
3247 3789 3493 3842 σάϐϐατα

1918 3884 2106 3956 ψευδῆ.
2139 3884 2265 3949 Πῶς
2295 3879 2388 3938 οῦν
2417 3884 2557 3938 αὐτά
2582 3882 2797 3937 ἐποίουν
2825 3881 3031 3953 ψευδῆς
3062 3879 3153 3952 Τῷ
3179 3879 3376 3935 κακίαν
3403 3881 3495 3949 ἐρ-

1920 3973 2205 4041 γάξεσθαι,
2258 3972 2592 4046 τρυφῶντες,
2659 3970 2978 4043 μεθύοντες,
3037 3969 3131 4023 καὶ
3184 3969 3254 4022 τὰ
3322 3968 3494 4039 μυρία

1920 4060 2177 4132 αἴσχιστα
2237 4063 2332 4116 καὶ
2382 4060 2594 4138 χαλεπά
2638 4061 2989 4132 πράσσοντες.
3051 4058 3161 4112 Καὶ
3204 4058 3286 4110 ὅτι
3334 4056 3494 4110 τοῦτό

1919 4158 2069 4209 ἐστιν
2096 4154 2315 4225 ἀληθὲς,
2337 4152 2566 4207 ἄκουσον
2591 4150 2698 4205 τῶν
2721 4149 2867 4220 ἑξῆς.
2896 4148 3144 4200 Δείκνυσι
3164 4146 3273 4218 γὰρ
3295 4146 3323 4199 ὃ
3344 4146 3494 4214 λέγω

1919 4246 1986 4300 δι’
2016 4238 2091 4300 ὧν
2123 4244 2284 4308 εὐθὺς
2311 4244 2505 4311 ἐπάγει
2547 4241 2639 4295 καὶ
2675 4240 2839 4308 λέγει·
2871 4240 2936 4293 Οί
2970 4237 3364 4301 καθεύδοντες
3392 4234 3491 4286 ἐπὶ

1920 4334 2147 4389 κλινῶν
2181 4332 2604 4403 ἐλεφαντίνων,
2646 4329 2747 4384 καί
2783 4324 3363 4391 κατασπαταλῶντες
3393 4321 3495 4376 ἐπὶ

1919 4424 2038 4480 τῶν
2076 4421 2401 4493 στρωμνῶν
2445 4418 2663 4484 αὐτῶν,
2697 4421 2752 4472 ot
2790 4418 3098 4483 ἐσθίοντες
3139 4416 3384 4485 ἐρίφους
3424 4412 3495 4467 ὲκ

1920 4515 2231 4585 ποιμνίων,
2263 4510 2360 4564 καί
2383 4507 2685 4579 μοσχάρια
2709 4506 2778 4560 ἐκ
2793 4506 3139 4572 ,βουκολίων
3163 4504 3493 4575 γαλαθηνὰ,

1921 4608 1975 4659 οἱ
2004 4604 2282 4666 πίνοντες
2312 4598 2421 4653 τὸν
2447 4595 2839 4666 διυλισμένον
2861 4589 3050 4659 οἶνον,
3074 4593 3173 4648 καὶ
3202 4593 3274 4647 τὰ
3295 4591 3498 4660 πρῶτα

1914 4696 2076 4766 μύρα
2101 4685 2662 4762 χριόμενοι.Ἔλαϐες
2682 4684 2742 4738 τὸ
2775 4684 3065 4746 σάϐϐατον,
3098 4684 3184 4737 ἵνα
3206 4683 3303 4751 τῆς
3338 4698 3496 4752 πονηο

1923 4785 2046 4857 ρίας
2077 4779 2393 4850 ἀπαλλάξῃς
2411 4777 2510 4838 τὴν
2540 4775 2741 4847 ψυχήν·
2780 4774 2845 4827 σὺ
2884 4773 2941 4826 δέ
2971 4773 3142 4844 αὐτὴν
3177 4770 3491 4842 κατεργάζῃ

1921 4872 2102 4927 πλέον.
2145 4868 2210 4922 Τί
2242 4867 2352 4940 γάρ
2392 4865 2459 4922 ἂν
2488 4865 2695 4934 γένοιτο
2729 4864 2828 4932 τῆς
2867 4860 3124 4932 βλακείας
3155 4860 3355 4931 ταύτης
3378 4861 3496 4929 χεῖ-

1923 4981 2036 5035 ρον,
2066 4962 2102 5033 ἢ
2138 4959 2199 5013 τὺ
2221 4959 2314 5013 ἐπὶ
2347 4954 2545 5011 κλινῶν
2578 4951 2934 5022 ἐλεφαντίνων
2968 4949 3250 5004 καθεύδειν
3270 4967 3283 5015 ;
3306 4951 3371 5035 Δί
3403 4949 3497 5005 ἄλ-

1920 5034 2009 5104 λαι
2032 5046 2297 5120 ἁμαρτίαι
2332 5042 2437 5098 κᾶν
2463 5042 2664 5114 μικράν
2687 5056 2811 5093 τινα
2844 5038 3036 5109 ἡδονὴν
3068 5038 3286 5109 ἔχωσιν,
3315 5034 3426 5093 οἷον
3460 5042 3495 5111 ἡ

1925 5137 2085 5210 μέθη,
2114 5138 2148 5208 ἡ
2185 5132 2464 5197 πλεονεξία
2494 5130 2588 5183 καὶ
2617 5127 2843 5183 ἀσωτία·
2871 5127 2933 5180 τὸ
2968 5126 3025 5180 δέ
3058 5127 3150 5179 ἐπὶ
3170 5126 3366 5180 κλινῶν
3387 5127 3498 5181 ἐλεο

1923 5226 2195 5297 φαντίνων
2252 5219 2604 5289 καθευδῆσαι,
2659 5214 2819 5269 ποίαν
2882 5214 3075 5286 ἡδονὴν
3126 5214 3271 5286 ἔχεις
3334 5216 3497 5272 ποίαν

1925 5311 2306 5387 παραμυθίανς
2336 5308 2429 5380 Μὴ
2458 5305 2568 5377 γάρ
2600 5302 2733 5374 ἡδίω
2759 5302 2853 5357 καὶ
2881 5302 3211 5376 γλυκύτερον
3242 5306 3374 5376 ἡμῖν
3404 5306 3497 5361 τὸν

1923 5406 2089 5460 ’ύπνον
2119 5398 2414 5472 ἐργάζεται
2442 5395 2539 5466 τῆς
2570 5392 2758 5463 κλίνης
2787 5391 2846 5445 τὸ
2882 5390 3108 5458 κάλλος;
3153 5394 3499 5465 Φορτικώτα-

1922 5513 2013 5551 τον
2044 5490 2244 5565 μᾶλλον
2268 5486 2364 5559 μὲν
2391 5479 2486 5539 οῦν
2511 5483 2603 5537 καὶ
2625 5480 3023 5553 ἐπαχθέστατον
3053 5481 3230 5548 τοῦτο,
3252 5484 3350 5539 ἐὰν
3375 5484 3498 5540 νοῦν

1992 5693 2006 5714 '
2034 5690 2114 5740 Sic
2142 5694 2246 5737 {res
2267 5698 2407 5743 mss.,
2432 5687 2483 5731 et
2503 5684 2573 5733 εἰς
2597 5682 2722 5745 legit
2745 5681 2990 5731 Erasmus.
3021 5678 3119 5732 Alii
3143 5682 3215 5731 ὃτι
3243 5686 3311 5734 δέ.
