4018 6190
368 317 472 375 973

360 431 407 487 si
438 430 599 487 modo
619 428 909 500 sapiamus.
932 430 1143 486 Etenim
1168 431 1213 485 si
1238 429 1363 484 dum
1395 438 1452 484 tu
1478 428 1680 485 dorm’s
1707 432 1757 484 in
1785 432 1942 484 chur-

361 538 468 581 noo
495 523 659 588 lecto,
702 530 876 578 tecum
901 531 1136 591 reputes,
1168 522 1310 592 quod
1350 522 1486 576 alius
1516 536 1585 577 ne
1610 536 1800 591 panem
1829 522 1945 592 qui-

360 614 482 671 dem
519 613 682 670 habet
703 628 811 684 quo
836 628 1024 669 secure
1047 623 1313 679 vescatur,
1343 627 1521 668 nonne
1541 621 1595 671 te
1625 624 1710 666 tua
1738 612 1943 668 conde-

365 705 572 763 mnabit
624 704 983 771 conscientia,
1035 714 1090 759 et
1142 704 1380 775 insurget
1440 705 1493 759 in
1546 705 1943 763 accusationem

361 797 517 852 istius
544 796 956 866 inaequalitatis?
980 793 1129 863 Quod
1168 795 1211 851 si
1241 797 1444 849 crimen
1480 802 1563 849 est
1589 794 1837 849 eburneis
1862 794 1944 848 in-

358 886 593 941 dormire
634 886 805 951 lectis,
851 901 971 940 cum
1015 886 1249 956 undique
1289 886 1447 941 etiam
1490 896 1710 955 argento
1748 884 1945 939 fuerint

359 980 664 1044 com-estiti,
693 994 854 1048 quam
892 978 1177 1032 alfercmus
1215 976 1655 1032 excusationem?
1699 975 1792 1032 Vis
1820 976 1942 1031 lecti

357 1069 542 1126 videre
582 1069 1067 1139 pulchritudinem?
1098 1069 1208 1139 Ego
1245 1068 1339 1122 tibi
1389 1082 1528 1122 nunc
1553 1075 1937 1131 commonstro,

356 1175 466 1218 non
493 1160 707 1231 plebeii,
738 1176 910 1232 neque
949 1160 1211 1226 militaris,
1238 1160 1329 1214 sed
1359 1159 1488 1227 regii
1518 1158 1639 1213 lecti
1670 1169 1936 1214 ornatum.

356 1253 569 1311 Etenim
597 1254 842 1323 quamvis
881 1254 1042 1308 fueris
1067 1253 1305 1308 omnium
1346 1252 1827 1318 ambitiosissimus,
1855 1259 1939 1305 sat

354 1345 491 1412 scio,
514 1361 619 1401 non
640 1346 851 1416 optabis
873 1346 966 1401 tibi
990 1347 1183 1401 lectum
1212 1345 1571 1414 pulchriorem
1593 1359 1751 1414 quam
1776 1344 1944 1417 regis,

357 1447 413 1493 et
446 1437 592 1509 quod
626 1438 800 1509 majus
826 1448 928 1505 est,
957 1439 1096 1509 regis
1122 1455 1226 1492 non
1253 1437 1551 1508 cujuslibet,
1579 1436 1672 1492 sed
1701 1437 1936 1506 primarii

353 1543 649 1599 regumque
699 1508 934 1584 omnium
983 1508 1219 1589 maximi.
1278 1529 1471 1597 quique
1520 1528 1573 1582 in
1622 1526 1935 1583 hodiernum

353 1635 527 1690 usque
538 1619 679 1675 diem
697 1620 1000 1677 celebratur
1017 1629 1127 1676 toto
1145 1627 1403 1673 terrarum
1421 1618 1567 1673 orbe.
1593 1618 1692 1683 En,
1711 1616 1936 1673 ostendo

353 1711 449 1766 tibi
473 1711 668 1766 lectum
698 1711 838 1766 beati
871 1711 1104 1765 Davidis.
1136 1710 1322 1778 Qualis
1348 1711 1506 1780 igitur
1524 1718 1639 1767 erat
1668 1710 1795 1765 ille?
1819 1709 1934 1765 Non

352 1810 582 1872 argento
610 1810 666 1857 et
690 1816 844 1868 auro,
870 1800 967 1857 sed
997 1800 1227 1870 undique
1251 1801 1498 1872 lacrymis
1526 1810 1580 1857 et
1599 1801 1935 1856 confessione

350 1905 467 1953 erat
491 1903 796 1951 exornatus.
825 1893 949 1949 llaec
977 1894 1093 1964 ipse
1120 1892 1315 1949 fatetur
1341 1894 1408 1947 ita
1437 1893 1658 1963 loquens
1687 1911 1699 1946 :
1733 1892 1933 1947 Lavabo

350 2001 443 2056 per
468 1986 696 2057 singulas
738 1995 908 2041 noctes
941 1967 1123 2041 iactum
1160 2002 1346 2056 meum,
1379 1987 1615 2057 lacrymis
1651 1986 1774 2041 meis
1803 1996 1935 2040 stra-

349 2087 459 2132 tum
482 2095 648 2133 meum
670 2079 845 2149 ἠθαὸο
866 2078 1037 2152 (Ρωι.
1059 2078 1112 2133 6.
1143 2078 1243 2148 7.).
1275 2079 1455 2149 Itaque
1475 2079 1588 2135 vice
1613 2079 1925 2149 margarita-

351 2186 471 2241 rum
502 2170 732 2240 undique
760 2171 1007 2242 lacrymis
1032 2179 1148 2225 erat
1169 2170 1468 2228 distinctus.

419 2261 475 2317 8.
505 2262 602 2317 llic
617 2262 743 2316 mihi
755 2261 1034 2319 considera
1051 2271 1280 2317 mentem
1294 2277 1474 2317 amore
1490 2260 1581 2319 Dei
1600 2261 1931 2331 flagrantem.

346 2354 482 2411 Nam
526 2355 775 2425 quoniam
812 2354 1044 2411 interdiu
1074 2354 1234 2408 variae
1263 2352 1646 2409 sollicitudines
1680 2367 1931 2422 curmque

345 2446 668 2515 principum,
691 2444 909 2511 ducum,
924 2444 1181 2513 gentium,
1202 2444 1534 2514 populorum,
1552 2443 1801 2509 militum,
1831 2443 1933 2496 bul-

344 2535 542 2602 lorum,
557 2536 722 2605 pacis,
738 2535 972 2591 civilium
985 2550 1049 2590 ac
1059 2534 1472 2592 domesticorum
1487 2534 1834 2604 negotiorum,
1849 2550 1939 2589 en-

344 2641 466 2681 rum
482 2640 600 2697 quae
615 2626 820 2696 procul,
838 2641 1021 2682 eorum
1037 2640 1156 2696 qum
1177 2640 1342 2696 prope
1355 2625 1720 2680 distrahebant
1734 2634 1786 2678 et
1806 2640 1933 2680 avo-

344 2717 540 2775 cabant
570 2717 860 2785 hominem,
884 2718 1024 2788 quod
1053 2719 1145 2774 otii
1168 2718 1348 2773 θεειοιὶ
1375 2730 1692 2773 consumunt
1719 2733 1936 2782 SOInnO,'

346 2809 442 2864 ille
465 2809 516 2864 in
540 2809 893 2871 confessione,
925 2808 1194 2880 lacrymis,
1220 2824 1285 2864 ac
1307 2808 1549 2873 precibus
1571 2808 1927 2877 impendebat.

342 2899 530 2971 Neque
551 2900 601 2955 id
629 2904 698 2955 ita
722 2901 939 2956 faciebat
972 2918 1065 2972 per
1087 2917 1243 2955 unam
1266 2909 1497 2968 noctem,
1522 2911 1578 2956 ut
1593 2902 1759 2956 altera
1777 2905 1929 2972 quie-

340 3003 543 3055 sceret,
567 3006 737 3062 neque
757 2992 834 3046 sic
854 3007 949 3062 per
968 2992 1099 3047 duas
1122 3000 1315 3052 tresve.
1338 2999 1397 3046 ut
1417 2992 1624 3046 interim
1651 2993 1926 3061 deficeret,

342 3098 537 3137 verum
562 3083 779 3153 singulis
802 3083 1045 3137 noctibus
1067 3083 1117 3137 id
1145 3082 1369 3138 faciebat
1394 3081 1626 3137 :Lavabo
1653 3084 1816 3148 enim,
1846 3085 1929 3139 in-

339 3174 502 3243 quit,
535 3190 624 3241 per
668 3173 893 3239 singulas
941 3182 1108 3228 nocte:
1154 3173 1334 3226 factum
1384 3188 1574 3237 nterim,
1593 3183 1638 3227 et
1690 3175 1926 3245 lacrymis

339 3265 473 3320 meis
523 3276 735 3319 uratum
783 3283 947 3321 nicum
1000 3265 1175 3336 rigabo
1210 3281 1230 3320 :
1271 3265 1519 3321 videlicet
1573 3264 1926 3338 lacrymarum

339 3358 642 3412 ubertatem
675 3357 1001 3427 exprimens,
1050 3357 1208 3411 simul
1244 3365 1299 3413 et
1325 3357 1748 3427 perpetuitatem.
1791 3358 1926 3413 Cum

339 3465 535 3505 omnes
578 3450 812 3519 quietem
858 3458 913 3504 et
965 3449 1130 3503 otium
1176 3457 1412 3518 agerent,
1463 3448 1611 3503 solus
1663 3449 1751 3504 ille
1801 3456 1927 3504 tunc

337 3540 516 3596 Deum
548 3539 938 3610 interpellabat,
968 3550 1023 3596 et
1067 3539 1255 3595 aderat
1296 3539 1459 3610 sopiri
1494 3540 1704 3596 nescius
1739 3541 1927 3597 oculus

338 3631 576 3703 ploranti
603 3630 1049 3702 lamentantique,
1096 3645 1299 3701 suaque
1338 3631 1605 3700 profitenti
1634 3632 1795 3687 mala.
1830 3632 1928 3687 Ta-

339 3722 449 3777 lem
490 3730 543 3777 tu
589 3736 798 3792 quoque
846 3721 939 3777 tibi
987 3729 1170 3792 panito
1198 3721 1414 3777 lectum.
1459 3721 1592 3777 Nam
1637 3722 1803 3778 lectus
1848 3738 1926 3777 ar-

338 3823 507 3886 gento
537 3813 781 3870 obtecuts
809 3828 931 3868 cum
962 3813 1213 3868 invidiam
1259 3813 1534 3868 hominum
1564 3814 1782 3881 excitat,
1814 3822 1924 3870 tum

341 3906 477 3961 iram
507 3906 741 3976 supremi
768 3905 1001 3961 numinis
1029 3904 1345 3960 inﬂammat.

415 3997 684 4069 Larrymc
707 3998 1032 4068 extinguunt
1070 3996 1310 4066 gehennae
1332 3996 1638 4050 incendium.
1660 4026 1733 4038 —
1753 3996 1926 4053 Ciete.

341 4106 463 4147 rum
487 4090 621 4146 tales
641 4089 892 4162 lacrymze
918 4087 1101 4157 quales
1122 4097 1275 4143 erant
1302 4086 1533 4154 Davidis,
1563 4087 1734 4157 ipsum
1763 4088 1923 4143 etiam

342 4182 605 4252 gehennae
654 4179 957 4236 incendium
1013 4186 1212 4234 norunt
1273 4177 1637 4247 exstinguere.
1690 4177 1785 4231 Vis
1830 4177 1926 4233 tibi

343 4275 509 4330 alium
548 4282 962 4333 commonstrem
1007 4271 1203 4326 lectum
1234 4269 1441 4325 Jacob?
1476 4269 1659 4326 Solum
1699 4269 1928 4326 habebat

345 4365 698 4431 substratum,
727 4372 782 4419 et
811 4362 1041 4433 lapidem
1066 4362 1225 4431 capiti
1265 4361 1619 4430 suppositum,
1651 4376 1820 4430 eoque
1846 4360 1926 4417 vi-

344 4458 425 4512 dit
445 4456 591 4511 illum
621 4455 1010 4526 intelligibilcm
1051 4451 1303 4524 lapidem,
1335 4468 1560 4524 eamque
1594 4454 1791 4508 scalam
1831 4468 1928 4523 per

344 4565 508 4618 quam
535 4548 899 4604 ascendebant
926 4562 989 4601 ac
1012 4545 1411 4601 descendebant
1435 4543 1606 4614 angeli
1638 4542 1786 4613 (Gen.
1808 4542 1924 4615 28).

346 4640 666 4710 Ilujusmodi
714 4640 882 4696 lectos
917 4638 1300 4710 cxcogitemus,
1346 4646 1404 4693 ut
1442 4636 1704 4705 ejusmodi
1742 4636 1926 4691 videa-

344 4749 471 4791 mus
503 4734 731 4789 somnia.
764 4731 916 4801 Quod
955 4731 999 4787 si
1028 4730 1167 4786 lecto
1190 4738 1444 4799 argenteo
1472 4727 1923 4793 indormierimus,

345 4843 459 4884 non
485 4826 644 4882 modo
666 4824 863 4880 nullam
893 4823 1163 4893 capiemus
1187 4821 1533 4891 voluptatem,
1562 4834 1745 4875 verum
1766 4819 1927 4876 etiam

342 4918 514 4976 animi
549 4917 846 4975 molestiam
878 4914 1225 4985 perferemus.
1257 4910 1388 4968 Cum
1418 4912 1560 4967 enim
1597 4909 1690 4966 tibi
1713 4923 1928 4964 succur-

346 5011 443 5076 rit,
471 5009 612 5080 quod
646 5009 701 5064 in
727 5022 939 5063 summo
979 5006 1157 5075 rigore
1186 5003 1468 5072 mediaque
1505 5009 1684 5067 nocte,
1709 5000 1835 5056 dum
1872 5010 1927 5056 tu

345 5099 490 5156 lecto
517 5098 799 5163 indormis,
846 5111 1047 5167 pauper
1088 5094 1141 5148 in
1175 5092 1487 5148 balneorum
1515 5090 1808 5157 vestibulis,
1836 5106 1930 5159 pa-

347 5190 450 5245 leis
474 5189 761 5245 substratis
782 5187 1017 5254 incubat,
1044 5184 1232 5241 culmis
1259 5184 1657 5249 circumtectus,
1690 5192 1930 5238 tremens

347 5295 415 5336 ac
444 5282 621 5351 rigore
644 5288 946 5343 concretus,
976 5276 1117 5332 fame
1142 5273 1408 5330 cruciatus
1430 5291 1445 5327 :
1469 5273 1678 5329 etiamsi
1700 5273 1931 5329 maxime

345 5374 427 5430 sis
445 5372 709 5443 lapideus,
739 5379 823 5427 sat
866 5370 996 5433 scio.
1026 5366 1404 5425 condemnabis
1435 5366 1682 5434 teipsum,
1712 5365 1841 5421 dum
1872 5374 1927 5420 tu

346 5466 494 5537 plus,
522 5481 681 5534 quam
703 5478 838 5535 opus
863 5473 965 5529 εει,
994 5461 1279 5527 deliciaris,
1309 5474 1430 5516 cum
1457 5458 1532 5513 illi
1562 5473 1660 5513 nec
1686 5458 1752 5513 ad
1774 5475 1926 5513 usum

347 5566 620 5628 suppetat.
658 5556 866 5621 Nullus,
898 5555 1090 5625 inquit,
1122 5553 1357 5608 militans
1393 5551 1696 5621 implicatur
1725 5560 1929 5621 tempoc

347 5649 510 5706 rariis
536 5647 765 5718 negotiis
789 5664 802 5702 :
829 5646 982 5701 miles
1004 5660 1065 5700 es
1094 5643 1368 5715 spiritalis.
1400 5641 1547 5699 Talis
1569 5650 1747 5697 autem
1775 5642 1929 5697 miles

348 5756 458 5799 nan
489 5739 685 5799 dormit
715 5740 768 5797 in
796 5739 930 5796 lecto
968 5738 1225 5807 eburneo,
1264 5735 1371 5795 sed.
1403 5734 1568 5795 humi.
1596 5732 1712 5791 Non
1737 5732 1926 5793 oblini-

1606 314 1695 368 DE
1733 312 2006 370 LAZARO
2043 311 2286 371 CONCIO
2322 313 2370 372 Ι.

3522 324 3624 383 974

2053 439 2139 484 tur
2163 433 2478 501 unguentis:
2510 448 2634 490 nam
2667 434 2767 490 ista
2793 451 2920 492 cura
2958 448 3041 493 est
3069 441 3392 502 meretriciis
3424 448 3619 500 amori-

2045 523 2145 585 bus
2173 518 2559 594 implicatorum
2601 543 2664 582 ac
2694 529 3040 598 perditorum,
3076 534 3432 601 scenicorum,
3461 544 3623 605 atque

2045 612 2097 665 in
2128 612 2330 667 desidia
2360 613 2644 670 viventium
2678 617 2970 673 hominum.
3002 620 3077 675 Te
3110 637 3236 677 vero
3275 638 3379 677 non
3410 634 3622 693 oportet

2045 704 2193 760 olere
2238 718 2582 778 unguentum,
2642 710 2736 765 sed
2779 711 2982 780 spirare
3025 713 3291 769 virtutem.
3329 715 3469 770 Nihil
3513 718 3618 770 im-

2044 800 2295 855 mundius
2320 802 2516 869 anima,
2543 805 2750 872 quoties
2782 819 2974 874 corpus
3000 806 3159 861 talem
3187 807 3344 863 habet
3384 810 3619 879 fragran-

2047 890 2192 945 tiam.
2219 891 2472 963 Corporis
2499 895 2640 950 enim
2675 911 2739 951 ac
2760 899 2989 952 vestium
3030 898 3311 968 fragrantia
3336 904 3509 972 arguit
3538 904 3619 959 in-

2046 992 2129 1037 tus
2158 984 2322 1041 latere
2350 986 2584 1042 animum
2606 990 3000 1058 graveolentem
3021 1003 3076 1046 et
3102 992 3452 1049 immundum.
3478 996 3614 1051 Cum

2043 1075 2185 1129 enim
2219 1076 2460 1132 diabolus
2484 1093 2782 1149 aggressus,
2815 1080 3019 1137 deliciis
3058 1085 3326 1140 enervarit
3361 1086 3615 1152 animam.

2043 1169 2292 1237 omnique
2324 1177 2535 1239 torpore
2574 1172 2941 1241 compleverit,
2985 1181 3096 1228 tum
3134 1184 3189 1229 et
3226 1190 3417 1246 corpus
3445 1178 3615 1247 ipsum

2042 1260 2397 1328 corruptionis
2440 1276 2551 1316 suae
2598 1263 2845 1319 sordibus
2889 1279 2984 1333 per
3036 1275 3302 1335 unguenta
3360 1268 3528 1324 inﬁcit
3564 1280 3619 1325 et

2042 1351 2385 1407 contaminat.
2427 1351 2535 1408 Nec
2576 1369 2730 1409 secus
2768 1364 2926 1426 atque
2951 1356 3005 1411 hi
3037 1358 3125 1428 qui
3168 1360 3350 1428 pituita
3389 1364 3500 1415 nasi
3531 1379 3591 1417 ca

2043 1441 2326 1514 tharroquc
2352 1455 2611 1515 perpetuo
2638 1446 2899 1509 laborant.
2942 1459 2995 1504 et
3025 1459 3200 1505 vestes
3241 1460 3297 1506 et
3333 1469 3519 1509 manus
3564 1466 3618 1509 et

2041 1531 2227 1587 faciem
2258 1536 2642 1601 contaminant,
2672 1551 2737 1591 co
2764 1536 2903 1606 quod
2931 1538 3156 1595 subinde
3185 1543 3390 1596 narium
3424 1544 3619 1610 proflu-

2041 1625 2183 1678 vium
2212 1625 2540 1695 abstcrgunt,
2578 1628 2755 1681 anima
2781 1644 2991 1698 quoque
3026 1630 3178 1686 istius
3203 1631 3348 1700 pravi
3376 1634 3617 1701 profluvii

2040 1716 2294 1770 malitiam
2337 1717 2388 1770 in
2419 1732 2611 1787 corpus
2653 1718 2924 1789 abstergit.
2957 1720 3087 1786 Quis
3124 1724 3265 1776 enim
3305 1725 3617 1793 praeclarum

2039 1805 2260 1875 aliquid,
2301 1815 2391 1859 aut
2416 1807 2567 1861 bona:
2592 1806 2759 1877 frugis
2785 1809 3087 1877 opinabitur
3110 1811 3178 1865 de
3216 1827 3282 1865 eo
3324 1813 3415 1883 qui
3450 1815 3620 1884 spirat

2039 1905 2329 1966 unguenta,
2371 1898 2460 1967 qui
2505 1898 2850 1954 muliebribus
2885 1899 3100 1969 gaudet,
3132 1902 3214 1955 vel
3245 1904 3418 1972 potius
3448 1919 3620 1960 mere-

2043 1988 2192 2044 tricie
2220 2004 2278 2044 se
2305 1990 2460 2059 gerit,
2485 1990 2572 2059 qui
2599 1990 3046 2046 saltatricularum
3073 1992 3232 2063 elegit
3269 1996 3474 2049 vitam?
3498 1996 3618 2066 Spi-

2039 2089 2121 2134 ret
2152 2079 2327 2134 anima
2373 2089 2459 2134 tua
2488 2080 2830 2151 fragrantiam
2863 2083 3208 2151 Spiritualem,
3240 2099 3346 2155 quo
3387 2095 3495 2142 tum
3527 2089 3617 2143 tibi

2039 2170 2160 2238 ipsi,
2190 2179 2298 2223 tum
2325 2170 2442 2224 aliis
2467 2180 2641 2226 tecum
2669 2171 2965 2229 viventibus
2985 2175 3267 2231 maximam
3293 2176 3486 2233 afferas
3515 2179 3616 2233 uti-

2043 2261 2260 2316 liuitem.
3180 2244 3186 2255 ι

2108 2350 2318 2407 Deliciis
2340 2353 2792 2422 pemiciosirsimw.
2819 2385 2889 2396 —
2912 2354 3051 2411 Nihil
3073 2366 3152 2411 est
3171 2356 3336 2423 cnim,
3363 2359 3488 2413 nihil
3511 2372 3612 2428 cst,

2038 2442 2272 2512 inquam,
2313 2444 2515 2499 deliciis
2550 2445 2918 2514 perniciosius.
2949 2447 3084 2502 Audi
3125 2463 3335 2503 rursum
3379 2451 3504 2519 quid
3547 2453 3619 2507 de

2040 2534 2141 2589 illis
2161 2534 2303 2587 dicat
2330 2534 2505 2589 Moses
2534 2552 2546 2588 :
2577 2534 2936 2604 lmpinguatus
2956 2546 3052 2603 est,
3080 2538 3391 2593 intrassem:
3410 2551 3505 2607 est,
3538 2543 3617 2595 di-

2037 2624 2222 2678 lemma
2247 2634 2339 2690 est,
2371 2634 2418 2679 et
2447 2625 2777 2679 recalcitravit
2804 2625 3015 2681 dilectus
3039 2625 3216 2699 (Deut.
3247 2628 3338 2684 59..
3369 2630 3481 2701 15).
3510 2632 3618 2689 Nec

2035 2716 2130 2778 ait,
2164 2717 2404 2779 recessit,
2444 2715 2557 2778 sed,
2603 2715 2960 2771 Recalcitravit
2993 2718 3224 2783 dilectus,
3270 2720 3408 2776 illius
3448 2724 3615 2778 intras

2034 2806 2280 2860 ctabilem
2302 2806 2538 2861 animum
2566 2807 2719 2862 nobis
2747 2807 3074 2877 significans.
3105 2810 3277 2878 Atque
3302 2813 3407 2865 alio
3430 2828 3616 2871 rursus

2035 2898 2193 2953 loco:
2232 2898 2329 2954 Ubi
2355 2901 2627 2955 comederis
2655 2916 2716 2953 ac
2760 2900 2961 2966 biberis,
3008 2917 3129 2955 cave
3164 2903 3271 2967 tibi,
3311 2921 3374 2959 ne
3411 2909 3615 2974 quando

2033 2988 2340 3043 obliviscaris
2399 2988 2608 3043 Domini
2663 2988 2764 3043 Dei
2806 2990 2880 3044 tui
2928 2989 3057 3063 (Id.
3086 2990 3140 3045 8.
3175 2993 3262 3048 10.
3294 2995 3417 3065 Η).
3465 2996 3617 3055 Adeo

2032 3080 2238 3135 delicia:
2291 3080 2464 3134 solent
2525 3080 2591 3135 ad
2645 3080 2875 3136 numinis
2945 3082 3267 3138 oblivionem
3325 3085 3615 3149 adducere.

2032 3171 2261 3226 Proinde
2290 3180 2344 3225 tu
2381 3186 2611 3241 quoque,
2642 3172 2938 3236 carissime,
2967 3187 3089 3228 cum
3133 3173 3337 3229 sederis
3365 3175 3430 3229 ad
3461 3193 3613 3233 nten-e
3658 3170 3661 3177 ’

2031 3278 2167 3329 sani,
2217 3271 2487 3318 memento
2532 3263 2675 3334 quod
2721 3272 2840 3332 post
2877 3264 3178 3320 convivium
3226 3266 3485 3323 orandum
3527 3279 3614 3329 est

2033 3354 2146 3409 tibi.
2190 3352 2264 3409 Ita
2299 3352 2572 3408 moderate
2617 3364 2854 3411 ventrem
2899 3355 3075 3427 exple,
3104 3373 3172 3412 ne
3214 3370 3461 3429 gravatus
3504 3376 3614 3422 non

2029 3460 2194 3515 queas
2216 3459 2387 3515 genua
2427 3443 2660 3507 flectere,
2705 3460 2767 3499 ac
2798 3446 2961 3500 Deum
3000 3446 3275 3503 invocare.
3308 3453 3501 3506 Annon
3529 3452 3609 3506 vi-

2029 3535 2190 3603 detis,
2218 3535 2357 3605 quod
2387 3535 2628 3605 jumenta
2652 3536 2836 3606 jugum
2867 3537 3110 3604 ferentia,
3158 3549 3499 3610 posteaquam
3542 3543 3611 3597 ad

2031 3644 2267 3699 praesepe
2290 3638 2437 3698 pasta
2463 3635 2608 3695 sunt,
2638 3628 2738 3683 iter
2762 3638 2943 3698 agunt,
2972 3645 3136 3686 onera
3168 3641 3391 3699 gestant,
3424 3646 3621 3688 suum-

2030 3738 2133 3793 que
2164 3722 2379 3792 eXplent
2405 3720 2792 3776 ministerium?
2817 3720 2897 3775 Tu
2918 3737 3044 3776 vero
3063 3723 3152 3791 qui
3179 3724 3380 3778 sublata
3403 3741 3608 3791 mensa,

2029 3816 2094 3869 ad
2111 3829 2269 3869 omne
2283 3828 2418 3884 opus
2436 3812 2632 3868 inutilis
2648 3820 2772 3867 eset
2801 3811 3028 3881 ineptus,
3050 3828 3173 3867 num
3196 3816 3365 3869 vitare
3387 3818 3608 3884 poteris,

2029 3922 2135 3976 quo
2157 3905 2329 3960 minus
2349 3903 2577 3958 videaris
2596 3902 2759 3958 asinis
2773 3902 3042 3958 deterior?
3062 3904 3451 3971 Quamobrem?
3476 3907 3611 3974 Quia

2032 4005 2144 4054 tum
2186 3996 2416 4051 maxime
2452 3996 2701 4051 convenit
2741 4008 2861 4049 esse
2897 3994 3134 4050 sobrium
3168 4011 3232 4052 ac
3260 3997 3583 4067 vigilantem.

2101 4089 2143 4143 A
2176 4088 2286 4142 cibo
2321 4096 2520 4158 suniplo
2544 4087 2890 4141 orandum.—-
2904 4085 3034 4140 Nam
3067 4094 3276 4157 tempus
3305 4098 3423 4157 post
3454 4105 3605 4143 men-

2029 4194 2141 4234 sam
2190 4178 2380 4249 agendi
2427 4179 2624 4248 gratias
2658 4186 2867 4247 tempus
2907 4187 3026 4232 eSI:
3075 4194 3179 4232 non
3228 4178 3381 4234 decet
3430 4191 3606 4237 autem

2029 4279 2275 4338 agentem
2315 4268 2514 4339 gratias
2553 4268 2757 4323 ebrium
2784 4282 2925 4333 esse,
2971 4268 3065 4322 sed
3109 4268 3344 4324 sobrium
3387 4284 3450 4325 ac
3480 4270 3609 4342 vigi-_

2031 4361 2248 4416 lantem.
2273 4362 2313 4414 Α
2343 4374 2528 4414 mensa
2559 4374 2666 4413 non
2691 4357 2756 4412 ad
2777 4359 2996 4424 lectum,
3025 4358 3118 4413 sed
3147 4358 3212 4413 ad
3248 4361 3606 4428 precationem

2031 4463 2318 4520 vertantur;
2360 4465 2427 4505 ne
2464 4449 2632 4505 brutis
2660 4448 3015 4503 animantibus
3055 4448 3222 4505 simus
3248 4452 3414 4522 magis
3442 4451 3607 4517 lnuti.

2101 4541 2154 4598 9.
2194 4540 2327 4597 Novi
2356 4541 2469 4595 fore
2496 4541 2691 4594 multos
2715 4539 2803 4610 qui
2830 4538 3083 4594 damnent
3111 4553 3172 4595 ea
3202 4557 3321 4610 quae
3358 4557 3496 4597 nunc
3520 4543 3604 4598 di-

2030 4644 2240 4700 cuntur,
2271 4633 2433 4688 veluti
2462 4648 2581 4704 quae
2618 4647 2807 4687 novam
2847 4631 3128 4702 quamdam
3159 4644 3215 4689 et
3257 4635 3443 4689 miram
3488 4637 3611 4693 vita

2030 4725 2467 4780 consuetudinem
2498 4724 2773 4779 invehant.
2802 4724 2869 4778 At
2896 4739 2995 4793 ego
3018 4724 3181 4793 magis
3205 4724 3468 4780 damnatio
3490 4742 3609 4795 pra-

2030 4832 2150 4871 vam
2170 4815 2631 4883 consuetudinem,
2659 4831 2777 4885 qua:
2800 4830 2939 4870 nunc
2955 4814 3201 4870 obtinuit.
3232 4815 3440 4870 Etenim
3466 4817 3607 4886 quod

2031 4922 2149 4982 post
2175 4911 2352 4967 cibum
2379 4926 2441 4967 ac
2466 4925 2703 4967 mensam
2732 4925 2838 4965 non
2864 4909 2933 4965 ad
2966 4925 3210 4966 somnum
3238 4918 3483 4981 oporteat
3507 4910 3605 4973 ire,

2033 5019 2133 5060 nec
2159 5003 2224 5058 ad
2246 5003 2441 5069 cubile,
2482 5001 2577 5057 sed
2605 5008 2847 5070 oporteat
2867 5000 2989 5054 cibo
3014 5015 3200 5069 preces
3224 5014 3288 5055 ac
3307 5000 3606 5054 divinarum

2032 5094 2422 5164 Scripturarum
2468 5092 2750 5147 lectionem
2795 5090 3102 5154 succedere,
3151 5091 3481 5146 manifestius
3508 5090 3606 5146 de-
3698 5101 3705 5105 ‘

2032 5184 2254 5241 claravit
2282 5185 2396 5254 ipse
2420 5182 2682 5243 Christus.
2706 5181 2938 5253 quicum
2968 5182 3282 5238 immensam
3305 5181 3609 5238 multitudi-

2036 5293 2157 5332 nem
2174 5276 2471 5345 excepisset
2483 5275 2727 5332 convivio
2744 5274 2797 5329 in
2810 5273 3043 5339 deserto,
3063 5274 3384 5332 norirenisit
3396 5273 3516 5329 illos
3539 5274 3607 5329 ad

2034 5368 2228 5423 lectum
2253 5377 2343 5422 aut
2370 5381 2613 5422 somnum
2631 5407 2647 5433 ,
2669 5365 2766 5422 sed
2807 5365 2876 5421 ad
2901 5365 3193 5421 audiendos
3216 5380 3494 5423 sermones
3521 5366 3609 5421 di-

2030 5459 2188 5516 vinos
2229 5457 2487 5513 invitavit.
2522 5456 2636 5511 Non
2678 5457 2821 5513 enim
2849 5455 3180 5512 distenderat
3220 5454 3428 5510 illorum
3474 5471 3604 5511 vcn-

2035 5562 2164 5617 tres,
2196 5564 2369 5620 neque
2410 5548 2475 5603 ad
2501 5548 2810 5605 ebrietatem
2851 5547 3151 5616 impulerat,
3179 5563 3361 5601 verum
3390 5546 3480 5601 ubi
3522 5561 3609 5603 sa-

2036 5649 2265 5697 turasset
2288 5640 2426 5706 illos,
2459 5648 2713 5711 quantum
2740 5639 2986 5711 exigebat
3021 5640 3329 5703 necessitas,
3354 5638 3421 5695 ad
3447 5638 3605 5706 spiri-

2041 5732 2235 5789 tualem
2262 5730 2479 5791 adduxit
2511 5730 2835 5787 alimoniam.
2868 5729 3052 5786 ltidcm
3081 5744 3176 5785 nos
3205 5744 3419 5801 quoque
3453 5721 3617 5780 faria-
