4018 6190
530 317 634 374 975

529 445 666 497 mus,
696 446 864 501 eoque
896 432 1052 485 modo
1076 447 1487 488 consuescamus
1513 451 1705 506 capere
1731 437 1928 503 cibum,
1960 446 2015 492 ut
2034 437 2103 493 ad

528 519 689 574 vitam
721 520 970 575 tuendam
997 521 1272 578 dumtaxat
1294 524 1543 591 sufficiat,
1583 542 1691 580 non
1720 537 1777 582 ut
1805 543 1901 583 nos
1930 528 2104 585 valeat

524 607 856 680 disrumpere
881 619 938 666 et
955 628 1195 681 gravare.

601 697 721 751 Non
758 700 903 752 enim
958 701 1013 754 in
1059 702 1163 756 hoc
1209 704 1320 757 nati
1377 719 1566 761 sumus
1617 721 1681 763 ac
1731 709 1983 779 vivimus,
2030 719 2095 770 nt

530 788 752 843 edamus
799 804 861 843 ac
900 791 1189 846 bibamus:
1245 794 1340 849 sed
1388 795 1510 850 ideo
1552 798 1783 865 edimus,
1832 810 1892 856 ut
1944 805 2098 859 viva-

449 862 456 877 ’
528 890 669 929 mus.
718 877 801 930 Ab
832 878 986 933 initio
1017 895 1127 934 non
1162 891 1281 937 erat
1323 883 1426 939 cibi
1474 901 1636 941 causa
1674 889 1797 944 data
1829 892 1955 960 vita,
2001 897 2095 952 sed

527 966 653 1020 vitae
694 982 855 1023 causa
885 970 1043 1025 datus
1081 980 1166 1027 cst
1193 974 1361 1029 cibus.
1396 974 1506 1031 Nos
1540 994 1669 1033 vero
1696 983 1919 1051 perinde
1947 988 2097 1055 quasi

525 1058 596 1112 ob
650 1058 753 1114 hoc
795 1060 969 1129 ipsum
1011 1063 1337 1124 viveremus.
1392 1067 1462 1121 ita
1512 1079 1706 1124 cuneta
1758 1071 1809 1125 in
1865 1074 1967 1130 hoc
2016 1077 2099 1131 in-

524 1150 808 1206 sumimus.
848 1152 1112 1207 (“ueterum
1146 1164 1206 1208 ut
1247 1157 1617 1214 vehementior
1664 1162 1828 1217 etiam
1885 1166 2096 1222 ﬁatdc-

524 1240 765 1295 liciarqu
805 1243 1127 1314 redargutio,
1167 1247 1451 1318 acriusque
1481 1261 1681 1323 pungat
1724 1254 1778 1309 in
1824 1256 1907 1311 his
1932 1260 2093 1314 vitam

521 1339 762 1396 agentes,
792 1345 890 1399 age
923 1348 1111 1388 rursus
1148 1337 1215 1391 ad
1246 1337 1505 1393 Lazarum
1542 1342 1840 1400 referamus
1886 1363 2092 1401 sermo—

520 1434 666 1473 nem.
712 1420 825 1475 Hoc
868 1423 1011 1477 enim
1067 1436 1222 1495 pacto
1273 1428 1383 1491 fiet,
1418 1438 1476 1482 ut
1514 1433 1669 1488 nobis
1713 1436 1783 1491 sit
1826 1438 2091 1493 ellicaeior

518 1510 815 1566 admonitio
852 1515 1245 1587 consiliumque
1276 1531 1536 1586 nostrum,
1573 1540 1694 1578 cum
1728 1528 1952 1584 videatis
1980 1546 2086 1583 non

517 1602 716 1666 verbis,
764 1605 858 1659 sed
914 1606 1068 1662 faelis
1116 1611 1311 1679 corripi
1368 1614 1652 1685 punirique
1697 1634 1813 1681 eos.
1865 1622 1957 1691 qui
2001 1622 2087 1676 in-

515 1692 738 1763 dulgent
767 1696 1039 1767 ingluviei.
1077 1700 1233 1756 Dives
1272 1704 1434 1773 igitur
1467 1706 1553 1761 ille
1598 1725 1719 1763 cum
1750 1722 1893 1768 tanta
1937 1715 2083 1769 vive-

517 1783 607 1837 bat
641 1784 1004 1854 improbitate,
1044 1794 1286 1859 quotidie
1325 1795 1534 1851 deliciis
1562 1815 1780 1867 vacans,
1815 1804 2083 1877 lautisque

514 1875 712 1943 patinis
741 1878 1037 1945 fruebatur,
1071 1891 1126 1936 et
1148 1884 1445 1953 splendidis
1468 1891 1707 1946 vestibus
1738 1875 2078 1965 induebatur,

514 1965 730 2034 gravius
777 1969 878 2023 sibi
926 1970 1026 2040 ipsi
1074 1976 1396 2044 supplicium
1444 1995 1746 2049 accersens,
1800 1989 2080 2058 majusque

512 2070 709 2123 parans
738 2058 1086 2127 incendium,
1135 2081 1199 2121 ac
1248 2068 1537 2125 vindictam
1582 2073 1669 2127 Dei
1720 2078 1949 2133 reddens
1984 2080 2082 2134 itu-

511 2145 848 2214 placabilem,
877 2152 1135 2209 ultionem
1158 2172 1504 2229 exasperans,
1527 2164 1606 2219 sic
1640 2174 1698 2220 ut
1726 2169 1897 2225 veniae
1929 2171 2080 2227 locus

507 2253 615 2293 non
659 2251 825 2298 esset.

571 2330 853 2401 Paupertas
884 2354 983 2389 non
1011 2337 1244 2408 querula.
1273 2370 1344 2379 —
1376 2342 1579 2411 Pauper
1608 2355 1782 2399 autem
1812 2348 2075 2418 projectus

495 2430 612 2475 erat
636 2424 687 2476 iu
714 2426 997 2486 vestibulo.
1040 2446 1135 2482 ttt'c
1175 2440 1346 2483 tamen
1374 2442 1488 2484 erat
1514 2449 1775 2500 morosus,
1805 2454 1904 2494 nec
1928 2440 2071 2495 dice-

494 2515 584 2568 bat
608 2518 865 2581 convicia,
909 2535 1007 2574 nec
1051 2521 1438 2592 indignabatur.
1470 2524 1582 2580 Non
1608 2527 1818 2583 dicebat
1847 2532 1984 2600 apud
2012 2547 2071 2587 se

492 2606 635 2674 quod
663 2605 845 2662 dicunt
889 2612 1229 2680 complures:
1270 2614 1392 2682 quid
1427 2617 1637 2672 tandem
1676 2631 1758 2674 est
1803 2622 1942 2676 hoc?
1970 2624 2072 2679 Iste

491 2695 579 2761 qui
607 2694 897 2764 improbam
917 2700 1290 2771 crudelcmque
1307 2705 1464 2757 vitam
1492 2708 1599 2776 agit
1627 2719 1681 2762 et
1701 2709 2062 2780 inhumanam,

490 2786 737 2842 onmihns
763 2804 920 2858 supra
947 2806 1104 2861 quam
1135 2808 1270 2862 Opus
1308 2804 1391 2849 est
1432 2795 1623 2852 fruitur
1650 2801 1826 2865 rebus,
1858 2788 1955 2858 nec
1985 2804 2065 2858 nl-

489 2875 592 2930 lam
620 2878 781 2933 animi
809 2881 1105 2936 molestiam
1129 2886 1343 2953 patitur,
1378 2902 1475 2942 nec
1499 2890 1644 2945 aliud
1671 2893 1956 2964 quidquam
1986 2897 2066 2952 in-

485 2967 779 3035 opinatum,
803 2972 977 3040 qualia
1009 2975 1172 3029 multa
1201 2976 1372 3031 solent
1411 2979 1462 3033 in
1503 2981 1664 3037 rebus
1704 2983 1947 3041 humanis
1972 3003 2062 3043 ac-

483 3058 682 3124 cidere,
704 3061 797 3117 sed
828 3077 956 3131 pura
995 3067 1267 3135 voluptate
1287 3068 1476 3124 fruitur
1500 3089 1513 3123 :
1539 3073 1668 3128 mihi
1698 3090 1826 3131 vero
1851 3090 1918 3132 ne
1944 3088 2056 3133 tan-

484 3159 594 3205 tum
633 3153 848 3222 quidem
881 3155 1185 3226 impartitur
1219 3160 1505 3230 alimoniae,
1538 3180 1789 3235 quantum
1832 3174 2063 3241 postulat

482 3244 792 3299 necessitas.
822 3245 1015 3301 Verum
1050 3250 1132 3304 isti
1162 3252 1249 3319 qui
1280 3253 1331 3306 in
1364 3258 1622 3322 parasitos
1650 3270 1704 3314 et
1730 3262 2055 3331 adulatores,

480 3346 544 3387 ac
583 3335 943 3390 temulentiam
970 3337 1223 3408 quidquid
1256 3341 1414 3397 habet
1457 3349 1742 3416 consumit,
1774 3366 1877 3406 non
1906 3355 2061 3410 aliter

479 3436 635 3491 quam
689 3441 720 3479 e
749 3424 896 3481 fonte
935 3440 1123 3484 cuncta
1162 3431 1402 3488 affluunt.
1433 3437 1542 3507 Ego
1568 3454 1727 3508 perm
1755 3442 1840 3499 hic
1879 3445 2053 3515 jaceo,

477 3515 780 3584 exemplum
811 3518 873 3571 iis
902 3521 990 3589 qui
1019 3536 1105 3577 me
1142 3526 1492 3595 conspiciunt,
1533 3532 1784 3601 probrum
1815 3552 1878 3591 ac
1914 3538 2055 3594 ludi-

478 3603 675 3671 brium,
706 3605 843 3663 fame
869 3611 1269 3668 contabesccns.
1294 3618 1373 3671 An
1399 3618 1513 3675 hec
1538 3632 1661 3677 sunt
1682 3626 2055 3693 providentiaat

480 3696 559 3748 An
589 3695 695 3750 ulla
734 3697 936 3766 justitia
971 3702 1183 3773 respicit
1214 3721 1299 3761 res
1340 3707 1657 3766 homiumn?
1694 3714 1833 3771 Nihil
1864 3717 2050 3776 horum

476 3799 648 3855 neque
674 3786 827 3851 dixit,
854 3805 1024 3860 neque
1051 3795 1317 3864 cogitavit.
1348 3797 1497 3856 Unde
1526 3801 1626 3858 hoc
1656 3805 1856 3876 liquet?
1887 3811 1959 3865 Ex
1987 3827 2053 3867 eo

474 3877 611 3946 quod
634 3879 801 3949 angeli
837 3881 1088 3952 stipatqu
1139 3887 1283 3941 illum
1306 3889 1656 3962 deduxerunt,
1689 3898 1847 3969 inque
1873 3902 2047 3958 sinum

472 3966 699 4023 Ahralue
745 3970 980 4029 delatum
1012 3975 1392 4046 deposuerunt.
1433 3984 1582 4051 Quod
1628 3989 1671 4042 si
1706 3966 2048 4062 blasphemus

471 4055 672 4123 fuisset,
713 4075 1040 4134 nequaquam
1088 4068 1161 4121 illi
1210 4079 1409 4126 tantum
1438 4077 1751 4147 contigisset
1794 4055 2041 4140 honoris.

471 4143 545 4201 Ita
572 4152 750 4205 caeteri
777 4155 987 4223 quidem
1013 4158 1082 4213 ob
1109 4157 1210 4215 hoc
1236 4162 1449 4217 demum
1478 4175 1751 4238 tantopere
1790 4174 2048 4231 mirantur

466 4238 734 4294 hominem
755 4244 894 4312 quod
914 4246 964 4299 in
980 4260 1285 4319 paupertate
1304 4254 1510 4311 vixerit.
1535 4259 1647 4330 Ego
1661 4277 1785 4317 vero
1801 4264 1966 4321 doceo
1987 4267 2046 4321 il-

471 4325 575 4382 lum
596 4346 781 4387 novem
804 4338 1060 4406 supplicia
1083 4344 1379 4412 pertulisse,
1402 4364 1504 4403 non
1517 4366 1622 4420 quo
1638 4355 1932 4424 puniretur,
1949 4362 2040 4415 sed

467 4436 571 4489 quo
599 4424 792 4478 clarior
822 4430 1166 4498 redderetur;
1215 4440 1355 4507 quod
1398 4442 1611 4513 quidem
1639 4448 1799 4504 etiam
1841 4455 2038 4508 evenit.

540 4509 822 4581 Paupertas
861 4523 1163 4597 gravis'sine
1190 4509 1533 4601 philosophia.
1554 4565 1627 4575 —
1651 4536 1781 4593 Nam
1809 4556 2038 4614 pauper-

465 4610 545 4657 tas
571 4604 781 4674 quidem
809 4624 894 4663 res
917 4622 997 4665 est
1026 4629 1148 4669 vere
1172 4620 1388 4673 molesta
1413 4638 1428 4675 :
1453 4623 1555 4681 hoc
1579 4640 1775 4685 norunt
1799 4635 2039 4702 quicum-

464 4709 565 4762 que
593 4707 717 4751 sunt
738 4701 963 4769 experti.
995 4702 1103 4759 Nec
1132 4708 1272 4762 enim
1302 4711 1403 4766 ulla
1438 4716 1608 4771 oratio
1638 4723 1804 4789 possit
1826 4728 2035 4797 assequi

460 4788 771 4857 cruciatum,
802 4807 958 4861 quem
988 4798 1249 4853 suStinent
1295 4802 1329 4855 ii
1356 4804 1445 4873 qui
1479 4807 1529 4861 in
1576 4788 1887 4880 paupertate
1930 4788 2000 4874 de

458 4887 608 4947 gunt,
641 4880 685 4934 si
712 4884 951 4940 nesciant
977 4887 1052 4941 uti
1083 4889 1439 4962 philosophia.
1469 4895 1524 4951 ln
1552 4897 1751 4956 Lazaro
1778 4920 1904 4960 vero
1929 4924 2032 4963 non

460 4966 556 5024 ista
584 4978 783 5027 tantum
822 4986 935 5030 erat
959 4978 1252 5050 calamitas,
1283 4999 1464 5040 verum
1492 4990 1649 5044 etiam
1690 4992 1911 5052 adversa
1939 5015 1999 5053 va

460 5060 639 5117 letudo
681 5074 797 5119 erat
820 5066 998 5135 affixa,
1040 5087 1209 5142 eaque
1250 5091 1408 5146 supra
1438 5080 1651 5138 modum
1676 5089 1870 5155 gravis.
1905 5090 2034 5148 Vide

456 5151 714 5221 siquidem
746 5158 1190 5227 quemadmodum
1210 5165 1446 5224 declarat
1466 5151 1742 5245 utramque
1761 5178 2033 5236 calamita-

421 5260 426 5265 θ
457 5250 564 5298 tem
589 5244 656 5300 ad
680 5259 943 5303 summum
969 5256 1300 5322 pervenisse.
1327 5260 1456 5317 Nam
1483 5265 1624 5335 quod
1653 5244 1864 5325 omnem
1895 5287 2028 5343 pau-

458 5343 712 5400 pertatem
740 5337 924 5395 Lazari
955 5357 1235 5415 paupertas
1268 5358 1377 5405 tum
1406 5359 1750 5424 superaverit,
1788 5337 2028 5418 declara-

454 5425 524 5478 vit
557 5426 757 5496 dicens,
781 5433 919 5500 quod
951 5450 1018 5489 nc
1045 5438 1197 5495 micis
1233 5443 1446 5510 quidem
1478 5451 1630 5517 potiri
1661 5451 1884 5517 licuerit,
1911 5472 2029 5526 qua:

452 5514 711 5572 cadebant
737 5519 805 5574 de
831 5538 1013 5578 mensa
1038 5527 1214 5584 divitis
1243 5532 1393 5599 (Luc.
1422 5514 1508 5591 16.
1536 5539 1595 5594 2t
1613 5542 1649 5610 ).
1681 5543 1845 5599 Porro
1873 5514 2025 5617 quod

453 5606 699 5663 valetudo
726 5625 937 5682 quoque
963 5615 1028 5669 ad
1047 5620 1288 5677 eanulcm
1311 5606 1620 5685 mensuram
1640 5640 1934 5702 pervenerit
1958 5641 2022 5693 ad

453 5710 610 5762 quam
634 5710 933 5768 paupertas,
965 5704 1099 5758 ultra
1126 5724 1279 5778 quam
1312 5729 1421 5770 non
1452 5733 1626 5787 posset
1654 5728 1880 5796 amplius
1902 5744 2021 5799 pro-

1232 322 1287 376 S.
1329 321 1603 377 JOANNlS
1640 324 2102 381 CllllYSOSTUMl
2141 327 2452 386 ARCllllil'.
2494 333 3022 397 CONSTANTINOP.

3602 369 3680 425 976

2215 441 2360 506 ferri,
2412 454 2466 498 et
2505 445 2556 499 id
2598 463 2810 519 quoque
2838 468 3021 509 rursus
3058 456 3353 529 declaravit,
3381 464 3548 537 dicens,
3582 484 3684 546 quod

2207 547 2368 589 canes
2392 534 2657 607 lingebant
2678 540 2854 596 ulcera
2886 543 3002 614 ejus
3026 561 3040 598 :
3069 546 3206 603 adeo
3222 562 3327 607 erat
3346 552 3500 614 fractis
3519 534 3687 636 viriles,

2208 635 2265 679 ut
2292 641 2361 682 ne
2389 642 2551 685 canes
2577 632 2793 700 quidem
2824 646 3005 704 posset
3028 638 3258 710 abigere,
3287 644 3372 700 sed
3398 649 3547 706 vivum
3569 632 3693 712 mea;

2207 730 2304 770 ver
2325 716 2553 786 iacebat,
2582 722 2769 778 videns
2807 726 3019 796 quidem
3044 744 3139 785 eos
3177 747 3507 804 accurrentes.
3534 761 3692 818 nequa-

2203 822 2358 877 quam
2387 819 2560 866 tamen
2591 814 2773 870 valens
2792 816 3097 888 depellere:
3124 839 3289 895 usque
3315 830 3438 884 adeo
3475 834 3539 889 illi
3562 814 3695 896 mem.

2204 898 2295 953 bra
2328 911 2480 957 erant
2507 905 2699 973 soluta,
2732 924 2897 979 usque
2941 913 3074 968 adeo
3113 929 3265 972 erant
3302 923 3505 978 arefacta
3534 934 3693 999 morbo,

2203 1007 2369 1062 usque
2397 994 2530 1049 adeo
2558 1011 2868 1070 censumpta
2894 1015 3042 1057 erant
3067 1006 3361 1076 afﬂictione.
3405 1013 3544 1071 Vides
3576 1022 3699 1077 vehe-

2202 1095 2408 1140 menter
2445 1103 2707 1159 supraqne
2738 1093 2951 1148 modum
2976 1104 3029 1150 et
3070 1110 3444 1169 paupertatem,
3469 1120 3515 1162 et
3540 1114 3696 1168 valetu-

2199 1174 2375 1229 dinem
2401 1190 2792 1250 oppugnantem
2838 1199 3031 1255 corpus
3077 1187 3253 1245 illius?
3289 1191 3431 1260 Quod
3472 1199 3513 1252 si
3552 1200 3698 1261 horum

2199 1269 2611 1337 unumquodque
2643 1287 2736 1340 per
2755 1285 2813 1329 se
2832 1273 3163 1334 intolerabile
3189 1290 3273 1335 est
3290 1292 3341 1337 et
3357 1289 3593 1354 acerbum,
3607 1309 3695 1348 cum

2197 1357 2350 1411 simul
2388 1361 2783 1429 conglomerata
2811 1364 3022 1434 fuerint,
3053 1384 3232 1426 annon
3268 1374 3471 1431 adamas
3492 1382 3698 1452 quispiam

2196 1446 2373 1513 fuerit,
2404 1451 2491 1520 qui
2536 1451 2652 1506 lucc
2694 1455 2960 1522 perferat?
2989 1450 3135 1513 Multi
3181 1461 3472 1532 frequenter
3509 1446 3699 1528 laborant

2192 1539 2411 1594 adversa
2455 1542 2771 1609 valetudine,
2821 1556 3072 1603 cmterum
3101 1567 3205 1605 non
3234 1565 3385 1623 egent
3426 1558 3499 1617 iis.
3532 1578 3628 1627 quze
3649 1566 3696 1618 ad

2192 1628 2386 1682 victum
2416 1639 2541 1684 sunt
2569 1636 2888 1689 necessaria.
2922 1638 3024 1691 Alii
3058 1645 3351 1709 paupertati
3373 1656 3595 1705 extremm
3611 1664 3700 1709 sunt

2191 1718 2427 1784 obnoxii,
2459 1737 2642 1777 verum
2673 1727 2943 1793 potiuntur
2967 1729 3104 1785 bona
3136 1734 3448 1802 valetudine,
3475 1742 3543 1796 sic
3569 1755 3613 1797 ut
3641 1747 3699 1800 al-

2192 1818 2299 1865 tera
2330 1827 2419 1867 res
2454 1814 2673 1871 alterius
2711 1818 2781 1873 sit
2820 1821 3090 1889 solatium,
3144 1826 3271 1883 huic
3300 1846 3420 1886 vero
3443 1836 3579 1889 ambo
3601 1853 3700 1892 con-

2188 1903 2473 1958 currebant
2521 1908 2677 1963 mala.
2726 1911 2837 1980 Age
2881 1927 3066 1982 posses
3109 1918 3243 1972 mihi
3274 1923 3530 1980 nominare
3555 1944 3699 1995 quem-

2187 1994 2347 2062 piam,
2378 1996 2537 2050 simul
2566 2006 2620 2052 et
2648 1999 2886 2055 adversa:
2932 2005 3219 2062 valetudini
3251 2020 3300 2065 et
3346 2019 3701 2083 paupertaliob-

2186 2084 2397 2138 noxium
2413 2086 2552 2141 ?Scd
2573 2105 2675 2143 non
2693 2107 2860 2160 usque
2885 2095 3017 2150 adeo
3033 2096 3334 2154 desolatum
3351 2118 3410 2157 ac
3427 2105 3699 2161 destitutum.

2185 2175 2312 2231 Nam
2343 2179 2431 2233 ille
2476 2180 2691 2249 quidem
2731 2198 3047 2255 quamquam
3080 2206 3182 2244 non
3239 2209 3304 2247 ex
3347 2209 3462 2252 sese
3501 2214 3647 2269 neque
3680 2217 3702 2256 ε

2183 2267 2508 2334 domesticis,
2557 2280 2732 2328 tamen
2761 2275 2828 2329 ab
2872 2276 2957 2342 iis,
3004 2280 3093 2348 qui
3138 2282 3345 2350 vident,
3390 2267 3699 2344 misericordia

2182 2356 2333 2413 flexis
2375 2359 2638 2416 sublevari
2679 2374 2872 2433 poteSI,
2922 2366 3249 2426 inmedium
3296 2379 3582 2445 projectus:
3610 2380 3703 2436 huic

2181 2464 2307 2502 vero
2349 2452 2621 2508 molestias
2646 2469 2756 2519 eas,
2789 2471 2921 2526 quas
2945 2470 3099 2516 antea
3124 2461 3380 2532 diximus,
3427 2470 3703 2527 molestiores

2179 2539 2452 2607 reddebat,
2484 2544 2625 2612 quod
2670 2556 2814 2602 esset
2852 2549 2921 2603 ab
2952 2551 3199 2609 omnibus
3234 2555 3473 2613 desertus
3496 2577 3509 2615 :
3534 2571 3581 2615 et
3600 2561 3705 2616 hanc

2179 2631 2343 2698 ipsam
2373 2634 2710 2691 solitudinem
2730 2654 2940 2694 rursum
2968 2642 3335 2701 molestiorem
3357 2648 3701 2721 faciebat,quod

2177 2722 2228 2775 in
2259 2725 2522 2780 vestibulo
2540 2727 2718 2783 divitis
2738 2729 2962 2800 jaceret.
2991 2734 3198 2791 Etenim
3235 2740 3280 2794 si
3307 2741 3360 2795 in
3385 2750 3513 2797 terra
3534 2743 3702 2799 deserta

2176 2815 2439 2886 nullisque
2470 2818 2699 2875 habitata
2741 2822 2926 2891 jaceus
2958 2826 3072 2883 hrec
3108 2844 3307 2899 passus
3338 2833 3534 2900 fuisset,
3564 2839 3702 2908 negle-

2172 2914 2395 2975 ctusqne
2418 2908 2690 2979 jacnisse't,
2724 2929 2839 2969 non
2858 2926 3060 2973 tantum
3090 2920 3389 2980 doluisset:
3418 2943 3531 2983 nam
3552 2929 3592 2983 si
3613 2930 3704 2984 nul-

2172 2996 2255 3051 lus
2283 3000 2438 3059 adsit,
2470 3000 2570 3055 hoc
2595 3002 2764 3071 ipsum
2795 3008 2953 3062 etiam
2984 3010 3182 3067 nolenti
3213 3017 3506 3085 persuadet,
3526 3028 3575 3072 ut
3597 3019 3702 3073 ferat

2168 3103 2286 3157 qua:
2305 3090 2569 3146 accidunt.
2594 3093 2854 3151 Carterum
2885 3100 3023 3169 quod
3049 3101 3099 3155 in
3127 3106 3313 3161 medio
3335 3115 3437 3162 tam
3462 3109 3701 3165 multorum

2161 3178 2367 3247 jacvns,
2399 3183 2640 3239 ebrietati
2670 3186 3072 3259 indulgentium,
3104 3198 3350 3253 suaviter
3386 3200 3656 3264 viventium,
3678 3217 3701 3253 ι

2168 3271 2378 3326 nemine
2394 3275 2477 3329 vel
2498 3276 2765 3346 vulgarem
2783 3294 2965 3335 curam
2987 3286 3412 3357 nancisceretur,
3428 3291 3475 3344 id
3489 3292 3702 3346 reddebat

2163 3375 2379 3417 sensum
2405 3364 2646 3420 dolorum
2677 3371 2959 3437 acriorem,
2989 3376 3271 3447 magisque
3299 3380 3701 3437 incendebatani-

2163 3452 2232 3505 mi
2264 3454 2650 3523 aegritudinem.
2678 3457 2794 3514 Non
2823 3463 2964 3517 enim
2992 3466 3220 3534 perinde
3241 3470 3289 3524 si
3313 3471 3481 3527 absint
3501 3471 3579 3542 qui
3601 3486 3699 3525 sue-

2160 3553 2395 3610 currant,
2421 3552 2580 3615 atque
2607 3549 2650 3601 si
2675 3549 2853 3605 adsint
2876 3554 3111 3622 quidem,
3145 3559 3248 3614 sed
3279 3562 3447 3617 nolint
3471 3564 3701 3633 porrigere

2161 3648 2394 3700 manum,
2415 3637 2658 3692 mordere
2681 3640 2817 3695 solet
2840 3644 3072 3700 animum
3096 3648 3146 3701 in
3167 3651 3568 3717 calamitatibus,
3585 3652 3697 3723 quod

2157 3723 2368 3791 quidem
2409 3735 2514 3779 tum
2549 3730 2668 3783 huic
2696 3732 2906 3787 accidit.
2946 3734 3132 3792 Nullus
3160 3751 3287 3796 erat
3313 3744 3402 3812 qui
3429 3744 3572 3799 dictis
3594 3759 3698 3798 con-

2156 3811 2436 3879 solaretur,
2485 3818 2662 3873 nullus
2710 3823 2797 3890 qui
2845 3826 2994 3880 factis
3040 3827 3265 3887 afferret
3311 3811 3567 3902 solatium,
3613 3851 3697 3890 non

2153 3905 2520 3971 amicus,,non
2566 3911 2790 3980 vicinus,
2834 3930 2937 3970 non
2980 3931 3267 3990 cognatus,
3310 3942 3417 3982 non
3446 3929 3696 3983 videntium

2152 3995 2429 4066 quisquam
2454 4017 2469 4053 :
2497 4002 2631 4057 adeo
2659 4015 2773 4060 erat
2804 4016 2909 4063 tota
2935 4010 3110 4067 divitis
3134 4029 3393 4088 corrupta
3423 4020 3617 4074 familia.

2224 4089 2310 4145 10.
2350 4091 2429 4145 Ad
2461 4092 2574 4148 hinc
2598 4096 2752 4152 aliam
2773 4100 2973 4158 doloris
2993 4109 3364 4167 accessionem
3389 4112 3696 4184 adiungebat.

2150 4179 2291 4248 quod
2337 4181 2561 4237 alterum
2615 4186 2760 4242 illum
2808 4190 2861 4246 in
2914 4192 3165 4253 felicitate
3190 4179 3568 4272 conSpieiebat,
3609 4218 3694 4255 non

2150 4271 2289 4341 quod
2317 4273 2528 4330 invidus
2554 4288 2698 4334 esset
2716 4295 2778 4336 ac
2808 4299 3021 4353 pravus,
3044 4291 3140 4345 sed
3168 4295 3318 4362 quod
3336 4271 3528 4352 omnes
3552 4298 3697 4351 solent

2149 4362 2202 4416 in
2233 4364 2457 4421 aliorum
2502 4375 2857 4440 prosperitate
2902 4382 3079 4436 acrius
3107 4397 3235 4440 suas
3268 4390 3471 4445 sentire
3506 4388 3692 4444 calami-

2150 4464 2303 4512 tates.
2333 4457 2389 4514 ln
2410 4459 2575 4517 divite
2596 4474 2771 4520 autem
2794 4466 2912 4523 erat
2934 4473 3131 4543 aliquid
3158 4480 3336 4549 majus
3361 4481 3425 4536 ad
3457 4482 3587 4537 illius
3603 4480 3697 4534 aui-

2147 4564 2289 4602 mum
2321 4553 2754 4613 exulcerandum.
2794 4560 2909 4616 Non
2955 4566 3096 4621 enim
3141 4571 3321 4625 solum
3371 4589 3516 4627 suam
3557 4574 3694 4642 ipsius

2144 4638 2495 4698 calamitatem
2537 4662 2658 4702 cum
2698 4649 2839 4707 illius
2866 4657 3215 4725 prosperitate
3261 4662 3561 4730 conferens,
3597 4677 3694 4735 gm-

2144 4730 2343 4784 viorem
2386 4735 2639 4793 reddebat
2680 4754 2895 4797 suorum
2932 4747 3191 4804 malorum
3242 4767 3495 4820 sensum,
3535 4768 3690 4808 verum

2143 4822 2300 4875 etiam
2349 4828 2681 4896 perpendens
2723 4834 2862 4903 quod
2893 4836 2984 4892 ille
3011 4839 3171 4894 vitam
3217 4842 3427 4901 ducens
3452 4844 3689 4901 crudelem

2142 4923 2197 4967 et
2224 4913 2585 4985 inhumanam,
2616 4921 2668 4976 in
2696 4924 2943 4981 omnibus
2982 4943 3416 5000 prosperaretur,
3448 4936 3555 5006 ipse
3587 4950 3691 4989 vero

2142 5003 2387 5059 virtutem
2416 5022 2478 5062 ac
2506 5011 2818 5069 modestiam
2847 5018 3145 5088 amplexus,
3174 5032 3426 5080 extrema
3454 5003 3687 5095 pateretur

2138 5094 2311 5163 mala,
2377 5098 2809 5159 inconsolabilem
2882 5108 3044 5164 animi
3099 5113 3409 5171 molestiam
3478 5127 3529 5171 et
3590 5117 3689 5170 hinc

2135 5187 2403 5243 sustinuit.
2459 5190 2590 5246 Nam
2640 5194 2685 5248 si
2734 5196 2812 5250 vir
2848 5196 3022 5267 justus
3069 5201 3258 5259 fuisset
3287 5206 3462 5273 dives,
3509 5208 3550 5261 si
3595 5219 3667 5261 mo

2135 5274 2337 5343 destas,
2384 5280 2430 5333 si
2479 5283 2866 5354 suspiciendas,
2912 5290 2956 5343 si
3002 5292 3145 5346 omni
3184 5294 3395 5350 virtute
3438 5296 3678 5366 perditus,

2076 5428 2085 5432 ν
2136 5380 2470 5438 nequaquam
2521 5370 2596 5428 illi
2641 5376 2860 5444 perinde
2904 5379 3180 5437 doluisset.
3215 5382 3377 5440 Nune
3424 5400 3546 5440 vero
3581 5398 3677 5438 cum

2132 5455 2282 5512 dives
2307 5469 2469 5526 esset,
2499 5462 2858 5537 improbicque
2878 5471 3019 5538 vitae,
3046 5484 3099 5527 et
3123 5474 3186 5527 ad
3217 5487 3522 5530 extremum
3545 5489 3681 5544 usque

2133 5547 2345 5604 malitia:
2374 5562 2675 5620 provectus,
2723 5569 2776 5612 et
2812 5567 3009 5616 tantam
3041 5565 3487 5622 inliumanitatem
3530 5578 3679 5621 osten-

2130 5639 2283 5706 dens,
2327 5653 2383 5697 et
2423 5643 2670 5703 hostilem
2712 5650 2949 5707 animum
2978 5670 3189 5725 gerens,
3222 5674 3327 5716 nec
3362 5675 3517 5716 secus
3539 5669 3675 5728 atque

2131 5732 2356 5802 lapidem
2402 5737 2571 5808 ipsum
2604 5753 3038 5818 prmtcrcurrens,
3071 5751 3180 5807 sine
3212 5755 3551 5819 verecundia,
3578 5752 3673 5807 sine
