4018 6190
287 195 395 254 975

287 316 422 386 φήν.
451 312 606 368 Οὕτω
635 314 726 366 καὶ
747 315 907 385 ἡμεῖς
930 315 1191 385 ποιῶμεν,
1216 333 1311 370 και
1329 318 1579 373 τοσοῦτον
1602 320 1870 391 ἐθίσωμεν

288 399 520 462 ιαυτούς
568 397 791 463 ἐσθίειν,
832 398 955 452 ὅσον
998 399 1137 470 πρὸς
1163 400 1224 454 τὸ
1255 400 1355 473 ζῇν
1395 402 1576 473 μόνον,
1623 406 1722 476 οὐχ
1750 407 1873 459 ὅσον

286 481 623 538 διασπᾶσθαι
651 482 747 534 καὶ
777 480 1127 553 βαρύνεσθαι.

364 565 440 619 Οὐ
477 563 586 635 7&9
605 564 694 617 διά
716 563 872 617 τοῦτο
904 565 1200 636 ἐγενόμεθα
1221 568 1315 621 καὶ
1335 568 1540 639 ζῶμεν,
1567 568 1652 624 ἵνα
1684 568 1873 639 φάγω-

294 666 396 721 μεν
430 648 523 701 κα)⁸
556 645 769 718 πίωμεν
796 664 810 677 ο
841 647 979 702 ἀλλά
1010 648 1097 701 διὰ
1124 648 1283 703 τοῦτο
1314 650 1612 723 ἐσθίωμεν,
1652 652 1737 707 ἵνα
1767 653 1874 718 ζῶ·

296 750 418 805 μεν.
450 732 526 785 Οὐ
556 732 616 785 τὸ
644 729 742 802 ζῇν
761 731 850 784 διὰ
872 733 933 785 τὸ
967 737 1181 802 φαγεῖν,
1214 733 1352 787 ἀλλά
1370 733 1458 788 διὰ
1480 735 1539 788 τὸ
1560 735 1658 806 ζῇν
1682 734 1743 789 τὸ
1773 753 1874 805 φα-

292 819 412 885 γεῖν
438 816 661 885 γέγονεν
687 814 743 882 ἐξ
772 815 966 885 ἀρχῆς.
1010 814 1202 887 Ἡμεῖς
1219 815 1277 869 δέ
1306 816 1382 882 ὡς
1400 816 1488 871 διά
1516 816 1675 872 τοῦτο
1694 818 1875 873 ἐλθόν-

293 915 387 964 τες
410 902 491 965 εἰς
522 899 614 953 τὸν
647 898 871 969 κόσμον,
906 897 1079 962 οὕτως
1100 899 1315 954 ἅπαντα
1340 901 1420 964 είς
1447 899 1606 954 τοῦτο
1637 919 1875 956 κατανα-

292 981 575 1053 λίσκομεν.
620 981 757 1034 Ἀλλ’
793 981 881 1035 ἴνα
910 981 1240 1053 σφοδροτέρα
1278 983 1501 1055 γένηται
1532 985 1635 1056 τῆς
1664 987 1875 1057 τρυφῆς

292 1068 330 1139 ή
364 1066 686 1137 κατηγορία,
715 1067 810 1119 καὶ
836 1065 981 1137 μάλα
1009 1066 1303 1139 καθίκηται
1334 1067 1444 1121 τῶν
1478 1069 1536 1121 ἐν
1568 1068 1705 1140 αὐτῇ
1741 1068 1877 1133 ζώνι-

294 1168 427 1212 των,
463 1149 626 1220 φέρε,
660 1149 822 1203 πάλιν
847 1149 941 1204 ἐπὶ
964 1150 1057 1212 τὸν
1082 1148 1331 1221 Λάζαρον
1357 1150 1449 1204 τὸν
1479 1151 1636 1220 λόγον
1664 1152 1879 1221 ἀγάγω-

298 1250 421 1303 μεν.
456 1231 613 1286 Οὕτω
630 1233 739 1303 7&9
759 1235 890 1304 ἡμῖν
923 1233 1262 1305 ἀληθεστέρα
1293 1251 1353 1288 τε
1386 1236 1479 1288 καὶ
1510 1235 1878 1307 ἐναργεστέρα

295 1318 332 1387 ἡ
352 1316 675 1388 παραίνεσις
698 1316 852 1370 ἔσται
877 1317 971 1370 καὶ
1000 1318 1034 1387 ή
1064 1316 1363 1388 συμϐουλὴ,
1399 1318 1528 1371 ὅταν
1551 1318 1626 1390 μὴ
1654 1317 1744 1371 διά
1776 1321 1876 1390 ρη-

301 1401 511 1471 μάτων,
533 1398 668 1452 ἀλλά
689 1400 776 1452 διά
798 1400 1141 1471 πραγμάτων
1172 1400 1317 1472 ἴδητε
1343 1401 1765 1471 παιδευομένους
1784 1403 1879 1455 καὶ

298 1482 698 1554 κολαζομένους
750 1484 877 1546 τοὺς
909 1483 1190 1556 ἀδηφαγίᾳ
1249 1485 1636 1556 προσέχοντας.
1688 1486 1746 1539 '0
1782 1487 1879 1555 μὲν

296 1562 395 1621 οὖν
426 1567 680 1631 πλούσιος
702 1566 936 1638 τοσαύτῃ
970 1566 1205 1638 πονηρία
1231 1568 1451 1638 συνέζη,
1485 1570 1579 1624 καὶ
1603 1568 1726 1622 καθ’
1753 1569 1881 1624 ἐκά-

298 1666 435 1721 στην
470 1649 741 1719 ἐνετρύφα
771 1662 796 1689 ιι
832 1649 931 1720 τὴν
957 1649 1193 1721 ἡμέραν.
1222 1649 1318 1704 καὶ
1344 1650 1715 1704 ἐνεδιδύσκετο
1741 1651 1880 1722 λαμ-

300 1731 478 1804 πρῶς,
503 1731 890 1804 χαλεπωτέραν
922 1731 1099 1803 ἐαυτῷ
1121 1731 1377 1786 ἀνάπτων
1402 1732 1499 1805 τὴν
1520 1733 1761 1799 κόλασιν,
1786 1736 1881 1787 καὶ

300 1816 492 1889 μεῖζον
522 1816 584 1868 τὸ
617 1815 730 1888 πῦρ
758 1816 1122 1887 ἐργαζόμενος
1151 1817 1246 1869 καὶ
1273 1816 1706 1889 ἀπαραμύθητον
1728 1817 1880 1889 [79.0]

299 1899 483 1969 ἐαυτῷ
509 1899 676 1955 ποιῶν
704 1900 804 1972 τὴν
832 1900 1009 1971 δίκην,
1046 1901 1139 1954 καὶ
1170 1898 1556 1969 ἀσύγγνωστον
1585 1901 1682 1973 τὴν
1714 1919 1884 1973 τιμω-

301 1982 449 2053 ρίαν.

386 2108 445 2161 '0
472 2107 528 2161 δὲ
564 2107 732 2179 πένης
762 2106 989 2180 ἔρριπτο
1018 2107 1170 2179 παρά
1197 2108 1289 2162 τὸν
1314 2108 1536 2165 πυλῶνα
1563 2110 1751 2175 αὐτοῦ,
1793 2113 1886 2165 καί

300 2192 419 2245 οὔτ’
448 2191 912 2264 ἀπεδυσπέτησεν,
934 2190 1046 2245 οὐτ’
1073 2192 1518 2264 ἐϐλασφήμησεν,
1540 2194 1650 2247 οὐτ’
1682 2194 1887 2265 ἠγανά-

302 2293 505 2347 κτησεν
525 2294 539 2307 ·
567 2276 666 2329 οὐκ
684 2270 806 2329 εἷπε
827 2275 963 2347 πρὸς
993 2275 1215 2342 ἐαυτὸν,
1238 2275 1267 2330 δ
1311 2276 1496 2329 πολλοὶ
1534 2276 1788 2345 λέγουσι’
1831 2277 1884 2330 τί

301 2376 441 2414 ποτε
464 2359 619 2413 τοῦτό
641 2359 825 2425 ἐστιν;
853 2353 1006 2420 οὗτος
1030 2356 1130 2428 μὲν
1155 2358 1391 2429 πονηρίᾳ
1420 2357 1596 2423 συζῶν
1616 2360 1711 2412 καὶ
1739 2358 1886 2430 ὠμό-

301 2459 433 2512 τητι
457 2443 550 2495 καὶ
580 2440 967 2513 ἀπανθρωπίᾳ,
990 2440 1086 2494 καὶ
1114 2440 1223 2494 τῶν
1251 2441 1393 2513 ὑπὲρ
1416 2442 1515 2514 τὴν
1539 2441 1726 2513 χρείαν
1753 2441 1888 2494 ἀπο-

302 2526 465 2580 λαύει
490 2527 728 2590 πάντων,
764 2527 860 2580 καὶ
882 2524 991 2579 οὐδ’
1022 2523 1260 2595 ἀθυμίαν
1292 2524 1588 2596 ὑπομένει,
1621 2524 1729 2579 οὐδ’
1761 2524 1890 2579 ἀλλο

303 2626 363 2663 τι
410 2609 521 2663 τῶν
571 2609 868 2680 ἀδοκήτων,
925 2601 1012 2664 οἷα
1064 2607 1235 2663 πολλά
1291 2606 1355 2661 τά
1406 2607 1557 2681 παρά
1583 2607 1890 2681 ἀνθρώποις

304 2693 480 2757 ἐστὶν,
508 2692 643 2746 ἀλλά
662 2693 757 2747 καὶ
786 2690 1035 2763 καθαρὰν
1060 2691 1367 2763 καρποῦται
1394 2692 1494 2764 τὴν
1523 2692 1715 2766 ἡδονήν
1734 2710 1748 2722 ·
1778 2690 1890 2760 ἐγὼ

305 2776 369 2829 δέ
392 2776 512 2829 οὐδὲ
536 2776 635 2846 τῆς
656 2776 960 2843 ἀναγκαίας
985 2774 1094 2846 ἐχω
1125 2775 1332 2847 τροφῆς
1373 2778 1680 2848 μετασχεῖν.
1730 2773 1890 2829 Ἀλλά

304 2858 489 2931 τούτῳ
518 2859 614 2930 μὲν
645 2860 724 2922 εἰς
746 2857 1079 2929 παρασίτους
1103 2858 1197 2912 καὶ
1218 2858 1456 2924 κόλακας
1487 2860 1581 2913 καὶ
1619 2857 1791 2931 μέθην
1820 2857 1892 2913 τά

306 2944 444 2997 ὄντα
500 2941 713 2995 ἅπαντα
752 2939 1081 3003 δαπανῶντι,
1132 2939 1321 3012 ὥσπερ
1365 2944 1429 2995 ἐκ
1456 2942 1648 3012 πηγῶν
1678 2940 1894 2997 ἅπαντα

307 3026 564 3098 ἐπιρρεῖ-
606 3024 716 3093 ἐγὼ
743 3024 801 3078 δέ
836 3024 1187 3097 παράδειγμα
1209 3027 1323 3088 τοῖς
1356 3023 1526 3095 ὁρῶσι
1557 3027 1747 3095 κεῖμαι
1798 3025 1895 3079 καὶ

308 3108 547 3179 αἰσχύνη
576 3109 667 3161 καὶ
688 3108 881 3178 γέλως,
898 3106 1042 3180 λιμῷ
1056 3106 1376 3179 τηκόμενος.
1394 3102 1541 3179 ’Ἃρα
1565 3107 1738 3160 ταῦτα
1762 3124 1897 3179 προ-

306 3193 495 3259 νοίας;
529 3189 639 3264 ἀρα
667 3194 839 3264 ἐφορᾷ
859 3193 984 3263 δίκη
1005 3208 1092 3256 τις
1119 3190 1189 3245 τὰ
1218 3189 1535 3264 ἀνθρώπινα
1555 3191 1892 3263 πράγματα;

309 3279 485 3332 υύδέν
508 3278 713 3332 τούτων
745 3279 845 3332 οὐκ
889 3272 1062 3343 εἶπεν,
1097 3278 1196 3331 οὐκ
1230 3277 1501 3350 ἐνενόησε.
1534 3277 1703 3333 Πόθεν
1740 3278 1898 3333 τοῦτο

311 3363 511 3434 δῆλον;
566 3361 655 3429 Ἐξ
693 3355 770 3415 ὧν
799 3362 1087 3433 ἀπήγαγον
1122 3360 1285 3415 αὐτὸν
1324 3363 1372 3415 οἰ
1408 3360 1628 3431 ἄγγελοι
1671 3362 1899 3433 δορυφοο

316 3451 562 3523 ροῦντες,
598 3451 692 3503 καὶ
727 3451 807 3512 εἰς
829 3449 921 3502 τὸν
955 3447 1156 3503 κόλπον
1197 3446 1292 3501 τοῦ
1339 3447 1592 3519 Ἀϐραάμ
1624 3448 1897 3503 ἀποκατέ-

319 3550 530 3605 στησαν
551 3553 568 3568 ο
592 3533 692 3586 οὐκ
711 3532 778 3587 ἀν
803 3534 884 3595 δέ,
915 3534 967 3585 εἰ
998 3532 1319 3605 βλάσφημος
1348 3527 1439 3603 ἦν,
1489 3532 1758 3605 τοσαύτης
1795 3536 1901 3588 ἀπ-

315 3618 518 3673 έλαυσε
542 3617 727 3687 τιμῆς.
756 3615 912 3671 Οὕτω
943 3617 1042 3687 μέν
1073 3612 1166 3670 οὖν
1195 3617 1247 3669 οἰ
1273 3616 1459 3671 πολλοί
1474 3616 1560 3672 διά
1588 3618 1745 3672 τοῦτο
1773 3617 1903 3671 θαυ-

322 3700 561 3771 μάζουσι
584 3700 674 3752 τὸν
704 3698 988 3770 ἄνθρωπον
1017 3699 1210 3769 μόνον,
1244 3700 1331 3753 ὅτι
1371 3700 1430 3752 ἐν
1469 3699 1630 3770 πενίᾳ
1652 3695 1720 3771 ἦν
1744 3717 1758 3731 ’
1791 3698 1903 3769 ἐγὼ

317 3785 381 3837 δέ
404 3782 656 3852 δείκνυμι
676 3782 945 3853 τιμωρίας
970 3782 1125 3836 ἐννέα
1158 3783 1253 3836 τὸν
1305 3782 1540 3856 ἀριθμὸν
1580 3782 1741 3836 αὐτὸν
1778 3782 1903 3836 ὐπο-

324 3866 613 3938 μείναντα,
650 3866 750 3937 ούχ
798 3866 884 3919 ἵνα
912 3865 1226 3936 κολάζηται,
1261 3866 1375 3920 ἀλλ’
1405 3867 1492 3922 ῖνα
1524 3866 1904 3940 λαμπρότερος

323 3951 577 4022 γίνηται’
612 3950 747 4021 ὅπερ
773 3944 866 4003 οὖν
894 3949 988 4002 καὶ
1016 3949 1251 4019 ἐγένετο.

398 4078 583 4132 Δεινὸν
609 4076 708 4147 μέν
733 4076 844 4147 7&9
872 4076 1041 4142 δντως
1066 4079 1162 4132 καὶ
1190 4079 1223 4149 ή
1248 4079 1429 4144 πενία,
1459 4081 1553 4133 καὶ
1582 4079 1762 4134 ἴσασιν
1790 4080 1906 4134 ὅσοι

327 4166 531 4234 πεῖραν
558 4161 765 4231 ταύτης
791 4160 1049 4231 εἰλήφασι
1069 4178 1084 4192 ’
1108 4161 1266 4231 λόγος
1293 4163 1403 4233 7&9
1426 4163 1601 4227 οὐδεὶς
1620 4164 1909 4235 παραστῆ-

330 4264 425 4301 σαι
448 4245 737 4316 δυνήσεται
760 4243 859 4315 τὴν
883 4244 1097 4315 ὀδύνην,
1130 4246 1262 4317 ὅσην
1283 4246 1649 4318 ὑπομένουσιν
1676 4250 1727 4301 οί
1762 4264 1909 4302 πτω-

332 4330 456 4401 χεία
498 4327 789 4391 συζῶντες,
816 4328 913 4381 καὶ
943 4328 1255 4397 φιλοσοφεῖν
1284 4330 1386 4383 οὐκ
1429 4329 1651 4394 εἰδότες.
1701 4331 1823 4386 Ἐπὶ
1850 4332 1908 4386 δὲ

331 4413 427 4467 τοῦ
454 4411 706 4483 Λαζάρου
739 4412 798 4464 ού
827 4410 984 4464 τοῦτο
1013 4412 1172 4482 μόνον
1195 4407 1264 4483 ἦν
1304 4414 1367 4467 τὸ
1395 4413 1567 4467 δεινὸν
1586 4453 1601 4477 ,
1641 4414 1777 4468 ἀλλά
1815 4417 1911 4470 καὶ

334 4496 615 4568 ἀρρωστία
637 4494 785 4564 αὐτῷ
808 4494 836 4534 ι)
868 4495 1207 4563 συνέζευκτο,
1242 4498 1338 4550 καὶ
1368 4496 1508 4569 αὕτη
1538 4497 1657 4568 μεθ’
1679 4500 1912 4571 ὑπερϐο-

316 4582 456 4652 λῆς.
486 4581 597 4635 Καὶ
618 4582 718 4651 ὅρα
761 4579 878 4644 πῶς
913 4580 1180 4652 ἑκατέρας
1208 4580 1307 4644 τάς
1334 4582 1621 4655 συμφοράς
1641 4583 1911 4638 δείκνυσιν

333 4668 417 4729 εἰς
446 4665 617 4736 ἀκρον
660 4663 941 4728 ἐλθούσας.
970 4665 1093 4718 ’Ὁτι
1134 4666 1234 4736 μὲν
1286 4665 1396 4739 7&9
1430 4668 1613 4722 πᾶσαν
1641 4668 1833 4725 πενίαν
1876 4669 1910 4739 ὴ

333 4746 430 4801 τοῦ
457 4745 710 4819 Λαζάρου
728 4745 889 4801 πενία
909 4747 1029 4801 τότε
1065 4747 1342 4820 ἐνίκησεν,
1372 4748 1572 4814 ἔδειξεν
1601 4752 1791 4817 εἰπὼν,
1831 4751 1913 4806 ὅτι

334 4831 458 4885 οὐδὲ
485 4831 593 4885 τῶν
632 4831 829 4902 ψιχίων
874 4830 1120 4905 ἀπήλαυε
1180 4833 1287 4887 τῶν
1320 4834 1626 4891 πιπτόντων
1672 4836 1781 4891 ἀπὸ
1815 4839 1915 4909 τῆς

322 4914 619 4989 τραπέζης
646 4914 741 4968 τοῦ
767 4914 1019 4969 πλουσίου
1040 4932 1053 4945 ·
1088 4916 1171 4969 ὅτι
1198 4915 1255 4970 δέ
1280 4915 1375 4970 καὶ
1401 4919 1434 4988 ή
1468 4917 1751 4990 ἀρρωστία
1780 4920 1915 4994 πρὸς

337 4998 400 5052 τδ
424 4996 560 5051 αὐτὸ
589 4997 786 5069 μέτρον
809 4997 1035 5067 ἐφθάκει
1056 5001 1122 5070 τῇ
1147 4998 1327 5070 πενίᾳ,
1359 5000 1478 5071 μεθ’
1498 5001 1526 5055 ὃ
1544 5001 1729 5057 λοιπὸν
1755 5004 1916 5056 ἐκτα-

340 5081 505 5153 θῆναι
528 5081 629 5135 οὐκ
645 5076 735 5153 ῆν,
764 5082 859 5135 καὶ
890 5081 1049 5135 τοῦτο
1067 5082 1201 5136 αὐτὸ
1226 5082 1387 5136 πάλιν
1428 5083 1717 5157 ἐδήλωσεν,
1748 5086 1915 5141 εἰπὼν

339 5167 426 5220 ὅτι
455 5167 507 5220 οἰ
530 5167 690 5231 κύνες
708 5166 992 5238 ἀπέλειχον
1014 5167 1083 5221 τὰ
1113 5167 1245 5240 ἐλκη
1268 5169 1455 5224 αὐτοῦ.
1484 5171 1672 5237 Οὕτως
1710 5169 1779 5246 ἦν
1829 5175 1917 5242 ἐξ·

338 5249 683 5321 ησθενηκὼς,
697 5251 774 5315 ὡς
800 5251 934 5322 μηδέ
953 5252 1081 5315 τοὺς
1101 5250 1270 5316 κύνας
1283 5252 1622 5324 ἀποσοϐῆσαι
1638 5257 1916 5322 δύνασθαι,

338 5333 482 5389 ἀλλά
508 5336 704 5407 νεκρὸς
752 5336 993 5408 ἔμψυχος
1019 5336 1217 5404 ἔκειτο,
1263 5338 1519 5403 ἐπιόντας
1577 5341 1678 5412 μὲν
1722 5344 1921 5408 αὐτοὺς

411 5559 439 5628 ξ
462 5559 604 5628 ῌῃυε
623 5575 712 5628 [τιςζ
736 5564 901 5620 συνέζη
914 5564 1027 5628 καθ’
1050 5563 1253 5622 ἑκάστην
1272 5565 1474 5628 τρυφῶν.

408 5619 439 5665 δ
460 5623 565 5676 Alii
591 5624 847 5688 rhénlii
873 5619 1012 5684 αὐτῇ,

1505 201 1593 257 DE
1632 203 1907 261 LAZARU
1944 208 2202 264 CONCIO
2243 211 2282 268 1.

1980 328 2221 401 θεωρῶν,
2256 330 2779 402 ἀμύνασθιῖΓδέὍύκ
2810 334 3030 404 ἰσχύων.
3076 336 3263 402 υύτως
3299 338 3446 412 αὐτῷ
3473 345 3545 400 τά

1978 419 2114 490 μέλη
2140 424 2385 491 παρεῖτο,
2415 422 2557 476 οὕτω
2582 425 2934 497 τεταρίχευτο
2959 428 3025 498 τῇ
3051 428 3367 501 ἀρρωστίᾳ,
3405 431 3546 486 οὔτω

1974 510 2308 584 δεδαπάνητο
2329 513 2406 584 τῷ
2438 517 2749 589 πειρασμῷ.
2779 517 2931 583 Εἶδες
2959 521 3078 590 μετ’
3103 520 3279 592 ἄκρας
3311 525 3548 594 ὑπερϐο-

1975 604 2075 675 λῆς
2103 605 2198 659 καί
2224 607 2323 678 τῆν
2354 610 2547 663 πενίαν
2581 612 2675 663 καὶ
2699 611 2798 683 τὴν
2827 612 3137 683 ἀρρωστίαν
3170 624 3193 652 ο
3229 612 3547 680 πολιορκοῦ-

1977 713 2076 749 σαν
2098 697 2262 750 αὐτοῦ
2288 699 2348 751 τὸ
2376 700 2565 771 σῶμα;
2595 702 2658 755 Εἰ
2676 701 2732 754 δὲ
2758 700 2876 755 καθ’
2899 702 3061 756 ἑαυτὸ
3088 703 3293 755 τούτων
3321 703 3550 756 ἕκαστον

1976 788 2252 860 ἀφόρητον
2288 791 2381 844 καὶ
2412 792 2603 857 δεινὸν,
2644 795 2774 847 ὅταν
2798 793 2932 864 ὁμοῦ
2983 794 3447 865 συμπεπλεγμένα
3493 792 3549 867 ᾖ,

1976 881 2094 945 πῶς
2114 883 2214 936 οὐκ
2261 883 2472 955 ἀδάμας
2502 903 2585 949 τις
2617 881 2684 957 ἦν
2721 886 2750 938 ό
2786 885 2961 940 ταῦτα
2993 886 3313 957 ύπομένων;
3363 886 3553 939 Πολλοὶ

1977 974 2238 1039 πολλάκις
2261 977 2655 1048 ἀρῤωστοῦσιν,
2685 979 2822 1033 ἀλλά
2848 980 2949 1049 τῆς
2974 979 3281 1047 ἀναγκαίας
3304 979 3406 1032 οὐκ
3424 980 3553 1033 ἀπο-

1983 1067 2133 1138 ροῦσι
2192 1069 2425 1139 τροφῆς·
2467 1070 2615 1124 ἄλλοι
2673 1071 2834 1142 πενίᾳ
2890 1070 3263 1140 μένσυζῶσιν
3306 1071 3551 1143 ἐσχάτῃ,

1979 1157 2095 1211 ἀλλ’
2126 1150 2338 1228 ὑγιείας
2360 1160 2713 1226 ἀπολαύουσι,
2747 1162 2839 1215 καὶ
2861 1162 3088 1232 θάτερον
3120 1161 3349 1233 θατέρου
3377 1179 3551 1232 παρα-

1984 1249 2149 1320 μυθία
2173 1249 2413 1319 γίνεται·
2446 1251 2680 1306 ἐνταῦθα
2722 1252 2779 1304 δὲ
2810 1251 3097 1323 ἀμφότερα
3134 1251 3312 1306 ταῦτα
3346 1251 3551 1305 συνεδε-

1979 1342 2270 1414 δραμήκει.
2307 1342 2445 1396 Ἀλλ’
2476 1342 2620 1414 ἔχεις
2656 1344 2747 1414 μοί
2786 1361 2907 1397 τινα
2935 1345 3112 1397 εἰπεῖν
3146 1344 3241 1397 καὶ
3283 1344 3341 1397 ἐν
3376 1344 3557 1416 ἀρῤω-

1982 1432 2105 1503 στίᾳ
2132 1431 2259 1486 ὄντα
2286 1434 2379 1486 καὶ
2406 1435 2463 1487 ἐν
2487 1433 2663 1505 πενίᾳ.
2697 1434 2837 1487 Ἀλλ’
2864 1436 2963 1488 οὐκ
2984 1436 3041 1487 ἐν
3062 1434 3268 1507 ἐρημία
3294 1434 3554 1508 τοσαύτῃ.

1981 1525 2044 1577 EE
2069 1525 2177 1597 7&9
2204 1526 2297 1579 καὶ
2332 1525 2406 1596 μή
2442 1527 2571 1598 παρ’
2602 1528 2796 1580 ἑαυτοῦ
2824 1527 2960 1598 μηδέ
2996 1526 3147 1600 [721]
3179 1526 3409 1593 οἴκοθεν,
3439 1524 3556 1581 ἀλλ’

1983 1617 2089 1671 ὑπὸ
2130 1617 2236 1673 τῶν
2267 1617 2518 1689 ὁρώντων
2552 1618 2818 1672 ἐλεεῖσθαι
2848 1619 3063 1673 δύναιτο
3091 1619 3157 1672 ἂν
3199 1621 3277 1682 εἰς
3302 1618 3362 1671 τὸ
3394 1618 3558 1688 μέσον

1983 1710 2343 1783 προκείμενος
2363 1728 2376 1741 ·
2408 1710 2583 1781 τούτῳ
2608 1710 2666 1764 δέ
2706 1709 2776 1764 τὰ
2802 1710 3176 1783 προειρημένα
3214 1708 3361 1762 δεινά
3402 1708 3560 1779 χαλε-

1984 1800 2206 1871 πώτερα
2231 1800 2404 1852 ἐποίει
2437 1798 2686 1868 γίνεσθαι
2720 1798 2829 1851 τῶν
2873 1798 3337 1870 προστησομένων
3366 1798 3400 1868 ή
3434 1798 3563 1866 ἐρη-

1985 1892 2087 1962 μία
2109 1908 2123 1921 ⁸
2163 1892 2258 1945 καὶ
2293 1891 2465 1963 αὐτὴν
2512 1890 2714 1962 ταύτην
2755 1890 2917 1945 πάλιν
2968 1888 3356 1959 χαλεπωτέραν
3389 1889 3488 1940 ἐπο
3520 1908 3557 1928 -υ

1985 1983 2271 2053 φαίνεσθαι
2289 1982 2350 2036 τὸ
2376 1984 2434 2037 ἐν
2456 1983 2660 2036 πυλῶνι
2689 1982 2903 2038 κεῖσθαι
2928 1982 3020 2035 τοῦ
3056 1981 3328 2035 πλουσίου.
3366 1980 3430 2033 El
3464 1978 3562 2048 μὲν

1985 2072 2096 2146 γάρ
2125 2074 2218 2127 ἐπὶ
2239 2073 2340 2144 τῆς
2356 2074 2567 2145 ἐρήμου
2588 2073 2681 2127 καὶ
2704 2073 2801 2144 τῆς
2822 2073 3080 2142 ἀοικήτου
3105 2071 3376 2141 κείμενος,
3408 2067 3561 2121 ταῦτ.

1986 2164 2190 2235 ἔπασχε
2239 2165 2335 2218 καὶ
2373 2165 2718 2237 παρεωρᾶτο,
2763 2164 2865 2217 οὐκ
2905 2162 2971 2216 ἂν
3021 2162 3194 2225 οὕτως
3228 2160 3469 2231 ήλγησεο
3501 2158 3563 2210 τὸ

1986 2253 2104 2326 7&9
2131 2253 2335 2327 μηδένα
2360 2257 2612 2326 παρεῖναι
2657 2253 2751 2307 καὶ
2789 2253 2989 2308 ἄκοντα
3047 2252 3233 2321 φέρειν
3264 2247 3448 2303 ἔπειθε
3492 2245 3564 2300 τά

1989 2348 2355 2419 συμϐαίνοντα
2382 2346 2410 2387 (ι
2431 2364 2444 2377 ·
2467 2347 2527 2401 τὸ
2553 2346 2611 2401 δὲ
2636 2348 2695 2399 ἐν
2720 2346 2871 2418 μέσῳ
2895 2345 3163 2400 τοσούτων
3189 2342 3442 2415 κείμενον
3468 2358 3564 2413 με-

1988 2438 2244 2503 θυόντων,
2272 2437 2709 2512 εὐημερούντων,
2731 2437 2883 2511 παρά
2913 2437 3141 2509 μηδενὸς
3174 2434 3310 2506 μηδέ
3338 2433 3439 2504 τῆς
3466 2448 3564 2485 τυ-

1988 2530 2189 2603 χούσης
2212 2530 2530 2603 ἐπιμελείας
2554 2530 2844 2601 τυγχάνειν
2860 2570 2875 2596 ,
2900 2527 3234 2599 δριμυτέραν
3259 2526 3431 2580 ἐποίει
3454 2522 3564 2575 τῶν

1988 2620 2190 2674 ὀδυνῶν
2219 2619 2464 2689 γίνεσθαι
2494 2619 2597 2691 τὴν
2630 2618 2903 2690 αἴσθησιν,
2922 2616 3018 2671 καὶ
3051 2616 3150 2687 τὴν
3186 2614 3427 2685 ἀθυμίαν
3481 2611 3567 2677 ἐξ·

1943 2752 1949 2757 .
1991 2712 2144 2767 έκαιε
2163 2710 2386 2783 μᾶλλον.
2405 2710 2479 2764 υύ
2503 2709 2613 2782 γάρ
2628 2709 2801 2773 οὕτως
2815 2707 3064 2763 ἀπόντων
3076 2705 3187 2760 τῶν
3204 2696 3563 2776 βοηθούντων,

1990 2802 2068 2867 ὡς
2100 2803 2384 2876 παρόντων
2442 2802 2560 2873 μέν,
2616 2801 2719 2855 οὐκ
2750 2801 3042 2854 ἐθελόντων
3073 2798 3129 2854 δέ
3164 2796 3353 2869 ὀρέξαι
3385 2796 3563 2866 χεῖρα,

1990 2893 2283 2948 δάκνεσθαι
2313 2892 2637 2964 πεφύκαμεν
2663 2895 2721 2946 ἐν
2748 2893 2871 2955 ταῖς
2900 2891 3207 2962 συμφοραῖς
3230 2904 3246 2920 ο
3292 2888 3431 2957 ὅπερ
3473 2879 3569 2938 οὖν

1993 2988 2244 3049 κάκεῖνος
2289 2986 2411 3039 τότε
2467 2984 2725 3054 ἔπασχεν.
2761 2982 2951 3045 Οὐδεὶς
2988 2981 3098 3053 7&9
3136 2976 3228 3051 ἦν,
3253 2979 3353 3049 οὐχ
3372 2978 3404 3031 ό
3426 2975 3572 3046 λόγῳ

1994 3074 2351 3149 παρακαλῶν,
2377 3073 2473 3145 οὐχ
2502 3075 2531 3127 ὀ
2559 3073 2705 3144 ἔργῳ
2746 3070 3262 3144 παραμυθούμενος,
3299 3067 3360 3121 οὐ
3395 3066 3567 3136 φίλος,

1995 3170 2057 3223 οὐ
2082 3168 2297 3239 γείτων,
2329 3168 2392 3221 οὐ
2422 3165 2707 3238 συγγενὴς,
2734 3165 2796 3219 οὐ
2824 3164 2934 3218 τῶν
2966 3162 3216 3234 ὁρώντων
3237 3161 3432 3226 οὐδεὶς,
3461 3159 3571 3212 πά-

2000 3277 2099 3331 σης
2130 3258 2232 3330 τῆς
2261 3257 2358 3313 τοῦ
2390 3257 2644 3311 πλουσίου
2672 3255 3074 3327 διεφθαρμένης
3101 3252 3299 3316 οἰκίας.

2072 3399 2252 3457 ι’.Ἕτι
2278 3403 2415 3476 πρὸς
2433 3402 2645 3466 τούτοις
2665 3402 2861 3473 ἑτέραν
2878 3398 3026 3471 αὐτῷ
3046 3396 3364 3471 προσθήκην
3383 3395 3574 3467 ὀδύνης

1998 3497 2231 3550 ἐνεποίει
2252 3496 2315 3551 τδ
2337 3497 2432 3551 καὶ
2460 3495 2644 3568 ἕτερον
2662 3493 3045 3566 εὐπραγοῦντα
3066 3494 3199 3566 ὀρᾷν
3216 3509 3231 3524 ο
3263 3493 3364 3545 οὐκ
3388 3490 3576 3560 ἐπειδὴ

2002 3590 2270 3661 βάσκανος
2308 3585 2377 3661 ἦν
2424 3590 2520 3642 καὶ
2551 3588 2807 3660 πονηρὸς,
2860 3586 2977 3639 ἀλλ’
3022 3584 3211 3656 ἐπειδὴ
3252 3582 3577 3654 πεφύκαμεν

2002 3684 2238 3745 ἅπαντες
2268 3682 2327 3736 ἐν
2347 3683 2469 3743 ταῖς
2492 3680 2696 3750 ἐτέρων
2721 3678 3041 3750 εὐημερίαις
3067 3675 3456 3748 ἀκριϐέστερον
3478 3674 3577 3736 τὰς

2001 3776 2209 3839 οἰκείας
2229 3772 2667 3845 καταμανθάνειν
2698 3773 3005 3844 συμφοράς.
3049 3770 3172 3824 Ἐπὶ
3202 3770 3260 3823 δέ
3292 3767 3387 3822 τοῦ
3418 3767 3581 3820 πλου-

2004 3869 2120 3922 σίου
2172 3867 2269 3921 καὶ
2299 3866 2482 3937 μεῖζον
2516 3864 2723 3936 προσῆν
2760 3862 2909 3934 αὐτῷ
2950 3864 3137 3933 ἕτερον
3169 3860 3229 3915 τὸ
3282 3860 3580 3930 δυνάμενον

2005 3961 2167 4015 αὐτὸν
2186 3960 2391 4015 δακεῖν.
2418 3959 2493 4013 Οὐ
2517 3958 2626 4030 γὰρ
2656 3957 2722 4029 δὴ
2762 3956 2921 4027 μόνον
2960 3956 3082 4018 ταῖς
3120 3953 3440 4025 εὐημερίαις
3461 3955 3581 4014 ταῖς

1994 4054 2216 4106 ἐκείνου
2250 4052 2559 4124 συγκρίνων
2587 4049 2684 4123 τὴν
2722 4045 2918 4102 ἐαυτοῦ
2945 4046 3288 4118 δυσπραγίαν
3307 4082 3323 4108 ,
3361 4045 3584 4115 μείζονα

2006 4147 2107 4218 τὴν
2143 4143 2394 4215 αῖσθησιν
2416 4142 2687 4214 ἐλάμϐανε
2716 4141 2824 4196 τῶν
2851 4139 3069 4194 οἰκείων
3092 4136 3300 4200 κακῶν,
3330 4134 3469 4189 ἀλλά
3490 4136 3585 4187 καὶ

2007 4240 2376 4311 λογιζόμενος,
2422 4238 2504 4291 δτι
2530 4238 2560 4290 ὀ
2594 4238 2692 4308 μὲν
2721 4236 2838 4306 μετ’
2860 4233 3143 4305 ὠμότητος
3170 4233 3266 4286 καὶ
3295 4228 3585 4300 ἀπανθρω-

2010 4333 2141 4396 πίας
2168 4331 2299 4395 ζῶν,
2327 4333 2385 4385 ἐν
2413 4330 2617 4385 ἅπασιν
2641 4327 2937 4389 εὐοδοῦται,
2960 4319 3116 4390 οὗτος
3137 4325 3194 4379 δέ
3228 4322 3366 4396 μετά
3384 4321 3587 4394 ἀρετῆς

2009 4423 2106 4477 καὶ
2138 4420 2437 4486 ἐπιεικείας
2468 4420 2538 4473 τά
2582 4418 2787 4489 ἔσχατα
2844 4418 3044 4488 πάσχει
3083 4413 3266 4470 δεινά’
3297 4412 3393 4467 καὶ¹
3434 4410 3587 4465 ἐνθεν

2011 4506 2443 4581 ἀπαραμύθητον
2473 4508 2573 4579 τὴν
2618 4506 2852 4578 ἀθυμίαν
2881 4504 3042 4559 πάλιν
3068 4504 3358 4576 ὑπέμενεν.
3387 4502 3450 4555 Εἰ
3480 4500 3590 4571 γὰρ

2011 4600 2219 4665 δίκαιος
2245 4597 2333 4673 ἢν,
2360 4603 2409 4655 εί
2433 4600 2542 4672 7&9
2557 4601 2827 4672 ἐπιεικὴς,
2851 4601 2899 4654 εἰ
2923 4599 3032 4675 7&9
3055 4595 3409 4670 θαυμαστὺςό
3429 4595 3588 4666 ἀνὴρ,

2015 4695 2066 4748 εἰ
2094 4693 2202 4764 7&9
2230 4692 2411 4763 πάσης
2440 4693 2628 4764 γέμων
2660 4693 2881 4765 ἀρετῆς,
2908 4692 3007 4745 οὐκ
3038 4691 3103 4745 ἂν
3135 4690 3298 4744 αὐτὸν
3327 4688 3587 4758 ἐλύπησε*

2016 4786 2218 4842 νυνὶ.δέ
2246 4787 2343 4842 καὶ
2375 4786 2610 4859 πονηρίᾳ
2637 4784 2836 4851 συζῶν,
2870 4782 3122 4854 καὶπρὸς
3141 4781 3369 4852 ἔσχατον
3394 4777 3591 4841 κακίας

2017 4880 2326 4954 ἐληλακὼς,
2360 4881 2455 4935 καὶ
2478 4878 2752 4945 τοσαύτην
2793 4873 3189 4947 ἀπανθρωπίαν
3216 4870 3594 4941 ἐπιδεικνύμε-

2017 4991 2126 5040 νος,
2155 4974 2251 5028 καὶ
2278 4972 2347 5027 τά
2371 4970 2478 5025 τῶν
2502 4970 2712 5042 ἐχθρῶν
2736 4966 2913 5022 αὐτῶν
2947 4964 3263 5029 θδιατιθεὶς,
3289 4964 3382 5016 καὶ
3404 4960 3593 5033 ῶσπερ

2016 5065 2164 5120 λίθον
2196 5065 2359 5119 αὐτὸν
2408 5062 2769 5137 παρατρέχων
2806 5056 3173 5129 ἀναισχύντως
3203 5054 3299 5110 καὶ
3343 5053 3591 5119 ἀνιλέως,

2021 5158 2116 5212 καὶ
2144 5156 2283 5228 μςτά
2301 5155 2474 5210 ταῦτα
2503 5154 2679 5208 πάντα
2700 5151 2968 5222 τοσαύτης
2994 5148 3283 5204 ἀπολαύων
3308 5146 3592 5218 εὐπορίαςο

2089 5446 2112 5473 °
2140 5441 2234 5491 Alii
2256 5447 2309 5489 el
2325 5438 2475 5487 Savil.
2497 5439 2545 5486 in
2573 5448 2724 5495 marg.
2748 5435 2827 5483 καὶ
2846 5435 2927 5482 τὸν
2949 5434 3085 5495 λιμὸν
3108 5433 3188 5481 καὶ
3207 5433 3293 5491 τὴν
3312 5429 3595 5497 ἀρρωστίαν.

2071 5502 2116 5578 ,ἃ
2137 5504 2287 5553 Savil.
2313 5503 2364 5551 in
2390 5513 2543 5561 marg.
2569 5501 2629 5548 τὰ
2653 5494 3208 5557 συμπίπτοντα,⁷αιίψιοι
3243 5494 3444 5545 ιιιεε.’τόι
3480 5506 3594 5555 me

2027 5568 2189 5616 ϐάντα.

2090 5629 2110 5651 '
2129 5625 2279 5677 Savil.
2302 5626 2354 5675 in
2380 5629 2518 5672 textu
2541 5627 2593 5671 el
2611 5621 2804 5682 quidam
2827 5620 2908 5669 alii
2927 5618 3083 5669 αὐτόν.
