4018 6190
293 294 388 348 977

284 401 678 468 misericordia,
703 399 931 471 denique
947 414 1102 468 super
1128 396 1240 452 haec
1266 397 1465 460 omnia,
1491 405 1633 450 tanta
1658 398 1866 466 potiens

283 511 467 553 rerum
495 495 673 564 copia,
701 492 874 562 cogita
898 505 1057 560 quam
1090 488 1363 558 probabile
1403 491 1495 553 sit,
1524 487 1669 541 velut.
1697 485 1864 540 alter-

282 588 368 642 nis
397 585 645 641 ﬂuctibus
672 583 978 638 demersum
1006 579 1252 650 pauperis
1279 578 1512 633 animum
1547 575 1735 632 fuisse.
1764 576 1866 631 Co-

280 681 391 747 gita
434 677 663 747 qualiter
690 673 937 729 aﬂ‘ectum
966 671 1134 727 fuisse
1159 670 1416 726 Lazarum
1451 678 1863 725 consentaneum

278 774 373 836 sit,
394 785 517 825 cum
535 768 744 824 videret
773 765 1052 836 parasitos,
1075 764 1397 830 adulatores,
1424 762 1649 816 famulos
1677 775 1867 817 ascen-

279 867 490 926 dentes,
519 858 940 921 descendentes,
969 856 1324 925 egredientes,
1353 853 1731 924 ingredientes,
1760 851 1867 907 cir-

279 960 704 1013 cumcursantes,
740 947 1144 1010 tumultuantes,
1168 944 1363 1010 ebrios,
1396 944 1671 1006 salientes,
1705 958 1865 998 omne

284 1045 512 1101 lascivia:
531 1058 700 1114 genus
718 1040 1029 1097 exhibentes
1044 1057 1058 1092 :
1071 1040 1220 1110 quasi
1239 1038 1379 1092 enim
1404 1045 1624 1108 prepter
1650 1036 1752 1091 hoc
1773 1051 1866 1091 ve-

280 1136 470 1201 nisset,
487 1143 547 1188 ut
568 1142 711 1188 esset
735 1132 1030 1186 alienorum
1052 1130 1311 1185 bonorum
1343 1129 1514 1194 testis,
1535 1128 1603 1181 ita
1625 1127 1676 1182 in
1703 1127 1867 1181 vesti-

280 1229 409 1283 bulo
433 1227 704 1298 projectus
724 1233 856 1289 erat,
873 1224 1044 1279 solum
1066 1223 1186 1277 vitae
1205 1230 1408 1276 tantum
1436 1220 1659 1289 habens,
1689 1229 1747 1275 ut
1766 1235 1863 1275 sua

280 1321 419 1375 mala
441 1319 642 1375 sentire
666 1325 865 1388 posset,
888 1316 940 1370 in
968 1323 1122 1387 portu
1146 1314 1344 1369 faciens
1371 1312 1721 1383 naufragium,
1739 1311 1865 1382 jux-

281 1421 331 1466 ta
351 1411 553 1465 fontem
582 1408 959 1463 molestissima
985 1405 1073 1461 siti
1102 1402 1451 1459 discruciatus
1478 1402 1678 1457 animo.

354 1501 705 1568 Proverbium,
732 1501 785 1554 in
815 1508 961 1570 portu
986 1497 1408 1569 naufragium.—
1428 1494 1611 1550 Dicam
1639 1501 1693 1547 ct
1716 1490 1861 1546 aliud

276 1594 548 1665 quoddam
571 1601 767 1662 prmter
787 1591 900 1646 ιιωο
921 1588 1150 1644 malum:
1178 1603 1280 1642 non
1301 1595 1504 1657 poterat
1520 1585 1747 1640 alterum
1776 1586 1860 1638 vi-

276 1690 411 1746 dere
452 1689 732 1742 Lazarum.
774 1684 905 1740 Nam
937 1697 1036 1739 nos
1068 1681 1273 1737 etiamsi
1303 1681 1576 1735 innumera
1601 1680 1863 1748 patiamur

277 1780 445 1844 mala,
468 1779 724 1833 habemus
745 1785 920 1830 tamen
949 1773 1018 1829 ad
1039 1774 1184 1828 illum
1206 1781 1529 1843 spectantes,
1553 1770 1694 1826 unde
1714 1768 1862 1824 sufﬁ-

276 1872 511 1925 cientem
536 1868 857 1937 accipiamus
876 1862 1312 1925 consolatiunem,
1342 1875 1696 1931 magnumque
1726 1858 1863 1913 fera-

275 1976 402 2015 mus
432 1958 688 2015 molestia:
715 1956 1138 2012 delinimentum.
1184 1952 1315 2007 Nam
1355 1952 1616 2006 malorum
1647 1958 1858 2005 nostru-

276 2068 401 2108 rum
442 2050 674 2120 reperire
701 2056 1012 2114 consortes,
1040 2045 1152 2100 sive
1180 2044 1233 2098 in
1263 2042 1436 2109 factis,
1467 2043 1578 2097 sive
1609 2042 1661 2095 in
1682 2041 1859 2104 dictis,

278 2145 510 2199 multum
538 2142 694 2197 aﬂ’ert
726 2139 898 2196 solatii
926 2137 1249 2210 lugentibus.
1280 2135 1374 2191 ille
1420 2149 1548 2190 vero
1593 2133 1859 2190 neminem

273 2236 444 2289 alium
469 2232 713 2297 habebat,
731 2229 798 2285 ad
814 2244 975 2300 quem
1001 2227 1290 2296 respiceret
1305 2224 1489 2281 eadem
1506 2239 1624 2280 eum
1642 2224 1731 2279 illo
1749 2238 1863 2293 pas-

272 2342 424 2393 sum,
454 2326 561 2379 imo
588 2339 657 2379 ne
679 2323 864 2378 audire
887 2321 1099 2392 quidem
1126 2330 1335 2391 poterat
1360 2318 1427 2374 de
1453 2333 1741 2390 quoquam,
1768 2317 1858 2387 qui

274 2418 544 2489 majorum
569 2416 733 2486 ipsius
749 2424 904 2471 aetate
923 2424 1029 2469 tam
1049 2412 1238 2467 acerba
1261 2412 1617 2467 sustinuisset.
1641 2410 1753 2465 Hoc
1767 2426 1862 2464 au-

274 2521 390 2565 tem
409 2509 536 2563 satis
554 2517 633 2562 est
651 2506 718 2560 ad
744 2505 1099 2560 inducendum
1122 2504 1300 2558 animo
1320 2502 1620 2574 caliginem.
1636 2502 1859 2558 Possum

273 2611 334 2655 et
351 2598 496 2653 aliud
528 2597 611 2653 his
630 2595 875 2651 omnibus
900 2593 1117 2661 addere,
1143 2592 1392 2648 videlicet
1418 2591 1560 2663 quod
1588 2608 1657 2648 ne
1682 2592 1751 2647 de
1775 2608 1862 2647 re-

272 2689 610 2746 surrectione
643 2686 856 2757 quidem
886 2684 1172 2756 quidquam
1202 2684 1435 2745 noluerit
1459 2684 1821 2754 philosophari
1841 2725 1857 2751 ,

274 2781 378 2840 sed
409 2781 565 2849 hujus
586 2780 709 2834 vita:
737 2794 822 2833 res
848 2776 1093 2833 Crederet
1116 2774 1271 2847 hujus
1292 2776 1413 2830 vita:
1436 2776 1542 2831 tlne
1561 2777 1855 2831 terminari.

275 2874 411 2927 Erat
439 2870 582 2925 enim
610 2885 673 2925 ex
701 2883 885 2924 eorum
918 2881 1177 2933 numero,
1211 2867 1300 2936 qui
1328 2865 1550 2935 gratiam
1588 2866 1859 2936 Evangelii

282 2968 699 3031 praecesserunt.
725 2958 877 3027 Quod
906 2957 952 3012 si
974 2972 1114 3012 nunc
1139 2956 1220 3011 his
1247 2956 1571 3026 temporibus
1594 2965 1712 3025 post
1739 2964 1860 3009 tan-

274 3063 393 3107 tam
415 3052 505 3106 Dei
522 3052 897 3123 cognitionem,
913 3059 1034 3121 post
1046 3048 1284 3120 egregias
1294 3047 1697 3104 resurrectionis
1713 3062 1857 3118 spes,

275 3152 407 3215 post
448 3143 555 3198 illic
582 3142 809 3212 reposita
850 3139 1190 3212 peccantibus
1214 3138 1493 3209 supplicia,
1524 3146 1645 3208 post
1678 3148 1858 3208 parata

275 3238 348 3291 iis
388 3235 475 3305 qui
504 3244 651 3289 recte
676 3235 924 3288 vixerunt
950 3233 1109 3296 bona,
1155 3230 1291 3285 adeo
1330 3229 1552 3299 dejectis
1578 3230 1770 3283 animis
1796 3241 1861 3283 ac

276 3326 498 3382 miseris
525 3333 650 3380 sunt
670 3325 930 3391 nonnulli,
959 3332 1019 3377 ut
1046 3338 1115 3377 ne
1136 3321 1324 3377 horum
1351 3320 1568 3391 quidem
1588 3329 1860 3390 exspecta-

277 3422 431 3475 tione
458 3419 791 3488 corrigantur
814 3432 830 3483 ;
858 3415 984 3486 quid
1011 3412 1224 3469 tandem
1248 3422 1331 3468 est
1357 3412 1643 3483 putandum
1674 3412 1751 3467 illi
1772 3427 1862 3467 ac-

274 3511 499 3576 cidisse,
550 3510 709 3564 etiam
759 3505 1141 3562 hac'destituto
1186 3504 1420 3559 ancora?
1460 3503 1588 3558 Nam
1619 3502 1711 3559 ille
1757 3503 1860 3558 tale

276 3601 417 3656 nihil
444 3615 691 3671 umquam
736 3597 1095 3669 pliilOSOphari
1127 3597 1316 3664 potuit,
1342 3610 1407 3650 eo
1436 3594 1578 3665 quod
1624 3593 1857 3649 nondum

277 3691 587 3746 advenisset
629 3697 838 3760 tempus
880 3687 1139 3758 ejusmodi
1186 3686 1511 3756 dogmatum.
1543 3685 1624 3739 Ad
1656 3685 1771 3740 haec
1806 3694 1862 3740 ct

276 3782 425 3838 aliud
447 3782 693 3851 quiddam
724 3780 966 3845 accessit,
998 3780 1138 3850 quod
1165 3788 1218 3834 et
1244 3778 1382 3834 fama
1412 3778 1577 3849 ipsius
1599 3777 1737 3848 apud
1758 3777 1858 3833 ho-

281 3872 459 3926 mines
487 3870 821 3940 impudentes
851 3869 1234 3925 traduceretur.

355 3961 633 4017 Calamitas
657 3962 782 4031 facit
804 3962 1074 4016 obnoxium
1096 3960 1371 4030 suspicioni
1389 3960 1613 4016 malitite.
1633 3960 1861 4016 —Solet

278 4057 428 4112 enim
476 4056 748 4110 hominum
779 4054 990 4124 vulgus,
1041 4053 1128 4108 ubi
1172 4068 1308 4123 quos
1352 4053 1583 4107 viderint
1623 4053 1676 4108 in
1724 4053 1860 4107 fame

280 4156 646 4217 perpetuoque
687 4145 874 4201 morbo
915 4155 969 4201 et
1009 4145 1261 4200 extremis
1285 4155 1500 4213 agentes
1542 4144 1715 4208 malis,
1761 4158 1861 4199 nec

280 4241 589 4309 opinionem
621 4238 689 4292 de
717 4238 797 4293 eis
823 4236 1021 4291 habere
1048 4236 1262 4301 bonam,
1291 4235 1383 4289 sed
1410 4251 1474 4289 ex
1503 4235 1613 4303 ipsa
1640 4235 1857 4289 calami-

283 4341 397 4384 tate
424 4330 691 4383 aestimare
718 4328 899 4389 vitam,
925 4337 979 4381 et
1003 4325 1222 4381 omnino
1243 4324 1483 4393 judicare
1510 4325 1630 4378 illos
1649 4324 1719 4377 ob
1746 4339 1861 4377 ma-

283 4420 454 4473 litiam
480 4419 556 4473 sic
599 4418 797 4489 affligi:
838 4417 1047 4486 aliaque
1077 4415 1236 4470 multa
1266 4413 1422 4484 hujus
1460 4415 1673 4484 generis
1723 4415 1861 4469 inter

281 4527 346 4567 se
375 4511 681 4580 loquuntur,
713 4509 872 4562 stulte
910 4506 1123 4577 quidem
1174 4505 1273 4571 illi,
1315 4506 1606 4575 loquuntur
1639 4514 1857 4559 tamen:

280 4601 373 4655 hic
416 4601 463 4654 si
513 4600 621 4654 Deo
646 4614 800 4653 carus
823 4605 987 4660 esset,
1019 4611 1346 4667 nequaquam
1378 4596 1550 4666 ipsum
1581 4595 1634 4649 in
1683 4595 1863 4664 hujus-

279 4690 428 4745 modi
460 4689 614 4744 malis
637 4704 759 4744 esse
800 4696 1086 4757 pateretur.
1121 4686 1229 4740 Hoc
1256 4695 1309 4740 et
1332 4686 1383 4739 in
1408 4685 1510 4740 Job
1536 4694 1591 4740 et
1617 4685 1669 4739 in
1694 4685 1860 4739 Paulo

279 4799 383 4836 usu
406 4782 571 4835 venit.
602 4780 733 4835 Nam
761 4789 815 4835 et
842 4780 916 4834 illi
936 4779 1184 4834 dicebant
1210 4796 1223 4832 :
1254 4778 1443 4833 Nonne
1467 4782 1750 4850 frequenter
1772 4778 1862 4831 tibi

283 4877 477 4928 dictum
504 4885 576 4927 est
605 4876 657 4927 in
697 4873 892 4939 labore,
919 4873 1017 4926 vim
1044 4882 1212 4924 autem
1238 4872 1497 4925 verborum
1525 4879 1727 4923 tuorum
1746 4870 1860 4937 quis

280 4965 596 5022 sustinebit?
625 4964 685 5019 Si
713 4964 846 5016 enim
873 4972 929 5017 tu
956 4964 1224 5017 erudiisses
1249 4962 1452 5023 multos,
1492 4971 1539 5014 et
1564 4976 1744 5014 uiantis
1780 4961 1863 5014 in-

281 5060 462 5127 ﬁrmos
488 5057 778 5112 consolatus
805 5071 955 5120 esses,
998 5066 1044 5109 et
1074 5071 1158 5108 eos
1181 5054 1267 5123 qui
1292 5053 1680 5122 inﬁrmabantar
1703 5052 1862 5106 verbis

280 5155 547 5211 «casses,
569 5149 873 5219 genibusqu
893 5147 1110 5216 inﬁrmis
1130 5146 1413 5199 addidisses
1433 5145 1669 5212 ﬁduciam
1690 5161 1708 5199 :
1728 5161 1863 5198 nunc

282 5256 405 5296 vero
450 5242 671 5310 pervenit
698 5241 751 5293 in
779 5250 826 5293 te
853 5239 1015 5301 labor,
1045 5247 1099 5291 tu
1124 5253 1239 5291 vero
1266 5237 1471 5290 curasti.
1522 5235 1709 5290 Nonne
1747 5247 1863 5291 tuus

280 5337 436 5387 tim
459 5343 531 5387 cst
554 5332 606 5385 in
631 5331 845 5386 stultitia
864 5328 1008 5400 (Job.
1036 5330 1089 5383 4.
1110 5328 1165 5382 2.
1196 5329 1252 5396 6)
1275 5327 1298 5382 ?
1318 5326 1517 5382 Horum
1542 5336 1718 5380 autem
1737 5340 1856 5381 Ver—

282 5424 476 5479 borum
520 5422 607 5478 hic
635 5438 826 5479 sensus
868 5428 951 5476 est
976 5438 990 5476 :
1017 5421 1062 5475 si
1091 5419 1217 5490 quid
1244 5419 1359 5484 tibi,
1386 5419 1577 5489 inquit,
1601 5418 1760 5475 bona:
1783 5419 1861 5475 rei

281 5524 495 5586 gestum
524 5513 729 5577 fuisset,
763 5512 1169 5582 haudquaquam
1196 5510 1294 5565 ista
1317 5509 1598 5579 patereris,
1623 5506 1721 5563 sed
1741 5522 1867 5578 pee-

284 5615 528 5661 catorum
557 5614 613 5660 et
640 5604 935 5675 iniquitatis
976 5603 1079 5658 luis
1102 5615 1306 5673 pinnas.
1343 5601 1413 5656 Et
1438 5600 1539 5656 hoc
1563 5608 1685 5655 erat
1720 5596 1863 5669 quod

285 5698 517 5753 maxime
546 5696 823 5752 mordebat
850 5695 1083 5750 animum
1110 5693 1227 5749 Job.
1259 5695 1334 5750 Ac
1362 5693 1429 5749 de
1455 5692 1617 5748 Paulo
1654 5689 1863 5747 barbari

1538 285 1621 339 DE
1663 282 1930 339 LAZARO
1965 280 2207 336 CONCIO
2246 281 2284 334 l.

3522 248 3535 262 ς
3607 232 3637 275 ,γι

3445 278 3546 335 978

1976 390 2077 445 hoc
2121 390 2290 459 ipsum
2335 387 2619 443 dicebant:
2666 402 2785 441 cum
2833 388 2976 442 enim
3026 387 3265 443 viderent
3316 387 3556 457 viperam

1973 480 2291 551 pendentem
2324 481 2391 535 dc
2436 495 2594 533 manu
2645 480 2806 541 illius,
2840 478 2967 533 nihil
2998 479 3120 533 boni
3163 479 3230 534 de
3258 479 3349 534 illo
3375 483 3548 550 suspio

1970 572 2249 637 cubantur,
2298 572 2390 625 sed
2438 572 2813 627 existimabant
2842 588 2963 627 eum
2995 571 3266 630 hominem
3315 590 3436 630 esse
3482 576 3548 630 de

1972 681 2192 719 numero
2220 680 2426 730 eorum,
2459 667 2547 736 qui
2575 674 2812 721 extrema
2841 676 3212 737 perpetrarunt
3239 668 3462 724 scelera.
3496 670 3548 724 id

1973 757 2308 826 perspicuum
2337 765 2419 812 est
2437 772 2504 813 ex
2525 757 2610 812 bis
2625 775 2746 827 qua:
2770 758 3057 814 dicebant:
3084 759 3260 828 Hunc,
3284 760 3549 831 inquiunt,

1968 864 2001 899 a
2025 847 2155 900 mari
2175 856 2447 913 servatum,
2471 849 2598 902 ultio
2618 865 2721 903 non
2746 866 2895 918 passa
2915 860 2988 904 est
3013 852 3176 906 vivere
3192 852 3329 922 (Act.
3351 853 3440 908 28.
3469 854 3546 919 4).

1970 938 2084 994 Hoc
2118 949 2296 995 autem
2330 956 2435 994 non
2480 941 2822 997 mediocriter
2848 958 2948 998 nos
2980 959 3193 1014 quoque
3230 946 3550 1002 conturbare

1968 1031 2263 1086 consuevit.
2314 1033 2564 1088 Attamen
2612 1048 2734 1088 cum
2779 1034 2968 1090 ﬂuctus
2993 1047 3173 1092 essent
3215 1049 3320 1093 tam
3370 1039 3545 1105 multi,

1966 1122 2309 1194 vicissimque
2357 1125 2448 1180 alii
2495 1141 2658 1196 super
2697 1126 2829 1183 alios
2858 1127 3006 1183 illum
3053 1129 3393 1201 impelerent,
3441 1149 3547 1187 non

1969 1223 2141 1268 tamen
2172 1215 2475 1271 demersum
2506 1226 2589 1272 est
2615 1217 2902 1289 navigium,
2934 1219 3027 1276 sed
3059 1220 3298 1290 perinde,
3331 1238 3395 1279 ac
3419 1222 3465 1278 si
3493 1222 3545 1275 in

1967 1303 2183 1360 fornace
2225 1309 2430 1376 positus
2469 1307 2629 1364 veluti
2674 1319 2932 1380 perpetuo
2970 1327 3095 1368 rore
3139 1312 3546 1383 refocillaretur,

1967 1395 2040 1450 ita
2070 1396 2567 1469 philosophabatur.

2039 1487 2126 1542 Η.
2162 1487 2488 1544 Proverbittm
2525 1492 2735 1562 impium
2755 1536 2769 1558 ,
2797 1496 2935 1564 quod
2981 1496 3199 1568 explicat
3243 1499 3542 1572 Chrysosto-

1965 1594 2097 1633 mus.
2124 1609 2197 1620 —
2222 1580 2338 1637 Non
2369 1583 2512 1638 enim
2550 1584 2763 1641 dicebat
2789 1588 2927 1658 apud
2957 1605 3076 1647 sese
3103 1592 3392 1663 quidquam
3419 1597 3544 1661 tale,

1965 1668 2122 1737 quale
2145 1670 2329 1740 vulgus
2357 1673 2534 1729 dicere
2559 1676 2844 1733 verisimile
2882 1689 2965 1735 est
2996 1698 3009 1734 :
3041 1681 3141 1737 iste
3162 1683 3311 1740 dives
3332 1686 3377 1741 si
3405 1702 3547 1743 mor-

1968 1766 2087 1815 tuus
2134 1761 2244 1817 illic
2290 1766 2504 1832 punitur
2548 1767 2744 1838 datque
2786 1786 2992 1840 pinnas,
3032 1791 3193 1831 unum
3240 1778 3437 1835 factum
3465 1792 3549 1836 est

1966 1866 2171 1906 unum:
2201 1855 2245 1908 si
2286 1869 2416 1935 vero
2463 1857 2570 1913 illic
2617 1861 2804 1917 iisdem
2848 1866 3045 1933 potitur
3084 1867 3394 1939 honoribus,
3438 1873 3548 1929 duo

1965 1941 2101 1998 facta
2127 1958 2252 2000 sunt
2281 1947 2430 2003 nihil.
2461 1952 2652 2007 Annon
2679 1954 2792 2009 haec
2820 1970 2916 2025 per
2936 1958 3049 2013 fera
3070 1961 3424 2020 circumfertis
3451 1981 3547 2022 vos

1965 2034 2226 2106 plerique,
2256 2053 2325 2095 ex
2366 2041 2514 2097 circo
2556 2046 2860 2116 exterisque
2903 2047 3124 2105 theatris
3165 2052 3221 2107 in
3249 2054 3546 2114 Ecelesiam

1967 2126 2359 2196 importantcs?
2388 2132 2557 2188 Pudet
2584 2151 2671 2190 me
2698 2138 2911 2207 quidem
2939 2157 3003 2197 ac
3026 2143 3222 2200 rubore
3245 2147 3543 2216 sulfundor,

1966 2218 2054 2287 qui
2085 2220 2206 2274 talia
2237 2222 2396 2309 verba
2445 2225 2497 2279 in
2541 2227 2775 2284 medium
2819 2232 3112 2301 proferam,
3145 2237 3247 2291 nisi
3276 2240 3414 2308 quod
3446 2256 3546 2296 ne-

1964 2323 2114 2401 cesse
2142 2323 2221 2367 est
2249 2312 2365 2369 haec
2389 2315 2589 2381 dicere,
2622 2329 2678 2373 ut
2701 2335 2795 2375 vos
2816 2336 2847 2376 a
2876 2324 2984 2378 risu
3010 2324 3383 2398 incomposito,
3420 2347 3542 2401 pro-

1963 2399 2081 2467 bro,
2132 2412 2186 2457 et
2214 2404 2446 2474 pernicie
2490 2406 2678 2462 borum
2715 2411 2997 2468 verborum
3042 2417 3321 2488 noxiisque
3365 2399 3544 2479 verbis

1963 2492 2284 2548 liberemint.
2328 2495 2455 2551 llaec
2494 2499 2643 2553 multi
2692 2501 2995 2572 frequenter
3034 2506 3217 2561 dicunt
3258 2508 3494 2567 ridentes
3525 2527 3541 2563 :

1962 2596 2146 2636 verum
2172 2583 2275 2639 hoc
2297 2600 2511 2656 quoque
2531 2587 2808 2645 diabolicae
2830 2595 3078 2650 versutire
3097 2605 3200 2660 est,
3225 2596 3347 2653 loco
3367 2599 3538 2655 dicto-

1939 2686 2081 2760 rum
2107 2673 2341 2728 civilium
2367 2684 2422 2730 et
2453 2677 2778 2733 urbanorum
2828 2683 3122 2750 perniciosa
3172 2686 3225 2740 in
3250 2689 3413 2743 vitam
3441 2706 3543 2743 no-

1964 2770 2127 2817 stram
2197 2764 2450 2822 inducere
2521 2766 2788 2838 dogmata.
2845 2771 2971 2828 Haec
3026 2773 3332 2844 frequenter
3385 2787 3442 2834 et
3489 2781 3547 2838 in

1962 2853 2192 2912 officinis
2217 2868 2270 2913 et
2299 2858 2353 2913 in
2400 2858 2539 2925 foro,
2581 2871 2634 2916 et
2674 2862 2729 2916 in
2760 2863 2963 2920 aedibus
2991 2866 3229 2937 plerique
3265 2871 3545 2928 circumfe-

1962 2957 2105 3015 runt,
2138 2965 2258 3018 qua:
2302 2965 2390 3006 res
2431 2961 2685 3008 extreuue
2732 2963 2817 3009 est
2858 2957 3240 3014 incredulitatis
3279 2969 3334 3016 et
3361 2976 3546 3019 amen-

1964 3039 2086 3105 tize,
2130 3039 2352 3096 ridicula
2395 3042 2665 3113 animique
2713 3046 2953 3113 puerilis.
2994 3047 3124 3103 Nam
3172 3049 3382 3115 dicere.
3408 3070 3547 3110 num

1964 3126 2088 3182 hinc
2128 3122 2351 3198 profecti
2397 3132 2520 3186 mali
2561 3133 2866 3203 puniantur,
2911 3151 3009 3192 nec
3049 3137 3151 3193 hoe
3194 3141 3546 3199 vehementer

1964 3216 2162 3273 habere
2210 3234 2544 3290 persuasum,
2589 3224 2732 3292 quod
2756 3228 2974 3280 omnino
3005 3230 3254 3297 puniendi
3282 3241 3428 3301 sunt,
3455 3233 3543 3289 in-

1964 3307 2200 3365 ﬁdelium
2229 3322 2311 3365 est
2333 3326 2396 3366 ac
2421 3311 2798 3369 dubitantinm.
2843 3315 2972 3371 illud
3002 3334 3149 3385 vero,
3177 3323 3415 3391 quamvis
3440 3323 3549 3381 hoc

1965 3400 2222 3468 evenerit,
2243 3403 2692 3472 quemadmodum
2715 3408 2874 3462 etiam
2898 3418 3208 3466 eventurum
3236 3421 3338 3481 est,
3357 3425 3544 3484 putare

1964 3491 2133 3547 malos
2170 3494 2376 3564 cquale
2428 3497 2704 3566 praemium
2752 3513 2872 3554 cum
2904 3499 3063 3570 justis
3106 3513 3398 3573 reportare,
3446 3522 3547 3563 ει..

1965 3591 2148 3639 tremte
2171 3584 2453 3641 dementiae
2478 3596 2582 3643 est.

2037 3673 2203 3749 Nulla
2252 3679 2564 3745 comparatio
2627 3678 2759 3733 inter
2804 3681 2957 3734 vitam
3004 3681 3136 3736 hanc
3189 3695 3238 3739 ct
3291 3690 3536 3756 futuram.

1960 3763 2168 3833 -Ομίἀ
2200 3780 2382 3834 quaeso
2399 3766 2578 3822 dicis?
2604 3769 2657 3824 Si
2682 3769 2833 3825 dives
2854 3770 2977 3827 illuc
3005 3773 3276 3842 profectus
3304 3780 3541 3847 punitur,

1964 3869 2125 3908 unum
2179 3854 2373 3910 factum
2412 3866 2496 3911 est
2533 3858 2739 3912 unum?
2782 3860 2847 3914 Et
2889 3863 3157 3930 quomodo
3201 3864 3337 3921 istuc
3375 3871 3543 3936 possit

1962 3944 2288 4001 consistere?
2302 3946 2440 4012 Quot
2455 3948 2596 4003 enim
2610 3949 2762 4004 annis
2776 3951 2855 4005 vis
2869 3952 3015 4007 illum
3030 3953 3114 4009 hic
3127 3958 3364 4024 pecuniis
3379 3958 3543 4017 fuisse

1963 4032 2223 4117 fruitum?
2253 4037 2346 4093 Vis
2374 4052 2632 4107 ponamus
2659 4042 2917 4096 centum?
2946 4042 3059 4112 Ego
3093 4060 3221 4100 vero
3250 4049 3409 4104 etiam
3439 4051 3541 4105 du-

1963 4139 2150 4184 centos
2178 4146 2341 4201 pono,
2373 4146 2514 4201 pono
2540 4141 2826 4198 trecentos,
2871 4148 3010 4204 pono
3038 4135 3119 4190 bis
3163 4146 3388 4205 tantum,
3417 4152 3471 4196 et
3495 4143 3545 4198 si

1962 4222 2043 4275 vis
2071 4221 2235 4284 mille,
2268 4221 2408 4290 quod
2436 4237 2568 4278 sane
2598 4222 2710 4279 fieri
2737 4240 2844 4279 non
2886 4228 3056 4293 potuit
3081 4244 3095 4280 :
3126 4226 3245 4284 Dies
3269 4231 3423 4295 enim,
3459 4232 3541 4286 in-

1963 4314 2097 4382 quit,
2118 4330 2365 4368 annorum
2394 4324 2675 4368 nostrorum
2697 4317 2948 4386 octoginta
2968 4320 3089 4372 anni
3112 4318 3278 4388 (Psal.
3306 4321 3394 4377 89.
3428 4323 3542 4394 10):

1963 4414 2197 4460 attamen
2225 4417 2488 4474 ponantur
2506 4407 2651 4462 mille
2678 4424 2692 4459 :
2725 4423 2848 4464 num
2876 4417 3046 4478 potes,
3074 4425 3256 4480 qumso
3282 4420 3356 4477 te,
3381 4413 3545 4471 vitam

1963 4496 2244 4550 ostendere
2270 4511 2389 4566 qua:
2433 4496 2590 4551 linem
2638 4513 2744 4553 non
2790 4498 2999 4564 habeat,
3039 4515 3104 4556 ac
3145 4503 3427 4558 terminum
3450 4520 3544 4560 ne-

1963 4587 2115 4651 sciat,
2146 4588 2318 4657 qualis
2356 4597 2439 4644 est
2479 4588 2587 4642 illic
2610 4588 2917 4677 justorum‘i
2945 4591 3058 4661 Age
3100 4592 3275 4664 igitur,
3315 4595 3467 4663 cedo,
3495 4598 3547 4653 si

1962 4680 2084 4748 quis
2113 4679 2165 4733 in
2184 4679 2338 4733 annis
2366 4687 2578 4735 centum
2609 4680 2827 4736 vidisset
2855 4696 2950 4751 per
2971 4698 3126 4738 unam
3149 4693 3358 4741 noctem
3382 4703 3549 4744 suave

1962 4771 2227 4826 somnium
2255 4811 2270 4837 ,
2322 4772 2607 4843 multisque
2653 4772 2855 4829 deliciis
2908 4789 3005 4844 per
3045 4777 3307 4831 somnium
3353 4776 3550 4834 fruitus

1964 4871 2126 4929 esset,
2157 4877 2220 4918 ac
2263 4872 2475 4919 centum
2518 4864 2672 4919 annis
2721 4866 3031 4933 puniretur:
3076 4881 3201 4920 num
3247 4868 3292 4922 is
3337 4866 3406 4922 de
3441 4867 3547 4925 hoc

1964 4954 2144 5012 dicere
2170 4965 2366 5025 posset.
2400 4970 2561 5011 unum
2590 4965 2647 5011 et
2673 4972 2857 5022 unum,
2888 4965 2942 5010 et
2968 4957 3174 5011 unicam
3213 4969 3421 5013 noctem
3441 4975 3544 5029 qua

1964 5047 2268 5112 somniavit,
2310 5055 2526 5101 centum
2567 5047 2722 5101 annis
2760 5046 3125 5116 aequiparare?
3166 5048 3317 5103 Dictu
3360 5050 3548 5104 absur-

1964 5135 2113 5191 dum.
2142 5136 2254 5191 liae
2273 5136 2384 5205 jam
2422 5145 2475 5192 et
2503 5136 2571 5192 de
2594 5135 2766 5191 futura
2798 5136 2903 5190 vita
2924 5138 3118 5207 cogita.
3147 5136 3276 5193 Nam
3305 5139 3446 5210 quod
3465 5150 3549 5196 est

1966 5228 2231 5283 somnium
2261 5242 2424 5281 unum
2460 5227 2528 5281 ad
2571 5241 2743 5282 annos
2788 5238 3023 5295 centum,
3062 5228 3163 5283 hoc
3189 5239 3273 5285 est
3315 5245 3549 5299 prmsens

1967 5319 2075 5373 vita
2101 5318 2168 5373 ad
2194 5319 2354 5373 vitam
2382 5317 2630 5385 futuram,
2648 5317 2756 5371 imo
2777 5317 2951 5387 potius
2978 5318 3147 5374 multo
3172 5320 3368 5375 minus.
3397 5321 3546 5390 Quod

1968 5420 2049 5465 εει
2094 5408 2280 5478 exigua
2326 5417 2472 5478 gutta
2513 5406 2584 5462 ad
2632 5407 2848 5479 pelagus
2897 5408 3236 5473 immensum,
3282 5410 3385 5468 hoc
3429 5421 3552 5469 sunt

1968 5501 2092 5555 anni
2141 5499 2286 5555 mille
2312 5498 2379 5553 ad
2425 5497 2656 5554 futuram
2688 5499 2831 5553 illam
2857 5499 3079 5570 gloriam
3121 5510 3177 5557 et
3224 5500 3549 5560 fruitionem.

1972 5593 2038 5648 Et
2074 5589 2200 5660 quid
2251 5590 2463 5646 tandem
2509 5599 2670 5661 queat
2714 5590 2903 5661 aliquis
2952 5590 3181 5661 amplius
3222 5588 3422 5659 dicere,
3452 5593 3556 5651 nisi

1971 5683 2110 5755 quod
2139 5682 2420 5738 terminum
2448 5698 2556 5738 non
2581 5681 2757 5748 habet,
2777 5691 2830 5738 et
2857 5681 3014 5739 linem
3044 5683 3212 5739 nescit
3238 5702 3250 5735 :
3276 5699 3552 5755 quantum-
