4018 6190
527 250 637 306 979

528 387 637 443 que
681 370 907 426 interest
957 365 1095 419 inter
1124 361 1326 417 Somnia
1375 369 1429 412 et
1474 373 1563 413 res
1593 370 1765 421 veras,
1802 364 2002 409 tantum
2033 353 2114 405 in-

540 473 705 519 terest
750 462 887 514 inter
917 455 1073 525 hujus
1095 453 1218 508 vita:
1243 459 1438 506 statum
1466 460 1520 504 ct
1548 450 1708 502 illius.

608 552 676 607 Et
695 553 777 605 hic
800 548 1079 621 puniuntur
1099 543 1351 614 impii.-â€”
1369 540 1505 606 Quin
1535 549 1590 593 et
1618 537 1810 607 alioqui
1836 544 2118 603 antequam

533 648 644 702 illic
697 643 1002 714 puniantur,
1027 638 1137 707 jam
1170 649 1310 690 nunc
1353 635 1440 703 qui
1488 630 1729 700 improbe
1753 637 1933 698 agunt,
1964 636 2124 694 atque

533 742 585 797 in
614 737 846 811 peccatis
872 735 1073 798 vivunt,
1108 731 1418 800 puniuntur.
1446 725 1556 781 Nec
1582 724 1724 778 enim
1769 721 1896 775 mihi
1922 720 2124 774 dixeris

531 835 680 892 illum
715 842 897 884 mensa
922 834 1229 894 sumptuosa
1274 819 1400 887 frui,
1432 818 1668 873 vestibus
1693 812 2008 870 circumdari
2035 824 2122 864 se-

532 926 679 990 ricis,
707 920 1093 991 mancipiorum
1136 927 1324 985 greges
1352 911 1715 974 circumferre,
1737 907 1872 961 alios
1904 904 2124 961 submo-

532 1031 663 1073 vere
714 1015 766 1069 in
798 1011 916 1067 foro
944 1027 958 1063 :
990 1008 1084 1063 sed
1117 1006 1322 1076 explica
1365 1002 1496 1058 mihi
1525 1001 1677 1055 istius
1702 994 2082 1053 conscientiam
2109 1033 2123 1054 .

533 1120 589 1166 et
616 1107 821 1164 videbis
846 1105 988 1159 intus
1015 1114 1234 1172 gravem
1262 1105 1600 1168 peccatorum
1624 1089 1926 1152 tuntultum,
1945 1086 2127 1158 jugem

534 1211 756 1264 metum,
806 1203 1199 1266 tempestatem,
1231 1189 1582 1246 turbationem
1620 1203 1635 1238 :
1666 1182 1868 1238 videbis
1904 1180 2046 1235 velut
2075 1179 2127 1233 in

531 1294 735 1365 judicio
761 1300 994 1346 mentem
1025 1285 1090 1341 ad
1116 1285 1363 1340 thronum
1384 1277 1725 1335 conscientias
1750 1271 2131 1330 conscendisse

536 1386 799 1458 regalem,
828 1391 880 1437 et
916 1391 1183 1449 tamquam
1209 1374 1441 1446 judicent
1485 1371 1784 1441 quempiam
1816 1365 2127 1428 sedentem,

537 1490 593 1537 et
610 1456 964 1548 cogitationes
992 1472 1110 1526 loco
1134 1465 1443 1524 carnificum
1493 1460 1856 1523 adhibentem,
1892 1456 2126 1510 animum

541 1568 983 1642 suspendentcm,
1034 1577 1130 1633 pro
1162 1558 1393 1631 peccatis
1420 1556 1760 1614 lacerantem,
1791 1548 2133 1605 vehementer

544 1664 945 1722 inclementem,
977 1670 1098 1710 cum
1146 1665 1306 1707 nemo
1356 1648 1510 1711 sciat,
1556 1644 1656 1698 nisi
1685 1641 1832 1697 solus
1862 1640 2001 1694 Deus
2042 1636 2132 1706 qui

543 1754 658 1809 bzec
710 1752 992 1819 conspicit.
1046 1745 1254 1801 Etenim
1304 1742 1395 1811 qui
1439 1736 1720 1793 committit
1771 1732 2130 1792 adulterium,

541 1846 753 1902 etiamsi
807 1842 1002 1896 millies
1032 1838 1183 1892 fuerit
1227 1837 1396 1899 dives,
1441 1831 1651 1889 etiamsi
1698 1828 1901 1885 nullum
1944 1826 2136 1880 habeat

543 1946 930 1996 accusatorem,
961 1946 1063 1985 non
1093 1927 1287 1983 desinit
1330 1935 1505 1980 tamen
1535 1926 1676 1978 intus
1713 1920 1949 1991 seipsum
1977 1932 2136 1972 accu-

543 2042 664 2083 sare
696 2043 711 2081 :
738 2036 794 2081 et
822 2022 1066 2092 voluptas
1094 2017 1307 2090 quidem
1335 2014 1655 2085 temporaria
1685 2022 1787 2077 est,
1822 2010 1973 2066 dolor
2006 2022 2134 2063 vero

545 2127 859 2190 perpetuus,
889 2115 1050 2171 timor
1093 2111 1328 2180 undique
1355 2124 1417 2163 ac
1448 2118 1664 2170 tremor,
1698 2103 1930 2173 suSpicio
1958 2110 2011 2156 et
2036 2115 2133 2154 an-

545 2184 1085 2270 itietasmngiportus
1124 2194 1350 2258 metuit,
1401 2192 1615 2247 umbras
1659 2189 1801 2259 ipsas
1843 2184 2132 2251 formidat,

544 2309 673 2351 suos
718 2290 884 2362 ipsius
929 2287 1187 2354 famulos,
1218 2284 1483 2350 conscios,
1530 2281 1746 2344 inscios,
1780 2279 1923 2334 illam
1967 2276 2136 2346 ipsam

545 2400 705 2458 quam
733 2381 990 2452 eorrupit,
1042 2388 1099 2436 et
1139 2378 1313 2433 virum
1354 2389 1513 2446 quem
1557 2371 1733 2428 affecit
1771 2367 2133 2425 contumelia:

543 2476 858 2533 obambulat
896 2485 1134 2527 amarum
1181 2477 1544 2523 accusatorem
1587 2462 1966 2519 circumferens
2003 2475 2136 2516 con-

545 2567 845 2630 scientiam,
868 2578 989 2617 cum
1007 2562 1076 2616 sit
1095 2575 1193 2615 suo
1211 2558 1377 2627 ipsius
1388 2555 1590 2626 judicio
1602 2553 1906 2616 damnatus,
1936 2566 2034 2606 nec
2053 2551 2137 2605 vel

546 2658 611 2712 ad
642 2658 805 2711 breve
822 2664 1031 2721 tempus
1055 2650 1222 2721 possit
1246 2648 1528 2717 respirare.
1553 2643 1684 2698 Nam
1710 2654 1765 2698 et
1790 2644 1842 2697 in
1866 2643 2001 2697 lecto
2017 2641 2135 2696 etin

548 2763 755 2814 mensa,
783 2757 837 2802 et
863 2747 916 2800 in
943 2744 1060 2799 foro
1085 2752 1141 2798 et
1167 2745 1220 2796 in
1246 2741 1427 2805 domo,
1460 2746 1516 2794 et
1544 2736 1772 2792 interdiu
1796 2746 1849 2790 et
1873 2742 2053 2798 noctu,
2083 2741 2140 2787 et

554 2843 608 2897 in
636 2840 765 2911 ipsis
806 2837 1112 2908 frequenter
1139 2833 1361 2890 somniis
1387 2832 1503 2887 haec
1538 2830 1827 2901 iniquitatis
1855 2826 2137 2883 simulacra

548 2932 718 2997 videt,
750 2930 1019 3001 ipsiusque
1044 2926 1175 2982 Cain
1206 2927 1368 2979 vitam
1394 2922 1543 2990 vivit,
1568 2935 1787 2991 gemens
1814 2934 1877 2974 ac
1905 2929 2139 2973 tremens

547 3037 710 3094 super
752 3032 972 3088 terram,
1002 3034 1123 3073 cum
1151 3031 1309 3073 nemo
1338 3014 1472 3070 sciat
1501 3010 1653 3086 (Gen.
1681 3009 1764 3082 4),
1795 3009 1936 3065 intus
1963 3019 2136 3063 tamen

550 3115 712 3170 habet
742 3114 916 3183 ignem
959 3124 1170 3179 semper
1195 3114 1586 3163 coacervatum.
1617 3102 1762 3159 idem
1789 3103 2059 3174 patiuntur
2084 3110 2140 3157 et

550 3207 640 3275 qni
669 3204 907 3273 rapinam
939 3209 1208 3264 exercent,
1255 3207 1309 3253 et
1334 3197 1425 3267 qui
1453 3194 1643 3251 fraude
1669 3195 1873 3249 lucrum
1902 3191 2136 3248 faciunt:

549 3298 729 3353 hocet
766 3295 985 3358 ebriosi,
1041 3293 1092 3346 in
1144 3304 1354 3345 summa
1400 3297 1659 3358 quotquot
1686 3288 1739 3340 in
1790 3286 2017 3355 peccatis
2062 3284 2141 3338 vi-

551 3398 700 3444 vunt.
745 3387 931 3457 Neque
959 3383 1100 3439 enim
1132 3382 1236 3435 ulla
1278 3380 1485 3434 ratione
1514 3377 1773 3447 judicium
1804 3378 1930 3432 illud
1968 3387 2141 3446 potest

549 3477 839 3545 corrumpi.
883 3474 993 3529 lino
1021 3471 1229 3526 etiamsi
1256 3485 1361 3524 non
1388 3479 1657 3524 sectemur
1694 3467 1960 3531 virtutem,
1992 3466 2142 3521 dole-

551 3584 672 3625 mus
694 3581 867 3622 tamen
894 3582 960 3621 eo
982 3564 1123 3634 quod
1148 3577 1267 3618 eam
1287 3578 1390 3617 non
1418 3559 1754 3629 assequimur
1778 3576 1793 3613 :
1822 3569 1877 3614 et
1900 3558 2026 3613 licet
2042 3559 2139 3613 imo

553 3660 870 3731 probitatem
899 3665 1187 3723 sectemur,
1214 3663 1390 3709 tamen
1412 3659 1657 3707 cessante
1692 3651 1956 3720 voluptate
1981 3665 2137 3719 quam

553 3766 621 3806 ex
666 3757 888 3821 peccato
935 3745 1294 3818 percipimus,
1345 3744 1605 3799 sentimus
1651 3742 1909 3797 dolorem.
1962 3740 2140 3810 Itaque

552 3860 620 3900 ne
644 3842 931 3899 dixerimus
961 3838 1029 3894 de
1067 3836 1318 3893 divitibus
1343 3835 1431 3891 hic
1469 3835 1709 3905 improbe
1739 3833 2054 3899 viventibus,
2087 3842 2141 3888 et

554 3937 625 3992 de
668 3935 828 4006 justis
870 3933 979 3989 illic
1018 3930 1269 3985 felicitate
1316 3928 1628 3992 fruentibns,
1673 3926 1813 3997 quod
1861 3941 2024 3981 unum
2072 3924 2142 3980 sit

557 4042 739 4092 nuutn,
770 4024 863 4080 sed
889 4021 1032 4094 quod
1059 4022 1166 4076 duo
1206 4021 1312 4076 sint
1336 4019 1487 4074 nihil.
1513 4016 1947 4087 Quandoquidem
1984 4017 2140 4087 justis

553 4130 608 4175 et
630 4134 692 4174 ea
719 4133 837 4187 qua:
867 4114 975 4170 illic
996 4124 1140 4177 sunt,
1169 4122 1222 4167 et
1248 4127 1311 4165 ea
1334 4127 1454 4182 qua:
1478 4109 1566 4164 hic
1591 4119 1733 4174 sunt,
1756 4109 1974 4164 multam
2006 4124 2141 4178 pra:-

554 4214 682 4267 hcnt
712 4210 1032 4279 voluptatem
1059 4225 1072 4260 :
1101 4206 1190 4276 qui
1240 4221 1366 4260 vero
1393 4203 1444 4257 in
1492 4204 1724 4272 nequitia
1753 4211 1807 4256 et
1848 4201 2029 4256 fraude
2058 4202 2140 4255 vi-

556 4317 662 4361 tam
684 4315 864 4376 agunt,
881 4312 937 4359 ct
965 4302 1051 4356 hic
1075 4313 1128 4356 et
1156 4300 1261 4354 illic
1286 4299 1575 4369 puniuntur
1600 4314 1614 4350 :
1648 4296 1736 4351 hic
1751 4296 2136 4351 discruciantur

554 4395 951 4466 exspectatione
975 4391 1217 4462 supplicii
1248 4391 1354 4444 illic
1379 4388 1560 4452 futuri,
1589 4386 1782 4442 deinde
1819 4386 1956 4441 mala
1981 4401 2141 4457 quam

554 4490 623 4543 ab
664 4486 910 4544 omnibus
952 4485 1129 4538 ferunt
1168 4481 1437 4551 opinione,
1483 4488 1737 4549 praeterea
1776 4478 1917 4549 quod
1968 4477 2139 4547 ipsum

554 4577 715 4634 etiam
742 4584 1012 4646 peccatum
1032 4573 1262 4627 animam
1286 4572 1517 4640 ipsorum
1543 4570 1836 4640 corrumpit
1867 4587 1881 4623 :
1913 4568 2141 4637 denique

557 4677 833 4740 postquam
848 4665 973 4721 hinc
991 4662 1210 4735 profecti
1227 4672 1370 4724 sunt,
1402 4663 1751 4718 intolerabilia
1776 4663 2141 4732 perpetiuntur

556 4757 835 4831 supplicia.
864 4757 1091 4812 Rursum
1118 4752 1244 4824 justi
1287 4752 1492 4806 etiamsi
1523 4751 1611 4806 hic
1641 4753 1915 4807 innumera
1946 4767 2140 4822 perpe-

558 4852 755 4906 tiantur
770 4847 981 4913 acerba,
1000 4844 1249 4915 quoniam
1273 4842 1410 4896 bona
1432 4856 1554 4912 spes
1571 4841 1665 4896 alit
1683 4842 1823 4905 illos,
1840 4842 2141 4915 habentque

555 4944 880 5013 voluptatem
911 4953 1118 5009 puram,
1152 4936 1380 5000 firmam,
1406 4945 1461 4989 et
1506 4932 1772 5001 stabilem,
1819 4934 1979 4989 etiam
2023 4948 2143 5007 post

557 5039 691 5102 haec,
718 5035 994 5090 innumera
1034 5032 1155 5086 illos
1181 5028 1452 5099 excipiunt
1496 5027 1650 5090 bona,
1695 5026 2141 5096 quemadmodum

564 5143 617 5191 et
638 5131 839 5186 Lazaro
863 5124 1074 5181 accidit.
1106 5122 1215 5178 Nec
1238 5122 1381 5177 enim
1420 5120 1595 5177 isthuc
1624 5120 1750 5175 tnihi
1776 5120 1995 5185 dixeris,
2027 5129 2143 5176 erat

557 5224 853 5286 ulcerosus,
881 5233 1067 5274 verum
1097 5214 1228 5270 illud
1273 5213 1568 5277 considera,
1597 5213 1738 5284 quod
1781 5213 1970 5284 quovis
2013 5228 2141 5268 auro

559 5315 928 5386 pretiosiorem
959 5311 1102 5366 intus
1130 5308 1358 5364 habebat
1394 5307 1626 5362 animam
1648 5349 1663 5372 ,
1696 5306 1803 5362 imo
1830 5307 2007 5362 verius
2036 5322 2141 5362 non

557 5406 788 5462 animam
819 5413 1043 5466 tantum,
1073 5416 1258 5457 verum
1303 5399 1462 5454 etiam
1507 5414 1702 5470 corpus
1747 5398 1930 5470 ipsius.
1962 5399 2142 5454 Virtus

561 5500 703 5553 enim
727 5495 966 5567 corporis
993 5508 1098 5549 non
1124 5503 1208 5550 est
1230 5490 1463 5548 obesitas
1485 5490 1727 5561 bonaque
1755 5490 2025 5556 habitudo,
2047 5490 2141 5545 sed

563 5599 736 5645 tantos
780 5604 843 5644 ac
869 5588 1003 5643 tales
1030 5587 1171 5643 ferre
1212 5586 1499 5641 cruciatus.
1526 5583 1641 5640 Non
1679 5584 1820 5640 enim
1862 5584 1905 5639 si
1930 5584 2048 5654 quis
2091 5584 2144 5638 in

562 5693 786 5748 corpore
815 5686 982 5748 gestet
1022 5677 1143 5732 talia
1169 5676 1382 5731 vulnera
1411 5676 1790 5732 abominandus
1834 5688 1931 5742 est,
1961 5690 2143 5733 verum

1301 242 1356 299 S.
1396 238 1671 298 JOANNlS
1704 230 2179 293 CllRYSOSTOMl
2215 230 2533 287 ARCIIIEP.
2573 228 3107 286 CONSTANTINOP.
3603 237 3686 296 930

2234 347 2276 402 si
2301 347 2419 419 quis
2446 349 2497 403 in
2522 348 2698 403 animo
2725 348 2998 403 innumera
3028 348 3223 402 habens
3250 351 3420 416 nirera,
3443 359 3589 417 nullam
3600 365 3689 423 illo.

2228 454 2347 492 rnm
2376 454 2558 492 curam
2588 449 2739 509 agat,
2773 439 2817 492 is
2841 438 3221 493 abominandus
3247 450 3339 506 est,
3367 447 3507 512 qualis
3525 463 3610 506 erat
3627 456 3694 513 ille

2228 530 2397 591 dives,
2432 530 2572 584 intus
2597 540 2739 584 totus
2767 530 3057 584 ulcerosus.
3089 532 3146 584 Et
3186 535 3565 599 quemadmodum
3584 557 3699 601 canes

2231 620 2386 689 hujus
2413 620 2684 691 lingebant
2723 620 2960 683 vulnera,
3003 623 3082 675 sic
3108 629 3161 675 et
3187 619 3433 701 (laeniones
3468 627 3580 684 illius
3611 648 3705 703 pec-

2230 722 2345 767 cata
2376 729 2391 765 :
2423 724 2478 766 et
2502 712 2948 782 quemadmodum
2980 713 3067 767 hic
3094 714 3145 766 in
3191 712 3319 768 fame
3353 716 3462 783 cibi,
3487 719 3542 774 ita
3573 723 3639 779 ille
3669 726 3707 783 in

2232 804 2369 856 fame
2394 805 2567 857 omnis
2611 803 2820 859 virtutis
2848 805 3075 858 vivebat.

2305 893 2391 948 l2.
2420 894 2545 948 lla:c
2565 894 2721 963 igitur
2739 894 2915 950 omnia
2936 909 3058 948 cum
3082 893 3323 962 sciamus,
3342 895 3710 971 philosophemur,

2234 999 2407 1054 neque
2431 984 2707 1040 dicamus:
2730 984 2774 1038 si
2802 984 2950 1039 illum
2979 985 3117 1039 Dens
3137 996 3373 1050 amasset,
3396 987 3715 1062 haudquaquam

2233 1091 2355 1131 eum
2403 1091 2689 1146 pauperem
2729 1091 2848 1132 esse
2878 1090 3067 1147 passus
3111 1076 3305 1132 fuisset.
3348 1076 3465 1133 Nam
3491 1080 3574 1136 hoc
3594 1084 3716 1152 ipsum
3783 1066 3789 1072 â€™

2233 1165 2447 1236 quidem
2476 1167 2768 1221 maximum
2799 1176 2880 1221 est
2908 1166 3207 1223 dilectionis
3233 1178 3577 1238 argumentum.
3603 1174 3718 1237 Quem

2234 1258 2367 1312 enim
2392 1258 2555 1329 diligit
2577 1257 2733 1324 Deus,
2755 1260 2987 1329 castigat,
3008 1258 3234 1331 ï¬‚agellat
3251 1269 3405 1313 autem
3418 1276 3583 1315 omnem
3603 1264 3719 1331 [ilium

2234 1364 2381 1417 quem
2406 1349 2579 1419 recipit
2606 1348 2787 1421 (Hebr.
2818 1348 2904 1406 1â€˜2.
2931 1351 3005 1420 6).
3031 1350 3099 1404 Et
3125 1365 3303 1405 rursus
3331 1367 3345 1403 :
3369 1348 3482 1418 Fili,
3505 1356 3544 1405 si
3564 1370 3720 1409 Î±ÎµÎ¿ÎµÏ‰Î¿-

2234 1441 2306 1495 ris
2333 1441 2402 1495 ad
2429 1442 2745 1498 serviendum
2785 1441 3021 1510 Domino,
3062 1459 3293 1514 praepara
3320 1445 3519 1498 animum
3555 1448 3721 1501 luantad

2235 1532 2576 1598 tentationem,
2609 1532 2770 1603 dirige
2790 1548 2877 1586 cor
2903 1543 3043 1586 tuum
3078 1550 3136 1587 ae
3164 1548 3408 1603 persevera
3432 1534 3645 1605 (Eccli.2.
3670 1538 3720 1606 l).

2236 1624 2526 1695 Ejiciamus
2554 1626 2735 1696 igitur,
2763 1625 3110 1692 dilectissimi,
3140 1625 3269 1681 istas
3310 1641 3615 1697 supervacuas
3642 1629 3722 1697 opi-

2238 1716 2443 1783 niones,
2477 1717 2819 1787 vulgat-inque
2839 1716 3135 1772 istiusmodi
3166 1716 3321 1771 dicta.
3349 1716 3593 1784 Turpitudo
3609 1717 3725 1782 enim,

2238 1807 2427 1879 inquit,
2457 1824 2517 1862 ac
2539 1809 2907 1879 stultiloquium
2935 1820 2981 1864 et
3005 1809 3285 1864 scurrilitas
3308 1825 3367 1863 ne
3389 1809 3653 1881 prodeunte:
3670 1826 3728 1863 ore

2237 1909 2400 1953 vestro
2447 1897 2662 1970 (Ephes.
2694 1901 2748 1956 5.
2776 1900 2856 1970 4).
2888 1899 2996 1955 Nec
3039 1900 3136 1971 ipsi
3189 1900 3307 1955 talia
3349 1898 3729 1971 loquamurzetsi

2238 1988 2371 2043 alios
2394 1988 2666 2043 videamus
2684 1989 2805 2044 talia
2829 1990 3126 2060 loquentes,
3148 1989 3447 2045 obturemus
3466 1991 3551 2044 illis
3570 2004 3733 2054 os,cou~

2241 2089 2319 2134 tra
2349 2080 2684 2151 insurgamus
2709 2081 2921 2147 acriter,
2952 2081 3299 2137 cohibeamus
3322 2097 3490 2137 eorum
3528 2080 3733 2150 impuden-

2244 2181 2350 2225 tem
2381 2172 2632 2241 linguam.
2678 2173 2790 2241 Age
2834 2173 2877 2226 si
2905 2189 3062 2242 quem
3095 2173 3321 2228 vidisses
3344 2173 3573 2227 latrocinii
3600 2173 3737 2242 princi-

2240 2278 2361 2333 pem
2381 2273 2712 2333 gressantem
2741 2265 2979 2335 pervias,
3001 2266 3435 2335 prmtereuntibus
3459 2265 3737 2327 insidiantem,

2240 2371 2302 2411 ea
2328 2373 2446 2427 qua:
2465 2366 2589 2413 sunt
2613 2359 2664 2413 in
2689 2360 2830 2430 agris
2850 2359 3164 2428 rapientem,
3189 2359 3247 2413 in
3272 2360 3530 2429 speluncas
3542 2373 3594 2412 ac
3615 2357 3741 2411 foveas

2240 2448 2617 2503 subterraucas
2644 2465 2831 2505 aurum
2858 2460 2911 2505 et
2933 2460 3214 2520 argentum
3237 2450 3581 2516 defodienteut,
3602 2465 3650 2503 ac
3669 2450 3741 2501 illic

2241 2539 2405 2594 multa
2437 2542 2794 2597 recludentem
2814 2556 3075 2607 armenta,
3097 2552 3279 2600 vestes
3300 2558 3362 2597 ac
3388 2543 3612 2611 mancipia
3627 2542 3745 2595 inulta

2241 2647 2306 2685 ex
2334 2630 2727 2695 incursionibus
2745 2633 2846 2689 illis
2873 2634 3263 2704 possidentem,
3291 2650 3385 2704 age
3408 2636 3484 2690 dic
3510 2634 3633 2701 mihi,
3655 2649 3744 2686 num

2244 2724 2389 2780 illum
2433 2726 2645 2781 beatum
2671 2727 2880 2783 diccses
2921 2737 3138 2797 propter
3163 2727 3377 2784 divitias
3402 2728 3508 2782 illas
3531 2742 3587 2780 an
3623 2726 3749 2796 potius

2242 2820 2498 2875 miserum
2522 2820 2841 2890 praedicari-8
2858 2829 3075 2891 propter
3090 2822 3408 2892 supplicium
3429 2820 3497 2876 illi
3517 2818 3749 2874 venturum?

2243 2911 2401 2981 Atqui
2445 2912 2681 2966 nondum
2727 2914 3147 2983 comprehensus
3184 2924 3294 2977 est,
3344 2928 3504 2984 neque
3532 2913 3577 2965 in
3613 2926 3752 2965 manus

2239 3003 2434 3073 judicis
2481 3002 2723 3069 traditus,
2773 3018 2875 3059 nec
2916 3004 2967 3058 in
3012 3019 3288 3060 carcerem
3328 3004 3592 3074 conjectns,
3626 3016 3753 3069 neque

2242 3103 2604 3151 accusatorem
2630 3093 2830 3159 habuit,
2858 3109 3030 3165 neque
3057 3096 3107 3149 in
3133 3095 3398 3166 judicium
3422 3096 3570 3155 venit,
3595 3091 3752 3147 sedile-

2245 3189 2380 3244 liciis
2424 3187 2695 3258 indulget,
2742 3188 3066 3254 inebriatur,
3108 3189 3386 3260 multaque
3426 3203 3580 3243 rerum
3616 3186 3755 3239 fruitur

2242 3280 2534 3335 affluentia.
2566 3282 2815 3334 Attamen
2858 3295 2964 3334 non
3008 3289 3235 3350 propter
3282 3280 3561 3349 przcsentia,
3585 3288 3757 3346 qna-que

2244 3371 2526 3436 videntur,
2572 3370 2875 3440 judicamus
2945 3370 3092 3425 illum
3140 3371 3361 3427 beatum
3410 3390 3423 3428 :
3466 3372 3546 3426 sed
3589 3378 3759 3437 propter

2245 3465 2438 3527 futura,
2487 3477 2708 3533 quaeque
2753 3462 3050 3527 imminent,
3083 3463 3235 3518 illum
3280 3463 3521 3519 miserum
3557 3457 3755 3530 pradica-

2243 3569 2384 3610 nius.

2317 3648 2466 3702 Dives
2492 3648 2692 3716 iniquus
2722 3649 2870 3703 latro.
2901 3679 2972 3688 â€”
2995 3648 3106 3704 lloc
3153 3650 3289 3704 item
3333 3660 3386 3706 et
3412 3651 3475 3705 de
3498 3645 3759 3704 divitibuscl

2244 3740 2313 3795 de
2339 3740 2514 3794 avaris
2541 3741 2734 3811 cogita.
2769 3740 3023 3796 Latrones
3065 3743 3306 3812 quipiam
3348 3753 3485 3805 sunt,
3528 3739 3624 3793 vias
3653 3734 3759 3789 obsi-

2245 3833 2455 3898 dentes,
2489 3848 2573 3887 res
2600 3834 3027 3903 prmtereuntium
3055 3840 3350 3903 rapientes,
3375 3836 3511 3889 velut
3534 3834 3577 3885 in
3601 3828 3761 3897 Spelun-

2244 3927 2324 3982 cis
2344 3941 2405 3980 ac
2426 3924 2594 3980 foveis
2607 3926 2986 3989 subterraneis,
3002 3927 3232 3982 aliorum
3258 3928 3526 3982 facultates
3544 3925 3588 3978 in
3604 3922 3691 3975 suis
3702 3933 3764 3971 co

2248 4016 2433 4071 bieulis
2453 4015 2801 4071 defodieutes.
2820 4016 2898 4072 Ne
2919 4017 3075 4087 igitur
3096 4017 3285 4073 beatos
3304 4018 3533 4072 dicamus
3552 4015 3650 4067 illos
3670 4021 3763 4079 pro-

2245 4122 2363 4178 pter
2379 4109 2680 4179 prazsentia,
2697 4109 2789 4164 sed
2808 4109 3030 4164 miseros
3047 4121 3266 4180 propter
3285 4110 3480 4173 futura,
3504 4115 3684 4175 propter
3697 4101 3768 4153 for-

2247 4201 2554 4257 midandum
2575 4201 2703 4256 illud
2724 4201 3002 4271 judicium,
3026 4213 3249 4272 propter
3275 4200 3592 4256 inevitabiles
3611 4205 3763 4264 pimus.

2246 4303 2464 4365 propter
2481 4294 2725 4349 tenebras
2741 4293 3051 4357 exteriores,
3067 4308 3186 4362 qua:
3207 4294 3360 4364 ipsos
3375 4301 3649 4360 exceptum
3663 4291 3766 4337 sunt.

2245 4384 2376 4439 Nam
2400 4384 2632 4440 latrones
2648 4384 2861 4453 quidem
2885 4382 3193 4453 frequenter
3208 4400 3277 4439 ex
3302 4384 3566 4438 hominum
3582 4374 3768 4433 inanibus

2247 4476 2415 4545 elapsi
2464 4484 2629 4539 sunt,
2678 4475 3023 4531 nihilominus
3068 4490 3191 4530 cum
3245 4476 3355 4531 hoc
3394 4476 3640 4537 sciamus,
3678 4478 3718 4523 et
3748 4480 3769 4517 Â³

2248 4566 2402 4622 nobis
2449 4568 2576 4637 ipsis
2617 4566 2967 4637 deprecamur
3002 4578 3058 4623 et
3097 4567 3164 4623 ab
3194 4568 3444 4625 hostibus
3483 4567 3770 4634 imprecantur

2248 4659 2471 4713 istorum
2500 4660 2682 4724 vitam,
2712 4673 2814 4713 una
2840 4674 2958 4713 cum
2984 4659 3305 4716 exsecrabili
3336 4676 3515 4715 rerum
3541 4656 3686 4724 copia.
3708 4653 3769 4702 At-

2246 4749 2339 4819 qui
2368 4749 2467 4804 sub
2495 4750 2603 4803 Deo
2625 4764 2730 4803 non
2760 4748 2883 4804 licet
2911 4749 3049 4804 istud
3077 4749 3283 4805 dicere.
3316 4749 3506 4805 Nullus
3528 4747 3651 4801 ellllll
3673 4740 3767 4793 illius

2247 4840 2461 4910 effugiet
2509 4841 2848 4906 sententiam,
2894 4840 2988 4895 sed
3040 4856 3229 4896 omnes
3279 4842 3540 4903 omnino,
3580 4836 3655 4906 qui
3686 4841 3767 4885 cum

2249 4932 2522 4987 fraudibus
2545 4942 2597 4987 et
2623 4933 2821 5002 rapinis
2847 4931 3049 4993 vivunt.
3081 4932 3176 4988 Dei
3203 4932 3496 4987 vindictam
3521 4929 3609 4983 sibi
3643 4933 3766 4976 acerr-

2247 5034 2372 5077 snnt
2401 5024 2541 5077 illam
2585 5023 2938 5078 immortalem
2982 5023 3190 5093 fineque
3246 5035 3544 5086 carentem,
3583 5010 3764 5088 quctmtl'

2249 5115 2464 5171 modum
2503 5124 2558 5169 et
2583 5113 2733 5169 dives
2774 5113 2885 5168 ille.
2932 5114 3061 5181 Qua:
3100 5114 3321 5184 quidem
3353 5114 3530 5168 omnia
3571 5106 3763 5178 apudne'

2252 5209 2396 5278 ipsos
2438 5206 2794 5272 conferentes,
2836 5205 3185 5273 dilectissimi,
3235 5222 3307 5260 ne
3337 5204 3521 5262 beatus
3545 5200 3765 5272 judicatus

2248 5303 2339 5375 qui
2367 5300 2584 5366 divitiis,
2629 5299 2723 5356 sed
2752 5301 2841 5369 qui
2870 5301 3063 5354 virtute
3109 5299 3316 5369 pra-diti
3348 5310 3475 5352 sunt
3503 5316 3514 5349 :
3543 5305 3684 5361 neque
3702 5284 3769 5338 Î¹Î¹Î¹á½·Î‡

2250 5408 2400 5450 seros
2424 5392 2686 5456 dicamus,
2709 5391 2799 5462 qui
2822 5391 3019 5461 degunt
3045 5392 3096 5445 in
3119 5399 3461 5461 paupertate,
3489 5384 3577 5441 sed
3602 5378 3771 5451 quicum

2252 5486 2592 5558 improbitate
2622 5501 2640 5541 Îµ
2670 5500 2738 5540 ne
2774 5485 3057 5554 praesentia
3107 5483 3497 5552 respiciamus,
3527 5476 3611 5533 sed
3649 5471 3773 5524 á¿Î·Î¹Ï…Î·

2255 5578 2639 5651 prospiciamus
2669 5595 2680 5631 :
2711 5592 2780 5632 ne
2822 5586 3101 5631 externum
3141 5574 3426 5633 amictum,
3469 5567 3560 5624 sed
3583 5562 3778 5632 enimmi

2256 5672 2636 5730 conscientiam
2670 5672 3061 5738 examinemus;
3099 5680 3478 5738 sectantesquc
3507 5666 3716 5718 virtutem
3737 5659 3781 5698 Â³Î¿
