4018 6190
265 316 350 375 079

268 430 357 488 «Iw
392 426 718 500 πραγμάτων
762 422 1045 497 ἀληθείας,
1072 422 1329 480 τοσοῦτόν
1352 425 1470 479 ἐστι
1500 424 1602 496 τῆς
1634 441 1807 480 κατα-

266 512 472 572 στάσεως
486 510 692 581 ταύτης
713 512 808 563 καὶ
843 509 946 578 τῆς
970 510 1089 562 ἐκεῖ
1111 508 1172 560 τὸ
1201 507 1488 583 διὰφσρονς

329 594 510 657 Ἀλλως
536 592 593 646 δὲ
627 593 724 646 καὶ
753 592 859 664 πρὸ
879 593 979 662 τῆς
1014 592 1134 645 ἐκεῖ
1159 592 1451 659 κολάσεως,
1480 590 1728 646 ἐντεῦθεν
1759 591 1809 644 οί

268 676 652 748 πονηρευόμενοι
682 676 778 730 καὶ
814 676 874 729 ὲν
897 676 1195 747 ἁμαρτίαις
1229 674 1431 740 ζῶντες
1470 674 1807 739 κολάζονται.

269 763 345 831 Μὴ
371 760 463 829 γάρ
491 776 581 829 μοι
623 759 716 811 τὸν
767 757 1048 830 τραπέζης
1098 757 1442 813 ἀπολαύοντα
1489 756 1812 820 πολυτελοῦς

269 842 429 906 ἁπλῶς
454 842 631 913 εἴπῃς,
666 841 761 894 καὶ¹
793 841 887 895 τὸν
934 841 1125 912 ἱμάτια
1162 841 1626 913 περιϐεϐλημένον
1661 857 1814 911 σηρι-

265 926 348 991 κὰ,
376 926 457 978 καὶ
469 924 814 995 ἀνδραπόδων
831 925 1030 993 ἀγέλας
1059 925 1443 997 περιφέροντα,
1470 926 1565 979 καὶ
1593 924 1812 978 σοϐοῦν-

266 1028 325 1065 τα
352 1011 431 1063 ἐπὶ
457 1010 551 1079 τῆς
595 1010 821 1081 ἀγορᾶς
853 1008 971 1063 ἀλλ’
1025 1009 1333 1074 ἁνάπτυξόν
1382 1028 1474 1080 μοι
1506 1008 1696 1062 τούτου
1751 1007 1814 1060 τὸ

269 1093 494 1158 συνειδὸς,
517 1093 613 1146 καὶ
645 1092 764 1161 ὀψει
795 1092 964 1146 πολὺν
993 1091 1204 1146 ἔνδοθεν
1225 1091 1452 1163 θόρυϐον
1487 1092 1596 1145 τῶν
1634 1092 1813 1162 ἀμαρ-

265 1193 323 1246 τη
331 1176 513 1245 μάτων,
531 1174 693 1244 φόϐον
721 1174 966 1245 διηνεκῆ,
984 1174 1251 1246 χειμῶνα,
1280 1174 1545 1246 ταραχὴν,
1562 1174 1813 1244 καθάπερ

266 1262 317 1313 ὲν
334 1257 646 1331 δικαστηρίῳ
667 1257 758 1312 τὸν
792 1258 915 1312 νοῦν
938 1259 1030 1311 ἐπὶ
1075 1258 1166 1312 τὸν
1194 1258 1381 1328 θρόνον
1415 1257 1693 1312 ἀναϐάντα
1721 1257 1812 1311 τὸν

268 1341 513 1411 βασιλικὸν
539 1354 565 1382 α
602 1332 696 1395 τοῦ
716 1342 1039 1406 συνειδότος,
1070 1342 1165 1394 καὶ
1184 1341 1375 1412 ὥσπερ
1400 1340 1520 1395 τινὰ
1551 1340 1814 1412 δικαστὴν

267 1426 571 1496 καθήμενον,
591 1426 685 1479 καὶ
716 1426 841 1489 τοὺς
857 1426 1152 1496 λογισμοὺς
1173 1423 1544 1495 παριστῶντα,
1562 1422 1814 1492 καθάπερ

265 1509 490 1580 δημίους,
527 1508 622 1563 καὶ
650 1507 969 1579 ἀναρτῶντα
1006 1508 1105 1579 τὴν
1135 1507 1393 1572 διάνοιαν,
1428 1508 1522 1560 καὶ
1566 1503 1815 1570 καταξαί-

264 1609 406 1643 νοντα
420 1592 549 1662 ὑπὲρ
578 1591 687 1644 τῶν
700 1590 1125 1662 ἡμαρτημένων,
1153 1590 1247 1643 καὶ
1275 1589 1555 1661 ὲμϐοῶντα
1582 1587 1815 1660 μεγάλα,

268 1673 471 1745 μηδενὸς
502 1674 722 1738 είδότος,
754 1673 869 1727 ἀλλ’
895 1673 929 1744 ἢ
954 1672 1046 1726 τοῦ
1076 1673 1249 1727 ταῦτα
1294 1672 1659 1742 ἐπισταμένου
1690 1670 1815 1743 βλέ-

265 1774 377 1810 πειν
399 1757 522 1810 θεοῦ
552 1759 735 1829 μόνου.
791 1758 901 1810 Καὶ
935 1757 1043 1827 γάρ
1088 1759 1117 1810 ὀ
1165 1755 1453 1827 μοιχεύων,
1513 1756 1619 1810 κᾶν
1663 1754 1815 1827 [724]

266 1839 503 1910 μυριάκις
591 1839 868 1904 πλούσιος,
898 1839 1002 1893 κᾶν
1036 1839 1238 1910 μηδένα
1270 1838 1673 1910 κατηγοροῦντα
1695 1838 1816 1909 ἔχῃ,

262 1923 318 1974 ού
343 1922 559 1976 παύεται
586 1921 783 1976 ἑαυτοῦ
806 1920 1130 1992 κατηγορῶν
1161 1921 1328 1975 ἔνδον·
1362 1921 1454 1975 καὶ
1481 1924 1513 1992 ἡ
1541 1921 1638 1991 μὲν
1659 1920 1819 1991 ἡδονὴ

264 2007 599 2077 πρόσκαιρος,
624 2007 655 2075 ἡ
681 2005 740 2059 δὲ
772 2004 933 2075 ὀδύνη
972 2004 1246 2077 διηνεκὴς,
1288 2004 1451 2075 φόϐος
1482 2004 1818 2073 πανταχόθεν

260 2090 350 2141 καὶ
392 2089 603 2160 τρόμος,
657 2089 863 2158 ὑποψία
924 2088 1018 2142 καὶ
1062 2088 1290 2157 ἀγωνία*
1339 2089 1465 2154 τοὺς
1513 2090 1819 2153 στενωποὺς

258 2171 468 2235 δέδοικε,
513 2173 611 2236 τὶς
673 2172 829 2235 σκιάς
859 2172 1029 2235 αὐτὰς
1055 2171 1268 2243 τρέμει,
1295 2174 1419 2236 τοὺς
1449 2173 1667 2235 οἰκέτας
1695 2174 1818 2237 τοὺς

260 2251 461 2316 ἑαυτοῦ,
491 2252 615 2317 τούς
640 2255 966 2321 συνειδότας,
988 2256 1115 2319 τοὺς
1138 2256 1486 2324 ἀγνοοῦντας,
1506 2255 1603 2327 τὴν
1631 2255 1818 2326 ὴδικη-

259 2333 418 2403 μένην
439 2334 624 2407 αὐτὴν,
652 2336 744 2390 τὸν
774 2337 1102 2409 ὑϐρισμένον
1134 2338 1328 2409 ἄνδραο
1348 2338 1696 2408 περιέρχεται
1728 2357 1811 2391 περ

256 2415 384 2487 κρὸν
406 2420 701 2493 κατήγορον
731 2420 1045 2494 περιφέρων
1067 2421 1127 2475 τὸ
1155 2420 1820 2493 συνειδὸς,αὐτοκατάκρι-

254 2516 349 2562 τος
374 2498 464 2563 ὣν,
493 2502 585 2554 καὶ
616 2501 738 2555 οὐδὲ
771 2503 968 2574 μικρὸν
1000 2502 1336 2558 ἀναπνεῦσαι
1361 2502 1677 2573 δυνάμενος.
1710 2505 1820 2557 Καὶ

252 2581 362 2652 γὰρ
398 2584 487 2635 καὶ
515 2583 610 2636 ἐπὶ
641 2584 847 2655 κλίνης,
881 2586 973 2639 κα)⁸
1016 2589 1074 2640 ὲν
1106 2585 1370 2659 τραπέζῃ,
1405 2587 1498 2641 καὶ
1533 2588 1590 2638 εν
1620 2588 1816 2658 ἀγορᾷ,

250 2665 347 2718 καὶ
364 2666 603 2736 ὲνοίκίᾳ,
635 2669 728 2721 καὶ
754 2672 811 2722 ὲν
841 2670 1040 2741 ἡμέρᾳ,
1071 2672 1165 2725 καὶ
1210 2672 1268 2725 ὲν
1301 2672 1474 2736 νυκτὶ,
1511 2671 1604 2724 καὶ
1633 2671 1690 2723 ἐν
1725 2671 1821 2723 αὐ-

246 2750 361 2811 τοῖς
381 2752 487 2813 τοῖς
512 2750 752 2822 ὀνείρασι
785 2752 1045 2817 πολλάκις
1075 2754 1145 2808 τὰ
1180 2755 1279 2826 τῆς
1320 2753 1593 2826 ἁμαρτίας
1625 2752 1820 2807 εἴδωλα

246 2829 453 2899 βλέπει,
486 2834 686 2887 καὶτὸν
714 2834 810 2888 τοῦ
840 2835 980 2890 Κάῖν
1003 2835 1067 2909 ζῇ
1106 2836 1241 2907 βίον,
1267 2839 1467 2893 στένων
1483 2838 1575 2892 καὶ
1600 2838 1822 2910 τρέμων

244 2914 342 2966 ἐπὶ
370 2914 469 2984 τῆς
505 2916 627 2987 γῆς,
658 2917 755 2970 καὶ¹
806 2919 1034 2989 μηδενὸς
1059 2921 1279 2985 εἰδότος.
1315 2921 1460 2976 ἔνδον
1476 2922 1590 2992 ἔχει
1621 2921 1683 2974 τὸ
1708 2921 1820 2994 πῦρ

243 2997 656 3068 συνειλεγμένον
685 3001 793 3056 ἁεί.
838 3002 1009 3056 Τοῦτο
1038 3003 1131 3056 καὶ
1153 3006 1202 3057 οί
1238 3004 1592 3074 ἁρπάζοντες,
1623 3005 1719 3059 καὶ
1772 3007 1819 3058 οἱ

245 3082 691 3149 πλεονεκτοῦντες
711 3086 1001 3156 πάσχουσι*
1029 3085 1188 3140 τοῦτο
1206 3088 1300 3140 καὶ
1327 3090 1376 3140 οί
1397 3089 1709 3159 μεθύοντες,
1727 3092 1821 3144 καὶ

237 3165 473 3229 ἕκαστος
499 3167 556 3221 δὲ
600 3167 787 3233 ἁπλῶς
819 3169 925 3222 τῶν
965 3172 1024 3223 ὲν
1074 3171 1371 3242 ἁμαρτίαις
1404 3172 1641 3237 ζώντων·
1677 3176 1822 3245 ἁμή-

237 3267 406 3319 χανον
428 3249 535 3323 γάρ
565 3253 740 3306 ἐκεῖνο
763 3253 1128 3326 διαφθαρῆναι
1167 3256 1227 3309 τὸ
1265 3256 1634 3329 δικαστήριον·
1683 3258 1821 3312 ἀλλά

235 3332 344 3384 κᾶν
378 3334 452 3403 μὴ
481 3334 754 3405 μετίωμεν
785 3336 884 3407 τὴν
914 3336 1299 3409 ἁρετὴν,ὃμως
1324 3332 1821 3411 ὀδυνώμεθα,ὲπεια

230 3417 300 3486 δὴ
336 3418 415 3489 μὴ
441 3419 843 3490 μετερχόμεθα,
866 3420 968 3474 κᾶν
998 3421 1275 3492 μετίωμεν
1306 3423 1407 3495 τὴν
1437 3424 1655 3492 κακίαν,
1673 3426 1821 3497 ὅμως

231 3503 584 3574 παυσάμενοι
604 3506 704 3576 τῆς
736 3504 929 3576 ἡδονῆς
959 3506 1058 3577 τῆς
1096 3506 1238 3560 κατά
1265 3507 1362 3577 τὴν
1400 3510 1698 3579 ἁμαρτίαν,
1732 3512 1819 3563 αί-

233 3584 555 3657 σθανόμεθα
581 3586 680 3657 τῆς
707 3587 920 3660 ὀδύνης.
949 3588 1041 3659 Μὴ
1088 3588 1268 3643 τοίνυν
1299 3590 1545 3663 λέγωμεν
1575 3593 1668 3646 ἐπὶ
1712 3593 1821 3648 τῶν

231 3668 617 3723 πλουτούντων
646 3671 878 3725 ἐνταῦθα
925 3672 1019 3727 καὶ
1050 3675 1528 3745 πονηρευομένων,
1569 3676 1661 3729 καλ⁵
1712 3676 1821 3732 τῶν

226 3752 464 3805 δικαίων
495 3754 603 3808 τῶν
628 3753 1023 3817 ἀπολαυόντων,
1048 3755 1184 3819 ἐκεῖ,
1232 3756 1315 3810 ὅτι
1350 3756 1408 3810 ἓν
1451 3757 1532 3820 ἓν,
1582 3756 1699 3811 ἀλλ’
1738 3760 1821 3813 ὅτι

226 3836 327 3890 δύο
376 3836 556 3890 οὐδέν.
589 3838 715 3902 Τοῖς
745 3838 845 3909 μὲν
874 3840 984 3912 γὰρ
1009 3839 1241 3905 δικαίοις
1269 3842 1363 3896 καὶ
1392 3842 1461 3895 τά
1497 3844 1614 3895 ἐκεῖ
1634 3844 1729 3897 καὶ
1752 3843 1822 3898 τά

228 3919 481 3974 ἐνταῦθα
509 3920 709 3992 πολλὴν
749 3922 980 3994 παρέχει
1021 3923 1119 3996 τὴν
1161 3924 1374 3997 ἡδονήν*
1416 3928 1463 3979 οί
1491 3927 1548 3980 δὲ
1577 3929 1634 3981 ἐν
1659 3944 1823 3999 πονη⁴

226 4004 384 4072 pinu;
401 4003 500 4057 καὶ
528 4005 586 4057 ἐν
606 4004 965 4072 πλεονεξίαις,
991 4009 1087 4062 καὶ
1126 4008 1359 4063 ἐνταῦθα
1387 4011 1482 4064 καὶ
1516 4011 1633 4065 ἐκεῖ
1663 4012 1823 4067 κολά-

220 4089 442 4153 ζονται.
461 4087 565 4142 Καὶ
581 4090 690 4161 γὰρ
708 4091 802 4144 καὶ
825 4091 1061 4145 ἐνταῦθα
1083 4091 1400 4158 κολάζονται
1427 4098 1493 4166 τῇ
1528 4096 1824 4169 προσδοκίᾳ

214 4171 329 4240 τῆς
362 4173 488 4225 ἐκεῖ
508 4173 794 4244 τιμωρίας,
822 4175 916 4227 καὶ
956 4176 1020 4245 τῇ
1053 4178 1266 4248 πονηρᾷ
1298 4178 1451 4248 παρὰ
1474 4178 1690 4234 πάντων
1718 4180 1823 4233 ὐπ-

210 4254 385 4324 οψίᾳ,
442 4254 540 4306 καὶ
568 4254 717 4326 αὐτῷ
773 4255 849 4328 τῷ
879 4257 1214 4327 ἁμαρτάνειν
1247 4259 1342 4312 καὶ
1388 4260 1487 4331 τὴν
1522 4260 1699 4332 ψυχὴν
1724 4261 1822 4334 τὴν

209 4339 449 4392 ἑαυτῶν
472 4338 826 4410 διαφθείρειψ
852 4342 943 4394 καὶ
968 4342 1104 4412 μετὰ
1128 4343 1225 4414 τὴν
1241 4343 1489 4398 ἐντεῦθεν
1512 4338 1821 4417 ἀποδημίαν

200 4424 551 4496 ἀφορήτους
597 4425 928 4493 ὑπομένουσι
978 4427 1269 4499 τιμωρίας.
1318 4428 1483 4483 Πάλιν
1518 4431 1566 4482 οί
1602 4430 1820 4499 δίκαιοι,

196 4507 333 4560 κᾶν
371 4507 553 4578 μυρία
587 4507 872 4578 πάσχωσιν
921 4508 1155 4563 ἐνταῦθα
1198 4509 1368 4574 δεινὰ,
1404 4515 1665 4583 χρησταῖς
1706 4530 1824 4568 συν-

195 4589 534 4659 τρέφονται
591 4592 709 4653 ταῖς
767 4589 997 4658 ἐλπίσιν,
1056 4591 1247 4663 ἡδονὴν
1299 4592 1515 4664 ἔχοντες
1551 4594 1820 4667 καθαρὰν,

186 4672 492 4745 βεϐαίαν,
518 4673 794 4744 ἀκίνητον·
826 4674 919 4728 καὶ
957 4674 1097 4745 μετὰ
1134 4674 1308 4731 ταῦτα
1335 4677 1403 4731 τά
1436 4679 1604 4749 μυρία
1626 4680 1823 4745 αὐτοὺς

182 4756 545 4821 διαδέξεται
571 4756 772 4824 ἁγαθὰ,
805 4757 1057 4829 καθάπερ
1078 4754 1171 4813 οῦν
1193 4759 1400 4815 καὶτὸν
1433 4759 1702 4833 Λάζαρον.
1731 4764 1822 4836 Μὴ

176 4841 331 4910 γάρ
378 4856 484 4909 μοι
506 4839 664 4893 τοῦτο
701 4840 882 4912 εἴπῃς,
910 4841 991 4894 ὅτι
1015 4840 1249 4912 ἥλκωτο,
1276 4842 1413 4897 ἁλλά
1428 4843 1585 4896 τοῦτο
1606 4844 1821 4912 σκόπει,

166 4927 297 4979 ὅτι
331 4921 559 4994 χρυσοῦ
586 4923 787 4986 παντὸς
817 4923 1150 4996 τιμιωτέραν
1169 4925 1318 4979 ἔνδον
1350 4924 1462 4998 εἶχε
1493 4929 1592 5001 τὴν
1618 4931 1820 5002 ψυχήν·

162 5006 439 5081 μᾶλλον
475 5005 538 5059 δὲ
585 5008 644 5059 οὐ
673 5006 771 5078 τὴν
816 5007 993 5079 ψυχὴν
1037 5008 1217 5078 μόνον,
1247 5009 1382 5063 ἀλλὰ
1432 5013 1525 5066 καὶ⁸
1571 5013 1632 5066 τὸ
1662 5014 1823 5085 σῶμα

152 5089 424 5148 αὐτοῦ·
444 5091 624 5161 ἀρετὴ
640 5091 748 5162 γὰρ
779 5091 1030 5162 σώματος
1048 5092 1108 5145 οὐ
1136 5093 1474 5165 πολυσαρκία
1496 5098 1589 5151 καὶ
1616 5098 1820 5167 εὐεξία,

146 5172 357 5230 ἀλλά
395 5172 677 5236 τοσαύτας
734 5174 828 5227 καὶ
882 5174 1137 5239 τοιαύτας
1165 5175 1352 5247 φέρειν
1407 5178 1693 5248 βασάνους.
1745 5184 1823 5237 Οὐ

140 5260 342 5327 γὰρ,
370 5254 440 5307 ετ
465 5272 556 5319 τις
578 5256 672 5309 ἐπὶ
700 5256 794 5311 τοῦ
824 5255 1075 5328 σώματος
1117 5259 1409 5331 τραύματα
1435 5261 1548 5332 ἔχοι
1573 5264 1822 5334 τοιαῦτα,

142 5339 537 5421 βδελυκτὺς
566 5341 595 5393 ό
622 5339 882 5421 τοιοῦτος’
914 5340 1028 5393 ἀλλ’
1062 5342 1117 5395 εί
1145 5359 1230 5406 τις
1252 5343 1345 5396 ἐπὶ
1365 5344 1462 5413 τῆς
1483 5346 1659 5417 ψυχῆς
1689 5350 1824 5421 ἕλκη

140 5422 397 5493 ,ιοδρεα
435 5420 608 5491 ἔχων,
638 5420 907 5492 μηδεμίαν
926 5422 1103 5476 αὐτῶν
1118 5425 1434 5495 ἐπιμέλειαν
1457 5433 1682 5482 ποιοῖτο’
1713 5420 1825 5496 οἷος

126 5497 257 5572 ἦν
307 5509 561 5568 ἐκεῖνος
587 5507 616 5557 ὁ
636 5504 909 5570 πλούσιος,
943 5505 1153 5561 ἔνδοθεν
1182 5508 1493 5581 ἡλκωμένος
1522 5512 1687 5577 ἆπας.
1715 5515 1826 5569 Καὶ

264 5749 285 5767 ι
313 5738 440 5788 τὸν
455 5733 722 5795 βασιλικὸν
743 5735 885 5784 deest
904 5736 952 5785 in
978 5737 1126 5787 Savil.
1154 5745 1203 5787 et
1229 5739 1385 5791 tribus
1404 5755 1520 5793 mss.

550 5843 821 5905 PATROL.
869 5845 987 5905 Gn.
1034 5842 1311 5906 XLVIII.

1454 304 1542 359 DE
1581 306 1860 367 LAZARO
1900 310 2151 368 CONCIO
2187 311 2231 365 ἰ.

3379 308 3483 359 θεο

1912 421 2164 493 καθάπερ
2193 421 2243 474 οί
2281 420 2439 484 κύνες
2475 420 2662 473 τούτου
2700 420 3034 491 περιέλειχον
3073 426 3140 480 τὰ
3176 423 3482 495 τραύματα,

1912 512 2085 577 οὕτως
2118 512 2327 568 ἐκείνου
2355 512 2689 589 δαίμονεςτὰ
2713 515 3104 586 ἀμαρτήματα’
3129 515 3223 567 καὶ
3240 516 3487 588 καθάπερ

1914 602 2063 670 οὗτος
2082 608 2139 659 ὲν
2156 605 2302 677 λιμῷ
2330 607 2557 677 τροφῆς,
2588 606 2761 670 οὐτως
2792 610 2998 671 ἐκεῖνος
3037 609 3094 661 ἐν
3133 607 3275 678 λιμῷ
3313 610 3488 678 πάσης

1914 700 2116 772 ἀρετῆς
2144 698 2259 768 ἔζη.

1980 822 2072 879 ιϐ’.
2088 821 2255 877 Ταῦτ’
2280 816 2374 876 οὖν
2401 820 2599 884 εἰδότες
2628 819 2843 874 ἅπαντα
2871 819 3268 890 φιλοσοφῶμεν,
3296 820 3387 872 καὶ
3411 825 3493 894 μὴ

1915 918 2181 988 λέγωμεν,
2206 917 2289 971 ὅτι
2317 919 2363 970 εί
2390 916 2481 969 τὸν
2506 915 2652 969 δεῖνα
2680 915 2853 983 ἐφίλει
2881 914 3077 977 ὀΘεὸς,
3102 915 3200 967 οὐκ
3235 915 3301 968 ἂν
3327 915 3495 969 αὐτὸν

1915 1011 2093 1081 ἀφῆκε
2111 1008 2365 1078 γενέσθαι
2386 1007 2612 1078 πένητα.
2645 1006 2784 1060 Αὐτὸ
2815 1008 2913 1076 μὲν
2940 1003 3031 1061 οὖν
3053 1006 3210 1060 τοῦτο
3236 1006 3487 1076 μέγιστον

1917 1097 2136 1167 ἀγάπης
2170 1095 2468 1167 τεκμήριόν
2508 1098 2675 1149 ἐστιν’
2719 1097 2827 1148 Ὃν
2857 1097 2969 1165 γὰρ
3004 1095 3205 1167 ἀγαπᾷ
3256 1098 3494 1174 Κύριος⁹

1919 1188 2202 1244 παιδεύειο
2233 1189 2519 1258 μαστιγοῖ
2557 1188 2626 1242 δὲ
2656 1188 2855 1243 πάντα
2883 1190 3037 1255 υἱόν,
3069 1190 3141 1244 ὃν
3165 1191 3491 1261 παραδέχε-

1920 1299 2029 1336 ται.
2069 1280 2218 1353 [725]
2252 1282 2362 1335 Καὶ
2390 1281 2569 1347 πάλιν,
2608 1282 2846 1344 Τέκνον,
2874 1282 2981 1335 ἐὰν
3008 1285 3311 1352 προσέρχῃ
3351 1284 3489 1336 δου-

1918 1377 2122 1428 λεύειν
2156 1377 2370 1443 Κιιρίῳ,
2394 1376 2718 1445 ἑτοίμασον
2744 1376 2860 1443 τὴν
2881 1375 3092 1444 ψυχήν
3112 1392 3228 1429 σου
3253 1379 3341 1442 εἷς
3378 1392 3493 1430 πει-

1911 1468 2173 1538 ρασμὸν,
2202 1469 2464 1523 εὔθυνον
2486 1468 2602 1536 τὴν
2629 1468 2885 1537 καρδίαν
2905 1484 3043 1532 σου,
3082 1469 3179 1522 καί
3210 1470 3494 1538 καρτέρη-

1920 1574 2056 1615 σον.
2099 1560 2447 1631 Ἐκϐάλωμεν
2474 1557 2586 1625 οῦν,
2620 1562 2915 1632 ἀγαπητοὶ,
2943 1561 3043 1624 τὰς
3070 1562 3332 1633 περιττάς
3373 1561 3495 1615 ταύ-

1918 1670 2018 1717 τας
2041 1653 2337 1725 προλήψεις
2360 1655 2453 1722 ἀφ’
2471 1654 2702 1718 ἑαυτῶν,
2726 1654 2820 1707 καὶ
2843 1654 2911 1707 τά
2949 1653 3173 1725 δημώδη
3202 1654 3371 1708 ταῦτα
3399 1655 3495 1725 ρή-
3538 1664 3545 1673 '

1924 1759 2089 1814 ματα.
2127 1746 2463 1813 Αίσχρότης
2496 1746 2627 1817 γὰρ,
2658 1744 2813 1816 φησὶ,
2851 1746 2949 1798 καί
2985 1746 3344 1816 μωρολογία,
3396 1745 3494 1798 καί

1920 1835 2285 1902 εὐτραπελία
2321 1834 2408 1904 μὴ
2460 1834 2879 1903 ἐκπορευέσθω
2931 1836 3000 1890 ἐκ
3043 1835 3150 1890 τοῦ
3199 1837 3496 1905 στόματος

1920 1921 2106 1991 ὑμῶν.
2136 1924 2289 1996 Μήτε
2317 1919 2410 1978 οῦν
2436 1925 2592 1978 αὐτοὶ
2613 1924 2787 1978 ταῦτα
2807 1924 3075 1996 λέγωμεν,
3098 1925 3235 1979 ἀλλὰ
3261 1925 3365 1980 κᾶν
3386 1927 3497 1978 ἑτέ.

1923 2035 2049 2088 ρους
2080 2016 2279 2088 ίδωμεν
2309 2017 2485 2071 ταῦτα
2508 2017 2787 2084 λέγοντας,
2814 2016 3279 2089 ὲπιστομίσωμεν,
3307 2017 3496 2080 κατεξ-

1921 2110 2240 2180 αναστῶμεν
2273 2109 2538 2180 σφοδρῶς,
2570 2110 2881 2179 ὲπίσχωμεν
2908 2107 3006 2179 τὴν
3028 2109 3379 2179 ἀναίσχυντον
3400 2110 3495 2161 αὐα

1921 2202 2028 2255 τῶν
2053 2202 2318 2270 γλῶτταν.
2360 2200 2428 2255 Εί
2453 2219 2579 2257 τινα
2606 2200 2749 2272 ἴδῃς,
2775 2201 2894 2253 εἰπέ
2921 2219 3031 2272 μοι,
3061 2200 3363 2273 λῄσταρχον
3392 2218 3495 2256 κα-

1921 2296 2255 2366 τατρέχοντα
2281 2294 2380 2359 τάς
2425 2295 2599 2359 ὀδοὺς,
2645 2296 2759 2356 τοῖς
2799 2294 3088 2364 παριοῦσιν
3118 2293 3494 2363 ἐφεδρεύοντα,

1920 2388 1987 2441 τὰ
2020 2389 2084 2441 ἐκ
2116 2387 2225 2441 τῶν
2253 2387 2437 2459 ἀγρῶν
2467 2385 2801 2458 ἁρπάζοντα,
2830 2388 2910 2450 είς
2940 2386 3179 2459 σπήλαια
3205 2389 3297 2441 καὶ
3330 2404 3494 2439 κατα-

1919 2477 2097 2542 δύσεις
2122 2479 2340 2550 χρυσίον
2356 2478 2451 2532 καὶ
2473 2477 2732 2550 ἀργύριον
2749 2478 3163 2548 κατορύττοντα,
3188 2479 3281 2531 καὶ
3300 2479 3496 2547 ἀγέλας

1922 2570 2281 2624 ἀποκλείοντα
2307 2570 2508 2634 πολλὰς
2539 2570 2677 2633 ἐκεῖ,
2718 2571 2812 2623 καὶ
2840 2571 3029 2639 ἱμάτια
3063 2571 3158 2624 καὶ
3190 2571 3493 2642 ἀνδράποδα

1922 2662 2092 2715 πολλά
2126 2662 2461 2733 κεκτημένον
2495 2663 2558 2715 ὲκ
2585 2662 2681 2732 τῆς
2721 2661 3070 2732 καταδρομῆς
3119 2662 3352 2731 ἐκείνης,
3389 2659 3498 2734 ἆρα

1924 2753 2104 2817 αὐτὸν,
2132 2754 2252 2807 είπέ
2277 2772 2387 2825 μοι,
2418 2753 2744 2826 μακαρίζεις
2776 2752 2864 2806 διὰ
2893 2754 2984 2807 τὸν
3022 2752 3250 2807 πλοῦτον
3271 2756 3493 2818 ἐκεῖνον,

1922 2844 2295 2915 ῆταλανίζεις
2338 2846 2425 2900 διά
2474 2845 2571 2916 τὴν
2621 2846 2924 2917 μέλλουσαν
2970 2845 3130 2899 αὐτὸν
3163 2845 3499 2916 διαδέχεσθαι

1924 2936 2109 3007 δίκην;
2143 2937 2336 3001 Καίτοι
2363 2937 2515 2991 οῦπω
2537 2939 2907 3010 συνείληπται,
2945 2940 3065 2993 οὐδὲ
3094 2941 3173 3001 είς
3201 2944 3385 3010 χεῖρας
3404 2938 3499 2994 τοῦ

1923 3028 2176 3082 δικαστοῦ
2208 3029 2590 3098 παραδέδοται,
2625 3029 2747 3083 οὐδὲ
2787 3032 2866 3093 είς
2904 3030 3278 3101 δεσμωτήριον
3312 3031 3491 3083 ὲνέπε·

1926 3138 2036 3187 σεν,
2065 3121 2181 3175 οὐδὲ
2202 3123 2507 3192 κατήγορον
2537 3122 2715 3192 ἔσχεν,
2750 3122 2869 3175 οὐδὲ
2904 3122 3007 3175 ὑπὸ
3040 3122 3218 3194 ψῆφον
3257 3124 3493 3191 ἐγένετο⁹

1924 3213 2060 3268 ἀλλὰ
2080 3217 2281 3287 τρυφᾷ,
2306 3214 2516 3286 μεθύει,
2555 3215 2814 3293 εὐπορίας
2847 3214 3107 3269 ἀπολαύει
3130 3215 3349 3285 πολλῆς
3385 3216 3498 3270 ἀλλ’

1922 3309 2071 3379 ὅμως
2102 3307 2163 3361 οὐ
2193 3308 2283 3362 διὰ
2308 3308 2375 3362 τὰ
2403 3307 2648 3379 παρόντα
2690 3307 2784 3361 καὶ
2812 3307 2879 3362 τά
2907 3307 3160 3379 ὁρώμενα
3200 3310 3358 3363 αὐτὸν
3396 3327 3499 3379 μαι

1925 3400 2243 3473 καρίζομεν,
2264 3400 2402 3455 ἁλλὰ
2431 3400 2519 3455 διὰ
2543 3399 2613 3454 τὰ
2658 3400 2921 3473 μέλλοντα
2953 3401 3047 3456 καὶ
3076 3402 3500 3474 προσδοκώμενα

1923 3494 2295 3567 ταλανίςομεν.

1995 3608 2165 3663 Τοῦτο
2193 3609 2287 3663 καὶ
2309 3608 2403 3662 ἐπὶ
2424 3607 2533 3663 τῶν
2564 3608 2939 3663 πλουτούντων
2981 3611 3075 3664 καὶ
3115 3611 3500 3665 πλεονεκτούν-

1921 3718 2031 3756 των
2082 3701 2316 3771 λόγισαι.
2367 3701 2574 3773 Δῃσταί
2604 3700 2748 3765 τινές
2773 3702 2910 3754 εἰσιν
2938 3702 3077 3764 ὁδοῖς
3099 3702 3499 3776 ἐφεδρεύοντες,

1923 3793 1993 3848 τὰ
2047 3794 2157 3848 τῶν
2221 3794 2527 3866 παριόντων
2582 3792 2942 3867 ἁρπάζοντες,
2990 3794 3179 3865 ὥσπερ
3238 3797 3296 3849 ὲν
3364 3813 3499 3865 σπη-

1923 3887 2095 3957 λαίοις
2148 3887 2241 3941 καὶ
2293 3885 2642 3951 καταδύσεσι,
2673 3889 2783 3951 τοῖς
2832 3887 3040 3941 ἑαυτῶν
3083 3886 3347 3959 θαλάμοις
3373 3906 3500 3941 κατ-

1924 3980 2243 4051 ορύττοντες
2282 3979 2381 4045 τὰς
2435 3980 2637 4049 ἐτέρων
2681 3979 3013 4050 περιουσίας.
3051 3978 3142 4050 Μὴ
3189 3979 3368 4032 τοίνυν
3399 3996 3499 4050 μα-

1929 4071 2244 4144 καρίζωμεν
2279 4072 2477 4136 αὐτοὺς
2518 4071 2605 4125 διά
2636 4070 2707 4124 τὰ
2736 4071 3000 4143 παρόντα,
3035 4069 3170 4123 ἀλλά
3194 4071 3494 4134 ταλανίζωο

1929 4183 2029 4236 μεν
2056 4163 2142 4218 διὰ
2165 4164 2233 4218 τὰ
2256 4164 2538 4236 μέλλοντα,
2568 4163 2655 4217 διὰ
2688 4163 2749 4216 τὸ
2778 4162 3006 4233 φοϐερὸν
3039 4163 3213 4215 ἐκεῖνο
3246 4161 3494 4231 δικαστή·

1928 4274 2064 4329 ριον,
2089 4256 2178 4310 διὰ
2229 4257 2327 4320 τὰς
2368 4258 2776 4328 ἀπαραιτήτους
2806 4255 3055 4318 εὐθύνας,
3085 4253 3173 4307 διὰ
3205 4255 3269 4307 τὸ
3313 4254 3499 4317 σκότος

1924 4349 1988 4402 τὸ
2019 4348 2301 4422 ἐξώτερον,
2352 4350 2381 4403 δ
2424 4348 2604 4420 μέλλει
2648 4348 2844 4412 αὐτοὺς
2887 4346 3261 4418 ὑποδέχεσθαι.
3308 4346 3497 4400 Καίτοι

1924 4443 1974 4496 οἱ
2016 4442 2115 4513 μὲν
2169 4442 2363 4512 λῃσταὶ
2409 4441 2667 4504 πολλάκις
2723 4440 2983 4510 ἐξέφυγον
3031 4438 3334 4511 ἀνθρώπιον
3387 4442 3492 4510 χεῖ·

1927 4551 2046 4607 ρας*
2080 4534 2192 4589 ἀλλ’
2220 4536 2368 4605 ὅμως
2420 4535 2513 4587 καὶ
2559 4533 2717 4587 τοῦτο
2751 4533 2970 4596 είδότες,
3032 4533 3125 4586 καὶ
3155 4534 3367 4595 ἑαυτοῖς
3410 4534 3500 4585 καὶ

1925 4628 2137 4701 ἐχθροῖς
2187 4626 2542 4699 ἀπευξάμεθα
2584 4626 2649 4680 ἂν
2672 4627 2761 4680 τὸν
2823 4627 3044 4679 ἐκείνων
3090 4626 3223 4696 βίον,
3274 4625 3366 4680 καὶ
3404 4624 3501 4695 τὴν

1925 4720 2180 4792 εὐπορίαν
2232 4720 2332 4792 τὴν
2391 4719 2686 4788 ἐπάρατον.
2756 4720 2878 4795 Ἐπὶ
2930 4719 2986 4772 δὲ
3055 4719 3150 4772 τοῦ
3206 4718 3341 4769 Θεοῦ
3406 4718 3500 4768 οὐκ

1925 4813 2038 4866 ἐστι
2067 4812 2223 4866 τοῦτο
2268 4813 2461 4866 εἰπεῖν·
2494 4811 2669 4876 οὐδεὶς
2701 4811 2809 4882 γὰρ
2840 4810 3004 4864 αὐτοῦ
3044 4808 3384 4878 διαφεύξεται
3410 4807 3502 4878 τὴν

1922 4905 2121 4976 ψῆφον,
2143 4904 2278 4960 ἀλλὰ
2309 4907 2508 4970 πάντες
2530 4905 2744 4967 πάντως
2769 4904 2817 4957 οί
2844 4905 2900 4956 ὲν
2933 4899 3264 4964 πλεονεξίαις
3296 4899 3390 4952 καί⁵
3408 4899 3499 4970 ἀρα

1927 4998 2128 5065 παγαῖς
2161 4997 2364 5061 ζῶντες
2390 4996 2490 5068 τὴν
2537 4997 2670 5066 παρ’
2711 4991 2875 5046 αὐτοῦ
2925 4990 3082 5060 δίκην
3109 4990 3503 5043 ὲπισπάσονται

1924 5089 2023 5161 τὴν
2064 5089 2331 5144 ἀθάνατον
2377 5090 2592 5156 εκείνην
2650 5086 2746 5140 καὶ
2776 5084 2928 5147 τέλος
2960 5083 3060 5135 οὐκ
3094 5082 3343 5153 ἔχουσαν,
3400 5099 3502 5134 κα-

1926 5180 2105 5252 θάπερ
2134 5177 2228 5235 οῦν
2248 5180 2344 5235 καὶ
2378 5182 2407 5233 ὀ
2435 5179 2687 5240 πλούσιος
2712 5178 2939 5239 ἐκεῖνος.
2966 5174 3151 5246 Ἀπερν
3174 5170 3267 5229 οὖν
3290 5173 3500 5228 ἅπαντα

1926 5276 2057 5345 παρ’
2110 5275 2323 5336 ἑαυτοῖς
2386 5270 2749 5339 συλλέγοντες,
2807 5268 3096 5339 ἀγαπητοὶ,
3153 5266 3227 5338 μὴ
3278 5267 3405 5331 τοὺς
3445 5269 3501 5320 ἐν

1927 5367 2160 5437 πλούτῳ,
2195 5364 2330 5419 ἀλλὰ
2360 5366 2485 5428 τούς
2516 5364 2574 5417 ὲν
2605 5363 2770 5433 ἀρετῇ
2834 5360 3038 5426 ζῶντας
3090 5357 3498 5431 μακαρίζωμενο

1930 5460 2004 5532 μὴ
2033 5460 2157 5522 τοὺς
2184 5460 2242 5511 ὲν
2274 5456 2451 5528 πενίᾳ,
2481 5454 2618 5510 ἀλλὰ
2652 5456 2776 5519 τούς
2823 5456 2881 5507 ὲν
2912 5453 3079 5525 κακίᾳ
3105 5452 3498 5523 ταλανίζωμενο

1932 5552 2007 5624 μὴ
2035 5551 2103 5605 τὰ
2132 5548 2375 5621 παρόντα
2431 5547 2738 5619 βλέπωμεν,
2789 5545 2924 5601 ἀλλὰ
2958 5545 3027 5599 τὰ
3081 5544 3341 5617 μέλλοντα
3378 5559 3503 5598 σκο-

1931 5642 2140 5712 πῶμεν*
2176 5642 2251 5713 μὴ
2298 5640 2395 5712 τὴν
2423 5638 2620 5705 ἔξωθεν
2650 5638 2959 5713 περιϐολὴν,
2997 5637 3133 5692 ἀλλά
3170 5637 3231 5691 τὸ
3269 5636 3501 5692 ἑκάστου

1934 5735 2170 5799 συνειδὸς
2196 5733 2555 5805 ἐξετάζωμεν,
2586 5733 2677 5789 καὶ⁵
2705 5732 2801 5805 τὴν
2847 5734 2912 5788 ἑκ
2937 5731 3045 5788 τῶν
3066 5730 3504 5803 κατορθωμάτων

3133 5830 3333 5887 229⁸

1888 5920 1917 5935 δ
