4018 6190
318 332 398 389 981
1554 339 1636 399 DE
1672 342 1942 400 LAZARO
1979 345 2223 403 CONCIO
2261 347 2324 405 ll.

314 446 612 519 voluptatem
637 463 756 520 quae
781 463 846 507 ex
873 459 1018 508 recte
1046 450 1196 509 factis
1219 451 1590 525 proficiscitur,
1613 453 1872 512 Lazarum

317 539 584 610 imitemur,
609 537 804 602 divites
828 542 985 599 simul
1011 559 1075 600 ac
1098 557 1384 616 pauperes.
1405 543 1521 600 Non
1547 546 1687 602 enim
1713 561 1878 603 unum

319 637 502 685 tantum
531 631 623 686 aut
650 627 778 700 duo,
804 633 972 691 triave
1010 633 1219 691 virtutis
1259 635 1551 692 certamina
1587 637 1878 694 sustinuit:

315 732 480 777 verum
504 729 560 778 et
601 723 772 779 multo
797 721 970 796 plura,
1005 736 1394 797 paupertatem,
1423 726 1702 784 adversam
1731 728 1880 786 vale-

315 813 552 885 tudinem,
581 815 924 874 solitudinem
953 833 1016 874 ac
1042 817 1444 876 destitutionem
1471 821 1540 876 ab
1563 820 1628 877 iis
1663 821 1755 893 qui
1783 836 1881 877 cu-

309 921 413 960 ram
440 901 575 963 illius
614 921 804 980 gerere
828 907 1090 966 debebant
1118 929 1132 967 :
1160 910 1352 968 deinde
1375 911 1516 983 quod
1541 911 1658 968 haec
1701 912 1882 969 omnia

312 997 585 1067 patiebatur
611 1001 665 1055 in
695 999 877 1068 domo,
895 1016 1014 1072 qua:
1042 1010 1252 1072 poterat
1277 1001 1393 1058 haec
1417 1003 1557 1058 mala
1585 1002 1875 1073 depellere,

315 1103 468 1159 neque
504 1105 626 1145 eum
655 1088 764 1147 ullo
806 1092 999 1147 solatio
1038 1092 1316 1162 quisquam
1346 1091 1691 1164 dignabatur;
1735 1092 1878 1163 quod

308 1176 492 1233 videret
517 1178 688 1247 illum,
715 1195 745 1234 a
768 1195 875 1252 quo
899 1178 1310 1252 despiciebatur,
1342 1181 1503 1236 tantis
1523 1180 1624 1237 frui
1645 1181 1874 1250 deliciis,

309 1281 460 1337 neque
487 1267 694 1324 deliciis
722 1269 882 1325 modo
910 1270 1036 1336 frui,
1067 1286 1253 1326 verum
1293 1271 1454 1326 etiam
1485 1286 1606 1326 cum
1637 1271 1879 1342 improbe

305 1357 506 1423 viveret,
554 1359 685 1414 nihil
717 1368 894 1416 tamen
937 1375 1100 1432 grave
1143 1361 1349 1432 perpeti
1382 1379 1397 1416 :
1429 1370 1686 1432 praeterea
1731 1360 1874 1433 quod

313 1461 408 1502 non
449 1446 666 1504 haberet
693 1446 920 1506 alterum
947 1449 1208 1506 Lazarum
1245 1450 1314 1506 ad
1360 1466 1518 1521 quem
1548 1452 1873 1522 respiceret;

305 1547 543 1606 praeterea
571 1539 715 1610 quod
744 1533 814 1597 de
848 1541 1240 1597 resurrectione
1264 1539 1396 1598 nihil
1425 1550 1608 1614 posset
1636 1542 1876 1613 philoso-

308 1625 438 1696 phari
463 1644 477 1680 :
504 1627 569 1683 ad
598 1629 713 1686 haec
743 1631 888 1715 quod
931 1645 1093 1703 super
1119 1629 1237 1689 haec
1279 1647 1399 1704 qua:
1439 1628 1674 1689 diximus
1699 1634 1834 1688 mala
1855 1675 1872 1702 ,

303 1731 359 1771 ex
385 1717 764 1776 calamitatibus
804 1721 908 1776 illis
948 1737 978 1776 a
1010 1721 1166 1794 vuigo
1213 1725 1405 1778 malant
1457 1721 1620 1780 ferret
1661 1724 1874 1794 opinio-

301 1822 446 1877 nem;
475 1811 614 1881 quod
645 1825 750 1867 non
798 1812 1017 1868 biduum
1051 1813 1374 1880 triduumve,
1405 1813 1500 1870 sed
1525 1829 1622 1885 per
1661 1829 1872 1871 omnem

303 1897 444 1953 vitam
487 1907 542 1956 ct
580 1902 811 1972 scipsum
831 1903 1033 1959 videret
1080 1905 1133 1959 in
1173 1903 1436 1975 ejusmodi
1463 1903 1870 1972 calamitatibus,

298 1996 348 2044 et
367 1991 572 2048 divitem
623 1994 675 2049 in
707 1994 921 2051 diverso
970 2011 1152 2052 rerum
1201 2005 1361 2052 statu.
1391 1993 1674 2065 Quomodo
1716 1999 1874 2068 igitur

295 2084 475 2140 erimus
513 2085 840 2153 excusandi,
890 2087 936 2142 si
983 2102 1104 2143 cum
1153 2087 1242 2143 hic
1287 2097 1508 2144 cunctas
1554 2086 1872 2145 alliictiones

296 2175 440 2230 simul
481 2176 907 2247 conglomeratas
952 2185 1096 2234 tanta
1150 2178 1425 2249 pertulerit
1452 2179 1614 2234 animi
1663 2179 1872 2236 fortitu-

298 2267 432 2335 dine,
469 2283 567 2326 nos
596 2285 664 2326 ne
709 2269 986 2326 dimidium
1038 2271 1252 2343 quidem
1307 2273 1494 2328 horum
1549 2269 1868 2327 tulerimus?

296 2358 403 2414 Non
427 2360 564 2414 enim
585 2369 760 2432 potes,
783 2376 888 2416 non
911 2370 1082 2432 potes,
1105 2363 1338 2433 inquam,
1367 2363 1530 2417 alium
1548 2378 1866 2434 quemquam

3469 347 3574 409 983

1982 473 2426 530 commemorare,
2452 463 2544 534 qui
2583 463 2706 521 talia
2733 474 2980 539 tantaque
3005 483 3288 540 perpessus
3316 473 3386 529 sit
3407 476 3567 532 mala.

1982 549 2224 623 Eamque
2265 552 2334 609 ob
2358 569 2472 609 rem
2515 555 2758 613 Christus
2786 557 2928 614 hunc
2970 561 3302 630 potissimum
3343 568 3570 639 exempli

1982 657 2142 699 causa
2167 645 2442 715 proposuit
2473 647 2526 702 in
2565 648 2822 718 medium,
2851 659 2910 706 ut
2946 652 2992 706 si
3036 656 3248 724 quando
3269 655 3321 710 iu
3352 672 3438 712 res
3469 660 3567 714 tri-

1982 745 2094 791 Stes
2134 735 2498 807 inciderimus,
2529 740 2932 797 considerantes
2960 753 3156 814 quanto
3184 746 3272 802 ille
3294 746 3571 807 intervallo

1983 841 2084 883 nos
2123 830 2426 899 superarit,
2475 845 2542 886 ex
2591 831 2731 888 illius
2766 833 3099 904 phiIOSOphia
3147 838 3276 892 satis
3318 853 3572 910 magnum

1981 916 2233 973 solatium
2270 919 2637 992 molestiaeque
2665 921 2894 978 lenimen
2941 924 3229 995 capiamus.
3258 925 3568 987 Communis

1981 1008 2124 1064 enim
2152 1009 2299 1066 orbis
2327 1010 2514 1067 doctor
2542 1012 2631 1067 ille
2660 1014 2959 1084 propositus
2983 1024 3083 1082 est,
3114 1031 3227 1070 rem
3257 1033 3567 1087 quamcum-

1979 1113 2086 1171 que
2110 1101 2390 1157 molestam
2417 1103 2758 1173 patientibus,
2778 1105 2946 1176 quise
2965 1107 3398 1176 conspiciendum
3427 1125 3561 1178 prm-

1980 1189 2072 1246 bet
2113 1192 2380 1261 omnibus,
2425 1192 2627 1264 hosque
2671 1209 2857 1250 omnes
2905 1211 3163 1266 superans
3213 1197 3560 1254 afflictionum

1978 1282 2362 1354 magnitudine.
2391 1284 2496 1340 Pro
2521 1284 2605 1341 his
2651 1284 2810 1356 igitur
2837 1287 3084 1342 omnibus
3127 1288 3322 1358 gratias
3347 1299 3564 1358 agentes

1979 1371 2209 1443 benigno
2252 1373 2382 1441 Deo,
2413 1383 2749 1446 reportamus
2775 1390 2837 1431 ex
2867 1376 2967 1430 hac
3008 1378 3310 1432 narratione
3339 1378 3563 1434 fructum

1977 1471 2034 1518 et
2060 1463 2338 1520 utilitatem
2369 1481 2382 1519 :
2412 1465 2748 1521 continenter
2797 1467 2936 1521 hunc
2961 1475 3014 1522 et
3043 1467 3094 1522 in
3120 1468 3481 1535 consessibus,
3510 1478 3565 1524 et

1979 1551 2032 1607 in
2077 1553 2299 1621 uadibus,
2329 1563 2383 1610 et
2408 1554 2462 1609 in
2504 1553 2639 1620 foro,
2671 1555 2898 1626 denique
2926 1555 2978 1610 in
3009 1556 3151 1611 omni
3191 1557 3310 1611 loco
3332 1557 3562 1612 circum-

1977 1638 2233 1710 ferentes,
2255 1657 2568 1714 summoque
2593 1643 2767 1699 studio
2783 1645 2991 1700 divitias
3017 1660 3223 1712 omnes,
3247 1661 3377 1716 quas
3405 1647 3564 1703 habet

1977 1731 2094 1788 haec
2133 1733 2403 1804 parabola,
2454 1735 2832 1806 percipientcs,
2861 1751 2969 1806 quo
3014 1737 3170 1792 simul
3200 1746 3254 1792 et
3282 1739 3562 1808 praesentia

1976 1825 2108 1880 citra
2134 1826 2431 1881 molestiam
2457 1827 2593 1880 maia
2609 1835 3053 1893 transcurramus,
3071 1836 3124 1883 et
3147 1827 3442 1883 futurorum
3467 1828 3563 1883 bo

1978 1930 2167 1970 norum
2229 1923 2504 1986 compotes
2565 1914 2853 1971 evadamus
2883 1935 2897 1971 :
2923 1931 3042 1987 quae
3105 1917 3258 1973 nobis
3315 1919 3562 1974 omnibus

1977 2007 2210 2076 contigat
2237 2005 2448 2076 assequi
2491 2007 2661 2078 gratia
2703 2007 3131 2078 benignitateque
3159 2007 3369 2064 Domini
3396 2013 3560 2066 nostri

1975 2095 2102 2151 Jesu
2123 2095 2344 2162 Christi,
2371 2097 2457 2152 cui
2498 2111 2621 2152 cum
2665 2096 2824 2152 Patre
2851 2106 2905 2152 et
2931 2095 3130 2168 Spiritu
3160 2110 3345 2154 sancto
3369 2100 3557 2171 gloria,

1975 2185 2169 2254 honor,
2195 2187 2457 2255 adoratio,
2488 2201 2629 2243 nunc
2655 2197 2709 2244 et
2734 2202 2966 2258 semper,
3006 2197 3060 2244 et
3084 2189 3136 2244 in
3166 2190 3360 2245 sarcula
3388 2205 3558 2246 stecu-

1975 2275 2170 2334 lorum.
2199 2279 2391 2334 Amen.

284 2605 364 2648 DE
403 2604 641 2652 LAZARO
681 2607 911 2653 CONCIO
971 2609 1258 2655 SECUNDA
1317 2612 1332 2652 :

341 2965 394 3020 .
421 2962 628 3022 Primus
655 2966 724 3021 ad
748 2967 980 3023 virtutem
1002 2969 1194 3040 gradus
1217 3009 1234 3035 ,
1257 2978 1330 3024 est
1353 2969 1538 3024 aliena
1557 2970 1731 3024 virtuti
1755 2985 1855 3040 ap-

270 3057 527 3134 plaudere.
557 3087 630 3106 .
657 3058 963 3118 Admiratus
987 3073 1106 3119 sum
1133 3060 1407 3123 caritatem
1439 3069 1671 3123 vestram
1693 3110 1708 3136 ,
1736 3075 1857 3123 cum

267 3172 436 3228 nuper
472 3157 540 3214 de
579 3158 783 3215 Lazaro
825 3160 987 3216 verba
1027 3159 1289 3226 facerem,
1339 3158 1481 3231 quod
1516 3164 1572 3214 et
1607 3160 1855 3230 pauperis

267 3248 410 3305 illius
442 3249 774 3306 tolerantiam
815 3251 1069 3307 laudastis
1093 3293 1110 3319 ,
1155 3259 1210 3307 et
1254 3245 1431 3306 divitis
1473 3251 1853 3307 immanitatem

262 3338 816 3414 inhumanitatemque
856 3342 1104 3399 detestati
1139 3343 1287 3399 estis.
1316 3342 1447 3398 Nam
1475 3343 1574 3398 ista
1603 3355 1707 3398 non
1733 3341 1853 3397 vul-

261 3431 409 3503 garia
434 3441 562 3489 sunt
585 3433 738 3489 bonae
761 3436 956 3490 mentis
985 3445 1319 3505 argumenta.
1371 3435 1583 3490 Etenim
1613 3436 1858 3506 quamvis

258 3538 369 3579 non
399 3532 663 3580 sectemur
690 3525 964 3593 virtutem,
992 3526 1039 3581 si
1065 3525 1344 3582 laudemus
1370 3534 1549 3582 tamen
1579 3527 1852 3596 virtutem,

254 3616 482 3672 omnino
510 3617 802 3688 poterimus
837 3617 905 3674 ad
947 3617 1086 3674 illam
1114 3619 1440 3690 pertingere.
1480 3619 1738 3675 Similiter
1761 3635 1856 3675 au-

253 3716 392 3773 tem,
419 3706 627 3763 etiamsi
659 3724 766 3765 non
809 3708 1072 3780 fugiamus
1102 3710 1358 3765 malitiam
1384 3751 1400 3778 ,
1430 3711 1475 3766 si
1506 3720 1684 3766 tamen
1715 3712 1856 3766 vitu-

251 3811 512 3870 pereutus
543 3799 797 3856 malitiam
821 3843 839 3869 ,
885 3802 1002 3858 sine
1026 3801 1188 3858 dubio
1214 3801 1505 3872 poterimus
1541 3803 1685 3858 illam
1714 3801 1852 3859 eu-

250 3905 404 3961 gere.
444 3891 707 3960 Quoniam
738 3892 899 3964 igitur
940 3893 1105 3948 multa
1130 3907 1252 3949 cum
1275 3893 1438 3948 animi
1481 3892 1851 3950 benevolentia

249 3998 537 4040 sermones
563 3984 682 4041 illos
696 3984 1001 4055 excepistis,
1027 3999 1126 4058 age
1149 4001 1268 4057 quae
1293 3995 1497 4042 restant
1522 3987 1681 4043 etiam
1698 3987 1850 4044 vobis

248 4075 646 4143 persolvamus.
679 4075 897 4131 Vidistis
917 4075 1068 4131 illum
1090 4076 1144 4131 in
1159 4077 1426 4133 vestibulo
1449 4077 1649 4146 divitis,
1673 4078 1851 4136 videte

243 4165 508 4222 eumdem
535 4166 698 4222 hodie
722 4167 776 4222 in
815 4167 937 4224 sinu
964 4167 1194 4223 Abraha:
1223 4185 1238 4224 :
1264 4167 1469 4224 vidistis
1491 4168 1637 4224 illum
1667 4185 1788 4225 cum
1817 4184 1850 4226 a

239 4256 481 4312 canibus
515 4258 1046 4330 circumlingeretur,
1075 4257 1253 4314 videte
1282 4257 1530 4315 eumdem
1555 4261 1624 4316 ab
1647 4261 1849 4331 angelis

237 4348 511 4419 stipatum
540 4366 555 4404 :
585 4349 794 4406 vidistis
842 4350 989 4406 illum
1035 4357 1148 4406 tum
1197 4350 1251 4406 in
1279 4358 1625 4422 paupertate,
1671 4352 1848 4410 videte

235 4456 396 4497 nunc
418 4442 668 4499 eumdem
693 4442 748 4499 in
775 4443 980 4500 deliciis
1008 4442 1253 4501 :vidlstis
1294 4443 1444 4499 illum
1479 4444 1534 4500 in
1573 4443 1743 4514 fame,
1765 4443 1849 4501 vi-

230 4532 372 4587 dete
413 4531 472 4587 in
523 4533 689 4588 multa
731 4549 912 4590 rerum
953 4533 1222 4591 afuentia
1252 4551 1268 4591 :
1295 4534 1504 4591 vidistis
1541 4535 1692 4592 illum
1730 4551 1850 4592 cer-

229 4631 457 4678 tantem
486 4663 503 4690 ,
534 4623 714 4680 videte
752 4633 1067 4680 coronatum
1103 4641 1118 4680 :
1147 4622 1358 4681 vidistis
1385 4624 1599 4681 labores
1620 4667 1636 4692 ,
1669 4626 1849 4683 videte

221 4712 535 4782 [nmium
559 4755 576 4781 ,
618 4723 879 4787 quotquot
906 4715 1036 4771 estis
1054 4714 1140 4771 vel
1167 4715 1389 4783 divites,
1427 4715 1515 4772 vel
1542 4731 1801 4788 pauperes
1831 4734 1846 4774 :

214 4806 442 4861 divites
458 4806 698 4878 quidem,
719 4823 790 4864 ne
812 4807 1010 4880 putetis
1038 4808 1248 4865 divitias
1267 4807 1467 4881 aliquid
1499 4824 1619 4866 esse
1645 4811 1847 4882 magni,

211 4896 269 4952 si
305 4896 464 4952 desit
490 4897 698 4965 virtus;
740 4912 1004 4970 pauperes
1025 4911 1153 4956 vero
1175 4939 1192 4967 ,
1224 4913 1294 4956 ne
1327 4899 1578 4970 iudicetis
1614 4915 1846 4972 pauper-

210 4997 412 5043 tatem
446 4987 618 5044 ullum
643 5003 765 5046 esse
787 4989 989 5045 malum
1019 5007 1034 5045 :
1066 4989 1305 5061 utrisque
1330 5005 1461 5047 vero
1492 4995 1849 5050 communiter

201 5087 342 5135 stat
375 5077 475 5134 hic
519 5089 835 5152 pratceptor.
877 5081 1088 5138 Etenim
1130 5081 1177 5138 si
1214 5080 1303 5137 hic
1330 5082 1382 5137 in
1407 5092 1715 5154 paupertate
1740 5100 1845 5141 non

201 5171 560 5242 indignatus
579 5181 682 5238 est,
710 5186 868 5244 quam
896 5175 1105 5230 veniam
1127 5181 1420 5240 merentur,
1443 5176 1532 5245 qui
1563 5174 1617 5229 id
1647 5176 1845 5232 faciunt

196 5266 266 5320 in
324 5264 598 5320 divitiis?
645 5265 702 5322 Si
749 5267 836 5322 hic
876 5267 930 5322 in
956 5267 1096 5323 fame
1143 5267 1410 5338 tantisque
1453 5268 1608 5324 malis
1645 5267 1847 5340 degens

190 5357 444 5428 gratias
491 5357 640 5427 egit,
683 5358 810 5430 quid
853 5360 1210 5415 excusationis
1256 5358 1516 5426 afferent,
1563 5360 1652 5430 qui
1690 5361 1848 5416 rebus

185 5447 598 5504 amucntibus
626 5465 732 5504 non
775 5450 843 5505 ad
885 5451 1126 5507 eamdem
1156 5451 1340 5507 volunt
1366 5452 1644 5522 pervenire
1675 5452 1846 5507 virtu-

187 5550 325 5594 tem
415 5539 637 5595 Rursus
653 5555 933 5611 pauperes,
961 5543 1049 5613 qui
1073 5542 1290 5615 indigne
1313 5544 1640 5613 molesteque
1670 5541 1847 5598 ferunt

180 5640 545 5700 egestatem
567 5669 584 5698 ,
631 5647 791 5702 quam
825 5633 1180 5704 impetrabunt
1225 5637 1432 5691 veniam
1457 5677 1474 5703 ,
1528 5649 1648 5690 cum
1680 5634 1765 5690 hic
1791 5635 1844 5690 in

331 5765 549 5834 uallata
574 5767 960 5834 eumgtdicihus
993 5777 1095 5820 .
1135 5771 1293 5834 Regiis
1330 5769 1464 5830 l8l9,
1515 5766 1843 5832 1960,1963:

167 5817 540 5877 Colltertinis
562 5828 642 5891 49,
665 5829 776 5879 .

1395 2610 1476 2652 ET
1528 2609 1698 2664 QUOD
1741 2609 1960 2652 ANIME
2015 2608 2230 2652 MORTE
2284 2608 2598 2654 VIOLENTL
2655 2610 3136 2670 DECEDENTIUH,
3191 2610 3316 2658 NON
3359 2613 3554 2659 FIUNT

1552 2713 1765 2766 math
1807 2712 2060 2770 mutato
2103 2713 2184 2755 ET
2227 2700 2696 2758 ELuEttostA.

1967 2969 2109 3025 fame
2154 2969 2519 3040 penuriaque,
2559 2971 2848 3027 solitudine
2890 2983 2945 3028 et
2985 2973 3209 3030 adversa
3249 2977 3557 3044 valetudine

1963 3061 2126 3123 vitam
2157 3059 2372 3123 assidue
2396 3065 2614 3123 trahens
2638 3059 2690 3122 in
2717 3063 2922 3124 aedibus
2948 3062 3128 3127 divitis
3149 3113 3166 3136 ,
3198 3081 3253 3127 ct
3276 3073 3345 3127 ab
3372 3075 3545 3128 omni-

1963 3157 2063 3216 bus
2105 3158 2422 3229 despectus,
2469 3157 2538 3212 ad
2578 3159 2693 3213 hate
2722 3175 2826 3214 non
2870 3160 3071 3216 habens
3102 3162 3261 3216 alium
3287 3163 3354 3218 ad
3389 3181 3550 3235 quem

1960 3248 2150 3306 eadem
2193 3263 2503 3321 perpessum
2548 3250 2872 3321 respiceret,
2913 3252 2994 3309 sic
3018 3264 3270 3325 appareat
3307 3255 3547 3326 philoso-

1961 3338 2156 3410 phatus

2035 3430 2185 3486 Dives
2207 3445 2321 3485 vere
2343 3430 2476 3501 quis.
2596 3430 2678 3486 Ab
2705 3429 2808 3487 hoc
2833 3431 3104 3489 discamus
3127 3445 3233 3490 non
3259 3448 3358 3505 pro
3381 3435 3551 3494 beatis

1961 3521 2160 3577 habere
2203 3520 2416 3588 divites,
2464 3536 2638 3592 neque
2660 3537 2759 3590 pro
2780 3523 2989 3579 miseris
3018 3523 3217 3580 habere
3245 3540 3506 3598 pauperes
3531 3543 3546 3580 :

1960 3611 2070 3668 imo
2105 3612 2151 3667 si
2180 3627 2366 3668 verum
2407 3611 2558 3667 fateri
2596 3613 2754 3680 licet,
2788 3629 2855 3669 ne
2880 3614 3029 3670 dives
3065 3615 3280 3686 quidem
3310 3617 3398 3674 ille
3423 3631 3507 3675 est
3530 3659 3549 3685 ,

1957 3703 2048 3774 qui
2071 3702 2248 3757 multis
2263 3701 2453 3773 opibus
2467 3702 2896 3759 circumvallatos
2915 3714 3014 3770 est,
3039 3707 3134 3761 sed
3160 3708 3250 3778 qui
3276 3723 3383 3764 non
3431 3714 3555 3780 eget

1958 3796 2138 3852 multis
2171 3813 2186 3852 :
2215 3795 2384 3852 necis
2410 3810 2612 3866 pauper
2639 3804 2744 3864 est,
2775 3796 2864 3867 qui
2890 3796 3024 3852 nihil
3053 3798 3308 3868 possidet,
3335 3801 3430 3856 sed
3451 3803 3545 3872 qui

1957 3889 2122 3945 multa
2150 3889 2479 3960 concupiscit
2505 3906 2521 3944 :
2552 3888 2740 3945 discite
2785 3889 2928 3945 hunc
2972 3903 3092 3946 esse
3121 3889 3281 3948 nem
3311 3905 3545 3965 pauper-

1957 3980 2081 4036 tatis
2099 3989 2153 4036 et
2171 3979 2479 4050 opulentiae.
2508 3976 2564 4035 Si
2585 3993 2743 4050 quem
2760 3979 2956 4036 videris
2981 3981 3146 4036 multa
3166 3985 3550 4054 concupiscen-

1956 4082 2064 4130 tem
2089 4115 2106 4141 ,
2153 4074 2456 4130 existimato
2494 4072 2640 4128 illum
2683 4072 2922 4128 omnium
2958 4088 3080 4129 esse
3125 4076 3542 4146 pauperrimum,

1953 4165 2115 4223 etiam
2161 4165 2209 4221 si
2259 4165 2528 4237 possideat
2568 4165 2809 4220 omnium
2847 4179 3000 4236 opes.
3051 4165 3283 4222 Rursum
3308 4169 3353 4224 si
3382 4185 3546 4240 quem

1954 4259 2154 4316 videris
2192 4274 2297 4314 non
2325 4259 2507 4314 multis
2535 4268 2780 4329 egentem
2799 4297 2816 4326 ,
2855 4257 3004 4313 illum
3036 4259 3288 4315 omnibus
3315 4261 3544 4331 opulen-

1955 4351 2148 4408 tiorem
2169 4363 2290 4406 esse
2313 4349 2512 4435 ducito,
2530 4350 2736 4405 etiamsi
2763 4349 2894 4404 nihil
2919 4348 3207 4420 possideat.
3231 4349 3364 4406 Nam
3382 4367 3506 4409 men
3526 4385 3542 4398 -

1954 4443 2025 4499 tis
2069 4442 2296 4508 affectu,
2345 4457 2451 4497 non
2499 4441 2808 4497 facultatum
2851 4440 3051 4508 modo,
3100 4453 3464 4514 paupertatem
3488 4459 3545 4504 et

1953 4535 2277 4606 opulentiam
2322 4535 2589 4590 aestimare
2632 4534 3032 4590 consuevimus.
3077 4533 3540 4603 Quemadmodum

1953 4629 2116 4700 igitur
2143 4642 2296 4693 eum,
2341 4626 2430 4696 qui
2458 4634 2716 4697 perpetuo
2752 4625 2866 4680 sitit
2904 4640 3016 4681 non
3057 4626 3358 4685 dixerimus
3394 4640 3542 4686 recte

1953 4718 2132 4774 valere
2154 4759 2169 4782 ,
2211 4717 2371 4772 etiam
2401 4716 2446 4770 si
2475 4715 2627 4785 c0pia
2652 4729 2831 4771 rerum
2869 4714 3051 4771 affluat
3073 4756 3089 4782 ,
3115 4717 3275 4772 etiam
3306 4717 3352 4773 si
3389 4718 3539 4787 juxta

1954 4810 2145 4865 fluvios
2185 4823 2250 4864 ac
2289 4807 2465 4864 fontes
2507 4806 2790 4862 accumbat
2819 4824 2833 4861 :
2861 4804 3009 4880 (quid
3035 4807 3176 4862 enim
3204 4807 3419 4877 prodest
3452 4809 3540 4863 illa

1954 4917 2210 4971 aquarum
2240 4901 2389 4972 copia
2411 4942 2427 4966 ,
2472 4914 2595 4956 cum
2637 4897 2848 4954 affectio
2890 4905 3104 4953 maneat
3139 4898 3454 4954 inexstincta
3474 4898 3542 4970 )?

1953 4993 2136 5048 itidem
2163 5001 2219 5048 et
2245 4992 2297 5047 in
2319 4991 2570 5047 divitibus
2595 4989 2868 5054 faciamus,
2895 5000 2992 5043 eos
3011 4986 3100 5057 qui
3128 4997 3385 5059 perpetuo
3408 5003 3538 5045 con-

1953 5087 2266 5158 cupiscunt,
2312 5085 2601 5154 sitiuntque
2646 5081 2854 5147 aliena,
2905 5094 2973 5135 ne
3014 5089 3259 5150 putemus
3284 5095 3536 5152 umquam

1953 5193 2074 5233 esse
2100 5191 2295 5240 sanos,
2339 5189 2439 5230 ncc
2485 5173 2590 5228 ulla
2635 5171 2734 5226 frui
2771 5183 2950 5226 rerum
2987 5171 3161 5243 copia.
3202 5172 3412 5227 Etenim
3441 5174 3533 5243 qui

1953 5283 2104 5324 suam
2158 5267 2324 5338 ipsius
2377 5263 2862 5334 concupiscentiam
2916 5277 3024 5318 non
3078 5273 3256 5335 potest
3310 5264 3536 5328 sistere.

1953 5361 2160 5416 etiamsi
2196 5371 2508 5414 cunctorum
2551 5357 2744 5424 opibus
2773 5356 2998 5412 vallatus
3025 5356 3089 5411 sit
3111 5396 3128 5424 ,
3158 5356 3424 5426 quomodo
3450 5357 3536 5412 lu-

1953 5461 2102 5506 turus
2126 5459 2210 5506 est
2237 5449 2284 5504 is
2307 5463 2559 5519 umquam
2605 5449 2660 5501 in
2699 5446 2938 5502 divitiis?
2987 5447 3096 5503 Eos
3119 5462 3246 5502 vero
3274 5449 3363 5519 qui
3393 5449 3534 5520 quod

1956 5545 2153 5600 habent
2197 5543 2326 5598 satis
2350 5557 2469 5598 csse
2500 5540 2734 5606 ducunt,
2769 5540 2964 5610 quique
2989 5553 3083 5594 sua
3114 5550 3257 5594 sorte
3295 5542 3532 5596 contenti

1952 5647 2111 5703 sunt,
2141 5651 2239 5690 nec
2263 5635 2460 5690 alienas
2488 5634 2933 5702 circumspectant
2973 5632 3246 5688 facultates
3265 5672 3282 5697 ,
3325 5633 3537 5689 etiamsi

1956 5727 2154 5783 fuerint
2173 5727 2407 5781 omnium
2434 5723 2762 5795 cgentissimi
2786 5765 2802 5790 ,
2831 5724 3068 5778 omnium
3097 5723 3533 5793 opulentissimos

1955 5819 2152 5876 ducere
2189 5827 2417 5891 oportet.
2464 5817 2595 5873 Nam
2629 5815 2719 5889 qui
2764 5830 2873 5872 non
2928 5814 3125 5889 indiget
3173 5813 3390 5883 alienis,
3427 5819 3523 5872 scd
