4018 6190
553 225 656 281 983

551 349 701 412 putat
729 342 830 398 sibi
856 342 984 397 satis
1009 354 1126 397 esse
1153 339 1294 411 quod
1322 339 1505 406 habet,
1528 324 1771 395 omnium
1802 348 1883 392 est
1909 336 2128 406 opulen-

551 434 805 489 tissimus.
852 431 957 488 Sed
994 431 1216 502 agedum
1245 431 1291 486 si
1327 432 1535 500 placet,
1566 429 1631 484 ad
1665 428 1988 499 propositam
2016 440 2129 480 ma-

550 528 735 580 teriam
786 531 1133 591 revertamur.
1207 523 1440 591 Accidit,
1492 523 1697 593 inquit,
1747 522 1815 575 ut
1856 527 2132 574 moreretur

548 615 791 683 Lazarus,
817 631 879 669 ac
901 616 1247 686 deportaretur
1270 614 1333 669 ab
1352 615 1543 686 angelis
1569 612 1719 687 (Luc.
1752 613 1840 669 16.
1870 610 1984 681 22).

618 707 827 761 Animas
858 706 1074 761 violenta
1101 714 1261 761 morte
1288 705 1634 760 deccdentium
1655 720 1757 759 non
1791 703 1903 773 ﬁeri
1936 702 2126 756 dwmo-

544 814 650 851 nes.
682 828 755 838 —
778 797 875 853 llic
890 798 1088 853 malum
1111 796 1393 869 quemdam
1421 797 1663 852 morbum
1684 796 1840 865 cupio
1857 809 1922 849 ex
1937 793 2128 848 vestris

545 887 738 943 animis
761 889 996 959 exigere.
1051 887 1186 943 Sunt
1215 887 1355 943 enim
1401 887 1641 957 plerique
1689 885 1991 955 simplices,
2036 882 2126 952 qui

546 987 731 1048 putant
772 979 977 1033 animas
1002 978 1236 1033 violenta
1269 986 1442 1032 morte
1476 975 1844 1032 decedentium
1874 974 1986 1028 ﬁeri
2013 973 2125 1027 dm-

546 1084 753 1124 moncs.
798 1068 915 1124 Non
943 1069 1011 1123 ita
1053 1083 1113 1124 se
1141 1083 1228 1124 res
1269 1067 1466 1133 habet,
1512 1081 1618 1121 non
1649 1065 1719 1120 ita
1743 1079 1895 1119 sane.
1944 1063 2126 1133 Neque

550 1162 692 1215 enim
737 1160 929 1215 animm
967 1158 1196 1214 violenta
1244 1167 1413 1213 morte
1447 1156 1813 1212 accedentium
1860 1154 1991 1209 ﬁunt
2016 1154 2125 1209 tim-

544 1268 752 1320 mones,
784 1252 877 1308 sed
902 1253 1092 1307 animae
1119 1254 1292 1323 potius
1319 1253 1370 1307 in
1393 1251 1625 1323 peccatis
1651 1250 1938 1306 viventium
1971 1265 1986 1303 :
2018 1263 2121 1303 non

552 1345 692 1416 quod
734 1354 967 1401 mutetur
997 1345 1203 1400 illarum
1233 1344 1522 1400 substantia
1548 1384 1565 1411 ,
1605 1342 1700 1399 sed
1725 1341 1865 1413 quod
1892 1342 2121 1412 ipsarqu

542 1438 790 1492 voluntas
817 1436 1116 1492 daemonum
1138 1436 1448 1507 pravitatem
1480 1436 1731 1492 imitetur.
1764 1434 1879 1491 Hoc
1899 1444 1951 1489 et
1971 1434 2121 1489 Chri-

543 1540 660 1585 stus
689 1530 821 1584 dixit
844 1529 1043 1585 Judmis
1064 1571 1079 1596 ,
1119 1528 1219 1584 Vos
1244 1529 1340 1599 ﬁlii
1365 1528 1552 1583 diaboli
1581 1529 1696 1583 estis
1717 1527 1888 1597 (Joan.
1916 1526 1968 1581 8.
1993 1524 2081 1595 44)
2108 1542 2120 1579 :

546 1621 682 1677 ﬁlios
708 1621 900 1676 diaboli
928 1621 1073 1687 dicit,
1104 1636 1209 1676 non
1238 1619 1377 1690 quod
1407 1620 1459 1673 in
1488 1619 1630 1674 illius
1664 1626 1903 1673 naturam
1941 1624 2123 1671 essent

543 1712 874 1766 transmutati
902 1753 916 1775 ,
949 1711 1043 1768 sed
1068 1712 1316 1782 quoniam
1359 1711 1500 1765 illius
1530 1724 1693 1780 opera
1721 1710 1999 1763 iaciebant.
2032 1706 2120 1761 ld-

545 1803 689 1858 circo
747 1804 906 1859 etiam
960 1803 1173 1873 subjicit
1216 1820 1231 1857 :
1278 1801 1418 1857 Nam
1469 1802 1718 1856 desideria
1769 1801 1924 1868 patris
1974 1801 2120 1855 vestri

540 1894 689 1948 vultis
716 1894 881 1963 facere
904 1889 1097 1964 (Joan.
1124 1891 1178 1948 8.
1208 1894 1348 1966 44).
1371 1892 1572 1947 Rursus
1613 1892 1847 1947 Joannes
1876 1909 1889 1944 :
1920 1889 2119 1963 Proge-

542 1984 645 2038 nies
673 1983 958 2052 viperarum
981 2025 996 2048 ,
1038 1983 1147 2051 quis
1180 1982 1537 2038 demonstravit
1566 1983 1705 2036 vobis
1743 1982 1915 2053 fugere
1938 1997 1970 2035 a
1998 1998 2119 2035 ven-

541 2085 657 2127 tura
682 2073 758 2127 ira
776 2073 802 2127 ?
843 2070 1021 2129 Facite
1046 2071 1201 2143 igitur
1228 2076 1448 2144 fructum
1478 2072 1683 2143 dignum
1712 2072 2028 2143 paenitentia,
2060 2087 2121 2124 ac

539 2180 602 2217 ne
643 2164 799 2217 uelitis
835 2163 1001 2218 dicere
1032 2178 1051 2218 :
1078 2171 1269 2234 patrem
1309 2162 1548 2217 habemus
1592 2144 1866 2217 Abraham.
1912 2163 2119 2219 Etenim

538 2270 631 2310 eas
661 2256 803 2325 leges
838 2255 1077 2325 agnoscit
1123 2254 1528 2326 prepinquitatis
1565 2254 1869 2325 Scriptura,
1917 2264 1974 2309 ut
2013 2270 2119 2310 non

538 2345 627 2415 qui
653 2354 838 2400 natura
873 2345 1142 2416 conjuncti
1184 2354 1338 2410 sunt,
1381 2345 1473 2400 sed
1514 2345 1600 2416 qui
1633 2346 1826 2400 virtute
1858 2346 2120 2400 malitiave

542 2436 822 2506 ριόμίηᾳυί
866 2446 1021 2500 sunt,
1050 2437 1219 2490 soleat
1243 2428 1510 2506 appellare
1538 2444 1810 2505 cognatos.
1849 2435 1915 2490 Et
1943 2435 2119 2505 cujus-

537 2541 771 2597 cumque
807 2541 987 2583 mores
1012 2528 1203 2597 aliquis
1230 2528 1587 2596 expresserit,
1619 2527 1776 2597 hujus
1794 2535 1849 2582 et
1875 2527 2036 2582 ﬁlium
2066 2536 2120 2582 et

539 2618 757 2675 fratrem
785 2620 932 2674 illum
957 2633 1076 2675 esse
1096 2619 1224 2675 dicit
1247 2618 1541 2689 Scriptura.

604 2712 663 2765 2.
694 2714 763 2766 At
801 2709 953 2781 cujus
990 2710 1065 2766 rei
1105 2711 1272 2781 gratia
1314 2710 1557 2767 diabolus
1601 2711 1756 2766 istam
1807 2724 2116 2783 perversam

538 2801 844 2873 opinionem
875 2799 1120 2856 invexit?
1163 2800 1399 2857 Conatus
1426 2809 1509 2856 est
1551 2810 1844 2874 martyrum
1869 2798 2119 2856 defodere

536 2904 595 2953 et
621 2896 848 2952 obruere
873 2894 1121 2966 gloriam.
1170 2894 1382 2949 Etenim
1425 2907 1546 2950 cum
1585 2892 1660 2948 illi
1697 2903 1869 2948 morte
1892 2891 2118 2947 violenta

536 2987 893 3056 decesserint,
922 2987 1141 3059 cupiens
1170 3002 1385 3057 pravam
1414 2986 1481 3043 de
1510 2986 1612 3041 illis
1634 2987 1851 3059 gignere
1872 2987 2121 3058 suspicio-

537 3097 682 3148 nem,
706 3081 809 3138 hoc
825 3080 951 3137 fecit
978 3100 992 3137 :
1015 3095 1198 3137 verum
1228 3095 1335 3135 non
1363 3079 1534 3149 potuit
1564 3096 1577 3133 :
1610 3089 1957 3148 perseverant
1975 3080 2117 3135 enim

537 3184 839 3248 martyres,
892 3174 1165 3244 proprium
1218 3173 1520 3230 obtinentes
1568 3172 1928 3243 splendorem.
1980 3174 2118 3240 Quin

536 3266 680 3322 aliud
723 3265 891 3321 multo
924 3265 1193 3320 crudelius
1228 3265 1584 3335 perpetravit,
1629 3265 1882 3319 malelieis
1913 3264 2117 3335 ipsique

538 3354 948 3411 inservientibus
973 3369 1069 3424 per
1092 3353 1188 3408 has
1210 3354 1493 3423 opiniones
1518 3355 1783 3422 persuasis
1802 3394 1823 3421 ,
1850 3363 1908 3408 ιιι
1936 3364 2117 3409 tenera

539 3446 823 3500 multorum
846 3442 1244 3498 adolescentum
1275 3456 1499 3512 corpora
1527 3441 1872 3509 trucidarent,
1903 3456 2119 3512 speran-

540 3546 623 3592 tes
660 3534 927 3599 futurum,
976 3543 1035 3589 ut
1073 3533 1263 3590 ﬁerent
1303 3533 1610 3601 daemones,
1661 3549 1951 3604 rursusque
1992 3536 2119 3605 ipsis

539 3628 878 3685 inservirent.
911 3626 1108 3682 Verum
1137 3641 1242 3681 non
1268 3635 1391 3681 sunt
1416 3626 1515 3681 ista
1543 3640 1668 3681 vera
1687 3667 1701 3690 ,
1743 3642 1847 3680 non
1885 3637 2008 3681 sunt
2033 3628 2117 3681 itt-

534 3736 717 3790 quam.
742 3718 880 3788 Quid
906 3718 1061 3789 igitur
1081 3726 1164 3774 est
1186 3717 1326 3788 quod
1347 3717 1617 3773 daemones
1642 3717 1845 3783 dicunt,
1874 3718 2117 3774 monachi

542 3814 684 3868 illius
732 3826 852 3867 sum
901 3809 1117 3865 anima?
1171 3808 1311 3865 Sane
1363 3818 1580 3879 prepter
1636 3808 1739 3863 hoc
1788 3809 1959 3878 ipsum
2011 3824 2119 3865 non

539 3902 737 3970 credo,
787 3899 910 3973 quia
953 3900 1226 3956 daemones
1266 3899 1495 3955 dicunt:
1524 3898 1794 3970 decipiunt
1836 3900 1978 3955 enim
2021 3916 2117 3955 au-

538 3994 760 4050 ditores.

530 4128 535 4143 .
609 4085 825 4141 Damon
848 4100 938 4139 nec
960 4098 1075 4138 uera
1097 4082 1267 4138 dicens
1281 4082 1563 4137 audiendus
1590 4090 1682 4138 est.
1701 4082 2119 4154 —Quaproptcr

537 4187 592 4233 et
621 4176 814 4233 Paulus
841 4174 969 4245 ipsis
990 4173 1198 4229 tametsi
1224 4188 1349 4229 vera
1369 4171 1667 4229 dicentibus
1688 4173 1938 4244 imposuit
1964 4174 2120 4229 silen-

539 4272 692 4336 tium,
722 4282 873 4324 ne'ex
903 4267 1043 4323 veris
1063 4267 1204 4322 nacti
1238 4268 1593 4333 occasionem,
1621 4274 1740 4338 post
1766 4266 2118 4325 admiscereut

541 4359 849 4424 mendacia,
904 4357 1169 4428 ﬁdemque
1219 4359 1319 4413 sibi
1371 4358 1736 4414 conciliarent.
1791 4360 1922 4417 Cum
1974 4363 2117 4422 enim

541 4448 836 4512 dixissent,
862 4446 960 4501 Isti
980 4446 1206 4501 homines
1230 4449 1359 4502 servi
1377 4447 1470 4503 Dei
1495 4449 1730 4504 altissimi
1755 4460 1891 4517 sunt,
1922 4467 2121 4506 annun-

539 4539 722 4593 tianles
752 4538 889 4592 vobis
924 4538 1060 4592 uiam
1096 4538 1272 4592 salutis
1301 4540 1438 4606 (Act.
1470 4538 1557 4594 16.
1586 4542 1710 4611 l7),
1756 4540 1942 4597 dolens
1975 4545 2118 4613 Apo-

540 4631 713 4686 stolus
752 4630 1041 4699 increpavit
1082 4629 1417 4701 Pythonem,
1465 4642 1623 4703 atque
1669 4635 1816 4689 exire
1836 4635 2015 4705 jussit.
2054 4637 2121 4692 Et

541 4734 720 4782 tamen
743 4722 869 4794 quid
896 4721 1021 4777 mali
1046 4720 1294 4777 dicebant
1320 4738 1336 4775 :
1368 4720 1464 4776 Isti
1503 4723 1728 4779 homines
1764 4726 1895 4780 serui
1924 4725 2021 4782 Dei
2044 4727 2124 4782 al-

540 4817 720 4873 tissimi
747 4814 904 4869 sunt?
940 4811 1045 4869 Sed
1079 4811 1330 4883 quoniam
1360 4812 1598 4883 plerique
1630 4812 1984 4885 simpliciores
2010 4834 2118 4873 non

542 4916 739 4965 norunt
761 4918 972 4975 semper
995 4903 1290 4974 dijudicare
1316 4918 1436 4975 quae
1454 4918 1485 4958 a
1500 4902 1832 4962 daemonibus
1851 4906 2116 4975 dicuntur,

542 4999 710 5056 semel
738 5012 831 5054 eos
865 4996 1088 5053 exclusit
1112 5011 1144 5051 a
1169 4995 1291 5053 ﬁde.
1339 4995 1420 5051 Ex
1467 4996 1742 5052 iniamium
1786 5014 2008 5055 numero
2035 5016 2115 5068 es,

542 5093 734 5163 inquit,
763 5105 869 5145 non
898 5097 981 5144 est
1007 5100 1156 5144 tuum
1182 5088 1347 5144 libere
1373 5088 1515 5159 loqui
1539 5131 1556 5156 ,
1586 5098 1700 5145 tace
1723 5132 1738 5156 ,
1766 5090 2074 5149 obmutesce
2103 5112 2117 5150 :

546 5200 650 5239 non
680 5192 764 5238 est
787 5192 937 5237 tuum
965 5180 1254 5251 praedicare
1273 5222 1288 5248 ,
1317 5184 1677 5251 apostolorum
1704 5184 1804 5239 ista
1830 5194 1913 5241 est
1932 5197 2119 5243 aucto-

549 5278 702 5331 ritas.
747 5276 885 5344 Quid
913 5290 1136 5344 usurpas
1162 5275 1302 5344 quod
1338 5284 1483 5331 tuum
1513 5293 1618 5332 non
1652 5277 1768 5333 est?
1809 5277 1953 5346 Sile,
1987 5280 2121 5336 inl'av

537 5369 649 5424 mis
672 5383 751 5422 es.
778 5367 868 5421 Sic
889 5377 945 5422 et
970 5366 1215 5421 Christus
1238 5365 1478 5422 dicentes
1509 5370 1607 5439 ipsi
1633 5370 1924 5435 dmmoues,
1955 5371 2118 5426 Navi-

545 5474 655 5513 mus
675 5469 721 5512 tc
743 5459 830 5528 qui
853 5458 940 5523 sis,
970 5455 1259 5524 increpavit
1282 5456 1445 5511 multa
1466 5473 1583 5513 cum
1616 5461 1902 5516 acrimonia
1926 5461 2115 5533 (Marc.

552 5554 597 5605 l.
630 5552 731 5616 24,
756 5560 802 5604 et
826 5550 948 5604 Luc.
971 5551 1023 5604 4.
1045 5550 1138 5619 54)
1167 5567 1180 5603 :
1208 5550 1361 5607 nobis
1410 5551 1580 5621 legem
1620 5556 2002 5624 prazscribens,
2053 5572 2119 5614 ne

544 5655 652 5705 quo
685 5651 840 5708 pacto
863 5643 1090 5695 daemoni
1120 5640 1341 5696 ﬁdamus
1363 5683 1380 5710 ,
1421 5644 1632 5700 etiamsi
1658 5645 1974 5719 tibi‘aliquid
2004 5651 2115 5706 veri

1320 225 1359 281 S
1414 222 1691 279 JOANNIS
1728 203 2197 277 CllRYSOSTOMI
2240 215 2553 271 ARCHIEP.
2597 214 3131 271 CONSTANTINOP.
3611 233 3691 293 93,

2245 332 2457 387 dixerit.
2491 331 2585 388 llis
2606 332 2765 404 igitur
2791 335 3035 404 cognitis,
3067 349 3134 390 ne
3161 349 3361 406 prorsus
3377 353 3597 415 credamus
3609 361 3693 416 dte-

2218 423 2382 477 ‘moni
2415 440 2428 477 :
2458 423 2565 479 imo
2588 426 2744 479 etiam
2767 426 2811 479 si
2834 424 2960 496 quid
2977 426 3089 481 veri
3118 426 3365 498 loquatur,
3389 434 3598 504 fugiamus
3612 461 3696 498 cum

2237 521 2291 569 et
2319 529 2640 571 aversemur.
2693 515 2824 571 Nam
2852 532 2983 574 sana
3025 516 3263 589 dogmata
3297 522 3607 600 salutiferaque
3628 550 3701 588 non

2212 616 2265 658 'a
2295 605 2628 662 daemonibus
2652 650 2668 676 ,
2709 607 2804 664 sed
2843 623 2910 664 ex
2957 609 3136 665 divina
3159 610 3413 683 Scriptura
3437 618 3543 674 licet
3574 636 3713 679 exacto

2235 696 2463 753 discere.
2518 698 2591 754 Ut
2631 699 2791 770 igitur
2818 703 3152 772 cognoscatis
3196 718 3295 759 non
3338 720 3478 776 posse
3513 710 3632 778 fieri,
3673 730 3710 768 u.

2236 788 2416 843 anima
2443 803 2670 860 corpore
2696 806 2913 863 egressa
2940 793 3117 849 veniat
3139 795 3236 850 sub
3256 800 3548 868 tyrannidem
3565 804 3717 862 deuio-

2235 894 2360 934 num
2380 921 2395 948 ,
2435 881 2557 936 audi
2586 881 2715 953 quid
2754 882 2884 938 dicit
2920 884 3117 940 Paulus
3148 903 3163 940 :
3190 885 3286 954 Qui
3308 889 3429 943 enim
3449 903 3631 949 mortuus
3647 908 3715 957 est.

2224 972 2535 1043 justiﬁcatus
2560 984 2633 1047 est
2656 992 2688 1029 a
2708 984 2910 1047 peccato
2938 974 3115 1050 (Rom.
3140 977 3193 1034 6.
3224 979 3299 1048 7),
3325 981 3419 1036 hoc
3439 992 3511 1038 est
3533 1000 3618 1040 non
3635 1002 3717 1041 am-

2233 1063 2370 1134 plius
2405 1074 2607 1136 peccat.
2655 1066 2787 1121 Nam
2816 1067 2861 1122 si
2890 1068 3082 1123 animae
3107 1068 3160 1123 in
3189 1085 3400 1141 corpore
3425 1077 3618 1131 manenti
3637 1079 3717 1133 dia-

2232 1153 2389 1209 bolus
2422 1171 2528 1210 non
2557 1165 2733 1226 potest
2759 1155 2958 1214 inferre
2988 1160 3091 1214 vim
3118 1202 3133 1225 ,
3174 1162 3486 1232 perSpicuum
3517 1176 3586 1222 est
3615 1172 3719 1240 quod

2230 1260 2331 1300 nec
2359 1261 2608 1316 egressae.
2640 1247 2919 1316 Quomodo
2950 1249 3129 1319 igitur,
3154 1250 3339 1322 inquis,
3364 1266 3572 1324 peccant,
3597 1260 3629 1313 si
3645 1263 3716 1315 vim

2232 1351 2336 1391 non
2370 1337 2672 1406 patiuntur?
2696 1339 2950 1397 Veientes
2979 1349 3273 1414 sponteque
3297 1359 3357 1400 ac
3379 1350 3557 1417 scipsas
3580 1350 3718 1419 injuria

2229 1428 2522 1486 allicientes
2577 1440 2834 1502 peccant,
2887 1448 2996 1488 non
3051 1443 3253 1490 coactae
3300 1453 3464 1508 neque
3510 1443 3720 1511 tyrannide

2229 1536 2497 1592 Oppressae
2527 1540 2543 1578 :
2568 1523 2727 1594 idque
2750 1523 3023 1581 declarant
3049 1540 3239 1583 omnes
3264 1568 3279 1595 ,
3309 1530 3392 1599 qui
3417 1547 3721 1600 superaverunt

2214 1610 2369 1695 illius
2399 1613 2845 1671 machinamenta.
2875 1616 3048 1672 Veluti
3074 1616 3290 1674 beatum
3315 1620 3411 1677 Job
3432 1664 3446 1687 ,
3471 1637 3574 1678 cum
3594 1628 3722 1680 omnia

2231 1704 2565 1773 miscuisset,
2601 1721 2708 1761 non
2736 1708 2907 1778 potuit
2931 1716 3106 1764 tamen
3132 1713 3471 1780 persuadere,
3492 1725 3543 1770 ut
3567 1716 3727 1788 aliquod

2225 1795 2444 1850 verbum
2465 1795 2836 1867 blasphemum
2859 1801 3124 1870 proferret
3149 1801 3279 1873 (Job
3301 1803 3353 1857 2.
3380 1805 3430 1859 9.
3460 1805 3557 1877 l0).

2296 1884 2530 1941 Liberum
2564 1888 2846 1944 arbitrium.
2873 1921 2944 1931 --
2970 1891 3123 1968 Unde
3148 1896 3476 1965 perspicuum
3504 1908 3574 1953 est
3597 1901 3638 1953 in
3659 1917 3727 1954 uu-

2224 1974 2306 2030 bis
2331 1977 2490 2032 situm
2515 1991 2654 2044 esse,
2685 1987 2745 2034 ut
2770 1980 2855 2035 vel
2876 1982 3331 2053 obtemperemus,
3360 1987 3441 2041 vel
3467 2002 3556 2043 non
3579 1989 3733 2044 obtem-

2225 2079 2473 2137 peremus
2502 2068 2643 2125 illius
2667 2070 2906 2127 consiliis
2926 2113 2943 2141 ,
2986 2088 3086 2129 nec
3110 2090 3217 2131 nos
3237 2077 3389 2133 ullam
3418 2081 3730 2144 necessitatem,

2222 2173 2398 2230 neque
2425 2161 2760 2232 tyrannidem
2789 2164 2897 2234 pati
2923 2165 2992 2221 ab
3018 2167 3131 2223 illo.
3160 2167 3285 2224 Non
3313 2171 3472 2225 solum
3496 2187 3553 2227 ex
3576 2173 3628 2227 iis
3648 2188 3734 2243 qua

2224 2251 2361 2306 dicta
2389 2262 2531 2320 sunt,
2562 2269 2744 2309 verum
2775 2255 2935 2311 etiam
2957 2273 3021 2312 ex
3045 2257 3144 2314 hac
3173 2261 3424 2331 parabola
3452 2261 3611 2332 liquet,
3633 2261 3733 2331 quod

2224 2342 2415 2396 animae
2441 2358 2633 2414 corpus
2657 2360 2886 2414 egressae
2908 2387 2925 2414 ,
2966 2364 3073 2404 non
3115 2351 3211 2407 hic
3252 2362 3638 2418 commorantur,
3671 2352 3737 2407 sel

2227 2420 2465 2502 protinus
2485 2434 2838 2492 abducuntur.
2868 2439 2932 2493 Et
2952 2441 3249 2510 quomodo,
3268 2443 3406 2497 audi.
3424 2443 3595 2497 Accidit
3613 2443 3735 2503 enini,

2224 2525 2424 2595 inquit,
2461 2534 2515 2578 ut
2561 2538 2868 2594 moreretur,
2901 2546 2961 2582 ac
2983 2530 3318 2587 deduceretur
3348 2533 3408 2587 ab
3438 2533 3605 2605 angelis
3625 2531 3740 2602 (Lac.

2225 2614 2311 2669 16.
2340 2616 2454 2687 22).
2502 2616 2622 2673 Non
2661 2618 2832 2674 solum
2858 2629 3034 2676 autem
3074 2620 3351 2691 justorum
3383 2625 3588 2691 animai,
3611 2622 3740 2678 sedet

2221 2722 2407 2763 corum
2433 2710 2523 2779 qui
2553 2710 2693 2765 male
2722 2711 2985 2779 vixerunt,
3017 2713 3141 2769 illuc
3173 2714 3538 2771 deducuntur:
3563 2724 3690 2785 atque
3705 2715 3743 2765 id

2221 2815 2433 2855 rursum
2462 2817 2531 2856 ex
2554 2803 2656 2858 alio
2685 2802 2847 2859 divite
2876 2806 3222 2875 perspicuum
3246 2817 3348 2864 est.
3372 2809 3626 2879 Postquam
3638 2807 3743 2861 enim

2222 2890 2439 2948 uberem
2460 2902 2774 2963 proventum
2803 2894 3184 2965 produxissent.
3205 2899 3320 2969 agri
3349 2899 3525 2969 ipsius,
3547 2896 3656 2952 dicit
3672 2895 3744 2949 sibi

2223 2981 2325 3052 ipsi
2358 3000 2372 3037 :
2409 2982 2545 3051 Quid
2577 2985 2762 3056 faciam
2793 3000 2814 3041 :
2839 2985 3088 3042 demoliar
3115 2989 3310 3043 horrea
3343 3005 3449 3043 utea
3468 3029 3482 3055 ,
3518 3005 3572 3042 ac
3595 2989 3745 3058 majora

2222 3075 2485 3144 azdiﬁcabo
2511 3074 2623 3145 (Id.
2650 3076 2735 3130 1‘2.
2784 3077 2920 3148 18)?
2968 3077 3110 3133 Nihil
3154 3078 3266 3135 hac
3304 3088 3477 3136 mente
3519 3077 3745 3133 infelicius.

2224 3164 2361 3219 Vere
2400 3165 2684 3220 demolitus
2725 3175 2809 3221 est
2846 3183 2940 3222 sua
2986 3169 3153 3238 ipsius
3200 3170 3395 3227 horrea
3423 3188 3436 3225 :
3463 3184 3572 3224 nam
3605 3167 3747 3221 horrea

2222 3270 2340 3326 quae
2368 3254 2664 3325 deprmdari
2689 3272 2795 3311 non
2818 3268 3040 3329 possunt
3061 3274 3176 3315 non
3206 3271 3333 3317 suut
3367 3261 3518 3327 muri,
3540 3257 3623 3312 sed
3656 3269 3746 3326 pau-

2219 3365 2408 3421 perum
2435 3359 2667 3417 ventres,
2690 3351 2882 3421 quibus
2910 3352 2999 3406 ille
3027 3353 3295 3423 neglectis
3316 3353 3564 3409 sollicitus
3589 3359 3680 3405 erat
3699 3347 3750 3399 de

2222 3442 2533 3514 parietibus.
2585 3444 2722 3511 Quid
2767 3446 2922 3516 igitur
2959 3446 3086 3501 dicit
3133 3447 3218 3502 illi
3268 3447 3447 3502 Deus?
3488 3442 3748 3506 Stulte,bac

2222 3543 2364 3589 nocte
2382 3544 2605 3606 repetent
2634 3537 2858 3590 animam
2882 3546 3021 3591 tuam
3051 3537 3140 3592 abs
3171 3549 3223 3594 te
3262 3538 3441 3611 (ιιι-υ.
3471 3536 3575 3609 20).
3598 3533 3752 3590 Hicine

2221 3625 2335 3696 quit
2356 3624 2640 3682 deductum
2666 3627 2827 3683 fuisse
2847 3628 2913 3683 ab
2933 3629 3161 3701 angelis,
3195 3631 3310 3687 illic
3335 3639 3508 3686 autem
3532 3633 3749 3697 repetunt:

2222 3727 2277 3772 et
2300 3712 2438 3773 hunc
2449 3719 2668 3788 quidem
2684 3735 2783 3774 ceu
2804 3720 3036 3775 vinctum
3067 3722 3402 3788 educebant,
3435 3723 3573 3776 illum
3596 3732 3698 3771 vero
3714 3721 3756 3765 ιιι

2221 3820 2471 3862 coronam
2489 3815 2785 3876 gestantem
2807 3810 3091 3880 stipabant.
3112 3812 3185 3866 Et
3205 3809 3631 3882 quemadmodum
3645 3818 3752 3862 eum.

2220 3900 2309 3970 qui
2342 3900 2485 3969 prius
2512 3899 2564 3954 in
2603 3900 2776 3957 stadio
2815 3903 2980 3957 multa
3027 3903 3257 3960 vulnera
3304 3905 3546 3974 accepit,
3588 3914 3641 3955 ac
3662 3911 3759 3952 sau-

2220 3990 2379 4061 guiue
2397 4004 2717 4060 conspersus
2743 4002 2844 4059 est,
2873 4003 2992 4063 post
3011 4009 3218 4051 corona
3249 3996 3416 4067 capiti
3440 3993 3621 4057 addita,
3641 3990 3669 4044 ii
3691 3986 3759 4057 qui

2221 4094 2343 4137 ante
2380 4083 2607 4139 stadium
2647 4092 2791 4143 stant
2812 4128 2827 4154 ,
2858 4096 3166 4157 susceptum
3197 4089 3369 4143 multa
3395 4103 3513 4143 cum
3539 4083 3672 4140 laude
3692 4078 3763 4135 do-

2222 4192 2366 4232 mum
2387 4175 2677 4243 deducunt,
2703 4179 3101 4249 applaudentes,
3128 4180 3278 4237 bene
3300 4181 3607 4243 eminentes,
3633 4171 3761 4227 admi-

2223 4279 2420 4333 rantes,
2449 4268 2526 4326 sic
2553 4280 2609 4326 et
2634 4273 2803 4341 angeli
2834 4272 3093 4327 Lazarum
3121 4282 3243 4327 tum
3272 4270 3631 4332 deducebant,
3656 4263 3764 4318 illius

2222 4378 2352 4429 vero
2371 4363 2601 4418 animam
2628 4364 2937 4434 repetebant
2965 4363 3278 4419 metuendae
3305 4362 3545 4434 quaedam
3566 4359 3759 4413 virtutes.

2224 4454 2461 4511 fortassis
2484 4455 2552 4510 ad
2576 4456 2873 4511 hocmissa:
2902 4474 2918 4512 :
2942 4471 3112 4526 neque
3136 4457 3295 4513 enim
3326 4472 3424 4511 sua
3438 4460 3613 4523 sponte
3626 4446 3765 4504 anim:

2223 4547 2288 4602 ad
2332 4547 2475 4601 illam
2515 4546 2717 4602 secedit
2752 4546 2911 4602 vitam
2937 4586 2954 4613 ,
2991 4556 3286 4617 propterea
3313 4546 3459 4618 quod
3489 4545 3582 4598 hoc
3602 4554 3661 4595 ne
3680 4535 3761 4591 ﬁeri

2222 4640 2434 4708 quidem
2479 4639 2662 4709 possit.
2714 4638 2845 4694 Nam
2888 4639 2934 4693 si
2977 4639 3253 4694 civitatem
3300 4640 3515 4697 etvitate
3554 4638 3764 4689 mutantes

2222 4743 2440 4800 egemus
2478 4728 2891 4794 deductoribus,
2937 4729 3107 4784 multo
3149 4730 3336 4800 magis
3379 4730 3551 4784 anima
3585 4740 3610 4778 a
3645 4732 3763 4777 anno

2223 4822 2426 4879 divulsa
2445 4863 2459 4888 ,
2500 4831 2555 4877 et
2586 4822 2652 4876 ad
2682 4821 2910 4877 futuram
2940 4821 3209 4878 transiens
3242 4823 3417 4877 vitam
3447 4833 3577 4891 opus
3599 4810 3761 4870 habebit

2223 4917 2323 4971 viae
2357 4915 2597 4970 ducibus.
2646 4913 2980 4983 Quapropter
3022 4912 3348 4982 frequenter
3396 4927 3538 4968 nunc
3574 4904 3755 4972 emergit.

2224 5021 2365 5062 nunc
2390 5008 2440 5061 in
2469 5005 2787 5077 profundum
2813 5004 3134 5076 demergitur
3154 5044 3174 5071 ,
3208 5005 3515 5076 metuitque
3549 5010 3600 5057 et

2223 5112 2343 5153 cum
2372 5106 2505 5153 esta
2530 5110 2691 5151 carne
2727 5096 3046 5152 discessura.
3103 5096 3249 5151 Nam
3299 5113 3430 5152 cum
3479 5106 3669 5161 semper
3696 5101 3758 5140 ινδ

2223 5191 2459 5246 stimulat
2484 5199 2819 5260 peccatorum
2844 5189 3167 5244 conscientia
3189 5228 3208 5255 ,
3260 5196 3381 5243 tum
3430 5200 3556 5242 vero
3591 5178 3757 5238 maximc

2225 5283 2313 5338 illa
2341 5281 2492 5346 hora,
2520 5264 2639 5335 cum
2670 5279 2794 5336 hinc
2817 5294 2999 5334 sumus
3023 5278 3338 5334 abducendi
3366 5280 3436 5332 ad
3467 5279 3553 5331 illa
3581 5274 3759 5327 tribunu-

2225 5376 2327 5441 lia,
2372 5374 2817 5444 metuendumque
2859 5372 3115 5443 judicium
3149 5388 3165 5424 :
3202 5379 3324 5426 tum
3373 5371 3519 5427 enim
3556 5367 3656 5423 sive
3678 5358 3764 5429 ⁴Ι¹¹ί³

2224 5466 2433 5536 rapuit,
2480 5464 2595 5521 sive
2626 5464 2924 5527 fraudavit,
2965 5463 3079 5520 sive
3104 5464 3448 5519 contumelia
3477 5459 3666 5518 atl‘ecit,
3685 5451 3769 5505 si"!

2223 5558 2466 5628 cuiquam
2485 5565 2678 5627 praeter
2696 5571 2911 5612 causam
2929 5556 3178 5611 inimicus
3207 5553 3395 5611 iactus
3412 5563 3518 5622 est,
3541 5551 3643 5608 sive
3664 5538 3770 5598 aliud

2224 5648 2593 5721 quodcumque
2615 5647 2817 5704 facinus
2838 5644 3166 5717 perpetravit
3200 5663 3219 5699 ι
3250 5647 3542 5700 universus
3569 5638 3664 5695 illic
3682 5646 3770 5704 pet~
