4018 6190
294 343 395 400 983
464 410 467 411 ν

293 453 436 509 ἐστὶν
462 448 859 520 εὐπορώτερος.
913 447 1054 501 Ἀλλ’
1086 448 1133 500 εἰ
1170 448 1336 511 δοκεῖ,
1381 448 1475 500 ἐπὶ
1507 448 1608 517 τήν
1642 462 1866 518 προκει-

297 535 458 605 μένην
480 531 735 585 ὑπόθεσιν
769 530 1169 600 ἐπανέλθωμεν.
1207 530 1490 600 Ἐγένετο,
1518 528 1703 599 φησὶν,
1726 529 1872 581 ἀπο-

295 616 494 671 θανεῖν
520 614 628 669 τὸν
667 612 960 682 Λάζαρον,
1006 612 1106 667 καὶ
1152 612 1559 683 ἀπενεχθῆναι
1590 610 1706 666 ὑπὸ
1755 608 1873 662 τῶν

291 700 580 772 ἀγγέλων.
664 692 665 695 “

290 820 293 827 -
372 780 641 835 Ἐνταῦθα
680 779 913 850 πονηρὸν
957 779 1171 850 νόσημα
1213 778 1313 848 τῆς
1357 777 1630 848 ὑμετέρας
1674 773 1875 841 ἐξελεῖν

298 862 556 936 βούλομαι
588 863 789 935 ψυχῆς.
828 862 939 916 Καὶ
973 863 1080 935 γάρ
1122 861 1309 915 πολλοὶ
1347 859 1456 914 τῶν
1497 858 1875 930 ἀφελεστέρων

297 948 572 1018 νομίζουσι
596 946 696 1011 τὰς
721 946 900 1018 ψυχὰς
940 946 1048 1000 τῶν
1075 945 1236 1017 βιαίῳ
1258 945 1471 1014 θανάτῳ
1496 942 1875 996 τελευτώντων

295 1032 554 1103 δαίμονας
580 1031 849 1100 γίνεσθαι.
873 1031 987 1084 Οὐκ
1016 1029 1131 1082 ἐστι
1160 1029 1217 1083 δὲ
1245 1028 1433 1094 τοῦτο,
1463 1029 1563 1082 οὐκ
1593 1027 1762 1080 ἔστιν.
1801 1026 1873 1079 Οὐ

296 1116 401 1186 γὰρ
423 1117 479 1167 αἰ
502 1114 671 1184 ψυχαὶ
700 1114 808 1167 τῶν
834 1112 1291 1184 βιοθανατούντων
1317 1112 1571 1183 δαίμονες
1601 1109 1873 1179 γίνονται,

296 1199 408 1252 ἀλλ’
450 1200 507 1253 αἰ
547 1198 721 1268 ψυχαὶ
750 1198 858 1251 τῶν
892 1199 948 1251 ἐν
992 1197 1353 1268 ἁμαρτήμασι
1394 1194 1634 1258 ζώντων,
1683 1192 1743 1246 οὐ
1779 1192 1877 1263 τῆς

293 1282 480 1346 οὐσίας
498 1282 678 1335 αὐτῶν
706 1280 1204 1353 μεταϐαλλομένης,
1227 1280 1362 1334 ἀλλά
1388 1280 1486 1350 τῆς
1507 1277 1878 1348 προαιρέσεως

297 1366 477 1419 αὐτῶν
511 1365 608 1436 τὴν
642 1365 865 1417 ἐκείνων
898 1364 1242 1435 μιμουμένης
1264 1362 1487 1415 κακίαν.
1533 1360 1704 1414 Τοῦτο
1748 1358 1877 1428 γοῦν

297 1450 551 1521 καὶπρὸς
591 1450 715 1511 τοὺς
758 1447 1043 1508 Ἰουδαίους
1086 1447 1260 1518 δηλῶν
1305 1448 1334 1498 6
1363 1444 1597 1516 Χριστὸς
1648 1444 1834 1511 ἔλεγεν
1861 1460 1894 1496 ⁸.

308 1534 505 1603 ’Υμεῖς
536 1531 641 1585 τοῦ
686 1531 968 1585 διαϐόλου
1002 1531 1122 1584 υἱοί
1151 1532 1311 1584 ἐστε·
1355 1531 1506 1591 υίοῦς
1541 1528 1599 1582 δὲ
1632 1527 1875 1581 διαϐόλου

298 1618 495 1679 αὐτοὺς
526 1612 698 1680 εἶπεν,
736 1615 836 1666 οὐκ
874 1611 1063 1685 ἐπειδὴ
1105 1615 1184 1675 εἰς
1230 1614 1329 1684 τὴν
1367 1610 1521 1683 [728]
1555 1611 1742 1663 οὐσίαν
1783 1609 1876 1680 τὴν

298 1699 505 1753 ἐκείνου
562 1697 880 1767 μετέπεσον,
934 1697 1069 1750 ἀλλὰ
1111 1696 1298 1768 ἐπειδὴ
1356 1698 1423 1751 τά
1476 1697 1613 1767 ἔργα
1666 1696 1876 1749 ἐκείνου

299 1784 518 1837 ἐποίουν
545 1800 558 1813 ⁶
584 1782 667 1836 διὸ
711 1784 804 1835 καὶ
835 1768 1161 1853 προστίθησῖ
1189 1797 1202 1811 ·
1262 1781 1372 1848 Τὰς
1421 1780 1530 1852 γὰρ
1565 1780 1879 1849 ἐπιθυμίας

301 1867 405 1921 τοῦ
438 1866 661 1935 πατρὸς
712 1864 879 1934 ὑμῶν
928 1860 1127 1919 θέλετε
1172 1864 1392 1917 ποιεῖν·
1463 1865 1575 1917 Καὶ
1633 1864 1794 1917 πάλιν
1852 1868 1879 1915 ὁ

313 1951 584 2020 Ἰωάννης
608 1948 962 2017 Γεννήματα
986 1946 1258 2016 ἐχιδνῶν,
1287 1949 1379 2013 τίς
1398 1948 1717 2012 ὑπέδειξεν
1741 1947 1881 2019 ὑμῖν

297 2032 657 2107 φυγεῖφχάπὸ
693 2030 800 2099 τῆς
820 2032 1171 2102 μελλούσης
1202 2029 1420 2100 (im-73¢;
1444 2032 1744 2100 Ποιήσατε
1767 2028 1881 2087 οὖν

299 2117 537 2187 καρπὸν
554 2116 726 2178 ἄξιον
747 2113 856 2183 τῆς
868 2114 1209 2184 μετανοίας,
1229 2114 1327 2165 καὶ
1343 2114 1429 2183 μὴ
1450 2115 1666 2183 δόξητε
1679 2114 1900 2184 λέγειν,

298 2198 533 2271 Πατέρα
555 2202 773 2269 ἔχομεν
799 2198 908 2252 τὸν
943 2196 1218 2265 Ἀϐραάμ.
1264 2198 1596 2267 Συγγενείας
1636 2200 1749 2271 γὰρ
1792 2198 1880 2252 νό-

299 2301 461 2353 μους,
501 2284 561 2337 οὐ
595 2284 723 2345 τοὺς
755 2282 863 2336 ἀπὸ
890 2282 989 2351 τῆς
1020 2281 1257 2351 φύσεως,
1291 2280 1428 2333 ἀλλά
1463 2283 1591 2345 τοὺς
1636 2282 1744 2335 ἀπὸ
1780 2282 1881 2351 τῆς

299 2367 507 2437 ἀρετῆς
545 2367 639 2419 καὶ
672 2365 775 2435 τῆς
821 2364 1022 2425 κακίας
1064 2361 1203 2417 οἶδεν
1233 2364 1266 2434 ἡ
1300 2363 1490 2436 Γραφή
1525 2364 1711 2418 καλεῖν
1732 2382 1745 2395 ·
1789 2366 1883 2418 καὶ

296 2442 380 2502 ὧν
410 2448 478 2502 ἄν
514 2465 596 2510 τις
620 2447 921 2518 ὁμότροπος
945 2446 1172 2516 γένηται
1193 2485 1208 2510 ,
1244 2445 1435 2500 τοῦτον
1482 2448 1575 2501 καὶ
1624 2447 1739 2501 υἰὸν
1790 2448 1883 2501 καὶ

298 2532 532 2601 ἀδελφὸν
568 2527 706 2585 εἷναί
742 2547 904 2601 φησιν
934 2531 967 2600 ἡ
996 2530 1210 2600 Γραφή.

377 2616 443 2685 β’.
465 2614 622 2669 Ἀλλά
647 2612 789 2675 τίνος
808 2612 993 2665 ἕνεκεν
1020 2614 1047 2665 ὁ
1075 2611 1318 2677 διάϐολος
1346 2612 1405 2665 τὸ
1445 2613 1677 2683 πονηρὸν
1706 2613 1884 2683 δόγμα

300 2698 465 2751 τοῦτο
487 2699 744 2769 εἰσήγαγε
765 2713 780 2761 ;
805 2695 916 2766 Τὴν
943 2694 1052 2748 τῶν
1083 2694 1375 2766 μαρτύρων
1412 2696 1739 2767 ἐπεχείρησε
1775 2698 1883 2750 διο·-
1933 2741 1938 2746 .

304 2779 469 2852 ρύξαι
498 2779 675 2843 δόξαν.
720 2777 938 2850 Ἐπειδὴ
979 2776 1087 2849 γὰρ
1125 2776 1283 2848 βιαίῳ
1316 2777 1531 2849 θανάτῳ
1560 2778 1883 2832 τελευτῶσιν

301 2853 538 2925 ἐκείνοις
586 2861 903 2932 βουλόμενος
953 2860 1134 2913 αὐτῶν
1185 2862 1589 2915 κατασκεδάσαι
1641 2863 1884 2933 πονηράν

301 2944 618 3015 ὑπόληψιν,
673 2943 831 2997 τοῦτο
882 2944 1157 3012 ἐποίησεν.
1225 2943 1387 2996 Ἀλλά
1434 2944 1594 2998 τοῦτο
1646 2944 1745 3015 μὲν
1788 2946 1886 2998 οὐκ

303 3030 499 3100 ἴσχυσε
523 3044 537 3056 ·
575 3026 791 3099 μένουσι
833 3026 942 3098 γὰρ
989 3026 1087 3096 τὴν
1136 3026 1343 3079 οἰκείαν
1390 3025 1604 3096 ἔχοντες
1639 3026 1886 3098 λαμπρό-

300 3130 467 3183 τητα·
517 3112 705 3183 ἕτερον
742 3111 798 3164 δέ
843 3110 1225 3181 χαλεπώτατον
1279 3110 1711 3181 κατειργάσατο,
1761 3111 1887 3174 τοὺς

300 3197 512 3265 γόητας
535 3196 659 3259 τοὺς
690 3193 1159 3266 ὑπηρετουμένους
1186 3192 1335 3263 αὐτῷ
1354 3193 1441 3247 διὰ
1460 3193 1666 3247 τούτων
1692 3194 1887 3257 πείσας

298 3281 419 3333 τῶν
473 3278 756 3349 δογμάτων
782 3316 795 3340 ,
846 3275 1059 3329 πολλῶν
1107 3277 1242 3330 νέων
1276 3276 1463 3329 ἁπλῶν
1510 3277 1737 3349 σώματα
1787 3295 1886 3331 κα-

301 3362 637 3432 τασφάττειν
665 3359 839 3413 ἐλπίδι
872 3359 965 3411 τοῦ
1006 3359 1265 3429 δαίμονας
1308 3359 1547 3423 ἔσεσθαι,
1595 3360 1689 3414 καὶ⁸
1730 3360 1888 3414 πάλιν

301 3435 495 3507 αὐτοῖς
524 3445 835 3513 ὑπηρετεῖν.
877 3442 1017 3495 Ἀλλ’
1067 3442 1167 3495 οὐκ
1199 3440 1313 3495 ἐστι
1359 3440 1561 3506 ταῦτα,
1605 3441 1705 3495 οὐκ
1750 3442 1884 3495 ἐστι.

304 3528 375 3581 Τί
420 3523 514 3580 οὖν
536 3568 551 3591 ,
589 3528 671 3580 ὃτι
708 3527 762 3579 οί
790 3526 1045 3595 δαίμονες
1091 3523 1332 3591 λέγουσι,
1368 3524 1479 3580 Τοῦ
1513 3525 1749 3596 μοναχοῦ
1794 3524 1886 3578 τοῦ

300 3613 482 3673 δεῖνος
503 3612 536 3682 ή
554 3608 698 3681 ψυχή
724 3610 860 3680 εἰμι,
894 3608 1062 3679 φησί;
1099 3609 1196 3661 Διὰ
1220 3608 1327 3679 γὰρ
1356 3606 1511 3660 τοῦτο
1539 3610 1599 3661 οὐ
1628 3608 1888 3673 πιστεύω,

301 3694 500 3765 ἐπειδὴ
522 3693 773 3762 δαίμονες
794 3692 1065 3762 λέγουσιν·
1094 3690 1347 3744 ἀπατῶσι
1375 3689 1484 3762 γὰρ
1511 3692 1634 3754 τοὺς
1663 3691 1888 3745 ἀκούον-

300 3795 428 3842 τας.

379 3860 481 3915 Διά
512 3859 674 3915 τοῦτο
726 3860 821 3914 κα)⁸
859 3861 888 3913 6
928 3858 1140 3921 Παῦλος
1184 3858 1363 3914 καίτοι
1412 3875 1475 3928 γε
1524 3856 1889 3929 ἀληθεύοντας

305 3944 666 4016 ἐπεστόμισεν
704 3944 919 4008 αὐτοὺς,
955 3942 1041 3996 ῖνα
1074 3944 1148 4014 μὴ
1186 3942 1457 4014 πρόφασιν
1494 3941 1751 4006 λαϐόντες
1778 3945 1889 4007 τοῖς

305 4026 537 4098 ἀληθέσι
571 4027 664 4079 καὶ
694 4025 863 4096 ψευδῆ
894 4026 1057 4078 πάλιν
1086 4023 1390 4096 ἀναμίξωσι
1409 4064 1423 4086 ,
1460 4024 1555 4078 καὶ⁸
1586 4025 1888 4089 ἀξιόπιστοι

305 4109 600 4176 γένωνται.
638 4106 862 4178 Ἐπειδὴ
900 4106 1010 4181 γὰρ
1054 4108 1258 4175 ἔλεγον,
1288 4103 1464 4162 Οὗτοι
1509 4111 1560 4160 οἱ
1595 4108 1888 4176 ἅνθρωποι

305 4193 521 4247 δοῦλοι
543 4192 651 4247 τοῦ
682 4191 830 4246 Θεοῦ
867 4191 972 4246 τοῦ
994 4193 1259 4261 ὑψίστου
1283 4192 1421 4254 εἰσὶ,
1452 4192 1891 4259 καταγγέλλονη

306 4292 412 4340 τες
430 4274 573 4344 ὑμῖν
599 4274 744 4330 ὁδὸν
774 4276 1090 4344 σωτηρίας,
1135 4272 1479 4342 διαπονηθεὶς
1506 4272 1583 4344 τῷ
1620 4273 1890 4342 πνεύματι

305 4359 613 4429 ἐπετίμησε
643 4357 720 4429 τῷ
763 4358 998 4423 Πύθωνι,
1040 4357 1133 4411 καὶ
1186 4356 1419 4424 ἐξελθεῖν
1463 4356 1736 4409 ἐκέλευσεο
1770 4357 1891 4409 καί·

307 4458 461 4510 τοιγε
491 4443 544 4494 τί
579 4441 813 4512 πονηρὸν
846 4440 1063 4510 ἐλεγονς
1095 4436 1270 4495 Οὗτοι
1317 4442 1373 4493 οἱ
1411 4439 1710 4507 ἂνθρωποι
1750 4439 1891 4493 δοῦ-

304 4520 410 4579 λοί
456 4523 566 4579 τοῦ
600 4524 746 4579 Θεοῦ
790 4524 897 4578 τοῦ
950 4525 1216 4594 ὑψίστου
1277 4523 1455 4577 εὶσίν.
1520 4523 1656 4576 ’Λλλ’
1703 4523 1891 4594 ἐπειδὴ

308 4608 499 4663 πολλοὶ
525 4607 633 4661 τῶν
660 4621 685 4649 ι
717 4608 1095 4679 ἁφελεστὲρων
1140 4609 1227 4662 ἀεὶ
1256 4606 1552 4678 διακρίνειν
1595 4608 1695 4661 οὐκ
1744 4608 1890 4662 ἴσασι

305 4693 383 4746 τά
416 4692 566 4763 παρά
594 4691 701 4745 τῶν
751 4692 1018 4764 δαιμόνων
1070 4692 1369 4763 λεγόμενα,
1418 4690 1673 4757 καθάπαξ
1709 4693 1889 4756 αὐτοῖς

305 4777 610 4833 ἀπέκλεισε
630 4777 692 4829 τὸ
708 4775 1075 4830 πιστεύεσθαι.
1099 4776 1218 4829 Τῶν
1234 4776 1595 4847 ὴτιμωμένων
1613 4771 1681 4840 εἷ,
1702 4777 1884 4847 φησὶν,

308 4860 764 4933 ἀπαρρησίαστος
798 4855 868 4927 εἴ,
901 4858 1099 4927 σιώπα,
1146 4861 1452 4930 πεφίμωσοο
1487 4860 1588 4912 οὐκ
1632 4858 1747 4913 ἐστι
1798 4859 1889 4913 σὸν

304 4945 371 4999 τὸ
400 4943 718 5016 κηρύττειν,
747 4944 1058 4997 ἀποστόλων
1102 4943 1219 4996 ἐστὶ
1251 4943 1410 4997 τοῦτο
1452 4943 1513 4997 τὸ
1557 4943 1791 5016 ἀξίωμα.
1824 4943 1890 4997 Τί

306 5026 589 5097 ἀρπάζεις
620 5026 683 5079 τὸ
729 5026 804 5098 μὴ
850 5026 973 5090 σόν;
1013 5026 1169 5093 Σίγα,
1212 5025 1503 5096 ὴτίμωσαι.
1548 5026 1704 5081 Οὕτω
1745 5028 1892 5081 καὶὸ

302 5110 553 5182 Χριστὸς
609 5110 833 5180 ἐποίησε
863 5125 879 5143 ⁸
934 5109 1185 5179 λέγουσιν
1235 5108 1385 5181 αὐτῷ
1429 5113 1543 5174 τοῖς
1598 5111 1888 5182 δαίμοσιν,

298 5194 553 5265 υῖδαμέν
585 5211 643 5247 σε
670 5194 754 5258 τίς
784 5188 854 5259 εἴ,
888 5194 1222 5266 ἐπετίμησεν
1274 5194 1457 5258 αὐτοῖς
1504 5192 1640 5265 μετὰ
1691 5194 1892 5268 πολλῆς

292 5279 411 5352 τῆς
444 5277 822 5349 σφοδρότητος,
848 5276 1112 5331 διδάσκων
1137 5277 1284 5348 ἡμᾶς
1312 5277 1360 5342 δ,
1392 5276 1641 5348 μηδαμοῦ
1676 5277 1892 5350 δαίμονι

373 5444 553 5511 PTres
574 5459 687 5511 mss.
729 5452 782 5511 ει
823 5445 939 5511 δαν.
973 5446 1174 5511 ὐψίστου
1197 5447 1307 5511 εἰσὶ,
1350 5449 1742 5511 καταγγεζλλονιις
1780 5449 1893 5511 ἡμῖν

296 5510 421 5573 ῥδὸν
445 5508 1024 5573 σωτηρίας,ᾼδιαπονηθεὶς
1048 5510 1117 5571 τῷ
1140 5508 1385 5573 πνεύματι,
1412 5508 1668 5573 ἐπετίμησε
1698 5513 1768 5573 τῷ
1792 5508 1891 5573 [16-

300 5571 440 5633 θωγι,
463 5570 546 5617 καὶ
566 5569 759 5633 ἐξελθεῖν
797 5569 1045 5633 ἐκᾷευσεζ
1070 5569 1287 5633 καίτοιτί
1325 5569 1892 5633 πονηρὸνέλεγονςόὗτοι

300 5635 355 5680 si
376 5632 615 5707 ἀξιθρωποι
636 5630 796 5707 δοῦλοι
819 5628 904 5679 τοῦ
926 5628 1379 5707 φεοῦετοῦύσξίστου
1401 5628 1531 5682 εἰσίν.
1581 5628 1707 5683 Ἀλλ’
1728 5628 1890 5692 ἐπειδὴ

300 5691 480 5741 πολλοὶ
503 5693 613 5739 τῶν.
646 5691 761 5741 Haec
781 5704 900 5739 vero
924 5691 1131 5741 deerant
1154 5693 1202 5741 iu
1225 5691 1398 5743 Morel.

372 5753 401 5794 δ
420 5751 522 5804 Alii
541 5754 806 5815 νομοθετῶν
823 5753 949 5816 ἡμῖν.

1567 329 1655 383 DE
1694 328 1972 383 LAZARO
2014 328 2263 383 (ION‘CiO
2302 327 2361 383 11.

3442 335 3551 388 981

1978 444 2285 508 πείθεσθαι,
2320 444 2454 515 μηδὲ
2483 444 2547 498 ἄν
2588 462 2670 497 σοι
2702 444 2850 513 ὑγιές
2882 461 2934 497 τι
2964 443 3094 514 λέγῃ
3153 445 3327 515 "Ar-.39
3356 444 3419 515 δὴ
3462 447 3552 500 καὶ

1978 525 2239 597 μαθόντες
2269 529 2344 598 μὴ
2390 526 2711 598 πειθώμεθα
2755 527 2969 597 δαίμονι
3000 527 3248 591 καθόλου,
3286 526 3421 580 ἀλλὰ
3455 527 3556 581 κᾶν

1975 610 2175 680 ἀληθές
2224 628 2278 662 τι
2336 612 2681 681 φθέγγηται,
2724 611 3012 679 φεύγωμεν
3063 611 3226 664 αὑτὸν
3278 612 3373 663 καὶ
3420 613 3557 665 ἁπο-

1979 692 2340 765 στρεφώμεθα
2361 712 2373 724 ο
2402 693 2470 746 τὰ
2499 697 2607 763 γὰρ
2634 694 2760 763 ὐγιῆ
2796 694 3043 763 δόγματα
3080 695 3175 747 καὶ
3220 694 3464 764 σωτήρια
3496 695 3557 747 οὐ

1978 778 2128 850 παρά
2174 778 2463 848 δαιμόνων,
2502 777 2637 831 ἀλλά
2684 778 2833 849 παρά
2880 778 2979 847 τῆς
3014 776 3160 841 θείας
3187 778 3409 849 Γραφῆς
3443 780 3558 831 ἐστι

1981 861 2099 931 μετ’
2132 860 2416 932 ἀκριϐείας
2453 860 2797 932 μαθεῖν.”οτι
2825 862 2932 931 γὰρ
2969 861 3069 914 οὐκ
3100 861 3217 914 ἔστι
3254 860 3430 932 ψυχὴν
3463 857 3557 913 τοῦ
3662 899 3668 905 .

1980 945 2231 1017 σώματος
2263 944 2586 1010 ἐξελθοῦσαν
2617 946 2721 999 ὑπὸ
2750 946 2847 1016 τὴν
2882 945 2989 997 τῶν
3012 944 3281 1016 δαιμόνων
3303 943 3560 1013 γενέσθαι

1978 1027 2289 1101 τυραννίδα,
2314 1029 2543 1083 ἄκουσον
2566 1031 2619 1082 τί
2647 1045 2809 1099 φησιν
2838 1031 2865 1081 ὁ
2898 1027 3110 1092 Παῦλος
3129 1044 3142 1058 ο
3191 1028 3244 1080 '0
3271 1027 3381 1095 γὰρ
3411 1027 3563 1082 ἀπο·

1979 1112 2176 1164 θανὼν
2219 1111 2588 1165 δεδικαίωται
2631 1112 2739 1165 ἀπὸ
2785 1112 2884 1182 τῆς
2936 1111 3230 1183 ἁμαρτίας,
3262 1110 3561 1169 τουτέστιν,

1978 1195 2082 1247 οὐκ
2109 1194 2187 1248 ἐτι
2224 1194 2548 1265 ἁμαρτάνει.
2584 1194 2646 1246 Εἰ
2673 1192 2779 1266 γὰρ
2807 1195 2865 1245 ἐν
2891 1192 2970 1264 τῷ
3000 1194 3213 1265 σώματι
3240 1195 3465 1265 οἰκούσῃ
3493 1195 3560 1263 τῇ

1977 1280 2126 1349 ψυχῇ
2158 1277 2278 1346 βίαν
2304 1278 2603 1345 ἐπαγαγεῖν
2633 1278 2692 1330 οὐ
2726 1276 3014 1347 δυνήσεται
3045 1280 3073 1331 ὁ
3104 1277 3369 1340 διάϐολος,
3405 1275 3563 1346 εὔδη-

1980 1360 2072 1413 λον
2097 1362 2177 1414 δτι
2212 1360 2330 1413 οὐδὲ
2361 1359 2690 1434 ἀπελθούσῃ.
2727 1359 2851 1423 Πῶς
2893 1356 2985 1415 οὖν
3028 1363 3427 1433 ἁμαρτάνουσι,
3460 1378 3563 1431 φη-

1983 1443 2085 1507 σὶν,
2115 1446 2163 1496 εί
2201 1444 2273 1514 μὴ
2310 1443 2429 1513 βίαν
2458 1444 2774 1513 πάσχωσιν;
2814 1442 3066 1497 Ἐκοῦσαι
3092 1445 3188 1497 καὶ
3215 1443 3559 1514 βουλόμεναι,

1982 1528 2074 1579 καὶ
2125 1527 2273 1599 [729]
2320 1530 2520 1591 ἑαυτάς
2572 1526 2900 1592 ἐκδιδοῦσαι,
2948 1528 3048 1581 οὐκ
3096 1526 3560 1599 ἀναγκαζόμεναι,

1980 1612 2096 1663 οὐδέ
2124 1610 2575 1682 τυραννούμεναι.
2610 1613 2719 1672 Καὶ
2753 1612 2911 1665 τοῦτο
2944 1612 3217 1683 ἐδήλωσαν
3247 1612 3488 1677 ἅπαντες
3510 1613 3562 1665 οί

1984 1695 2395 1765 περιγενόμενοι
2442 1696 2551 1750 τῶν
2594 1696 2803 1749 ἐκείνου
2836 1695 3265 1767 μηχανημάτων.
3305 1697 3408 1750 Τὸν
3431 1695 3564 1765 γοῦν

1996 1777 2116 1832 Ἰὼϐ
2166 1779 2333 1850 μυρία
2370 1780 2618 1849 κυκήσας
2653 1780 2750 1833 οὐκ
2783 1778 2971 1849 ἴσχυσε
3008 1782 3195 1833 πεῖσαι
3243 1779 3564 1852 βλάσφημόν

1981 1879 2034 1914 τι
2067 1864 2133 1932 ρῆ
2143 1879 2218 1932 μα
2253 1862 2582 1930 ἐξενεγκεῖν.

2054 1942 2217 1997 Ὅθεν
2247 1944 2404 2016 δῆλον
2434 1946 2517 1998 δτι
2548 1946 2643 1999 καὶ
2665 1945 2758 1999 τοῦ
2784 1945 3067 2000 πείθεσθαι
3100 1947 3194 2000 καὶ
3221 1945 3314 1999 τοῦ
3344 1945 3419 2017 μὴ
3448 1944 3567 2000 πεί⁹

1984 2025 2172 2081 θεσθοιι
2201 2030 2324 2091 ταῖς
2355 2029 2563 2082 ἐκείνου
2610 2028 2941 2099 συμϐουλαῖς
2976 2031 3134 2101 ἡμεῖς
3167 2031 3333 2099 ἐσμεν
3362 2028 3564 2100 κύριοι,

1984 2111 2078 2164 καὶ
2130 2112 2376 2182 ἀνάγκην
2411 2112 2687 2183 οὐδεμίαν,
2719 2112 2840 2165 οὐδέ
2883 2113 3176 2185 τυραννίδα
3223 2113 3567 2182 ὐφιπάμεθα

1983 2195 2113 2265 παρ’
2141 2195 2371 2248 ἐκείνου.
2402 2197 2515 2248 υύκ
2558 2198 2622 2249 ἐκ
2664 2197 2771 2249 τῶν
2802 2197 3104 2267 εἰρημένων
3134 2198 3189 2250 δὲ
3220 2199 3399 2268 μόνον,
3431 2197 3569 2253 ἀλλά

1984 2277 2077 2329 καὶ
2107 2278 2169 2329 ἐκ
2202 2277 2302 2347 τῆς
2334 2280 2703 2349 προκειμένης
2743 2280 3058 2352 παραϐολῆς
3089 2281 3330 2352 εὔδηλον,
3363 2283 3442 2335 ὅτι
3471 2281 3566 2334 τοῦ

1986 2359 2235 2428 σώματος
2260 2362 2315 2413 αἰ
2348 2360 2517 2430 ψυχαὶ
2556 2359 2890 2427 ἐξελθοῦσαι,
2916 2365 3017 2417 οὐκ
3054 2366 3134 2418 ἔτι
3176 2365 3410 2419 ἐνταῦθα
3448 2364 3567 2417 δια-ρ

1983 2444 2282 2513 τρίϐουσιν,
2324 2443 2439 2496 ἀλλ’
2465 2444 2669 2510 εὐθέως
2718 2447 3061 2515 ἀπάγονται·
3108 2451 3200 2502 καὶ
3231 2448 3394 2502 ἄκουε
3426 2448 3565 2511 πῶς.

1998 2526 2264 2595 Ἐγένετο
2302 2527 2410 2598 γάρ
2443 2528 2652 2593 αὑτὸν,
2689 2530 2876 2598 φησιν,
2918 2532 3264 2597 ἀποθανεῖν,
3313 2533 3411 2587 καὶ
3453 2534 3568 2586 άπ-

1983 2607 2302 2677 ενεχθῆναι
2349 2609 2469 2665 ὑπὸ
2514 2609 2632 2664 τῶν
2662 2611 2951 2681 ἀγγέλων.
2982 2615 3091 2683 Οὐχ
3123 2616 3179 2668 αἱ
3208 2615 3316 2668 τῶν
3347 2614 3570 2669 δικαίων

1985 2692 2041 2745 δέ
2073 2692 2254 2762 μόνον,
2289 2692 2425 2747 ἀλλὰ
2454 2694 2546 2747 καὶ
2574 2692 2681 2748 τῶν
2714 2697 2772 2748 ἐν
2808 2698 3044 2770 πονηρίᾳ
3083 2698 3298 2762 ζώντων
3330 2698 3577 2766 ἀπάγον-

1985 2792 2076 2827 ται
2100 2777 2215 2828 ἐκεῖ
2234 2776 2290 2828 αἱ
2311 2777 2477 2847 ψυχαί
2501 2796 2513 2807 ·
2541 2779 2633 2831 καὶ
2656 2778 2814 2832 τοῦτο
2842 2780 2897 2833 δὲ
2920 2780 3082 2834 πάλιν
3109 2781 3169 2846 ἐξ
3191 2782 3378 2853 ἐτέρου
3407 2782 3574 2835 πλου-

1990 2858 2102 2910 σίου
2133 2858 2310 2928 δῆλον.
2330 2860 2546 2931 Ἐπειδὴ
2574 2862 2683 2933 γὰρ
2712 2862 3014 2934 εὐφόρησεν
3042 2865 3076 2934 ἡ
3104 2863 3256 2936 χώρα
3280 2863 3466 2929 αὐτοῦ,
3497 2860 3597 2917 εἴση

1990 2958 2088 2995 πεν
2124 2942 2182 2994 ἐν
2216 2941 2424 3011 ἑαυτῷ*
2477 2944 2537 2997 Τί
2576 2944 2841 3009 ποιήσω
2874 2945 3106 3001 καθελῶ
3126 2964 3246 3015 μου
3284 2946 3391 3014 τὰς
3421 2947 3570 3001 ἁπο-

1988 3027 2198 3092 θήκας,
2239 3025 2339 3078 καὶ
2377 3025 2652 3095 μείζονας
2681 3028 3075 3099 οἰκοδομήσω.
3112 3030 3277 3084 Οὐδὲν
3317 3030 3575 3084 ἀθλιώτε-

1990 3126 2083 3180 ρον
2107 3108 2206 3177 τῆς
2231 3107 2486 3177 τοιαύτης
2518 3109 2984 3180 γνώμης.”οντως
3009 3113 3258 3166 καθεῖλεν
3278 3113 3443 3167 αὐτοῦ
3470 3114 3571 3176 τὰς

1990 3188 2304 3262 ἀποθήκας
2336 3190 2613 3262 ἀποθῆκαι
2644 3193 2754 3263 γὰρ
2786 3192 2972 3247 άσυλοι
3021 3195 3120 3265 οὐχ
3152 3196 3201 3248 οἱ
3232 3198 3422 3266 τοῖχοι,
3455 3184 3595 3250 ἀλλ”

1990 3273 2048 3326 αί
2083 3273 2191 3326 τῶν
2236 3276 2486 3343 πενήτων
2534 3276 2640 3328 εἰσὶ
2677 3275 2943 3348 γαστέρες
2967 3291 2979 3304 ·
3010 3278 3041 3330 6
3067 3277 3122 3330 δὲ
3147 3278 3362 3342 ἐκείνας
3391 3280 3577 3347 ἀφεὶς,

1993 3356 2120 3426 περί
2170 3355 2384 3426 τοίχους
2428 3356 2727 3428 ἠσχολεῖτο.
2761 3357 2826 3411 Τί
2872 3352 2966 3412 οῦν
3013 3376 3148 3431 φησι
3193 3361 3330 3433 πρὸς
3356 3361 3517 3414 αὐτὸν
3543 3362 3577 3412 6

1990 3437 2156 3504 856;;
2189 3440 2425 3508 'Agppor,
2447 3442 2631 3509 ταύτῃ
2666 3439 2742 3510 τῇ
2770 3441 2940 3496 νυκτί
2967 3443 3286 3498 ἀπαιτοῦσι
3313 3444 3428 3509 τὴν
3452 3448 3575 3514 ψυ-

1992 3523 2113 3594 χήν
2151 3538 2267 3578 σου
2292 3523 2411 3578 ἀπὸ
2438 3525 2574 3579 σοῦ.
2608 3527 2718 3579 Καὶ
2752 3525 2884 3596 ὅραο
2915 3527 3147 3582 ἐνταῦθά
3178 3545 3339 3600 φησιν
3373 3531 3568 3582 ἀπενε-

1992 3607 2188 3678 χθῆναι
2239 3607 2343 3660 ὑπὸ
2388 3606 2496 3661 τῶν
2524 3608 2794 3680 ἀγγέλων,
2833 3613 2951 3664 ἐκεῖ
2985 3602 3309 3666 ἀπάιτοῦσν
3343 3613 3437 3666 καὶ
3483 3614 3581 3667 τὸν.

1996 3693 2093 3762 μὲν
2119 3692 2193 3755 ώς
2214 3690 2498 3763 δεσμώτην
2528 3691 2743 3763 ἐξῆγον,
2773 3692 2862 3747 τὸν
2892 3694 2949 3746 δὲ
2974 3695 3050 3758 ώς
3093 3694 3417 3765 στεφανίτην
3460 3697 3575 3749 ἐδο-

1997 3777 2284 3849 ρυφόρουν.
2314 3776 2425 3829 Καὶ
2458 3776 2706 3849 καθάπερ
2744 3779 2801 3831 ἐν
2830 3777 2909 3848 τῷ
2939 3779 3223 3849 σκάμματι
3255 3779 3425 3833 πολλά
3454 3798 3579 3833 τινα

1991 3861 2284 3931 τραύματα
2332 3858 2565 3915 λαϐόντα
2617 3862 2712 3916 καὶ
2759 3862 2950 3933 αἵματι
3008 3864 3570 3936 κατερραντισμένον,

1993 3939 2112 3998 εἶτα
2139 3943 2237 4015 τὴν
2265 3944 2509 4016 κεφαλὴν
2543 3944 2953 4017 ἀναδησάμενον
2976 3948 3023 3999 οἰ
3059 3948 3165 4018 πρὸ
3190 3947 3284 4002 τοῦ
3315 3947 3574 4019 σκάμμα-

1992 4046 2083 4092 τος
2111 4027 2341 4092 ἑστῶτες
2366 4028 2755 4099 ὑποδεξάμενοι
2785 4030 2921 4102 μετά
2950 4030 3149 4101 πολλῆς
3171 4035 3271 4104 τῆς
3298 4033 3572 4102 εὐφημίας

1993 4111 2175 4165 οἶκαδε
2210 4112 2402 4180 ἄγουσι
2447 4112 2789 4183 κροτοῦντες,
2824 4113 3218 4184 εὐφημοῦντες,
3263 4114 3574 4183 θαυμάζον-

1992 4212 2084 4258 τες
2103 4210 2117 4224 ·
2149 4194 2290 4247 οὕτω
2316 4194 2408 4249 καὶ
2432 4195 2524 4247 τὸν
2551 4194 2797 4266 Λάζαρον
2840 4195 3059 4265 ἄγγελοι
3088 4196 3219 4250 τότε,
3242 4198 3529 4268 ἀπήγαγον
3555 4214 3569 4228 ·

1994 4275 2204 4330 ἐκείνου
2251 4276 2435 4347 δὲτὴν
2465 4277 2645 4348 ψυχὴν
2675 4274 2916 4349 ἀπῄτουν
2953 4279 3182 4349 φοϐεραί
3226 4297 3371 4343 τινες
3417 4280 3574 4334 δυνά-

1997 4377 2136 4430 μεις,
2171 4360 2299 4423 ἴσως
2331 4360 2737 4431 ἀπεσταλμέναι
2787 4363 2881 4415 ἐπὶ
2924 4362 3098 4434 τούτῳ
3118 4379 3134 4395 ο
3180 4366 3240 4417 οὐ
3272 4364 3381 4436 γὰρ
3414 4365 3572 4419 αὐτόι-

1997 4460 2165 4513 ματος
2205 4445 2239 4513 ὴ
2296 4443 2442 4515 ψυχὴ
2489 4444 2627 4515 πρὸς
2668 4443 2883 4515 ἐκείνην
2932 4447 3206 4519 ἀναχωρεῖ
3250 4450 3348 4519 τὴν
3394 4449 3572 4519 ζωὴν,

1995 4524 2184 4597 ἐπειδὴ
2227 4527 2361 4597 μηδὲ
2402 4526 2647 4583 δυνατόν.
2677 4529 2741 4582 Εἰ
2768 4529 2877 4600 γὰρ
2903 4530 3057 4584 πόλιν
3088 4531 3153 4584 ἐκ
3179 4531 3386 4596 πόλεως
3418 4533 3576 4603 ἀμεί-

1994 4610 2202 4673 ϐοντες,
2234 4609 2328 4663 τοῦ
2353 4611 2823 4684 χειραγωγοῦντος
2858 4613 3112 4684 δεόμεθα,
3148 4614 3328 4686 πολλῴ
3372 4617 3573 4687 μᾶλλον

1993 4696 2029 4763 ἡ
2061 4692 2207 4763 ψυχὴ
2231 4692 2331 4763 τῆς
2359 4694 2562 4765 σαρκὸς
2590 4695 2991 4767 ἀπορραγεῖσα,
3027 4700 3122 4752 καί
3156 4700 3293 4769 πρὸς
3318 4698 3416 4770 τὴν
3447 4700 3575 4769 μέλη

1992 4777 2192 4829 λουσαν
2239 4775 2608 4850 μεθισταμένη
2644 4777 2811 4847 ζωὴν,
2851 4780 2957 4833 τῶν
2999 4782 3377 4853 όδηγησόντων
3404 4783 3573 4851 αὐτὴν

1993 4859 2264 4930 δεήσεται.
2289 4859 2389 4913 Διά
2420 4858 2579 4913 τοῦτο
2602 4862 2861 4927 πολλάκις
2891 4863 3198 4930 ἀναδύεται,
3236 4866 3330 4919 καὶ
3356 4864 3492 4936 πρὸς
3512 4867 3574 4918 τὸ

1997 4942 2157 5013 βάθος
2180 4943 2329 4997 κάτω
2360 4947 2547 5017 χωρεῖ,
2575 4946 2669 5000 καὶ
2698 4945 2901 5000 δέδοικε
2930 4948 3025 5001 καὶ
3044 4947 3281 5018 φρίττει,
3306 4948 3574 5020 μέλλουσα

1992 5028 2092 5098 τῆς
2143 5027 2344 5100 σαρκὸς
2391 5029 2881 5097 ἀφίπτασθαι.Ἀεί
2921 5030 3022 5101 μὲν
3060 5032 3170 5103 γὰρ
3216 5036 3363 5106 ἡμᾶς
3397 5035 3576 5089 κεντεῖ

1993 5111 2103 5163 τῶν
2122 5110 2536 5190 ἁμαρτημάτων
2556 5112 2618 5164 τὸ
2645 5113 2906 5177 συνειδὸς,
2940 5115 3175 5185 μάλιστα
3203 5116 3262 5169 δὲ
3289 5119 3407 5171 κατ’
3431 5117 3573 5171 ἐκεί-

1994 5210 2092 5264 νην
2127 5192 2227 5263 τὴν
2256 5190 2428 5264 ὥραν,
2462 5193 2591 5249 ὅταν
2640 5195 2927 5267 μέλλωμεν
2975 5198 3225 5253 ἐντεῦθεν
3267 5201 3573 5270 ἀπάγεσθαι

1994 5273 2131 5345 πρὸς
2155 5272 2256 5338 τὰς
2282 5273 2508 5340 εὐθύνας
2549 5276 2651 5341 τὰς
2694 5279 2810 5331 ἐκεῖ
2841 5281 2935 5333 καὶ
2967 5282 3026 5336 τὺ
3058 5282 3284 5353 φοϐερὸν
3311 5283 3573 5356 δικαστή-

1996 5373 2131 5425 ριον.
2159 5356 2313 5421 Τότε,
2340 5358 2449 5411 εῐτε
2478 5357 2698 5431 ἥρπασὲ
2717 5378 2820 5429 τις,
2850 5363 2961 5416 εἴτε
2990 5364 3436 5439 ἐπλεονέκτησεν,
3462 5369 3570 5423 εἴτε

1994 5438 2118 5493 τινά
2163 5440 2492 5512 ἐπηρέασεν,
2528 5445 2636 5497 εἴτε
2681 5445 2824 5510 τινὸς
2858 5448 3077 5516 γέγονεν
3126 5438 3318 5522 ἐχθρὸς
3350 5452 3572 5518 ἀδίκως,

1994 5525 2104 5577 εῖτε
2130 5525 2258 5612 ἀλλο
2278 5526 2455 5612 ὁτιοῦν
2486 5528 2656 5584 δεινὸν
2681 5531 2993 5602 εἰργάσατο,
3021 5532 3165 5597 ἄπας
3196 5537 3225 5589 ὁ
3254 5538 3362 5591 τῶν
3392 5540 3574 5612 ἀμαρ-

1996 5609 2256 5681 τημάτων
2284 5611 2452 5682 ἐσμὸς
2489 5614 2807 5670 ἀνανεοῦται
2832 5627 2853 5655 ε
2890 5619 2982 5672 καὶ
3013 5619 3116 5691 πρὸ
3144 5620 3253 5677 τῶν
3280 5609 3579 5698 ὀφθαλμῶν

2064 5767 2085 5797 θ
2108 5765 2229 5817 Tres
2253 5781 2367 5819 mss.
2396 5771 2745 5835 ἆμαρτημοὶτων
2769 5775 2909 5838 χορός
2933 5776 3071 5826 ἀναν.
