4018 6190
495 259 600 315 985

497 367 730 432 ἵσταται,
757 368 852 421 καί⁵
884 368 985 440 τὴν
1012 367 1250 422 διάνοιαν
1277 367 1475 419 κεντεῖ.
1504 366 1615 420 Καὶ
1640 364 1892 437 καθάπερ
1923 365 1973 419 οἱ
2011 364 2072 417 τὸ

493 451 865 523 δεσμωτήριον
893 449 1189 514 οἰκοῦντες,
1212 449 1301 503 ἀεὶ
1329 448 1430 519 μὲν
1457 450 1514 502 ὲν
1545 450 1822 522 κατηφείᾳ
1846 449 1941 504 καὶ
1966 447 2080 502 ὀδύ-

494 550 612 595 ναις
646 535 770 595 εἰσὶ,
796 533 1032 602 μάλιστα
1057 531 1114 586 δὲ
1144 532 1287 586 κατὰ
1317 531 1418 603 τὴν
1445 531 1656 604 ἡμέραν
1681 532 1924 602 ἐκείνην,
1954 529 2078 583 καθ’

495 615 564 684 ἦν
598 616 664 669 ἂν
700 612 965 684 μέλλωσιν
991 614 1304 685 ἐξάγεσθαι,
1330 615 1428 670 καὶ
1473 617 1604 687 παρ’
1629 614 1800 679 αύτάς
1837 614 1937 678 τὰς
1982 613 2078 666 τοῦ

495 698 806 761 δικάζοντος
850 698 1081 768 ἄγεσθαι
1133 697 1323 769 θύρας,
1353 698 1449 752 καὶ
1495 698 1603 770 πρὸ
1647 697 1755 752 τῶν
1789 697 2080 766 κιγκλίδων

495 781 752 845 ἑστῶτες,
771 783 866 836 καὶ
888 783 985 853 τῆς
1007 781 1101 836 τοῦ
1124 782 1405 853 κρίνοντος
1427 781 1612 851 φωνῆς
1630 780 1842 835 ἔνδοθεν
1861 780 2080 835 ἀκούον-

492 881 603 926 τες,
647 865 1060 935 ἀποπήγνυνται
1088 865 1164 936 τῷ
1203 864 1368 935 φόϐῳ,
1401 865 1494 917 καὶ
1540 862 1648 917 τῶν
1680 863 1890 935 νεκρῶν
1925 863 2080 917 οὐδὲν

493 947 716 1018 ἄμεινον
763 948 1063 1002 διάκεινται
1087 966 1101 978 ο
1143 947 1288 1002 οὕτω
1331 947 1424 1000 καὶ
1472 948 1505 1018 ἡ
1539 946 1684 1019 ψυχὴ
1714 947 1947 1018 μάλιστα
1983 947 2079 1018 μὲν

495 1031 591 1083 καὶ
633 1033 689 1085 ἐν
734 1031 883 1103 αὐτῷ
924 1033 1003 1103 τῷ
1051 1031 1228 1104 καιρῷ
1275 1031 1375 1101 τῆς
1409 1029 1682 1102 ἁμαρτίας
1711 1030 2080 1086 όδυνᾶταικαὶ

497 1117 932 1187 στενοχωρεῖται,
961 1116 1144 1188 πολλῷ
1189 1116 1246 1169 δέ
1285 1115 1450 1170 πλέον
1494 1117 1624 1171 ὅταν
1654 1116 1902 1171 ἐντεῦθεν
1945 1117 2081 1170 ἀπο-

494 1201 799 1252 σπασθεῖσα
829 1199 1138 1268 ἀπάγεσθαι
1178 1199 1367 1274 μέλλῃ.

566 1280 717 1353 [730]
757 1282 827 1352 γ’.
859 1283 1056 1351 Σιγᾶτε
1104 1282 1278 1338 ταῦτα
1322 1281 1648 1348 ἀκούοντες;
1702 1283 1907 1354 Πολλὴν
1951 1286 2079 1356 ύμῖν

495 1362 604 1434 ἔχω
641 1365 803 1440 χάριν
827 1365 927 1436 τῆς
960 1367 1121 1436 σιγῆς
1155 1365 1358 1437 ταύτης
1385 1366 1605 1438 μᾶλλον,
1631 1365 1664 1436 ἢ
1697 1367 1803 1421 τῶν
1831 1367 2038 1439 κρότων
2061 1383 2076 1400 ο

495 1449 544 1501 οἰ
578 1447 676 1519 μὲν
720 1448 828 1521 γάρ
863 1449 1048 1522 κρότοι
1087 1451 1183 1503 καὶ
1215 1451 1266 1503 οἱ
1299 1450 1512 1505 ἔπαινοι
1556 1448 1932 1522 λαμπρότερον
1980 1452 2080 1522 ἐμὲ

494 1530 760 1591 ποιοῦσιν,
798 1533 832 1604 ἡ
865 1531 992 1604 σιγὴ
1023 1532 1080 1586 δὲ
1111 1532 1250 1603 αὕτη
1303 1533 1782 1605 σωφρονεστέρους
1811 1535 1956 1604 ὑμᾶς
1990 1538 2081 1604 ἐρ-

495 1615 742 1682 γάζεται.
775 1611 905 1670 Οἶδα
932 1617 1014 1670 ὅτι
1036 1617 1198 1670 λυπεῖ
1222 1617 1290 1670 τά
1313 1616 1602 1688 λεγόμενα,
1628 1615 1763 1670 ἀλλά
1792 1617 1928 1670 πολὺ
1953 1617 2077 1688 κέρ-

493 1699 582 1763 δος
616 1698 728 1769 ἔχει
753 1699 846 1753 καὶ
872 1700 1098 1769 ἄφατον.
1117 1700 1175 1755 '0
1205 1700 1462 1764 πλούσιος
1489 1701 1718 1764 ἐκεῖνος,
1743 1699 1798 1753 εί
1821 1717 1942 1754 τινα
1966 1697 2079 1772 εἶχε

495 1782 717 1836 τοιαῦτα
759 1783 908 1853 αὐτῷ
940 1782 1331 1854 παραινοῦντα,
1373 1782 1509 1837 ἀλλά
1559 1783 1634 1855 μὴ
1674 1783 1914 1847 κόλακας
1955 1785 2080 1847 τοὺς

495 1865 633 1936 πρὸς
663 1865 823 1938 χάριν
844 1865 1063 1921 ἅπαντα
1096 1864 1585 1937 συμϐουλεύοντας,
1619 1865 1714 1919 καὶ
1754 1868 1834 1930 είς
1868 1866 2080 1939 τρυφὴν

494 1949 774 2013 ἕλκοντας,
801 1950 901 2003 οὐκ
925 1951 992 2004 ἂν
1021 1951 1101 2014 εἰς
1141 1950 1238 2022 τὴν
1269 1950 1489 2019 γέενναν
1519 1945 1686 2021 ἦλθεν
1717 1950 1953 2022 ἐκείνην,
1980 1952 2081 2004 οὐκ

495 2032 565 2086 ἂν
608 2032 708 2096 τάς
757 2031 1025 2104 βασάνους
1056 2033 1318 2104 ὑπέμεινε
1364 2034 1466 2097 τὰς
1515 2034 1842 2106 ἀφορήτους,
1877 2034 1977 2088 οὐκ
2014 2033 2079 2088 ἂν

495 2115 892 2188 ἁπαρηγόρητα
919 2115 1057 2188 μετὰ
1079 2117 1255 2170 ταῦτα
1283 2117 1606 2188 μετενόησεν
1626 2133 1640 2147 ο
1666 2116 1782 2171 ἀλλ’
1804 2117 1994 2190 ἐπειδὴ
2011 2118 2081 2173 τά

496 2198 633 2270 πρὸς
655 2199 814 2271 χάριν
848 2199 1089 2264 ἀπαντες
1115 2199 1438 2269 διελέγοντο,
1469 2199 1792 2271 παρέδωκαν
1821 2200 1981 2254 αὐτὸν
2003 2200 2082 2271 τῷ

496 2283 650 2354 πυρί.
680 2280 807 2338 Εἴθε
831 2281 899 2357 ἦν
923 2285 1008 2338 ἀεὶ
1031 2285 1125 2338 καὶ
1144 2283 1410 2356 διηνεκῶς
1431 2283 1604 2338 ταῦτα
1637 2283 1966 2352 φιλοσοφεῖν,
1991 2284 2084 2337 καὶ

497 2367 626 2438 περὶ
659 2368 884 2440 γεέννης
920 2367 1276 2439 φθέγγεσθαι.
1295 2369 1398 2422 Ἐν
1429 2367 1582 2424 πᾶσι
1611 2368 1740 2440 γὰρ,
1771 2369 1926 2439 φησὶ,
1958 2367 2084 2434 τοῖς

495 2452 701 2521 λόγοις
735 2465 853 2506 σου
888 2452 1241 2522 μιμνήσκου
1293 2451 1365 2506 τὰ
1412 2450 1646 2519 ἔσχατὰ
1674 2465 1816 2516 σου,
1845 2451 1943 2504 καὶ
1995 2453 2083 2517 εἰς

496 2536 606 2592 τὸν
637 2534 824 2590 αἰῶνα
848 2539 920 2590 οὐ
951 2536 1039 2606 μὴ
1067 2535 1358 2605 ἁμάρτῃς.
1398 2536 1512 2589 Καὶ
1546 2535 1708 2589 πάλιν
1727 2550 1743 2567 ο
1784 2535 2084 2606 Ἐτοίμαζε

495 2621 585 2685 εἰς
621 2618 738 2687 τὴν
776 2618 993 2684 ἔξοδον
1029 2619 1102 2672 τὰ
1129 2621 1274 2689 ἔργα
1317 2633 1458 2683 σου,
1498 2619 1596 2672 καί
1628 2618 2084 2686 παρασκευάζου

498 2702 651 2770 πρὸς
682 2702 799 2770 τὴν
831 2703 1034 2758 όδόνι.
1070 2703 1150 2756 ΕΓ
1171 2719 1318 2766 τινος
1345 2701 1601 2772 ἥρπασάς
1641 2719 1717 2768 τι,
1746 2701 1961 2765 ἀπόδος,
1991 2702 2084 2755 καὶ

498 2786 620 2839 εἰπὲ
666 2785 806 2840 κατά
849 2786 939 2839 τὸν
991 2787 1288 2857 Ζακχαῖονο
1335 2785 1548 2854 Δίδωμι
1603 2785 2086 2852 τετραπλασίονα

498 2866 572 2921 τὰ
607 2868 947 2940 ἁρπαγέντα
969 2885 982 2900 ·
1015 2870 1067 2922 εί
1094 2868 1236 2932 τινός
1269 2885 1322 2922 τι
1352 2867 1818 2938 ἐσυκοφάντησας,
1854 2867 1908 2920 εί
1939 2884 2085 2931 τινος

497 2951 730 3020 γέγονας
759 2951 974 3026 ἐχθρὸς,
1004 2950 1378 3022 καταλλάγηθι
1411 2951 1518 3023 πρὸ
1564 2950 1660 3004 τοῦ
1706 2949 2079 3022 δικαστηρίου.

501 3034 686 3088 Πάντα
737 3034 971 3089 ἐνταῦθα
1019 3034 1290 3103 διάλυσαι,
1320 3035 1408 3089 ἵνα
1443 3034 1613 3106 χωρὶς
1643 3033 1984 3106 πραγμάτων
2026 3033 2085 3087 τὸ

501 3117 568 3189 βῆ
577 3136 654 3188 μα
684 3119 800 3194 ἴδῃς
829 3122 1023 3176 ἐκεῖνο.

573 3204 722 3268 Ἕως
750 3203 816 3257 ἂν
847 3203 1083 3258 ἐνταῦθα
1105 3199 1277 3276 ὦμεν,
1317 3203 1539 3268 ἐλπίδας
1571 3200 1766 3272 ἔχομεν
1806 3199 2049 3274 χρηστάς
2068 3219 2082 3232 ο

500 3287 720 3342 ἐπειδάν
753 3286 808 3340 δέ
849 3287 1175 3358 ἀπέλθωμεν
1207 3289 1344 3352 ἐκεῖ,
1378 3286 1558 3357 κύριοι
1585 3286 1770 3339 λοιπὸν
1799 3285 2086 3356 μετανοίας

500 3373 604 3425 οὐκ
631 3371 820 3442 ἐσμὲν,
847 3371 968 3424 οὐδέ
1005 3370 1099 3424 τοῦ
1145 3370 1216 3424 τά
1262 3369 1628 3440 ἡμαρτημένα
1659 3371 1791 3439 ἡμῖν
1817 3369 2085 3440 ἀπονίψα-

505 3456 652 3512 σθαι.
682 3453 774 3507 Διδ
819 3454 926 3526 χρὴ
974 3452 1494 3525 παρασκευάζεσθαι
1527 3452 1767 3523 συνεχῶς
1809 3451 1946 3524 πρὸς
1986 3453 2086 3522 τὴν

503 3539 714 3594 ἐνθένδε
741 3537 940 3603 ἔξοδον.
969 3537 1034 3591 Τί
1067 3536 1176 3609 γὰρ
1201 3536 1296 3591 ἐάν
1318 3537 1559 3608 ἑσπέρας
1585 3535 1713 3609 δόξῃ
1741 3534 1816 3608 τῷ
1839 3537 2089 3611 Δεσπότῃ

503 3622 730 3677 καλέσαι
777 3622 964 3693 ἡμᾶς;
1015 3621 1068 3674 τί
1115 3620 1172 3674 δὲ
1206 3620 1300 3673 ἐάν
1334 3618 1563 3690 αὖριον;
1594 3619 1822 3692 Ἀδηλον
1869 3618 1978 3693 γάρ
2025 3621 2088 3673 τὸ

506 3705 723 3776 μέλλον,
759 3704 845 3758 ἴνα
874 3702 1160 3774 ἐναγώνιοι
1191 3702 1457 3774 διηνεκῶς
1482 3697 1656 3774 ὦμεν,
1697 3703 1790 3761 καὶ
1821 3702 1956 3774 πρὸς
1987 3702 2088 3779 τὴν

502 3788 812 3861 ἀποδημίαν
845 3788 1132 3861 εὐτρεπεῖς
1172 3787 1408 3857 ἐκείνην,
1441 3786 1692 3859 καθάπερ
1736 3782 1829 3841 οὖν
1877 3783 2032 3848 οὗτος
2059 3786 2088 3840 ό

504 3875 754 3946 Λάζαρος
781 3872 1072 3936 διαπαντὸς
1101 3868 1171 3944 ἦν
1198 3873 1256 3925 ἐν
1281 3871 1527 3942 ὑπομονῇ
1553 3870 1650 3924 καὶ
1682 3871 1978 3944 καρτερίην
2007 3863 2088 3925 διὸ

506 3959 600 4013 καὶ
651 3957 790 4028 μετά
837 3957 1106 4027 τοσαύτης
1135 3955 1383 4026 ἀπήγετο
1405 3953 1594 4025 τιμῆς.
1613 3954 1879 4008 Ἀπέθανε
1910 3955 1966 4008 δὲ
1996 3955 2090 4008 καὶ

502 4044 532 4094 ό
559 4039 830 4105 πλούσιος,
871 4039 964 4095 καὶ
993 4038 1188 4110 ἐτάφη,
1226 4037 1474 4108 καθάπερ
1511 4038 1568 4090 ἐν
1603 4037 1843 4109 μνήματι
1872 4037 1951 4108 τῷ
1981 4037 2091 4091 σώ-

509 4141 638 4194 ματι
683 4123 784 4194 τῆς
825 4121 1003 4196 ψυχῆς
1047 4120 1213 4176 αύτοῦ
1247 4119 1766 4192 κατορωρυγμένης,
1795 4122 1890 4175 καὶ
1915 4120 2090 4194 τάφον

507 4205 910 4280 περιφερούσης
940 4205 1040 4278 τὴν
1067 4205 1484 4279 σάρκα.Ὢσπερ
1513 4203 1620 4275 γὰρ
1654 4203 1842 4258 ἁλύσει
1871 4206 1996 4270 τινὶ,
2021 4207 2088 4279 τῇ

510 4291 648 4365 μέθη
705 4289 801 4344 καὶ
865 4292 929 4362 τῇ
990 4288 1406 4361 γαστριμαργίᾳ
1459 4287 1869 4360 πεπεδημένος,
1917 4287 2088 4354 οὕτως

506 4377 788 4445 ἄπρακτον
838 4371 1008 4443 αὐτὴν
1052 4373 1144 4425 καὶ
1185 4372 1385 4444 νεκρὰν
1423 4371 1736 4444 εἰργάσατο.
1764 4372 1856 4443 Μὴ
1903 4372 2091 4436 ἁπλῶς

508 4457 894 4528 παραδράμῃς,
927 4455 1203 4526 άγαπητὲ,
1235 4456 1316 4520 τὸ,
1346 4455 1534 4526 ἐτάφη
1556 4473 1571 4487 ·
1601 4455 1715 4509 ἀλλ’
1739 4455 1975 4510 ἐνταῦθά
1999 4474 2089 4526 μοι

509 4541 618 4594 νόει
643 4539 744 4603 τὰς
768 4537 1046 4608 τραπέζας
1066 4537 1166 4601 τὰς
1187 4537 1731 4611 περιηργυρωμένας,
1757 4537 1856 4603 τὰς
1881 4538 2088 4604 κλίνας,

507 4627 634 4689 τοὺς
663 4623 932 4694 τάπητας,
967 4621 1037 4676 τὰ
1065 4621 1434 4694 ἐπιόλήματα,
1463 4621 1533 4674 τὰ
1554 4621 1690 4676 ἀλλα
1725 4623 1793 4677 τά
1821 4623 1962 4678 κατά
1992 4624 2091 4694 τὴν

508 4709 686 4764 οἰκίαν
734 4707 968 4772 ἅπαντα,
1009 4705 1080 4759 τά
1133 4703 1303 4776 μύρα,
1333 4705 1404 4759 τὰ
1450 4705 1740 4777 ἀρώματα,
1777 4706 1869 4760 τὸν
1923 4706 2091 4761 πολὺν

510 4793 772 4864 ἄκρατον,
798 4791 906 4845 τῶν
933 4787 1246 4862 ἐδεσμάτων
1270 4789 1370 4854 τὰς
1404 4789 1696 4860 ποικιλίας,
1727 4788 1796 4843 τὰ
1823 4790 2093 4862 καρυκεύ-

514 4893 678 4950 ματα,
709 4877 836 4940 τοὺς
883 4872 1199 4946 μαγείρους,
1238 4872 1361 4937 τοὺς
1413 4871 1668 4944 κόλακας,
1701 4874 1828 4942 τοὺς
1864 4873 2092 4946 δορυφό-

512 4979 662 5032 ρους,
717 4961 843 5025 τοὺς
893 4959 1131 5022 οἰκέτας,
1168 4957 1266 5030 τὴν
1313 4955 1480 5027 ἄλλην
1526 4955 1744 5016 ἅπασαν
1793 4958 2093 5026 φαντασίαν

511 5043 954 5114 κατεσϐεσμένην
997 5044 1092 5098 καὶ
1139 5041 1676 5112 καταμαρανθεϊσαν.
1729 5041 1915 5096 Πάντα
1958 5058 2093 5095 σπο-

509 5129 594 5191 δὸς
609 5130 660 5190 ιτ,
695 5127 871 5181 πάντα
918 5127 1091 5199 τέφρα
1128 5126 1223 5181 καὶ
1265 5125 1434 5190 κόνις,
1480 5124 1667 5196 θρῆνοι
1711 5125 1805 5178 καὶ
1845 5124 2091 5197 ὀδυρμοὶ,

509 5212 724 5275 οὐδενὸς
751 5211 1049 5281 δυναμένου
1084 5208 1348 5279 βοηθῆσαι
1376 5208 1581 5272 λοιπὸν,
1614 5207 1723 5262 οὐδ’
1754 5207 2093 5263 ἀπελθοῦσαν

513 5295 879 5364 ἐπαναγαγεῖν
899 5293 994 5365 τὴν
1022 5293 1374 5364 ψυχήν.Τότε
1401 5293 1436 5367 ή
1462 5291 1690 5363 δύναμις
1716 5292 1978 5363 ἠλέγχετο
1999 5291 2091 5345 τοῦ

513 5379 758 5449 χρυσίου,
790 5380 884 5432 καὶ
915 5379 1013 5449 τῆς
1046 5376 1244 5448 πολλῆς
1271 5375 1604 5452 περιουσίας.
1623 5377 1716 5429 Ἐκ
1745 5375 1854 5448 γὰρ
1896 5374 2092 5430 τοσαύ-

575 5574 599 5638 f
626 5574 762 5638 Unus
786 5587 875 5621 ms.
899 5580 952 5621 el
979 5573 1108 5638 Bibl:
1125 5571 1484 5638 παρασκευάζου
1510 5570 1573 5624 εἰς
1593 5569 1672 5638 τὸν
1691 5568 1852 5638 ἀγρόν.

578 5634 606 5672 b
636 5634 875 5693 Duqmss.
904 5639 957 5680 et
983 5636 1128 5682 Savil.
1156 5631 1206 5683 ili
1248 5647 1398 5693 marg.
1428 5631 1670 5693 πανταχοῦ
1697 5631 1896 5693 σποδὸς,
1914 5645 2094 5678 παντα-

515 5693 626 5762 χοῦ,
647 5701 698 5741 οι
717 5691 785 5741 sic
815 5696 934 5756 legit
954 5694 1200 5744 Erasmus.
1222 5689 1503 5744 Alﬁo-mnes
1523 5689 1676 5740 πάντα
1697 5689 1788 5740 bis.

1169 265 1225 320 S.
1264 263 1549 319 JOANNIS
1583 261 2068 318 CIIRYSOSTOMI

2188 262 2431 317 ιοιιιειδ.
2467 217 3024 318 οοΝεΤΑδΤιΝοιέ.
3574 263 3648 316 ιιι

2181 381 2282 435 της
2325 363 2618 436 θεραπείας
2643 367 2848 438 γυμνὸς
2892 368 2988 422 καὶ
3021 366 3184 439 μόνος
3209 365 3442 439 ἀπήγετο,
3465 370 3579 430 οὑδέν
3607 376 3654 431 ἐκ

2177 448 2276 520 τῆς
2302 448 2567 520 τοσαύτης
2594 449 2855 522 εὐπορίας
2888 451 3214 522 ἀπενεγκεῖν
3251 451 3468 508 ἐντεῦθεν
3491 455 3660 531 δυνάμε.

2179 549 2289 597 νος,
2312 531 2426 586 ἀλλ’
2447 532 2544 604 έρη
2555 551 2674 605 μος,
2697 535 3136 606 ἀπροστάτευτος
3158 534 3384 606 ἀπήγετο
3397 551 3410 565 ο
3429 536 3569 604 οὐδεὶς
3587 545 3665 600 τῶν

2179 613 2656 686 θεραπευσάντων,
2687 617 2861 680 οὐδεὶς
2889 619 2997 672 τῶν
3041 617 3398 689 βοηθησόντων
3431 623 3580 693 παρῆν
3606 626 3670 690 ἐξ.

2179 697 2542 768 αιρησόμενος
2564 709 2586 737 ε
2616 699 2715 770 τῆς
2747 699 3020 763 κολάσεως
3052 699 3147 754 καὶ
3177 698 3274 770 τῆς
3294 701 3544 773 τιμωρίας,
3572 706 3674 760 ἀλλὰ

2180 779 2398 833 πάντων
2445 780 2669 835 ἐκείνων
2718 782 3121 845 ἀποσπασθεὶς,
3156 781 3307 852 μόνον
3341 782 3678 855 ἁπελαμϐάνετο

2179 861 2279 925 τὰς
2319 863 2630 936 ἀφορήτους
2677 864 2969 936 ὑπομένειν
3017 863 3303 936 τιμωρίας.
3333 865 3513 931 Ὄντως
3545 868 3680 925 Πᾶσα

2181 944 2339 1014 σὰρξ
2379 948 2460 1014 ὡς
2497 949 2731 1020 χόρτος,
2764 948 2864 1002 καί
2907 947 3078 1004 πᾶσα
3114 947 3264 1012 δόξα
3305 949 3595 1020 ἀνθρώπου,
3619 956 3678 1022 ὡς

2179 1029 2364 1099 ἄνθος
2411 1031 2999 1102 χόρτου.Ἐξηράνθη
3033 1035 3067 1087 ό
3099 1031 3248 1105 [751]
3278 1035 3492 1104 χόρτος,
3522 1036 3602 1090 καί
3633 1039 3678 1092 τό

2178 1112 2363 1178 ἄνθος
2389 1114 2577 1171 αὑτοῦ
2603 1114 2858 1179 ἐξέπεσε
2881 1131 2896 1146 ο
2938 1116 3004 1168 τὸ
3046 1114 3115 1168 δὲ
3142 1113 3304 1188 ῥῆμα
3339 1119 3534 1186 Κυρίου
3555 1120 3682 1188 μέγα

2179 1197 2267 1262 εὶς
2291 1195 2400 1250 τὸν
2424 1193 2839 1252 αἰῶναῙΗλθεν
2862 1200 2889 1252 ό
2927 1198 3173 1265 θάνατος,
3205 1199 3298 1254 καὶ
3331 1201 3493 1255 πάντα
3515 1201 3686 1256 ἔσϐεσεν

2180 1279 2394 1332 ἐκεῖναο
2436 1280 2532 1334 καὶ
2579 1280 2830 1351 καθάπερ
2856 1281 3202 1352 αἰχμάλωτον
3227 1280 3417 1347 λαϐὼν,
3441 1283 3587 1348 οὕτως
3607 1287 3686 1339 ἀπ-

2180 1362 2356 1432 ήγαγε
2389 1363 2541 1417 κάτω
2579 1363 2871 1429 κύπτοντα,
2909 1364 3173 1436 αἰσχύνης
3213 1366 3460 1438 γέμοντα,
3487 1367 3686 1440 ἀπαῤῥη-

2183 1445 2421 1512 ϐίαστον,
2456 1447 2750 1518 τρέμοντα,
2781 1447 3056 1504 δεδοικότα
3077 1449 3266 1522 ῶσπερ
3295 1453 3351 1505 ἐν
3375 1451 3576 1522 ὀνείροις
3590 1456 3690 1506 ἀπο-

2181 1527 2457 1584 λαύσαντα
2502 1529 2600 1600 τῆς
2635 1532 2847 1603 τρυφῆς
2882 1531 3098 1604 ἐκείνης
3141 1533 3387 1605 ἀπάσηςο
3425 1536 3510 1589 καὶ
3549 1535 3689 1590 λοιπὸν

2185 1614 2373 1684 ἱκέτης
2402 1616 2431 1668 ό
2458 1615 2715 1680 πλούσιος
2740 1615 2836 1670 τοῦ
2873 1617 3103 1688 πένητος
3135 1618 3361 1686 ἐγίνετο,
3383 1619 3469 1672 καὶ
3493 1618 3576 1690 τῆς
3603 1619 3694 1673 τού-

2182 1715 2275 1750 του
2310 1697 2591 1770 τραπέζης
2619 1699 2808 1765 ἐδεῖτο,
2847 1700 2944 1755 τοῦ
2971 1701 3334 1773 λιμώττοντός
3356 1721 3492 1771 ποτε,
3511 1703 3694 1767 καὶτοῖς

2184 1781 2416 1852 στόμασι
2448 1781 2558 1834 τῶν
2587 1783 2762 1837 κυνῶν
2797 1786 3160 1856 προκειμένου
3188 1803 3209 1820 ο
3255 1787 3346 1840 καὶ
3371 1786 3435 1840 τὰ
3459 1787 3696 1858 πράγματα

2187 1863 2565 1934 μετεόάλλετο,
2595 1865 2688 1919 καὶ
2719 1866 3022 1937 ἐμάνθανον
3052 1868 3314 1934 ἅπαντες,
3345 1869 3423 1933 τίς
3444 1865 3503 1940 ἦν
3527 1871 3551 1922 ό
3571 1869 3696 1924 πλού-

2185 1965 2319 2012 σιος,
2343 1949 2436 2002 καὶ
2463 1947 2546 2012 τίς
2567 1944 2634 2020 ἦν
2662 1949 2691 2001 ό
2716 1950 2903 2020 πένης,
2936 1951 3031 2005 καὶ
3059 1951 3141 2005 ὃτι
3163 1953 3193 2005 ό
3227 1952 3324 2024 μὲν
3351 1953 3572 2024 Λάζαρος
3593 1952 3698 2006 πάν-

2182 2048 2290 2085 των
2333 2028 2399 2104 ἦν
2445 2031 2846 2106 εὐπορώτερος,
2889 2029 3044 2099 οὗτος
3073 2036 3129 2090 δὲ
3162 2038 3380 2091 πάντων
3419 2037 3697 2110 πενέστερος.

2183 2115 2450 2186 Καθάπερ
2495 2115 2605 2188 γὰρ
2652 2118 2711 2169 ἐν
2768 2121 2940 2190 σκηνῇ
2995 2123 3319 2191 προσωπεῖα
3368 2120 3598 2191 βασιλέων
3634 2123 3703 2175 καὶ

2185 2200 2506 2273 στρατηγῶν
2536 2201 2628 2254 καὶ
2669 2201 2869 2273 ἰατρῶν
2914 2203 3007 2256 καὶ
3059 2203 3309 2275 ῥητόρων
3360 2205 3449 2257 καὶ
3491 2204 3703 2274 σοφιστῶν

2184 2285 2278 2339 καὶ
2312 2285 2660 2356 στρατιωτῶν
2701 2285 3074 2356 λαμϐάνοντες
3101 2289 3437 2359 εἰσέρχονται
3471 2307 3610 2352 τινες,
3635 2290 3703 2341 οὺ-

2181 2367 2270 2421 δέν
2300 2367 2506 2422 τούτων
2535 2368 2688 2432 ὄντες
2713 2368 2868 2422 αὐτοί
2891 2386 2906 2400 ο
2935 2368 3077 2423 οὕτω
3104 2369 3169 2442 δὴ
3203 2372 3296 2425 καὶ
3327 2371 3414 2424 ἐπὶ
3443 2371 3526 2425 τοῦ
3552 2369 3708 2442 παρόν-

2183 2469 2273 2516 τος
2303 2452 2416 2523 βίου
2447 2451 2542 2506 καὶ
2569 2453 2730 2509 πενία
2759 2454 2854 2506 καὶ
2885 2452 3114 2517 πλοῦτος
3152 2457 3467 2526 προσωπεῖα
3495 2455 3628 2526 μόνον
3647 2454 3709 2506 εἱ·-

2186 2535 2472 2589 σίν.Ὢσπε
2480 2553 2512 2608 ρ
2535 2530 2629 2588 οὖν
2656 2537 2714 2589 ἐν
2736 2534 2814 2606 τῷ
2837 2535 3050 2608 θεάτρῳ
3071 2536 3405 2608 καθήμενος,
3425 2537 3485 2592 ἂν
3506 2538 3601 2610 ἴδῃς
3619 2535 3712 2590 τινὰ

2184 2617 2292 2672 τῶν
2334 2620 2486 2673 κάτω
2535 2617 2842 2684 παιζόντων
2889 2622 3239 2690 προσωπεῖον
3269 2621 3452 2692 ἔχοντα
3483 2619 3710 2692 βασιλέως,

2183 2702 2245 2754 ού
2298 2700 2624 2772 μακαρίζεις
2669 2702 2853 2766 αὑτὸν,
2881 2702 3003 2755 οὐδὲ
3050 2701 3283 2772 βασιλέα
3335 2700 3466 2760 εἶναι
3502 2703 3710 2774 νομίζεις,

2183 2784 2292 2837 οὐδ’
2315 2784 2381 2839 ἂν
2403 2785 2588 2852 εὔξαιο
2607 2785 2862 2855 γενέσθαι
2895 2784 3135 2850 τοιοῦτος
3156 2803 3169 2818 ·
3214 2787 3330 2842 ἀλλ’
3358 2788 3517 2852 εἰδὼς,
3542 2787 3710 2840 ὅτιτῶν

2185 2867 2463 2938 ἀγοραίων
2501 2868 2584 2933 τίς
2616 2871 2752 2934 ἐστι,
2788 2868 3212 2940 σχοινοστρόφος
3246 2871 3423 2942 τυχὸν,
3450 2867 3713 2941 ἦχαλκστύ-

2188 2967 2308 3014 πος,
2331 2951 2364 3020 ἢ
2390 2949 2580 3022 ἔτερόν
2611 2969 2661 3004 τι
2685 2950 2949 3018 τοιοῦτον,
2975 2950 3036 3004 ού
3061 2952 3397 3026 μακαρίζεις
3423 2953 3502 3007 διὰ
3522 2952 3574 3005 τὸ
3595 2966 3718 3020 προσ-

2184 3037 2386 3087 ωπεῖον
2414 3034 2508 3087 καὶ
2535 3035 2634 3106 τὴν
2674 3034 2886 3105 στολὴν,
2915 3035 3026 3090 οὐδ’
3059 3035 3168 3090 ἀπὸ
3211 3039 3413 3091 τούτων
3447 3033 3592 3090 αὑτοῦ
3622 3033 3715 3104 κρί-

2187 3133 2300 3180 νεις
2321 3116 2420 3189 τὴν
2457 3115 2754 3178 πολιτείαν,
2785 3117 2921 3172 ἀλλὰ
2947 3119 3336 3185 καταπτύειςτι
3366 3117 3519 3173 αὑτοῦ
3544 3116 3618 3170 διὰ
3643 3116 3718 3186 τὴν

2186 3199 2352 3269 ἀλλην
2386 3198 2692 3254 εὐτέλειαν
2735 3198 2881 3254 οὕτω
2923 3201 2988 3272 δὴ
3030 3201 3122 3255 καὶ
3147 3200 3410 3265 ἐνταῦθα,
3438 3200 3650 3269 καθάπερ
3675 3200 3720 3249 ἐν

2187 3280 2421 3353 θεάτρῳ,
2452 3282 2529 3353 τῷ
2555 3282 2744 3354 κόσμῳ
2773 3282 3082 3354 καθήμενός
3130 3283 3235 3337 καὶ
3283 3283 3377 3338 ἐπὶ⁵
3421 3283 3600 3356 σκηνῆς
3621 3278 3720 3333 παί-

2188 3362 2380 3428 ζοντας
2411 3363 2643 3434 βλέπων,
2683 3365 2902 3422 ἐπειδὰν
2956 3366 3072 3439 ἴδῃς
3118 3366 3486 3429 πλουτοῦντας
3521 3363 3717 3425 πολλοὺςτ

2191 3448 2266 3520 μὴ
2297 3449 2584 3513 πλουσίους
2633 3449 2851 3522 ἀληθῶς
2895 3444 3037 3503 εἶναι
3083 3449 3308 3521 νόμιζε,
3340 3447 3472 3503 ἀλλά
3504 3443 3719 3500 πλουσίων

2188 3531 2534 3604 περικεῖσθαι
2577 3535 2915 3604 προσωπεῖα.
2954 3532 3232 3605 Καθάπερ
3267 3531 3376 3605 γὰρ
3401 3531 3588 3593 ἐκεῖνος
3609 3527 3632 3580 ό
3655 3522 3726 3577 ἐπὶ

2187 3615 2287 3687 τῆς
2315 3615 2519 3686 σκηνῆς
2543 3614 2634 3669 τδν
2669 3615 2893 3686 βασιλέα
2919 3617 3013 3671 καὶ
3037 3616 3127 3670 τὸν
3155 3614 3469 3688 στρατηγὸν
3497 3606 3725 3688 ὑποκρινό-

2192 3715 2372 3769 μενος,
2401 3697 2659 3762 πολλάκις
2683 3697 2899 3770 οἰκέτης
2922 3697 2997 3752 ῶν
3025 3687 3316 3770 τυγχάνει,
3341 3697 3376 3768 ἢ
3398 3696 3500 3751 τῶν
3524 3693 3643 3755 σῦκα
3656 3687 3727 3743 καὶ

2190 3781 2386 3853 βότρυς
2421 3780 2746 3836 πωλούντων
2791 3784 2878 3836 ἐπ’
2908 3783 3146 3854 ἀγορᾶς⁶
3179 3781 3330 3836 οὕτω
3351 3781 3415 3853 δὴ
3453 3779 3542 3834 καὶ
3564 3770 3727 3836 οὗτοςό

2190 3864 2442 3927 πλούσιος
2491 3864 2754 3928 πολλάκις
2793 3865 3011 3919 πάντων
3041 3863 3377 3936 πενέστερος
3401 3862 3473 3917 ὣν
3498 3857 3726 3931 τυγχάνει.

2191 3948 2289 4000 Ἂν
2320 3945 2430 4017 γὰρ
2459 3947 2715 4020 περιέλῃς
2745 3946 2909 4000 αὑτοῦ
2952 3946 3015 4000 τὸ
3043 3950 3417 4018 προσωπεῖον,
3446 3943 3606 4002 καὶτὸ
3635 3955 3731 3994 συν-

2189 4029 2328 4094 ειδὸς
2362 4029 2694 4101 ἀναπτύξῃς,
2727 4031 2824 4084 καὶ
2851 4031 2931 4096 εἰς
2956 4030 3054 4103 τὴν
3079 4029 3330 4086 διάνοιαν
3357 4028 3604 4101 εἰσέλθῃς,
3627 4021 3730 4103 πολ·

2189 4112 2287 4185 λὴν
2318 4113 2566 4184 εὑρήσεις
2595 4112 2795 4184 ἀρετῆς
2820 4114 2939 4166 ἐκεῖ
2970 4102 3186 4180 πενίαν,
3225 4113 3323 4181 καὶ
3350 4112 3558 4167 πάντων
3583 4102 3736 4175 ἀτιμό-

2189 4211 2346 4267 τερον
2381 4195 2510 4248 δντα
2540 4195 2651 4248 τῶν
2679 4193 3222 4269 ἀνθρώταον.Ὦσπερ
3251 4195 3363 4269 γὰρ
3404 4192 3494 4247 ἐπὶ
3521 4193 3614 4245 τῶν
3639 4187 3734 4240 θεά-

2191 4296 2336 4352 τρων
2363 4278 2463 4350 τῆς
2495 4278 2735 4350 ἑσπέρας
2761 4278 3201 4351 καταλαὸούσης,
3235 4280 3336 4334 καὶ
3369 4277 3474 4333 τῶν
3509 4269 3736 4343 συγκαθηο

2194 4361 2370 4433 μένων
2399 4362 2891 4434 ἀναχωρησάντων,
2910 4361 3226 4428 ἐξελθόντες
3248 4363 3378 4429 ἔξω,
3403 4358 3568 4415 καὶτὸ
3587 4355 3735 4426 σχῆμα

2191 4447 2291 4518 τῆς
2337 4445 2678 4518 ὑποκρίσεως
2716 4457 2739 4486 ο
2769 4445 3118 4518 ἀποθέμενοι,
3147 4449 3197 4502 οί
3228 4446 3470 4519 βασιλεῖς
3497 4442 3583 4498 καὶ
3611 4453 3735 4508 στρα-

2191 4531 2352 4601 τηγοὶ
2386 4531 2555 4583 πᾶσιν
2599 4524 2739 4583 εἶναι
2772 4528 3054 4593 δοκοῦντες
3103 4529 3397 4600 φαίνονται
3428 4526 3598 4582 λοιπὸν
3629 4524 3736 4588 ὅπερ

2193 4613 2330 4667 εἰσίν
2351 4629 2364 4643 ⁸
2399 4613 2541 4666 οὕτω
2581 4611 2645 4684 δὴ
2675 4612 2769 4665 καὶ
2806 4611 2901 4665 νῦν
2942 4610 3036 4665 τοῦ
3066 4612 3308 4666 θανάτου
3341 4603 3734 4684 παραγενομένου

2195 4697 2290 4750 καὶ
2308 4695 2401 4750 τοῦ
2426 4695 2655 4767 θεάτρου
2685 4694 2958 4758 λυθέντος,
2989 4694 3057 4748 τά
3085 4695 3181 4748 τοῦ
3207 4694 3448 4750 πλούτου
3470 4687 3736 4764 προσωπεῖα

2195 4781 2291 4834 καὶ
2315 4779 2384 4834 τά
2407 4780 2508 4852 τῆς
2535 4777 2725 4842 πενίας
2748 4778 3076 4849 ἀποθέμενοι
3104 4778 3338 4843 πάντες,
3372 4775 3600 4848 ἀπῆλθον
3621 4769 3732 4823 ἐκεῖ

2195 4864 2287 4918 καὶ
2313 4863 2422 4917 ἀπὸ
2449 4861 2560 4916 τῶν
2581 4862 2757 4934 ἔργων
2790 4861 2949 4934 μόνον
2971 4861 3294 4934 κρινόμενοι
3325 4862 3612 4932 φαίνονται,
3632 4854 3733 4911 τίνες

2199 4947 2298 5019 μὲν
2316 4946 2531 5020 ἀληθῶς
2557 4945 2826 5010 πλούσιοι,
2855 4946 3000 5010 τίνες
3027 4946 3086 5001 δὲ
3109 4945 3375 5018 πένητες,
3397 4946 3490 5000 καὶ
3517 4943 3640 5002 τίνες
3661 4935 3732 5007 μὲν

2196 5032 2428 5102 ἔντιμοι,
2458 5030 2602 5094 τίνες
2630 5030 2688 5083 δὲ
2720 5029 2915 5096 ἄδοξοι.

2265 5101 2326 5168 δ’.
2347 5113 2612 5177 Πολλάκις
2635 5113 2766 5182 γοῦν
2789 5113 2894 5167 τῶν
2913 5110 3148 5166 ἐνταῦθά
3173 5130 3268 5177 τις
3295 5109 3649 5166 πλουτούντων
3671 5101 3726 5182 eff

2198 5199 2329 5271 ρέθη
2369 5197 2584 5252 πάντων
2605 5180 2723 5250 ἐκεῖ
2748 5197 3072 5268 πενέστερος
3094 5195 3192 5260 ῶν,
3230 5195 3487 5265 καθάπερ
3516 5188 3600 5244 οὖν
3625 5180 3728 5239 ua”

2197 5283 2448 5344 πλούσιος
2473 5275 2648 5351 οὗτρς.
2667 5279 2884 5350 Ἐπειδὴ
2905 5278 3068 5350 γάρὴ
3092 5279 3311 5350 ἑσπέρα
3335 5274 3607 5335 κατέλαϐε,
3621 5280 3728 5351 τουτ’

2198 5367 2344 5420 ἐστιν
2390 5367 2418 5419 ὁ
2464 5350 2708 5430 θάνατος,
2743 5364 2837 5416 καὶ
2869 5364 2932 5417 ἐκ
2966 5362 3062 5416 τοῦ
3093 5361 3331 5435 θεάτρου
3367 5362 3471 5431 τῆς
3510 5350 3728 5428 παρούσης

2246 5497 2282 5582 ,ε
2310 5506 2409 5554 Alii
2429 5504 2801 5582 έξαιτησόμενος.
2827 5504 2983 5555 Paulo
3023 5507 3130 5569 post
3151 5515 3293 5555 unus
3310 5515 3402 5553 ms.
3427 5500 3561 5565 μόνος
3581 5492 3736 5551 Wil-

2196 5583 2368 5617 πανετο
2389 5583 2488 5622 τας.

2259 5628 2288 5669 ιι
2318 5629 2412 5678 Alii
2437 5625 2687 5681 διαπτύεις.

2267 5697 2282 5716 ⁸
2313 5689 2411 5748 Alii
2436 5695 2517 5748 τῆς
2537 5689 2818 5746 ὑποθέσεως.
