4018 6190
300 215 406 272 985

296 337 540 383 mter-um
584 321 830 386 cumulus
869 328 1186 387 renovatur,
1237 326 1291 377 et
1337 319 1508 376 oculis
1559 317 1869 386 exhibetur,

298 425 639 484 mentemque
676 411 929 468 stimulat.
958 410 1026 466 Et
1052 409 1497 481 quemadmodum
1525 409 1614 481 qui
1637 416 1885 464 tenentur

300 507 354 562 in
370 519 604 570 carcere,
623 517 835 573 semper
857 500 1069 572 quidem
1096 499 1286 569 dejecti
1314 508 1708 569 merentesque
1735 504 1880 566 sunt,

305 598 539 654 maxime
561 605 738 650 tamen
761 593 862 649 sub
887 594 1032 648 illum
1060 592 1200 648 diem
1225 607 1330 663 quo
1350 599 1474 650 sunt
1505 589 1794 657 educendi,
1829 596 1884 644 et

301 691 368 744 ad
408 691 550 758 ipsas
586 687 783 758 judicis
824 685 967 741 fores
1007 682 1381 754 pertrahendi,
1423 697 1487 738 ac
1512 696 1608 754 pro
1631 679 1882 742 cancellis

301 780 402 835 (ori
423 786 626 834 stantes
647 777 839 847 judicis
859 790 1043 831 vocem
1071 774 1214 837 intus
1239 774 1476 838 audiunt,
1509 772 1880 829 exanimantur

302 878 479 936 metu,
520 867 792 940 nihiloque
835 866 1026 921 melius
1072 863 1408 931 afﬁciuntur,
1442 878 1600 934 quam
1638 858 1880 916 mortui:

301 963 381 1016 sic
403 969 460 1016 et
496 960 673 1016 anima
698 998 714 1023 ,
761 955 996 1012 maxime
1024 955 1235 1026 quidem
1280 955 1331 1009 in
1370 955 1484 1024 ipso
1511 951 1711 1024 peccati
1745 959 1884 1005 tem-

303 1069 434 1124 pore
477 1052 744 1108 cruciatur
773 1059 829 1105 et
867 1049 1112 1119 angitur,
1157 1047 1326 1103 multo
1358 1055 1531 1106 tamen
1570 1043 1737 1116 magis
1760 1057 1884 1098 cum

306 1144 433 1200 hinc
457 1145 638 1199 avulsa
665 1140 973 1197 abducenda
1004 1147 1108 1195 est.

377 1237 432 1292 3.
459 1235 730 1290 Silentium
755 1232 944 1287 mavult
967 1229 1354 1300 Chrysostomus
1380 1243 1531 1299 quam
1560 1227 1787 1298 plausus.
1815 1255 1887 1266 —

303 1328 518 1400 Ergone
565 1325 787 1392 tacetis,
819 1323 943 1378 dum
981 1321 1209 1376 auditis?
1255 1320 1416 1376 Multo
1443 1319 1698 1390 majorem
1732 1317 1883 1377 vobis

306 1419 482 1473 habeo
522 1417 744 1491 gratiam
790 1429 887 1484 pro
926 1414 1138 1469 silentio
1163 1455 1177 1478 ,
1219 1427 1376 1483 quam
1419 1426 1518 1486 pro
1566 1409 1886 1491 plausibus:

306 1477 587 1582 propterEa
612 1507 752 1578 quod
778 1477 992 1581 plausus
1021 1477 1329 1576 quidem-ac
1356 1477 1537 1558 laudes
1566 1477 1890 1558 me’faciunt

304 1600 756 1670 splendidiorem,
784 1597 1049 1652 silentium
1080 1611 1210 1651 vero
1234 1595 1336 1650 hoc
1372 1610 1467 1650 vos
1506 1594 1678 1650 reddit
1705 1593 1888 1649 mode-

305 1697 523 1749 stiores.
569 1691 701 1745 Novi
741 1688 882 1759 quod
923 1689 1036 1743 hzec
1062 1703 1181 1758 quae
1209 1687 1457 1742 dicuntur
1490 1686 1712 1740 molesta
1744 1693 1886 1753 sunt,

305 1797 494 1838 verum
532 1781 752 1835 multum
797 1778 928 1834 lucri
963 1787 1016 1834 et
1061 1777 1466 1833 inenarrabilem
1512 1775 1736 1831 fructum
1764 1775 1892 1835 affe-

305 1884 458 1930 runt.
517 1873 674 1927 Dives
723 1871 812 1927 ille
852 1871 895 1926 si
929 1885 1085 1941 quem
1136 1869 1445 1933 habuisset,
1493 1867 1581 1936 qui
1629 1865 1728 1937 ipsi
1767 1865 1890 1920 talia

306 1969 512 2021 monita
537 1963 808 2028 dedisset,
842 1977 904 2017 ac
935 1976 1036 2015 non
1067 1959 1240 2030 potius
1277 1959 1580 2014 adulatores
1617 1957 1795 2012 omnia
1821 1955 1888 2010 ad

303 2056 534 2124 gratiam
561 2053 900 2109 consulentes
919 2093 933 2115 ,
963 2061 1120 2120 atque
1139 2049 1204 2104 ad
1229 2048 1445 2104 delicias
1471 2047 1762 2111 trahentes,
1790 2061 1888 2100 ne-

306 2160 576 2217 quaquam
605 2145 838 2199 venisset
881 2141 946 2197 ad
990 2143 1131 2196 illam
1173 2141 1467 2212 gehennam
1496 2180 1511 2205 ,
1548 2153 1882 2209 nequaquam

305 2237 567 2307 supplicia
608 2251 794 2306 passus
831 2241 973 2289 esset
1013 2231 1358 2286 intolerabilia
1384 2269 1398 2295 ,
1449 2244 1780 2299 nequaquam
1805 2228 1889 2282 in-

305 2327 708 2383 consolabiliter
744 2341 862 2381 eum
906 2323 1086 2393 postea
1134 2323 1489 2392 paenituisset.
1533 2320 1729 2374 Verum
1761 2333 1894 2388 quo-

308 2422 456 2476 niam
505 2433 691 2474 omnes
736 2416 801 2471 ad
855 2415 1080 2486 gratiam
1123 2411 1508 2482 loquebantur,
1565 2409 1896 2465 tradiderunt

311 2511 465 2564 illum
496 2507 760 2562 inccndio.
790 2505 1001 2561 Utinam
1025 2505 1210 2558 liceret
1239 2502 1353 2556 hate
1378 2515 1587 2574 semper
1611 2508 1896 2572 perpetuo-

310 2615 424 2668 que
451 2597 840 2666 philosophari,
871 2609 933 2650 ac
959 2594 1027 2649 de
1053 2592 1290 2664 gehenna
1318 2591 1481 2661 loqui.
1538 2589 1606 2644 In
1643 2590 1891 2656 omnibus,

311 2691 507 2759 inquit,
535 2690 681 2742 dictis
706 2689 802 2742 tuis
828 2695 1072 2742 memento
1093 2685 1360 2740 novissima
1377 2693 1484 2750 tua,
1511 2683 1630 2738 etin
1650 2692 1892 2737 wtornmu

312 2799 420 2835 non
460 2781 684 2850 peccabis
705 2777 890 2851 (Eccli.
918 2778 973 2832 7.
995 2777 1106 2848 40).
1148 2778 1225 2831 Ac
1264 2789 1446 2829 rursus
1479 2791 1492 2827 :
1528 2772 1668 2826 Para
1695 2772 1763 2825 ad
1790 2771 1899 2825 exi-

313 2886 430 2927 tum
451 2889 605 2942 opera
629 2881 716 2925 tua
737 2912 752 2935 ,
792 2879 842 2924 et
880 2886 1078 2940 appara
1119 2876 1166 2922 te
1196 2868 1264 2921 ad
1300 2867 1431 2920 uiam
1454 2864 1630 2935 (Prov.
1659 2864 1750 2918 24.
1777 2860 1893 2934 27).

313 2966 379 3021 Si
415 2964 544 3034 quid
581 2963 666 3018 cui
716 2963 973 3031 rapuisti,
1027 2960 1224 3025 redde,
1272 2967 1326 3013 et
1370 2959 1534 3012 dicito
1568 2957 1717 3024 juxta
1757 2955 1894 3009 Zac-

312 3057 530 3110 clueum
563 3071 576 3108 :
607 3053 684 3106 Do
706 3051 1047 3122 quadruplum
1066 3091 1081 3115 ,
1112 3051 1161 3105 si
1187 3050 1308 3120 quid
1339 3049 1486 3118 rapui
1521 3047 1672 3120 (Luc.
1703 3047 1789 3102 l9.
1818 3045 1896 3117 8).

312 3147 378 3200 Si
431 3160 588 3214 quem
637 3143 992 3198 calumniatus
1033 3157 1128 3206 es,
1185 3142 1228 3195 si
1271 3139 1355 3195 cui
1397 3138 1566 3194 factus
1604 3151 1664 3193 es
1708 3137 1890 3192 inimi-

315 3250 419 3290 cus
440 3277 456 3302 ,
491 3235 833 3290 reconciliare
854 3275 869 3301 ,
906 3233 1207 3302 priusquam
1236 3231 1481 3285 veniatur
1520 3229 1585 3283 ad
1622 3227 1899 3299 judicium.

317 3328 514 3382 Omnia
543 3327 630 3381 hic
668 3325 901 3381 dissolve
924 3363 939 3390 ,
981 3333 1042 3380 ut
1067 3323 1199 3378 citra
1234 3321 1533 3377 molestiam
1560 3319 1690 3376 illud
1720 3319 1903 3376 videas

321 3418 577 3476 tribunal.

397 3509 698 3565 Psenitentia
717 3523 829 3563 sera
851 3516 971 3581 post
983 3515 1212 3562 mortem.
1231 3536 1300 3546 ——
1317 3505 1492 3560 Donec
1513 3503 1598 3558 hic
1619 3503 1871 3558 fuerimus
1884 3544 1900 3572 ,

317 3618 449 3672 spes
471 3601 729 3656 habemus
753 3599 1038 3671 praeclaras
1061 3616 1075 3652 :
1101 3597 1260 3654 simul
1301 3607 1461 3668 atque
1484 3611 1613 3652 vero
1639 3595 1902 3650 discesse-

318 3697 498 3751 rimus
523 3695 670 3760 illuc,
697 3709 804 3749 non
826 3701 909 3749 est
933 3701 1116 3763 postea
1145 3691 1197 3747 in
1229 3690 1384 3746 nobis
1412 3689 1571 3745 situm
1600 3688 1863 3759 ptenitere
1884 3725 1902 3754 ,

321 3801 505 3856 neque
529 3784 812 3840 commissa
836 3783 1060 3838 diluere.
1093 3781 1427 3858 Quapropter
1451 3786 1661 3849 oportet
1687 3792 1788 3832 nos
1813 3789 1904 3830 as-

324 3876 480 3931 sidue
523 3873 809 3946 praeparari
845 3873 915 3928 ad
940 3887 1213 3942 egressum
1253 3870 1376 3925 hinc
1416 3867 1738 3924 faciendum.
1769 3866 1911 3934 Quid

323 3967 468 4020 enim
490 3966 535 4022 si
563 3964 786 4020 Domino
809 3963 981 4019 visum
1004 3962 1162 4017 fuerit
1184 3961 1288 4016 hoc
1309 3975 1532 4030 vespere
1553 3973 1745 4014 vocare
1774 3956 1906 4011 nos?

323 4056 464 4124 Quid
493 4057 539 4110 si
557 4057 718 4110 cras?
743 4053 1004 4109 Incertum
1031 4053 1171 4108 enim
1196 4051 1320 4122 quid
1347 4052 1576 4106 futurum
1597 4049 1685 4114 sit,
1717 4059 1770 4104 ut
1792 4063 1908 4118 per-

327 4156 491 4216 pctuo
518 4147 686 4202 simus
723 4145 776 4199 in
818 4143 1140 4209 certamine,
1169 4151 1225 4197 et
1262 4141 1328 4195 ad
1359 4141 1504 4194 illam
1529 4139 1909 4209 profectionem

327 4235 575 4292 instructi
593 4275 610 4301 ,
638 4233 1080 4304 quemadmodum
1106 4231 1192 4286 hic
1219 4231 1449 4286 Lazarus
1473 4244 1689 4299 semper
1711 4238 1825 4284 erat
1853 4228 1908 4283 in

334 4327 620 4384 tolerantia
649 4325 1026 4396 patientiaque,
1055 4332 1377 4394 quapropter
1400 4330 1543 4376 tanto
1561 4337 1680 4376 cum
1708 4320 1912 4377 honore

328 4420 590 4476 deductus
614 4426 714 4473 est.
761 4417 997 4473 Mortuus
1022 4423 1105 4470 est
1141 4423 1318 4469 autem
1347 4412 1532 4478 dives,
1577 4420 1631 4467 et
1673 4411 1914 4481 sepultus

331 4519 437 4576 cst,
461 4508 710 4562 nimirum
735 4506 910 4561 anima
935 4505 1075 4562 illius
1104 4505 1155 4558 in
1178 4516 1422 4573 oorpore,
1445 4509 1691 4571 tanquam
1720 4501 1773 4556 in
1795 4515 1914 4555 mo-

328 4609 591 4660 numento
613 4598 843 4664 defossa,
880 4612 945 4652 ac
975 4595 1277 4667 sepulcrum
1301 4592 1706 4650 circumferente
1724 4607 1915 4662 nempe

328 4707 572 4747 carnem.
603 4689 719 4744 Non
747 4703 902 4744 secus
932 4687 1074 4742 enim
1118 4686 1206 4741 ille
1227 4726 1244 4752 ,
1292 4699 1448 4754 quam
1476 4684 1521 4739 si
1561 4693 1746 4738 eatena
1781 4697 1914 4752 qua-

329 4785 480 4849 dam,
509 4781 817 4838 temulentia
838 4820 855 4846 ,
899 4793 963 4835 ac
984 4778 1187 4834 ventris
1225 4775 1455 4848 ingluvie
1504 4775 1711 4830 vinctus
1741 4785 1912 4839 esset,

330 4875 413 4931 sic
441 4875 673 4928 otiosam
701 4871 842 4926 illam
869 4884 934 4926 ac
960 4877 1228 4926 mortuam
1251 4867 1576 4924 reddiderat.
1618 4866 1696 4922 Ne
1723 4867 1915 4922 leviter

331 4971 745 5035 puetercurras,
774 4960 1005 5026 dilecte,
1046 4959 1174 5014 illud
1194 4999 1210 5025 ,
1250 4959 1476 5029 sepultus
1515 4967 1606 5014 est.
1654 4958 1752 5015 llic
1788 4959 1916 5014 mihi

330 5052 621 5111 considera
643 5065 860 5108 mensas
884 5061 1102 5120 argento
1123 5049 1492 5105 circumtectas
1509 5089 1525 5116 ,
1551 5049 1737 5114 lectos,
1767 5058 1916 5121 tape-

333 5154 421 5200 tes
440 5182 456 5204 .
493 5148 838 5206 ornamenta,
863 5154 981 5209 qua:
1007 5147 1112 5194 tota
1145 5139 1198 5192 in
1226 5137 1385 5192 domo
1417 5145 1541 5192 sunt
1565 5139 1741 5192 omnia
1761 5179 1776 5202 ,
1816 5154 1917 5192 un-

331 5241 554 5305 guenta,
583 5241 844 5299 aromata,
867 5231 976 5286 vini
1000 5230 1137 5287 meri
1163 5230 1391 5301 copiam,
1420 5227 1717 5285 eduliorum
1743 5230 1919 5285 varie-

335 5333 504 5390 tates,
527 5323 768 5379 ciborum
793 5321 1010 5378 delicias
1029 5361 1047 5390 ,
1075 5336 1293 5392 coquos,
1341 5319 1665 5386 adulatores,
1696 5321 1917 5390 stipato-

337 5432 453 5481 res,
479 5415 730 5482 famulos,
753 5429 818 5471 ac
840 5415 1096 5486 reliquam
1117 5415 1414 5470 universam
1436 5428 1701 5484 pompam,
1728 5415 1919 5484 strepi-

342 5518 561 5578 tumqm
609 5507 964 5573 exstinctum,
1014 5507 1414 5578 grauidamque
1465 5507 1679 5561 laetum.
1731 5507 1917 5563 Omnia

342 5598 499 5667 ciuis,
525 5597 705 5657 omnia
731 5597 907 5655 favilla
932 5586 985 5654 ct
1011 5598 1210 5670 pulvis.
1251 5598 1480 5655 lamenta
1519 5605 1572 5655 et
1595 5597 1796 5665 luctus,
1827 5616 1918 5656 nc-

1538 207 1626 264 οε
1662 205 1936 264 ΜΖΑΒο
1971 205 2215 265 CONCIO
2254 206 2316 264 ll.

3450 215 3556 271 986

1989 320 2134 375 mine
2175 329 2546 390 succurrente,
2598 336 2770 394 neque
2815 322 2978 380 semel
3010 337 3279 394 egressam
3327 324 3560 384 animam

1988 421 2168 489 postea
2200 423 2517 472 revocante:
2557 423 2679 472 tunc
2714 414 3078 472 declarabatur
3100 415 3226 485 quid
3269 417 3438 486 possit
3459 430 3559 471 au-

1987 522 2136 574 rum,
2167 505 2294 576 quid
2321 507 2525 576 possint
2556 507 2785 576 cepioste
2815 507 3031 562 divitize.
3064 506 3334 577 Siquidem
3360 522 3428 562 ex
3452 515 3560 563 tam

1988 595 2248 666 frequenti
2279 595 2534 650 famulitio
2559 595 2733 652 nudus
2759 596 3013 654 abductus
3041 606 3123 652 est
3150 604 3203 652 et
3223 596 3402 661 solus,
3430 595 3572 652 nihil

1988 702 2056 742 ex
2085 694 2226 741 tanta
2251 686 2521 744 afﬂuentia
2546 701 2724 741 secum
2752 685 2890 745 ferre
2915 687 3129 752 valens,
3161 687 3256 746 sed
3279 687 3523 743 desertus
3544 728 3560 752 ,

1989 776 2329 844 indefensus,
2371 791 2435 832 ac
2477 776 2785 848 neglectus:
2817 777 2993 834 nullus
3018 792 3235 843 eorum,
3279 778 3370 848 qui
3414 783 3562 847 prius

1989 881 2110 923 eum
2137 868 2384 925 colebant
2403 911 2416 930 ,
2445 869 2533 939 qui
2557 868 2964 935 attxiliabantnr,
2991 868 3204 935 aderat,
3230 877 3508 938 erepturus
3533 883 3562 923 a

1991 974 2145 1034 pana
2171 975 2235 1019 ac
2261 959 2549 1031 supplicio,
2581 961 2673 1016 sed
2699 961 2768 1016 ab
2807 961 2910 1015 illis
2933 959 3177 1016 omnibus
3201 959 3459 1025 divulsus,
3487 975 3564 1015 so-

1990 1051 2074 1107 lus
2099 1053 2417 1122 interceptus
2438 1061 2540 1120 est,
2563 1062 2620 1107 ut
2641 1053 2725 1108 illa
2753 1068 2859 1108 non
2888 1052 3101 1109 ferenda
3129 1053 3386 1124 supplicia
3408 1053 3566 1109 susti-

1990 1153 2164 1199 neret.
2196 1143 2329 1200 Vere
2367 1143 2543 1198 Omnis
2577 1161 2694 1199 caro
2727 1149 2915 1216 {mnum
2943 1153 2990 1200 et
3023 1144 3183 1200 omnis
3216 1144 3381 1216 gloria
3407 1144 3565 1198 homi-

1995 1234 2075 1289 nis
2100 1240 2353 1304 tamquam
2379 1237 2476 1305 [las
2500 1235 2621 1304 [teni
2643 1250 2664 1290 :
2691 1237 2884 1291 exaruit
2908 1252 3142 1306 gramen,
3169 1244 3214 1289 et
3235 1236 3333 1305 ﬂos
3359 1234 3565 1298 decidit,

1991 1325 2080 1381 sed
2103 1326 2303 1380 uerbum
2339 1325 2546 1381 Domini
2571 1336 2736 1387 manet
2762 1327 2814 1381 in
2842 1336 3080 1386 wternum
3107 1325 3258 1398 (Isai.
3287 1325 3376 1381 40.
3405 1325 3457 1382 6.
3487 1324 3566 1396 8).

1994 1416 2148 1473 Venit
2177 1433 2320 1473 mors
2347 1426 2400 1474 et
2424 1418 2676 1474 exstinxit
2700 1419 2788 1473 illa
2829 1419 3026 1477 omnia.
3068 1417 3179 1474 Nec
3213 1417 3368 1474 aliter
3410 1431 3569 1487 quam

1993 1509 2254 1582 captivum
2280 1519 2550 1580 arreptum
2579 1509 2724 1568 illum
2749 1508 2968 1564 abduxit
2989 1508 3236 1564 demissis
3256 1508 3448 1576 oculis,
3475 1522 3570 1576 pu-

1993 1598 2124 1654 dore
2152 1599 2388 1668 plenum,
2421 1615 2526 1658 non
2555 1599 2836 1654 audentem
2864 1599 3090 1665 hiscere,
3121 1606 3459 1664 trementem,
3482 1611 3572 1667 pa-

1993 1689 2194 1755 vidum,
2225 1691 2444 1762 perinde
2463 1691 2612 1761 quasi
2637 1691 2688 1746 in
2713 1691 2933 1750 somniis
2953 1691 3217 1748 universis
3238 1691 3342 1748 illis
3365 1690 3574 1746 deliciis

1995 1778 2184 1834 fruitus
2213 1779 2414 1837 fuisset.
2445 1780 2524 1835 Ac
2549 1790 2668 1851 post
2707 1777 2823 1836 haec
2867 1780 3090 1851 supplex
3116 1781 3266 1837 dives
3294 1779 3466 1836 factus
3493 1789 3574 1836 est

1996 1870 2232 1942 pauperi,
2263 1879 2422 1940 atque
2461 1864 2603 1925 nunc
2648 1870 2788 1925 illius
2829 1879 2949 1941 eget
2991 1885 3210 1937 mensa,
3255 1870 3347 1942 qui
3375 1870 3573 1927 dudum

1994 1960 2295 2028 esuriebat,
2325 1961 2466 2016 illius
2505 1962 2593 2032 qui
2623 1976 2814 2016 canum
2843 1964 3030 2019 rostris
3072 1961 3311 2034 objectus
3344 1962 3572 2033 iacebat.

1995 2049 2103 2106 Res
2122 2059 2457 2108 commutata:
2478 2061 2622 2118 sunt,
2648 2052 2874 2106 universi
2896 2061 3256 2123 cognoverunt
3276 2060 3394 2108 uter
3416 2052 3576 2110 fuerit

1995 2142 2166 2209 dives,
2195 2151 2312 2199 nter
2336 2158 2553 2218 pauper,
2579 2142 2825 2216 quodque
2850 2143 3078 2205 Lazarus
3101 2143 3316 2214 quidem
3340 2143 3576 2201 omnium

1998 2233 2158 2291 fuerit
2199 2233 2632 2302 opulentissimus
2651 2275 2666 2300 ,
2696 2233 2786 2288 ille
2819 2243 3001 2292 contra
3028 2235 3265 2296 omnium
3295 2234 3577 2305 pauperri-

1997 2341 2136 2381 mus.
2168 2323 2622 2394 Quemadmodum
2650 2325 2792 2381 enim
2820 2333 3029 2388 actores
3058 2326 3110 2381 in
3147 2340 3307 2384 scena
3326 2365 3344 2391 ,
3384 2341 3570 2396 regum

1997 2431 2061 2472 ac
2084 2417 2275 2476 ducum
2315 2431 2568 2489 personas
2588 2459 2604 2489 ,
2637 2416 2764 2471 item
2805 2416 3130 2478 medicorum
3158 2432 3223 2479 ac
3263 2415 3537 2476 rhetorum
3562 2458 3577 2480 ,

1998 2506 2392 2578 sophistarum,
2437 2522 2501 2562 ac
2550 2507 2775 2562 militum
2822 2518 3154 2564 assumentes
3193 2507 3581 2581 ingrediuntur,

1999 2613 2118 2652 cum
2151 2596 2248 2667 ipsi
2296 2597 2429 2657 nihil
2474 2597 2662 2652 horum
2706 2598 2848 2653 sint:
2878 2599 2955 2652 sic
2983 2613 3112 2652 sane
3136 2607 3191 2653 et
3236 2599 3289 2653 in
3333 2599 3582 2668 praesenti

1964 2709 1968 2713 -
2000 2687 2104 2741 vita
2132 2696 2412 2756 paupertas
2453 2701 2515 2742 ac
2539 2687 2736 2745 divitia:
2765 2687 2896 2743 nihil
2919 2687 3062 2744 aliud
3091 2695 3248 2755 sunt,
3277 2703 3436 2759 quam
3461 2704 3584 2760 per-

2004 2791 2206 2838 sonata:
2233 2782 2414 2836 larvas.
2440 2781 2588 2840 Sicut
2613 2782 2772 2854 igitur
2796 2783 2848 2837 in
2875 2781 3082 2837 theatro
3107 2782 3321 2849 sedens,
3351 2784 3396 2838 si
3424 2799 3584 2854 quem

2000 2872 2229 2938 videris,
2260 2887 2325 2926 ex
2356 2871 2419 2925 iis
2443 2871 2530 2942 qui
2573 2870 2794 2926 inferius
2824 2871 3028 2937 ludunt,
3061 2885 3340 2940 personam
3365 2881 3583 2944 gestan-

2004 2973 2110 3020 tem
2137 2965 2277 3034 regis
2299 3005 2315 3029 ,
2364 2979 2468 3019 non
2507 2963 2718 3034 judicas
2762 2979 2886 3018 eum
2915 2963 3159 3028 beatum,
3207 2978 3378 3032 neque
3404 2977 3583 3034 regem

2003 3069 2122 3110 esse
2149 3053 2321 3109 credis
2345 3094 2360 3119 ,
2391 3053 2498 3108 imo
2524 3067 2624 3107 nec
2653 3052 2765 3126 ipse
2788 3053 2987 3122 optaris
3016 3067 3134 3108 esse
3160 3052 3279 3107 talis
3304 3071 3316 3106 :
3348 3052 3442 3106 sed
3464 3067 3584 3107 cum

2004 3143 2140 3199 scias
2163 3143 2302 3214 quod
2329 3143 2399 3197 sit
2425 3143 2686 3214 quispiam
2716 3158 2781 3202 ex
2809 3142 2872 3198 iis
2912 3143 3003 3213 qui
3027 3152 3308 3198 versantur
3335 3143 3387 3198 in
3433 3143 3548 3199 loro
3568 3185 3584 3210 ,

2005 3233 2207 3289 funium
2237 3233 2414 3304 opifex
2439 3241 2531 3290 aut
2548 3232 2703 3290 faber
2729 3235 2950 3292 mrarius
2973 3275 2988 3300 ,
3016 3243 3108 3291 aut
3131 3235 3276 3290 aliud
3299 3235 3585 3307 quidquam

2007 3325 2112 3380 tale
2130 3367 2145 3392 ,
2177 3339 2282 3380 non
2305 3324 2514 3402 judicas
2542 3323 2689 3380 illum
2716 3324 2928 3380 beatum
2953 3325 3022 3379 ob
3045 3340 3327 3394 personam
3349 3367 3364 3391 ,
3406 3333 3498 3380 aut
3519 3326 3590 3382 ob

2007 3423 2208 3470 vestem
2227 3455 2243 3482 ,
2293 3429 2465 3485 neque
2493 3431 2558 3470 ex
2586 3415 2731 3470 hisce
2771 3413 2933 3470 rebus
2958 3415 3190 3469 mstimas
3219 3415 3360 3470 illius
3384 3416 3545 3474 vitam
3569 3456 3591 3483 ,

2007 3505 2103 3562 sed
2129 3503 2342 3575 despuis
2370 3506 2542 3574 potius
2567 3504 2713 3560 illum
2749 3505 2817 3560 ob
2842 3505 2998 3560 aliam
3027 3505 3282 3561 vilitatem
3308 3524 3322 3562 :
3353 3507 3431 3562 sic
3451 3521 3582 3561 sane

2009 3593 2170 3650 ethic
2196 3595 2338 3650 velut
2360 3595 2412 3649 in
2444 3595 2672 3660 theatro,
2705 3594 2949 3650 videlicet
2975 3595 3025 3648 in
3059 3595 3258 3650 mundo
3281 3596 3499 3664 sedens,
3532 3607 3591 3653 et

2014 3685 2065 3739 in
2094 3701 2250 3740 scena
2279 3684 2519 3740 ludentes
2548 3694 2815 3754 spectans,
2849 3685 2938 3740 ubi
2964 3685 3160 3764 videris
3180 3688 3486 3758 complures
3507 3688 3591 3744 di-

2012 3776 2168 3842 vites,
2195 3791 2262 3830 ne
2283 3783 2434 3845 putes
2458 3790 2580 3830 vere
2604 3775 2794 3830 divites
2819 3789 2958 3841 esse,
2983 3775 3076 3830 sed
3101 3775 3322 3832 divitum
3349 3776 3593 3836 ohtectos

2015 3864 2274 3934 personis.
2319 3863 2451 3919 Nam
2478 3863 2924 3940 quemadmodum
2967 3863 3076 3931 ille,
3107 3866 3196 3935 qui
3235 3865 3289 3921 in
3317 3881 3477 3922 scena
3503 3883 3592 3922 re-

2011 3971 2130 4026 gem
2156 3963 2248 4010 aut
2272 3954 2396 4010 belli
2421 3953 2611 4010 ducem
2637 3953 2764 4024 agit,
2794 3953 3102 4024 frequenter
3129 3965 3213 4010 est
3241 3957 3470 4011 famulus
3496 3973 3589 4011 co-

2015 4061 2153 4111 rum,
2185 4045 2276 4116 qui
2317 4045 2449 4100 licus
2471 4054 2561 4100 aut
2585 4044 2770 4100 botros
2794 4045 3033 4100 vendunt
3061 4045 3112 4099 in
3140 4045 3292 4101 foro:
3326 4046 3510 4102 itidem
3537 4057 3594 4102 et

2017 4137 2103 4192 hic
2127 4137 2274 4192 dives
2302 4137 2491 4192 crebro
2519 4136 2802 4207 pauperior
2840 4145 2921 4190 est
2949 4136 3210 4190 omnibus.
3255 4137 3408 4203 Quod
3434 4139 3478 4192 si
3496 4138 3594 4192 dc-

2018 4226 2239 4282 traxeris
2265 4227 2337 4280 illi
2365 4241 2664 4295 personam,
2694 4227 2739 4280 si
2765 4226 3145 4281 conscientiam
3173 4227 3408 4296 explices
3429 4237 3482 4282 et
3515 4229 3595 4283 in-

2015 4315 2275 4385 grediaris
2320 4316 2552 4370 animum
2574 4355 2588 4379 ,
2628 4315 2846 4370 multam
2885 4315 2990 4370 illic
3016 4315 3251 4371 oﬂendes
3277 4318 3485 4372 virtutis
3513 4320 3596 4373 in-

2017 4407 2230 4476 opiatn,
2274 4407 2675 4477 comperiesque
2721 4406 2956 4462 omnium
2997 4407 3271 4463 hominum
3299 4411 3596 4480 abjectissi-

2020 4512 2184 4551 mum.
2214 4495 2667 4563 Quemadmodum
2697 4496 2838 4554 enim
2869 4499 3098 4554 instante
3125 4514 3369 4571 vespera,
3396 4502 3598 4572 digres-

2019 4587 2199 4657 sisque
2219 4589 2307 4658 qui
2334 4588 2708 4654 consederant,
2743 4588 2830 4644 ubi
2861 4589 3061 4645 fuerint
3080 4606 3109 4645 e
3143 4590 3349 4646 theatro
3374 4592 3598 4661 egressi,

2023 4676 2366 4749 habitumque
2407 4678 2599 4733 fabulae
2622 4678 2962 4750 deposuerint
2993 4699 3008 4735 :
3051 4680 3141 4751 qui
3188 4682 3332 4750 prius
3357 4697 3509 4752 reges
3532 4698 3596 4736 ac

2023 4769 2185 4825 duces
2211 4786 2330 4826 esse
2353 4771 2686 4838 videbantur,
2718 4781 2838 4842 post
2856 4782 3114 4842 apparent
3138 4771 3238 4829 hoc
3261 4773 3402 4843 quod
3430 4783 3589 4828 sunt:

2023 4862 2093 4918 ita
2114 4878 2243 4918 sane
2261 4873 2314 4918 ct
2336 4879 2492 4929 nunc,
2517 4874 2795 4935 postquam
2819 4881 2962 4920 mors
2981 4865 3046 4920 ad
3056 4867 3281 4934 venerit,
3307 4865 3598 4922 theatrum-
3651 4871 3662 4879 '

2023 4968 2126 5024 que
2147 4953 2426 5009 dimissum
2452 4954 2642 5020 fuerit,
2685 4971 2804 5009 cum
2833 4955 3136 5011 divitiarum
3167 4959 3597 5028 paupertatisqne

2027 5059 2284 5116 personas
2312 5047 2675 5115 deposuerint,
2699 5061 2888 5101 omnes
2913 5046 3037 5102 illuc
3063 5048 3281 5116 profecti
3305 5091 3319 5111 ,
3347 5059 3506 5119 atque
3530 5064 3599 5104 ex

2024 5137 2154 5193 solis
2174 5139 2422 5209 operibus
2442 5138 2680 5206 judicati,
2703 5138 2976 5193 declarant
2994 5140 3083 5209 qui
3107 5156 3232 5196 vere
3257 5142 3365 5195 sint
3383 5141 3596 5208 divites,

2023 5230 2115 5300 qui
2145 5245 2270 5284 vere
2297 5245 2552 5300 pauperes
2581 5248 2594 5285 :
2626 5232 2714 5301 qui
2743 5231 3008 5297 honorati,
3041 5243 3094 5288 et
3115 5233 3202 5303 qui
3225 5233 3462 5292 obscuri.

2094 5323 2147 5377 4.
2183 5322 2358 5375 Divitis
2395 5333 2584 5389 quanta
2629 5322 2780 5391 fuerit
2835 5335 3128 5394 paupertas.
3161 5325 3432 5396 —-ltaque
3487 5325 3593 5380 fre-

2025 5425 2252 5486 quenter
2294 5415 2383 5477 ﬁt,
2425 5422 2481 5467 ut
2525 5413 2612 5483 qtti
2666 5413 2750 5468 hic
2791 5414 2841 5468 in
2894 5415 3115 5470 divitum
3165 5432 3388 5471 numero
3425 5416 3599 5483 fuerit,

2028 5505 2138 5561 illic
2184 5505 2478 5575 reperiatur
2527 5504 2763 5556 omnium
2807 5507 3194 5576 pauperrimus,
3241 5506 3292 5561 id
3328 5509 3468 5577 quod
3511 5522 3598 5562 ac-

2028 5599 2153 5654 cidit
2175 5596 2296 5652 huie
2321 5595 2489 5651 diviti.
2520 5595 2649 5651 Nam
2677 5595 2995 5666 sitnulatquc
3032 5597 3344 5654 incubuerat
3364 5615 3603 5670 vespera.
