4018 6190
498 258 597 311 987

500 378 600 428 hoc
625 381 707 427 est
751 385 930 440 mors,
975 384 1123 439 teque
1174 367 1448 436 prmsentis
1474 366 1594 421 vitae
1626 364 1836 420 theatro
1881 374 2079 436 egres-‘

502 480 593 519 sus
638 471 721 519 est
743 502 760 527 ,
790 474 1177 531 personamque
1202 458 1488 528 deposuit,
1520 458 1664 512 visus
1700 466 1781 512 est
1825 456 1931 511 illic
1958 471 2076 510 om-

499 556 643 609 nium
684 568 803 608 esse
832 549 1197 620 pauperrimus
1229 564 1242 601 :
1275 547 1411 604 adeo
1458 561 1586 603 vero
1640 560 1870 617 pauper,
1902 554 1961 600 ut
2013 559 2079 600 ne

502 657 701 715 guttam
733 644 945 716 quidem
970 658 1121 714 aqua:
1173 642 1394 699 haberet
1440 642 1493 698 in
1532 657 1627 697 sua
1655 650 1914 712 potestate
1938 683 1954 707 ,
1984 640 2078 697 sed

502 756 599 809 pro
651 741 747 793 hac
791 747 1040 809 rogaret,
1082 752 1254 807 neque
1301 735 1441 807 quod
1519 736 1776 807 petebat,
1827 735 2078 805 consequi

503 832 753 902 potuerit.
781 830 917 899 Quid
944 831 1044 888 hac
1093 838 1399 901 paupertate
1425 830 1707 901 pauperius
1732 844 1851 884 esse
1875 828 2081 899 posset?

500 925 729 978 Sublatis
742 925 880 979 cnim
894 924 1062 978 oculis
1073 924 1282 989 suis,ait
1294 924 1357 979 ad
1372 923 1637 978 Abraham
1648 921 2080 989 :Paler,miserere

500 1018 615 1081 inci,
642 1026 688 1070 et
714 1018 853 1070 mitte
880 1016 1150 1080 Lazarum,
1175 1024 1228 1069 ut
1253 1015 1468 1086 intingat
1488 1031 1737 1070 summum
1756 1013 1903 1085 digiti
1925 1014 2005 1068 sui
2029 1013 2082 1067 in

499 1124 724 1177 «quam,
778 1117 823 1161 et
872 1108 1080 1162 instillet
1149 1107 1228 1161 ori
1276 1123 1384 1160 meo
1436 1105 1584 1179 (Luc.
1636 1105 1722 1162 16.
1753 1106 1871 1177 24).
1921 1104 2083 1160 Vides

500 1207 697 1267 quanta
741 1214 828 1253 res
856 1199 926 1252 sit
975 1196 1233 1253 afﬂictio?
1262 1198 1393 1254 Cum
1425 1198 1701 1268 proximus
1745 1206 1890 1253 esset
1920 1197 2085 1252 Laza—

503 1304 592 1343 rus
613 1332 627 1356 ,
662 1288 966 1359 prmterihat
999 1308 1011 1344 :
1042 1304 1182 1344 nunc
1210 1305 1331 1344 cum
1383 1289 1563 1359 procul
1606 1290 1776 1353 absit,
1827 1290 2035 1343 invocat
2066 1309 2079 1343 τ

502 1395 659 1448 quem
712 1379 1018 1450 frequenter
1043 1379 1345 1450 ingrediens
1388 1388 1443 1434 et
1477 1378 1756 1450 egrediens
1806 1395 1910 1433 non
1938 1378 2084 1433 vide-

505 1472 626 1538 bat,
659 1470 801 1525 lnmc
851 1471 1031 1540 procul
1083 1479 1346 1526 semotum
1393 1469 1675 1542 diligenter
1717 1471 1922 1540 aspicit.
1978 1468 2085 1525 Sed

505 1576 661 1629 quam
710 1560 779 1614 ob
823 1576 1035 1615 causam
1086 1561 1237 1617 illum
1283 1560 1563 1615 intuetur?
1606 1559 1935 1630 Frequenter
1973 1559 2084 1614 for-

507 1664 645 1706 tasse
674 1653 879 1707 dixerat
908 1652 1055 1707 dives
1096 1653 1195 1707 iste
1216 1694 1230 1719 ,
1263 1668 1516 1723 quorsum
1557 1652 1686 1707 mihi
1725 1667 1858 1723 opus
1890 1653 2088 1724 pietate

504 1758 566 1795 ac
594 1742 832 1797 virtute?
858 1744 1053 1797 Cuncta
1086 1741 1214 1796 mihi
1241 1740 1383 1796 velut
1418 1758 1449 1797 c
1475 1742 1619 1796 fonte
1648 1740 1889 1808 afﬂuunt,
1920 1742 2085 1796 multa

507 1831 653 1885 fruor
696 1832 1081 1902 prosperitate,
1144 1831 1328 1886 multis
1376 1831 1610 1902 opibus,
1665 1832 1800 1886 nihil
1848 1832 2087 1889 sustineo

508 1939 682 1977 rerum
712 1924 1101 1993 inopinatarum
1138 1942 1150 1977 :
1194 1939 1352 1994 quam
1383 1924 1453 1978 ob
1480 1938 1592 1978 rem
1645 1932 1891 1993 expetam
1920 1924 2085 1978 virtu-

507 2015 659 2069 tem?
687 2014 784 2070 llic
829 2030 1029 2086 pauper
1053 2015 1141 2085 qui
1167 2015 1309 2084 juste
1354 2015 1546 2085 pieque
1586 2014 1759 2081 vivit,
1810 2016 2088 2070 innumera

508 2108 702 2176 patitur
749 2108 909 2162 mala.
962 2107 1088 2163 llaec
1126 2122 1266 2163 nunc
1317 2122 1529 2178 quoque
1577 2107 1726 2163 multi
1779 2107 2087 2178 frequenter

503 2201 706 2255 dicunt.
738 2199 806 2256 Ut
858 2200 1016 2271 igitur
1039 2199 1295 2255 radicitus
1324 2198 1420 2256 has
1448 2214 1636 2270 pravas
1669 2199 1954 2256 revellerct
1979 2201 2089 2270 opi-

505 2294 689 2348 niones
717 2333 735 2357 ,
767 2292 1097 2347 demonstrat
1148 2293 1261 2358 illi,
1312 2291 1453 2363 quod
1501 2292 1720 2348 malitia:
1759 2292 1989 2363 reposita
2019 2294 2089 2348 sit

506 2384 636 2438 ultio
664 2400 679 2439 :
707 2393 893 2439 contra
940 2383 1114 2438 honor
1154 2393 1209 2439 et
1236 2399 1433 2439 corona
1470 2383 1742 2440 laboribus
1769 2399 1866 2455 pro
1892 2386 2087 2456 pietate

502 2476 782 2544 susceptis.
822 2474 936 2529 Non
964 2484 1183 2544 propter
1207 2475 1310 2530 hoc
1338 2475 1511 2531 solum
1537 2486 1713 2531 autem
1745 2475 1874 2531 vidit
1914 2476 2084 2542 illum,

504 2568 595 2621 sed
642 2576 698 2621 ut
745 2582 863 2637 qua:
892 2582 1081 2636 passus
1123 2567 1311 2623 fuisset
1332 2583 1551 2639 pauper,
1586 2569 1700 2623 hmc
1738 2583 1880 2623 nunc
1923 2578 1976 2624 et
2005 2569 2086 2623 di-

504 2675 596 2713 ves
624 2666 898 2728 pateretur
948 2659 1115 2712 multo
1165 2659 1400 2727 gravius.
1431 2658 1889 2726 Quemadmodum
1941 2658 2085 2715 enim

504 2751 577 2805 illi
626 2749 987 2803 molestiorem
1034 2748 1266 2804 reddidit
1314 2750 1641 2813 cruciatum,
1695 2750 1837 2820 quod
1880 2750 1933 2805 in
1990 2766 2086 2805 ve-

504 2842 698 2897 stibulo
722 2840 899 2896 divitis
918 2841 1142 2911 jaceret,
1163 2840 1304 2913 quod
1335 2841 1540 2897 videret
1567 2843 2040 2899 alienacommoda
2067 2858 2082 2897 :

509 2934 585 2988 sic
615 2944 668 2988 et
707 2932 832 2987 huic
881 2933 1180 3004 graviorem
1219 2933 1447 2989 reddidit
1495 2934 1784 2990 cruciatum
1810 2975 1826 3000 ,
1862 2935 2001 3004 quod
2032 2936 2083 2989 in

504 3026 745 3093 gehenna
770 3026 970 3095 jaceret
993 3067 1007 3091 ,
1039 3024 1177 3096 quod
1208 3023 1395 3079 Lazari
1436 3026 1638 3080 videret
1672 3026 1891 3081 delicias
1914 3068 1930 3095 ,
1978 3042 2084 3098 quo

508 3133 611 3172 non
660 3118 832 3173 solum
866 3125 1051 3170 natura
1086 3115 1466 3187 suppliciorum
1494 3159 1508 3181 ,
1537 3133 1724 3171 verum
1763 3118 1921 3172 etiam
1947 3132 2086 3173 com-

501 3210 774 3276 paratione
801 3207 1021 3263 honoris
1047 3206 1183 3262 illius
1215 3206 1686 3263 intolerabiliorem
1719 3207 1939 3265 haberet
1959 3225 2081 3265 cru-

498 3302 713 3354 ciatum.
743 3299 811 3354 Et
832 3298 1276 3369 quemadmodum
1300 3298 1470 3353 Adam
1497 3313 1529 3353 e
1556 3297 1800 3368 paradiso
1828 3300 2079 3370 ejectum,

499 3412 528 3444 e
560 3392 776 3461 regione
805 3389 1035 3459 paradisi
1083 3389 1323 3444 habitare
1343 3389 1503 3459 jussit
1534 3390 1675 3445 Deus
1698 3431 1712 3456 ,
1741 3399 1799 3445 ut
1838 3392 2082 3448 assiduus

497 3493 815 3553 conspectus
853 3497 1117 3537 renovans
1142 3483 1440 3537 molestiam
1464 3526 1478 3551 ,
1506 3484 1829 3539 exactiorem
1852 3485 1925 3540 illi
1947 3501 2083 3554 prae:

501 3579 646 3630 heret
690 3590 903 3630 sensum
949 3574 1277 3644 expulsionis
1308 3591 1339 3630 e
1364 3575 1521 3630 bonis
1548 3594 1562 3630 :
1587 3575 1658 3630 ita
1701 3590 1830 3632 sane
1859 3586 1913 3633 et
1941 3577 2082 3634 hunc

496 3686 527 3720 υ
558 3667 773 3738 regione
822 3666 1010 3721 Lazari
1036 3667 1329 3733 constituit,
1353 3682 1457 3738 quo
1482 3667 1689 3722 videret
1708 3667 1899 3737 quibus
1929 3669 2081 3724 b0nis

498 3761 731 3831 seipsum
777 3760 1060 3830 privasset.
1096 3758 1213 3814 Misi
1258 3759 1386 3825 tibi,
1440 3758 1639 3828 inquit,
1718 3760 1771 3813 in
1820 3760 2080 3815 vestibulo

496 3853 752 3907 Lazarum
780 3867 1064 3923 pauperem
1089 3891 1104 3918 ,
1128 3860 1187 3905 ut
1212 3851 1305 3906 tibi
1331 3851 1395 3905 ad
1420 3850 1667 3906 virtutem
1690 3849 1879 3905 doctor
1902 3859 2075 3915 esset,

492 3964 555 4001 ac
583 3945 921 4016 benignitatis
940 3946 1156 4000 materia
1176 3959 1190 3997 :
1208 3943 1572 4014 contempsisti
1600 3944 1804 3999 lucrum
1826 3960 1839 3996 :
1865 3944 2078 3999 noluisti

492 4038 556 4093 ad
581 4038 722 4107 quod
748 4037 979 4106 oportuit
1015 4036 1089 4090 uti
1117 4036 1300 4091 salutis
1331 4034 1615 4090 occasione
1642 4074 1655 4098 ,
1680 4043 1831 4089 utere
1853 4033 2078 4103 posthac

492 4132 581 4185 illo
623 4129 689 4184 ad
731 4128 947 4198 majoris
967 4128 1234 4182 cruciatus
1253 4124 1608 4197 suppliciique
1637 4124 1939 4179 materiam.
1982 4123 2067 4178 Ex

491 4222 573 4276 his
616 4222 901 4285 discimus,
927 4219 1068 4290 quod
1113 4233 1299 4276 omnes
1347 4218 1494 4289 quia
1544 4218 1698 4273 nobis
1738 4227 1863 4273 sunt
1888 4224 2079 4272 contu-

494 4314 666 4369 meliis
694 4322 751 4368 et
793 4313 1000 4378 injuriis
1029 4309 1238 4375 affecti,
1287 4320 1413 4366 tunc
1437 4321 1559 4365 ante
1600 4309 1790 4366 faciem
1836 4319 2074 4364 nostram

491 4414 809 4460 statueutur.
839 4404 1171 4473 Quamquam
1217 4400 1304 4457 hic
1331 4400 1461 4456 nihil
1497 4416 1530 4457 a
1572 4400 1735 4457 divite
1756 4401 1961 4471 accepit
1989 4400 2074 4455 in-

493 4497 645 4565 juriae
672 4512 685 4547 :
710 4510 885 4562 neque
910 4493 1051 4548 enim
1076 4493 1220 4548 illius
1237 4493 1490 4562 pecunias
1504 4500 1786 4562 usurparat
1804 4491 2075 4556 dives,sed

492 4602 616 4642 suas
643 4600 748 4641 non
780 4585 1127 4656 impartierat.
1164 4584 1316 4651 Quod
1353 4584 1397 4639 si
1423 4585 1467 4637 is
1495 4584 1585 4653 qui
1628 4598 1724 4639 sua
1752 4599 1857 4637 non
1880 4583 2076 4653 impar-

489 4681 589 4746 tiit,
644 4687 1010 4735 accusatorem
1038 4676 1197 4731 habet
1224 4691 1346 4730 eum
1371 4716 1387 4742 ,
1414 4676 1500 4731 cui
1529 4676 1739 4745 negavit
1767 4675 2072 4729 misericor-

493 4771 676 4826 diam:
709 4769 800 4841 qui
853 4768 1026 4865 alicna
1078 4781 1289 4837 quoque
1345 4766 1615 4834 rapuerit,
1669 4780 1827 4834 quam
1862 4764 2069 4818 veniam
2138 4786 2141 4787 ν

488 4853 898 4933 conscquetur,'
930 4857 1163 4929 undique
1203 4856 1374 4927 ipsum
1425 4853 1893 4909 circumstantibus
1937 4869 2071 4923 quos

491 4956 669 5011 affecit
698 4953 890 5024 injuria
912 4954 935 5008 ?
957 4952 1072 5007 Non
1100 4950 1242 5006 enim
1273 4949 1382 5003 illic
1408 4962 1543 5016 opus
1566 4944 1669 5001 erit
1696 4946 1947 5013 testibus,
1976 4963 2071 5002 ne-

485 5066 591 5118 que
626 5046 1061 5112 accusatoribus,
1113 5057 1287 5114 neque
1331 5038 1731 5110 probationibus
1754 5074 1769 5103 ,
1796 5052 1966 5107 neque
1992 5038 2067 5093 εἰς

481 5144 623 5210 guis,
650 5153 835 5196 verum
866 5137 996 5208 ipsa:
1027 5150 1122 5204 per
1150 5149 1209 5188 se
1250 5147 1340 5188 res
1367 5130 1531 5197 tales,
1561 5129 1747 5201 quales
1771 5143 1864 5184 eas
1893 5129 2062 5201 gessi.

489 5249 628 5297 IllllS,
660 5240 785 5286 ante
813 5230 1000 5286 oculos
1032 5235 1245 5282 nostros
1272 5222 1620 5295 apparebunt.
1874 5224 1924 5254 ~

550 5323 751 5394 Rapina
781 5331 853 5377 est
878 5336 978 5375 non
1006 5316 1376 5373 communicare
1405 5312 1705 5385 pauperibus
1734 5311 2067 5367 sum—Ecce

486 5416 649 5480 enim,
678 5413 882 5484 inquit,
914 5411 1073 5466 homo
1100 5417 1154 5464 et
1181 5421 1344 5477 opera
1383 5404 1536 5474 ejus:
1568 5402 1831 5474 siquidem
1872 5413 1927 5458 et
1965 5402 2068 5456 hoc

489 5507 672 5573 rapina
698 5512 815 5569 cst,
860 5517 967 5558 non
1017 5498 1277 5570 impartiri
1312 5496 1379 5552 de
1434 5495 1536 5550 tuis
1582 5494 1938 5551 facultatibus.
1990 5494 2067 5548 Ac

477 5596 726 5648 lurtassis
755 5595 905 5650 vobis
936 5593 1127 5648 mirum
1156 5589 1368 5646 videtur
1392 5602 1511 5645 esse
1537 5586 1678 5658 quod
1706 5587 1846 5652 dico,
1877 5601 2062 5641 verum

478 5699 547 5743 ne
585 5682 850 5738 miremini
877 5700 888 5735 :
914 5681 1275 5739 testimonium
1299 5681 1445 5739 enim
1473 5678 1624 5737 vobis
1651 5694 1682 5736 e
1706 5678 1897 5736 divinis
1924 5678 2063 5735 Scri-

1171 250 1225 305 S.
1266 247 1542 304 JOANNIS
1575 244 2038 303 CIIRYSOSTOMI
2083 242 2391 301 ARCHIEP.
2432 244 2961 302 CONSTANTINOP.

2182 364 2351 435 pturis
2404 365 2706 436 proferam,
2751 368 2966 433 dicens,
3004 368 3142 439 quod
3186 384 3283 427 non
3328 376 3475 434 solum
3512 397 3649 455 rapere

2183 456 2352 510 aliena
2381 498 2396 524 ,
2425 472 2607 512 verum
2636 457 2795 513 etiam
2839 467 3075 514 tua.non
3125 460 3376 531 impartire
3399 474 3596 539 creteris,
3614 487 3654 532 et

2183 545 2367 616 rapina
2396 547 2496 614 sit,
2529 559 2579 603 et
2606 546 2865 603 fraudatio
2888 591 2903 616 ,
2934 558 2989 604 et
3023 550 3277 620 spoliatio.
3317 557 3549 622 Quodnam
3563 566 3661 622 illud

2183 647 2265 693 est
2287 637 2313 693 ?
2343 638 2599 694 Dominus
2623 640 2836 697 Judreos
2861 657 3113 698 accusans
3143 660 3231 714 per
3256 650 3523 719 prophetam
3543 657 3666 716 dixit;

2183 725 2437 783 Proditin
2465 741 2597 785 terra
2618 743 2907 802 proventum
2928 751 3096 801 suum,
3112 746 3155 789 et
3170 753 3265 792 non
3279 741 3465 798 intulisti
3482 747 3670 816 decimus,

2183 820 2273 912 sed
2299 822 2481 893 rapina
2507 825 2743 895 pauperis
2762 833 2832 879 est
2860 825 2912 879 in
2933 825 3160 882 domibus
3187 831 3349 886 vestris
3375 833 3508 900 (Mal.
3529 838 3572 892 3.
3590 840 3674 912 l0).

2184 911 2468 983 Quoniam,
2508 915 2695 986 inquit,
2727 917 3021 974 oblationes
3050 920 3225 976 solitas
3257 938 3354 978 non
3379 911 3676 995 dedistis,ra-

2187 1007 2375 1076 puistis
2413 1022 2473 1062 ea
2507 1024 2626 1078 qua:
2671 1018 2796 1065 sunt
2837 1010 3099 1081 pauperis.
3125 1012 3233 1068 Hoc
3269 1023 3430 1071 autem
3465 1018 3585 1086 dicit,
3608 1023 3680 1079 deo

2187 1096 2398 1153 clarans
2440 1098 2731 1165 divitibus,
2780 1101 2923 1170 quod
2967 1116 3054 1157 res
3091 1117 3364 1173 pauperum
3408 1110 3679 1180 possideant,

2188 1191 2394 1246 etiamsi
2433 1200 2650 1261 paterna
2680 1192 2975 1252 hereditate
3002 1195 3329 1265 obvenerint,
3355 1201 3536 1257 etiamsi
3561 1206 3684 1261 unde-

2189 1294 2416 1352 cumque
2466 1282 2680 1339 aliunde
2742 1285 3054 1357 collegerint
3101 1289 3364 1357 pecunias.
3413 1292 3481 1346 Ac
3529 1309 3684 1351 rursum

2190 1371 2316 1425 alibi
2347 1372 2476 1427 dicit
2507 1392 2521 1427 :
2552 1373 2635 1428 Ne
2673 1376 2861 1444 spolies
2903 1378 3054 1431 vitam
3084 1381 3316 1448 pauperis
3365 1380 3528 1451 (Eccli.
3551 1384 3579 1438 4
3619 1385 3686 1455 I):

2189 1464 2278 1533 qui
2312 1480 2439 1519 vero
2479 1468 2715 1535 spoliat,
2756 1469 2930 1524 aliena
2982 1470 3138 1525 tollit.
3174 1471 3304 1526 Nam
3346 1474 3561 1543 spoliatio
3582 1492 3689 1546 qua:-

2191 1552 2311 1608 dam
2343 1555 2534 1611 dicitur
2552 1598 2568 1624 ,
2610 1574 2731 1613 cum
2759 1560 2931 1616 aliena
2957 1570 3173 1632 accepta
3199 1564 3499 1621 detinemus.
3525 1567 3694 1637 Propter

2194 1648 2295 1702 hoc
2344 1648 2502 1718 igitur
2560 1650 2863 1720 discamus,
2931 1655 3073 1724 quod
3126 1657 3331 1724 quoties
3377 1657 3695 1730 clcemosynam

2192 1754 2297 1792 non
2349 1740 2773 1810 praestiterimus,
2799 1745 2911 1813 pari
2941 1786 2957 1813 ,
3007 1761 3130 1801 cum
3161 1747 3226 1802 iis
3253 1748 3342 1818 qui
3365 1749 3587 1819 Spoliant,
3607 1766 3699 1821 sup-

2193 1830 2352 1900 plicio
2396 1830 2710 1889 afﬁciemur.
2739 1835 2948 1892 lleriles
2985 1838 3129 1893 enim
3181 1841 3412 1909 pecuniae
3454 1849 3562 1894 sunt
3583 1841 3701 1896 unde-

2192 1939 2420 1995 cumque
2446 1941 2540 1982 eas
2567 1928 2929 1998 colligerimus
2958 1947 2972 1983 :
3003 1945 3141 2000 quos
3168 1932 3212 1985 si
3240 1931 3290 1985 in
3318 1947 3502 2002 egenos
3516 1947 3593 1987 eas
3615 1948 3704 1987 ero-

2190 2017 2532 2085 gaverimus,
2588 2018 2771 2073 multa:
2818 2019 2972 2075 nobis
3010 2034 3145 2091 opes
3198 2037 3263 2077 ac
3290 2021 3545 2078 facultates
3588 2023 3706 2078 obve-

2194 2106 2362 2161 nient.
2396 2106 2622 2178 Ideoque
2666 2109 2758 2165 tibi
2790 2110 2940 2180 plura
2989 2112 3273 2182 possidere
3313 2115 3555 2169 concessit
3589 2115 3711 2176 Deus.

2195 2213 2301 2253 non
2348 2207 2405 2252 ut
2439 2199 2491 2253 in
2535 2202 2915 2269 scortationes,
2946 2205 3313 2259 temulentiam
3338 2247 3352 2271 ,
3375 2206 3621 2276 ingluviem
3643 2248 3654 2268 ,
3677 2207 3710 2260 iu

2189 2300 2369 2345 vestes
2404 2301 2741 2362 sumptuosas
2760 2335 2775 2359 ,
2804 2294 3071 2366 aliamque
3100 2296 3378 2352 mollitiem
3416 2312 3714 2360 consummes,

2194 2381 2291 2437 sed
2340 2390 2397 2436 ut
2464 2398 2527 2438 ea
2570 2382 2916 2442 distribueres
2969 2386 3279 2457 egentibus.
3334 2388 3717 2455 Quemadmodum

2191 2475 2333 2528 enim
2385 2483 2601 2530 exactor
2627 2476 2888 2546 quispiam
2932 2478 3021 2548 qui
3050 2478 3236 2548 regias
3272 2479 3513 2549 pecunias
3547 2478 3721 2547 accepil.

2192 2565 2235 2619 si
2265 2565 2565 2636 neglexerit
2591 2566 2676 2634 iis,
2722 2568 2918 2639 quibus
2941 2568 3123 2640 jussus
3162 2580 3248 2626 est
3271 2613 3286 2638 ,
3316 2571 3640 2635 distribuere,
3664 2571 3723 2624 iu-

2190 2671 2294 2728 que
2351 2658 2596 2727 pr0prias
2645 2660 3040 2730 consumpserit
3087 2660 3320 2718 delicias
3343 2703 3359 2728 ,
3404 2662 3560 2731 poenis
3607 2670 3723 2729 atque

2191 2747 2354 2802 exitio
2404 2747 2631 2802 traditur
2661 2766 2675 2801 :
2707 2750 2779 2804 ita
2818 2764 2948 2805 sane
2972 2759 3026 2806 et
3062 2751 3224 2807 dives
3255 2763 3492 2821 receptor
3522 2751 3727 2822 quispiam

2190 2847 2272 2893 est
2302 2838 2647 2907 pecuniarum
2674 2882 2690 2906 ,
2716 2856 2834 2909 qua:
2860 2843 3190 2912 pauperibus
3219 2843 3458 2898 distribui
3499 2843 3725 2898 debebant.

2191 2928 2373 2999 Itaque
2418 2945 2536 2984 cum
2568 2930 2619 2984 in
2638 2926 2912 2986 ‘mandatis
2938 2932 3135 2988 habeat
3156 2975 3174 3001 ,
3220 2950 3317 2990 eas
3345 2934 3632 2990 distribuere
3651 2934 3730 2987 suis

2188 3021 2461 3077 conservis
2484 3022 2760 3091 egentibus
2777 3062 2793 3086 ,
2850 3024 2893 3077 si
2920 3024 3045 3094 quid
3071 3027 3319 3096 amplius
3337 3068 3354 3092 ,
3384 3042 3531 3097 quam
3554 3024 3729 3095 postulet

2189 3113 2480 3169 necessitas
2500 3154 2515 3181 ,
2551 3113 2604 3169 in
2634 3116 2869 3184 seipsum
2897 3116 3256 3188 insumpserit
3280 3161 3298 3184 ,
3323 3119 3637 3190 gravissimas
3655 3117 3734 3171 illic

2186 3200 2407 3257 daturus
2435 3212 2517 3258 est
2543 3217 2748 3273 poenas.
2771 3205 2884 3260 Non
2912 3207 3056 3262 enim
3082 3219 3219 3266 sunt
3271 3210 3442 3280 ipsius
3465 3225 3573 3280 qua:
3604 3207 3731 3278 possi‘

2185 3289 2319 3358 det,
2368 3294 2464 3349 sed
2492 3310 2869 3352 conservorum
2896 3298 3057 3354 illius.

2259 3385 2314 3440 5.
2334 3384 2539 3439 Divitiae
2567 3396 2672 3440 tum
2698 3388 2897 3442 demum
2923 3399 3112 3445 nostrae
3137 3393 3278 3459 fiunt
3304 3409 3422 3447 cum
3447 3393 3616 3447 dantur
3634 3405 3732 3459 pas-

2188 3475 2486 3546 peribus.—
2503 3476 2793 3535 Parcamus
2843 3481 3001 3551 igitur
3040 3482 3104 3536 iis
3139 3493 3428 3555 tamquam
3456 3485 3656 3547 alienis,
3695 3490 3737 3536 ut

2188 3566 2318 3623 fiant
2347 3578 2551 3625 nostra.
2593 3570 2871 3637 Quomodo
2917 3582 3095 3629 autem
3151 3577 3269 3633 illis
3312 3592 3585 3648 parcemus
3627 3586 3729 3629 tant-

2187 3673 2346 3728 quam
2385 3660 2607 3716 alienis?
2638 3661 2693 3716 Si
2725 3663 2841 3718 illas
2894 3679 3000 3719 non
3044 3667 3096 3719 in
3142 3683 3284 3723 usus
3323 3666 3737 3739 supervacuosin-

2187 3753 2572 3822 sumpserimus
2592 3796 2607 3821 ,
2645 3770 2817 3825 neque
2854 3755 2990 3811 adeo
3020 3757 3072 3811 in
3105 3769 3343 3816 nostros
3378 3771 3570 3816 tantum
3602 3772 3733 3819 usus.

2185 3845 2279 3901 scd
2320 3861 2610 3917 pauperum
2638 3847 2881 3903 manibus
2912 3848 3407 3919 impartiverimus.
3436 3851 3637 3908 Etiamsi
3655 3851 3740 3904 lue-

2183 3937 2259 3991 ris
2287 3937 2600 4007 opulentus,
2635 3938 2730 3994 sed
2756 3938 2874 4008 plus
2913 3955 3073 4010 quam
3102 3956 3253 4013 opus
3304 3952 3392 3998 est
3424 3939 3737 4011 insumpseris.

2183 4028 2443 4084 rationem
2502 4028 2694 4085 reddes
2743 4031 3086 4100 pecuniarum
3140 4034 3244 4089 tibi
3287 4034 3623 4091 creditarum.
3658 4029 3743 4086 [loc

2184 4118 2325 4175 idem
2383 4119 2443 4174 fit
2490 4119 2542 4174 iu
2571 4121 2885 4191 Optimatum
2914 4122 3138 4178 aedibus.
3187 4125 3353 4180 Multi
3382 4142 3508 4181 suas
3555 4126 3741 4193 ipsomm

2181 4211 2472 4282 apothecas
2486 4209 2699 4267 famulis
2719 4213 2829 4268 suis
2843 4214 3263 4284 commiserunt,
3288 4233 3482 4272 verum
3505 4216 3574 4271 illi
3593 4214 3743 4285 quibus

2181 4303 2484 4359 commissa:
2541 4312 2697 4372 sunt,
2746 4315 2961 4360 servant
3029 4323 3150 4376 quae
3208 4311 3419 4366 tradita
3465 4320 3609 4375 sunt,
3671 4322 3745 4361 nec

2180 4395 2470 4450 abutuntur
2514 4395 2814 4452 commissis
2842 4414 2856 4450 :
2881 4413 3064 4453 verum
3110 4403 3329 4471 quibus
3363 4412 3419 4459 et
3452 4403 3537 4458 ubi
3571 4400 3745 4472 jusserit

2180 4486 2459 4553 dominus,
2505 4485 2852 4543 distribuunt.
2879 4488 2995 4546 lloc
3020 4500 3074 4545 tu
3103 4507 3341 4565 quoque
3373 4496 3552 4550 facito.
3581 4493 3744 4549 Etenim

2179 4578 2430 4647 accepisti
2476 4578 2628 4648 plura
2657 4579 2903 4644 cmteris,
2952 4594 3057 4636 non
3094 4590 3153 4637 ut
3199 4599 3273 4638 ea
3307 4586 3463 4645 solus
3487 4594 3743 4644 consumas,

2179 4670 2272 4725 sed
2304 4682 2360 4724 ut
2405 4685 2591 4726 eorum
2635 4673 2843 4728 castoris
2883 4673 3054 4729 bonus
3099 4674 3205 4730 fias
3237 4677 3609 4746 dispensator.

2247 4763 2473 4818 Lazarus
2500 4781 2655 4834 quare
2697 4765 2749 4819 in
2783 4766 2900 4821 sinu
2940 4766 3180 4823 Abralua.
3216 4800 3307 4829 -τ
3328 4771 3525 4841 Opera)
3567 4767 3742 4840 pretium

2176 4865 2352 4913 autem
2384 4857 2538 4913 fuerit
2571 4866 2626 4912 et
2663 4857 2793 4913 illud
2822 4859 3198 4926 considerare,
3234 4879 3416 4933 quam
3464 4863 3674 4918 tamdem
3701 4857 3746 4911 οδ

2175 4964 2388 5005 causam
2413 4963 2518 5004 non
2549 4948 2687 5019 apud
2712 4949 2872 5004 alium
2898 4950 3097 5020 justum
3126 4950 3444 5017 Lazarum,
3477 4954 3569 5008 sed
3596 4953 3640 5005 in
3663 4949 3741 5003 sint

2175 5041 2366 5097 viderit
2407 5039 2652 5095 Abrahrc.
2687 5039 2975 5109 Hospitalis
3001 5052 3115 5096 erat
3149 5042 3502 5107 Abraham;
3542 5054 3598 5100 ut
3637 5041 3744 5108 igitur

2175 5133 2520 5203 redarguatur
2543 5131 2718 5186 divitis
2745 5130 3165 5200 inhospitalitas,
3204 5145 3515 5205 pmpterea
3544 5136 3737 5188 Lazarus

2173 5239 2293 5278 cum
2324 5224 2413 5278 illo
2437 5222 2600 5278 videt.
2637 5221 2730 5276 Ille
2767 5218 2926 5277 etiam
2957 5231 3376 5291 pmtereuntes
3408 5224 3741 5283 vettabawr.d

2172 5313 2227 5367 in
2264 5313 2477 5368 domum
2528 5311 2867 5382 pertrahebat
2907 5328 3059 5367 suam
3091 5331 3103 5366 :
3136 5312 3239 5370 hic
3288 5332 3435 5373 vero
3464 5319 3618 5373 etiam
3651 5314 3738 5365 iatn

2171 5403 2386 5457 domum
2411 5401 2678 5472 jaceutem
2704 5401 2976 5471 despexit,
3005 5417 3251 5473 cumque
3286 5407 3466 5464 talem
3494 5408 3746 5462 thesaurum

2173 5492 2410 5560 haberet,
2433 5502 2487 5548 et
2507 5492 2689 5550 salutis
2711 5493 2957 5562 parandae
2984 5494 3307 5564 materiam,
3340 5499 3646 5568 praeteribat
3663 5504 3748 5560 «ιω

2174 5584 2298 5639 tidie
2318 5626 2332 5649 ,
2365 5598 2462 5638 nec
2490 5584 2540 5638 in
2571 5583 2712 5654 quod
2738 5585 3019 5652 Oportebat
3042 5598 3169 5641 usus
3201 5597 3303 5643 est
3335 5590 3598 5662 pauperis
3621 5595 3753 5656 pws-

2174 5675 2331 5731 cinio.
2376 5677 2444 5730 At
2484 5689 2589 5729 non
2624 5675 2693 5730 ita
2732 5674 3064 5745 patriarcha,
3092 5676 3194 5735 sed
3228 5681 3436 5737 omnia
3463 5692 3656 5739 contra.
3681 5666 3756 5723 Ρτο
