  <div class='ocr_page' id='page_1' title='image "/cluster/home/n/w/nwhite01/storage/ocr_20150623/48/hvd.32044073501892/466.png"; bbox 0 0 4018 6190; ppageno 0'>
   <div class='ocr_carea' id='block_1_1' title="bbox 260 272 437 358">
    <p class='ocr_par' dir='ltr' id='par_1_1' title="bbox 260 272 437 358">
     <span class='ocr_line' id='line_1_1' title="bbox 260 272 437 358; baseline -0.034 -1"><span class='ocrx_word' id='word_1_1' title='bbox 260 290 267 297; x_wconf 81' lang='grc'><em>’</em></span> <span class='ocrx_word' id='word_1_2' title='bbox 336 272 437 358; x_wconf 66' lang='lat'>931</span> 
     </span>
    </p>
   </div>
   <div class='ocr_carea' id='block_1_2' title="bbox 334 410 1565 484">
    <p class='ocr_par' dir='ltr' id='par_1_2' title="bbox 334 410 1565 484">
     <span class='ocr_line' id='line_1_2' title="bbox 334 410 1565 484; baseline -0.006 -16"><span class='ocrx_word' id='word_1_3' title='bbox 334 415 480 484; x_wconf 76' lang='grc' dir='ltr'>ζωῆς</span> <span class='ocrx_word' id='word_1_4' title='bbox 505 411 716 483; x_wconf 78' lang='grc' dir='ltr'>ἐξῆλθε,</span> <span class='ocrx_word' id='word_1_5' title='bbox 746 413 837 465; x_wconf 88' lang='lat' dir='ltr'><strong>zeal</strong></span> <span class='ocrx_word' id='word_1_6' title='bbox 858 411 919 465; x_wconf 78' lang='grc' dir='ltr'>τὸ</span> <span class='ocrx_word' id='word_1_7' title='bbox 944 415 1281 484; x_wconf 85' lang='grc' dir='ltr'>προσωπεῖον</span> <span class='ocrx_word' id='word_1_8' title='bbox 1314 410 1565 472; x_wconf 82' lang='grc' dir='ltr'>ἀπέθετο,</span> 
     </span>
    </p>
   </div>
   <div class='ocr_carea' id='block_1_3' title="bbox 333 490 1909 567">
    <p class='ocr_par' dir='ltr' id='par_1_3' title="bbox 333 490 1909 567">
     <span class='ocr_line' id='line_1_3' title="bbox 333 490 1909 567; baseline -0.005 -16"><span class='ocrx_word' id='word_1_9' title='bbox 333 515 442 551; x_wconf 89' lang='grc' dir='ltr'>των</span> <span class='ocrx_word' id='word_1_10' title='bbox 477 499 593 549; x_wconf 67' lang='grc' dir='ltr'>ἐκεῖ</span> <span class='ocrx_word' id='word_1_11' title='bbox 620 495 940 567; x_wconf 83' lang='grc' dir='ltr'>πενέστερος</span> <span class='ocrx_word' id='word_1_12' title='bbox 970 494 1067 562; x_wconf 84' lang='grc' dir='ltr'>ῶν,</span> <span class='ocrx_word' id='word_1_13' title='bbox 1110 497 1205 548; x_wconf 78' lang='grc' dir='ltr'>καὶ</span> <span class='ocrx_word' id='word_1_14' title='bbox 1256 494 1399 549; x_wconf 84' lang='grc' dir='ltr'>οὐτω</span> <span class='ocrx_word' id='word_1_15' title='bbox 1444 493 1631 563; x_wconf 88' lang='grc' dir='ltr'>πένης,</span> <span class='ocrx_word' id='word_1_16' title='bbox 1670 491 1745 555; x_wconf 83' lang='grc' dir='ltr'>ὡς</span> <span class='ocrx_word' id='word_1_17' title='bbox 1776 490 1909 562; x_wconf 79' lang='grc' dir='ltr'>μηδὲ</span> 
     </span>
    </p>
   </div>
   <div class='ocr_carea' id='block_1_4' title="bbox 336 573 1912 649">
    <p class='ocr_par' dir='ltr' id='par_1_4' title="bbox 336 573 1912 649">
     <span class='ocr_line' id='line_1_4' title="bbox 336 573 1912 649; baseline -0.003 -19"><span class='ocrx_word' id='word_1_18' title='bbox 336 579 592 648; x_wconf 80' lang='grc' dir='ltr'>σταγόνος</span> <span class='ocrx_word' id='word_1_19' title='bbox 619 577 811 641; x_wconf 83' lang='grc' dir='ltr'>ὓδατος</span> <span class='ocrx_word' id='word_1_20' title='bbox 834 573 970 632; x_wconf 81' lang='grc' dir='ltr'>εἶναι</span> <span class='ocrx_word' id='word_1_21' title='bbox 992 577 1198 649; x_wconf 85' lang='grc' dir='ltr'>κύριος,</span> <span class='ocrx_word' id='word_1_22' title='bbox 1223 576 1338 632; x_wconf 76' lang='grc' dir='ltr'>ἀλλ’</span> <span class='ocrx_word' id='word_1_23' title='bbox 1362 579 1500 647; x_wconf 78' lang='grc' dir='ltr'>ὑπὲρ</span> <span class='ocrx_word' id='word_1_24' title='bbox 1521 574 1723 644; x_wconf 82' lang='grc' dir='ltr'>ταύτης</span> <span class='ocrx_word' id='word_1_25' title='bbox 1743 591 1912 646; x_wconf 92' lang='grc' dir='ltr'>προσ-</span> 
     </span>
    </p>
   </div>
   <div class='ocr_carea' id='block_1_5' title="bbox 334 654 1910 731">
    <p class='ocr_par' dir='ltr' id='par_1_5' title="bbox 334 654 1910 731">
     <span class='ocr_line' id='line_1_5' title="bbox 334 654 1910 731; baseline -0.004 -17"><span class='ocrx_word' id='word_1_26' title='bbox 334 663 526 723; x_wconf 84' lang='grc' dir='ltr'>αιτεῖν,</span> <span class='ocrx_word' id='word_1_27' title='bbox 559 661 653 714; x_wconf 76' lang='grc' dir='ltr'>καὶ</span> <span class='ocrx_word' id='word_1_28' title='bbox 704 661 825 731; x_wconf 84' lang='grc' dir='ltr'>μηδ’</span> <span class='ocrx_word' id='word_1_29' title='bbox 851 660 1020 730; x_wconf 82' lang='grc' dir='ltr'>αὐτῆς</span> <span class='ocrx_word' id='word_1_30' title='bbox 1071 662 1345 730; x_wconf 76' lang='grc' dir='ltr'>ἐπιτυχεῖν</span> <span class='ocrx_word' id='word_1_31' title='bbox 1392 659 1489 728; x_wconf 80' lang='grc' dir='ltr'>τῆς</span> <span class='ocrx_word' id='word_1_32' title='bbox 1532 659 1818 727; x_wconf 80' lang='grc' dir='ltr'>αἰτήσεως.</span> <span class='ocrx_word' id='word_1_33' title='bbox 1845 654 1910 708; x_wconf 89' lang='grc' dir='ltr'>Τί</span> 
     </span>
    </p>
   </div>
   <div class='ocr_carea' id='block_1_6' title="bbox 333 739 1909 815">
    <p class='ocr_par' dir='ltr' id='par_1_6' title="bbox 333 739 1909 815">
     <span class='ocr_line' id='line_1_6' title="bbox 333 739 1909 815; baseline -0.003 -22"><span class='ocrx_word' id='word_1_34' title='bbox 333 744 538 812; x_wconf 78' lang='grc' dir='ltr'>ταύτης</span> <span class='ocrx_word' id='word_1_35' title='bbox 566 743 666 812; x_wconf 82' lang='grc' dir='ltr'>τῆς</span> <span class='ocrx_word' id='word_1_36' title='bbox 695 742 883 805; x_wconf 82' lang='grc' dir='ltr'>πενίας</span> <span class='ocrx_word' id='word_1_37' title='bbox 915 743 1237 815; x_wconf 87' lang='grc' dir='ltr'>πενέστερον</span> <span class='ocrx_word' id='word_1_38' title='bbox 1264 743 1460 812; x_wconf 82' lang='grc' dir='ltr'>γένοιτ’</span> <span class='ocrx_word' id='word_1_39' title='bbox 1486 740 1582 806; x_wconf 71' lang='lat' dir='ltr'><strong>av;</strong></span> <span class='ocrx_word' id='word_1_40' title='bbox 1612 739 1723 793; x_wconf 92' lang='lat' dir='ltr'>Kal</span> <span class='ocrx_word' id='word_1_41' title='bbox 1747 739 1909 792; x_wconf 80' lang='grc' dir='ltr'>ἄκουε</span> 
     </span>
    </p>
   </div>
   <div class='ocr_carea' id='block_1_7' title="bbox 335 821 1910 897">
    <p class='ocr_par' dir='ltr' id='par_1_7' title="bbox 335 821 1910 897">
     <span class='ocr_line' id='line_1_7' title="bbox 335 821 1910 897; baseline -0.003 -19"><span class='ocrx_word' id='word_1_42' title='bbox 335 828 484 891; x_wconf 84' lang='grc' dir='ltr'>πῶς·</span> <span class='ocrx_word' id='word_1_43' title='bbox 519 826 729 896; x_wconf 75' lang='grc' dir='ltr'>ἐπάρας</span> <span class='ocrx_word' id='word_1_44' title='bbox 763 825 870 897; x_wconf 78' lang='grc' dir='ltr'>γὰρ</span> <span class='ocrx_word' id='word_1_45' title='bbox 903 828 1028 888; x_wconf 80' lang='grc' dir='ltr'>τοὺς</span> <span class='ocrx_word' id='word_1_46' title='bbox 1053 826 1366 897; x_wconf 78' lang='grc' dir='ltr'>ὀφθαλμοὺς</span> <span class='ocrx_word' id='word_1_47' title='bbox 1398 824 1584 889; x_wconf 81' lang='grc' dir='ltr'>αὐτοῦ,</span> <span class='ocrx_word' id='word_1_48' title='bbox 1610 822 1743 895; x_wconf 81' lang='grc' dir='ltr'>φησὶ</span> <span class='ocrx_word' id='word_1_49' title='bbox 1774 821 1910 891; x_wconf 68' lang='grc' dir='ltr'>πρὸς</span> 
     </span>
    </p>
   </div>
   <div class='ocr_carea' id='block_1_8' title="bbox 332 904 1909 980">
    <p class='ocr_par' dir='ltr' id='par_1_8' title="bbox 332 904 1909 980">
     <span class='ocr_line' id='line_1_8' title="bbox 332 904 1909 980; baseline -0.003 -18"><span class='ocrx_word' id='word_1_50' title='bbox 332 911 424 962; x_wconf 72' lang='grc' dir='ltr'>τὸν</span> <span class='ocrx_word' id='word_1_51' title='bbox 449 909 698 980; x_wconf 73' lang='grc' dir='ltr'>Ἁϐραάμ</span> <span class='ocrx_word' id='word_1_52' title='bbox 714 928 727 940; x_wconf 90' lang='grc'><strong>·</strong></span> <span class='ocrx_word' id='word_1_53' title='bbox 749 909 957 977; x_wconf 79' lang='grc' dir='ltr'>Πάτερ,</span> <span class='ocrx_word' id='word_1_54' title='bbox 974 910 1239 975; x_wconf 73' lang='grc' dir='ltr'>ἐλεήσόν</span> <span class='ocrx_word' id='word_1_55' title='bbox 1251 928 1347 979; x_wconf 85' lang='grc' dir='ltr'>με,</span> <span class='ocrx_word' id='word_1_56' title='bbox 1372 910 1470 963; x_wconf 81' lang='grc' dir='ltr'>καὶ</span> <span class='ocrx_word' id='word_1_57' title='bbox 1498 908 1742 977; x_wconf 71' lang='grc' dir='ltr'>πέμψον</span> <span class='ocrx_word' id='word_1_58' title='bbox 1759 904 1909 977; x_wconf 61' lang='grc' dir='ltr'>[Ἱδὲ]</span> 
     </span>
    </p>
   </div>
   <div class='ocr_carea' id='block_1_9' title="bbox 334 991 1911 1061">
    <p class='ocr_par' dir='ltr' id='par_1_9' title="bbox 334 991 1911 1061">
     <span class='ocr_line' id='line_1_9' title="bbox 334 991 1911 1061; baseline -0.001 -14"><span class='ocrx_word' id='word_1_59' title='bbox 334 993 620 1059; x_wconf 75' lang='grc' dir='ltr'>Λάζαρον,</span> <span class='ocrx_word' id='word_1_60' title='bbox 659 994 759 1047; x_wconf 73' lang='grc' dir='ltr'>ἵνα</span> <span class='ocrx_word' id='word_1_61' title='bbox 796 992 974 1061; x_wconf 67' lang='grc' dir='ltr'>,ϐάψῃ</span> <span class='ocrx_word' id='word_1_62' title='bbox 1017 994 1082 1046; x_wconf 84' lang='grc' dir='ltr'>τὸ</span> <span class='ocrx_word' id='word_1_63' title='bbox 1122 993 1308 1061; x_wconf 77' lang='grc' dir='ltr'>ἄκρον</span> <span class='ocrx_word' id='word_1_64' title='bbox 1335 993 1439 1047; x_wconf 86' lang='grc' dir='ltr'>τοῦ</span> <span class='ocrx_word' id='word_1_65' title='bbox 1474 992 1776 1045; x_wconf 75' lang='grc' dir='ltr'>δακτύλου</span> <span class='ocrx_word' id='word_1_66' title='bbox 1805 991 1911 1046; x_wconf 85' lang='grc' dir='ltr'>αὑ-</span> 
     </span>
    </p>
   </div>
   <div class='ocr_carea' id='block_1_10' title="bbox 331 1074 1911 1144">
    <p class='ocr_par' dir='ltr' id='par_1_10' title="bbox 331 1074 1911 1144">
     <span class='ocr_line' id='line_1_10' title="bbox 331 1074 1911 1144; baseline -0.001 -16"><span class='ocrx_word' id='word_1_67' title='bbox 331 1076 442 1129; x_wconf 79' lang='grc' dir='ltr'>τοῦ</span> <span class='ocrx_word' id='word_1_68' title='bbox 476 1075 712 1142; x_wconf 80' lang='grc' dir='ltr'>ὕδατος,</span> <span class='ocrx_word' id='word_1_69' title='bbox 748 1075 846 1129; x_wconf 76' lang='grc' dir='ltr'>καί</span> <span class='ocrx_word' id='word_1_70' title='bbox 887 1075 1185 1144; x_wconf 76' lang='grc' dir='ltr'>ἐπιστὰξῃ</span> <span class='ocrx_word' id='word_1_71' title='bbox 1213 1075 1291 1141; x_wconf 82' lang='grc' dir='ltr'>τῷ</span> <span class='ocrx_word' id='word_1_72' title='bbox 1321 1075 1573 1144; x_wconf 80' lang='grc' dir='ltr'>στόματί</span> <span class='ocrx_word' id='word_1_73' title='bbox 1590 1074 1911 1144; x_wconf 77' lang='grc' dir='ltr'>μου.⁹ορᾷς</span> 
     </span>
    </p>
   </div>
   <div class='ocr_carea' id='block_1_11' title="bbox 333 1156 1911 1228">
    <p class='ocr_par' dir='ltr' id='par_1_11' title="bbox 333 1156 1911 1228">
     <span class='ocr_line' id='line_1_11' title="bbox 333 1156 1911 1228; baseline -0.002 -18"><span class='ocrx_word' id='word_1_74' title='bbox 333 1159 501 1211; x_wconf 78' lang='grc' dir='ltr'>πόσον</span> <span class='ocrx_word' id='word_1_75' title='bbox 526 1159 672 1211; x_wconf 74' lang='grc' dir='ltr'>ἐστὶν</span> <span class='ocrx_word' id='word_1_76' title='bbox 724 1159 756 1227; x_wconf 88' lang='grc' dir='ltr'>ή</span> <span class='ocrx_word' id='word_1_77' title='bbox 801 1156 1011 1225; x_wconf 76' lang='grc' dir='ltr'>θλῖψις;</span> <span class='ocrx_word' id='word_1_78' title='bbox 1040 1158 1276 1228; x_wconf 78' lang='grc' dir='ltr'>Πλησίον</span> <span class='ocrx_word' id='word_1_79' title='bbox 1300 1158 1429 1211; x_wconf 78' lang='grc' dir='ltr'>ὄντα</span> <span class='ocrx_word' id='word_1_80' title='bbox 1460 1158 1787 1228; x_wconf 83' lang='grc' dir='ltr'>παρέτρεχε,</span> <span class='ocrx_word' id='word_1_81' title='bbox 1816 1156 1911 1208; x_wconf 87' lang='lat' dir='ltr'><strong>zeal</strong></span> 
     </span>
    </p>
   </div>
   <div class='ocr_carea' id='block_1_12' title="bbox 333 1237 1910 1312">
    <p class='ocr_par' dir='ltr' id='par_1_12' title="bbox 333 1237 1910 1312">
     <span class='ocr_line' id='line_1_12' title="bbox 333 1237 1910 1312; baseline -0.002 -19"><span class='ocrx_word' id='word_1_82' title='bbox 333 1242 526 1312; x_wconf 72' lang='grc' dir='ltr'>πόρρω</span> <span class='ocrx_word' id='word_1_83' title='bbox 556 1256 618 1308; x_wconf 88' lang='grc' dir='ltr'>γε</span> <span class='ocrx_word' id='word_1_84' title='bbox 649 1240 775 1294; x_wconf 75' lang='grc' dir='ltr'>ὄντα</span> <span class='ocrx_word' id='word_1_85' title='bbox 795 1240 948 1293; x_wconf 86' lang='grc' dir='ltr'>καλεῖ</span> <span class='ocrx_word' id='word_1_86' title='bbox 966 1240 1060 1294; x_wconf 77' lang='grc' dir='ltr'>νῦν</span> <span class='ocrx_word' id='word_1_87' title='bbox 1081 1257 1095 1273; x_wconf 81' lang='grc' dir='ltr'><strong><em>ο</em></strong></span> <span class='ocrx_word' id='word_1_88' title='bbox 1136 1241 1195 1293; x_wconf 84' lang='grc' dir='ltr'>ὃν</span> <span class='ocrx_word' id='word_1_89' title='bbox 1236 1240 1494 1304; x_wconf 83' lang='grc' dir='ltr'>πολλάκις</span> <span class='ocrx_word' id='word_1_90' title='bbox 1514 1238 1697 1293; x_wconf 87' lang='grc' dir='ltr'>είσιών</span> <span class='ocrx_word' id='word_1_91' title='bbox 1717 1255 1777 1291; x_wconf 92' lang='grc' dir='ltr'>τε</span> <span class='ocrx_word' id='word_1_92' title='bbox 1815 1237 1910 1291; x_wconf 83' lang='lat' dir='ltr'><strong>zeal</strong></span> 
     </span>
    </p>
   </div>
   <div class='ocr_carea' id='block_1_13' title="bbox 332 1320 1910 1394">
    <p class='ocr_par' dir='ltr' id='par_1_13' title="bbox 332 1320 1910 1394">
     <span class='ocr_line' id='line_1_13' title="bbox 332 1320 1910 1394; baseline -0.001 -19"><span class='ocrx_word' id='word_1_93' title='bbox 332 1324 492 1390; x_wconf 77' lang='grc' dir='ltr'>ἐξιὼν</span> <span class='ocrx_word' id='word_1_94' title='bbox 512 1324 609 1393; x_wconf 84' lang='grc' dir='ltr'>οὐχ</span> <span class='ocrx_word' id='word_1_95' title='bbox 636 1323 802 1393; x_wconf 80' lang='grc' dir='ltr'>ἐώρα,</span> <span class='ocrx_word' id='word_1_96' title='bbox 825 1321 1010 1375; x_wconf 78' lang='grc' dir='ltr'>τοῦτον</span> <span class='ocrx_word' id='word_1_97' title='bbox 1045 1324 1314 1393; x_wconf 76' lang='grc' dir='ltr'>μακρόθεν</span> <span class='ocrx_word' id='word_1_98' title='bbox 1341 1323 1470 1376; x_wconf 78' lang='grc' dir='ltr'>ὅντα</span> <span class='ocrx_word' id='word_1_99' title='bbox 1494 1323 1611 1393; x_wconf 75' lang='grc' dir='ltr'>μετ’</span> <span class='ocrx_word' id='word_1_100' title='bbox 1629 1320 1910 1394; x_wconf 84' lang='grc' dir='ltr'>ἀκριϐείας</span> 
     </span>
    </p>
   </div>
   <div class='ocr_carea' id='block_1_14' title="bbox 334 1403 1910 1476">
    <p class='ocr_par' dir='ltr' id='par_1_14' title="bbox 334 1403 1910 1476">
     <span class='ocr_line' id='line_1_14' title="bbox 334 1403 1910 1476; baseline -0.001 -20"><span class='ocrx_word' id='word_1_101' title='bbox 334 1406 542 1474; x_wconf 81' lang='grc' dir='ltr'>βλέπει.</span> <span class='ocrx_word' id='word_1_102' title='bbox 573 1404 726 1468; x_wconf 82' lang='grc' dir='ltr'>Τίνος</span> <span class='ocrx_word' id='word_1_103' title='bbox 765 1405 821 1457; x_wconf 86' lang='grc' dir='ltr'>δέ</span> <span class='ocrx_word' id='word_1_104' title='bbox 859 1405 1043 1457; x_wconf 72' lang='grc' dir='ltr'>ἕνεκεν</span> <span class='ocrx_word' id='word_1_105' title='bbox 1080 1406 1240 1457; x_wconf 69' lang='grc' dir='ltr'>αὐτὸν</span> <span class='ocrx_word' id='word_1_106' title='bbox 1286 1406 1421 1476; x_wconf 78' lang='grc' dir='ltr'>ὁρᾷ;</span> <span class='ocrx_word' id='word_1_107' title='bbox 1469 1403 1733 1467; x_wconf 80' lang='grc' dir='ltr'>Πολλάκις</span> <span class='ocrx_word' id='word_1_108' title='bbox 1781 1404 1910 1465; x_wconf 85' lang='grc' dir='ltr'>ίσως</span> 
     </span>
    </p>
   </div>
   <div class='ocr_carea' id='block_1_15' title="bbox 331 1480 1909 1558">
    <p class='ocr_par' dir='ltr' id='par_1_15' title="bbox 331 1480 1909 1558">
     <span class='ocr_line' id='line_1_15' title="bbox 331 1480 1909 1558; baseline -0.003 -16"><span class='ocrx_word' id='word_1_109' title='bbox 331 1486 489 1542; x_wconf 80' lang='grc' dir='ltr'>εἶπεν</span> <span class='ocrx_word' id='word_1_110' title='bbox 517 1491 546 1542; x_wconf 97' lang='lat'>6</span> <span class='ocrx_word' id='word_1_111' title='bbox 578 1488 829 1550; x_wconf 86' lang='grc' dir='ltr'>πλούσιος</span> <span class='ocrx_word' id='word_1_112' title='bbox 861 1480 1046 1550; x_wconf 73' lang='grc' dir='ltr'>οὗτος·</span> <span class='ocrx_word' id='word_1_113' title='bbox 1069 1486 1122 1539; x_wconf 90' lang='grc' dir='ltr'>τί</span> <span class='ocrx_word' id='word_1_114' title='bbox 1155 1504 1242 1557; x_wconf 88' lang='grc' dir='ltr'>μοι</span> <span class='ocrx_word' id='word_1_115' title='bbox 1269 1487 1550 1549; x_wconf 87' lang='grc' dir='ltr'>εὐλαϐείας</span> <span class='ocrx_word' id='word_1_116' title='bbox 1585 1487 1677 1540; x_wconf 77' lang='lat' dir='ltr'><strong>zeal</strong></span> <span class='ocrx_word' id='word_1_117' title='bbox 1707 1485 1909 1558; x_wconf 78' lang='grc' dir='ltr'>ἀρετῆς</span> 
     </span>
    </p>
   </div>
   <div class='ocr_carea' id='block_1_16' title="bbox 331 1567 1908 1640">
    <p class='ocr_par' dir='ltr' id='par_1_16' title="bbox 331 1567 1908 1640">
     <span class='ocr_line' id='line_1_16' title="bbox 331 1567 1908 1640; baseline -0.002 -18"><span class='ocrx_word' id='word_1_118' title='bbox 331 1571 523 1640; x_wconf 86' lang='grc' dir='ltr'>χρεία;</span> <span class='ocrx_word' id='word_1_119' title='bbox 550 1570 728 1623; x_wconf 87' lang='grc' dir='ltr'>πάντα</span> <span class='ocrx_word' id='word_1_120' title='bbox 757 1586 846 1639; x_wconf 87' lang='grc' dir='ltr'>μοι</span> <span class='ocrx_word' id='word_1_121' title='bbox 873 1568 1124 1639; x_wconf 84' lang='grc' dir='ltr'>καθάπερ</span> <span class='ocrx_word' id='word_1_122' title='bbox 1149 1571 1211 1620; x_wconf 83' lang='grc' dir='ltr'>ὲκ</span> <span class='ocrx_word' id='word_1_123' title='bbox 1237 1568 1426 1640; x_wconf 87' lang='grc' dir='ltr'>πηγῶν</span> <span class='ocrx_word' id='word_1_124' title='bbox 1449 1570 1683 1640; x_wconf 76' lang='grc' dir='ltr'>ἐπιρρεῖ,</span> <span class='ocrx_word' id='word_1_125' title='bbox 1707 1567 1908 1636; x_wconf 82' lang='grc' dir='ltr'>πολλῆς</span> 
     </span>
    </p>
   </div>
   <div class='ocr_carea' id='block_1_17' title="bbox 328 1650 1907 1722">
    <p class='ocr_par' dir='ltr' id='par_1_17' title="bbox 328 1650 1907 1722">
     <span class='ocr_line' id='line_1_17' title="bbox 328 1650 1907 1722; baseline -0.003 -16"><span class='ocrx_word' id='word_1_126' title='bbox 328 1652 592 1706; x_wconf 83' lang='grc' dir='ltr'>ἀπολαύω</span> <span class='ocrx_word' id='word_1_127' title='bbox 619 1653 721 1722; x_wconf 84' lang='grc' dir='ltr'>τῆς</span> <span class='ocrx_word' id='word_1_128' title='bbox 748 1650 1031 1721; x_wconf 86' lang='grc' dir='ltr'>ἀφθονίας,</span> <span class='ocrx_word' id='word_1_129' title='bbox 1060 1651 1259 1722; x_wconf 83' lang='grc' dir='ltr'>πολλῆς</span> <span class='ocrx_word' id='word_1_130' title='bbox 1288 1651 1387 1720; x_wconf 83' lang='grc' dir='ltr'>τῆς</span> <span class='ocrx_word' id='word_1_131' title='bbox 1407 1651 1724 1722; x_wconf 77' lang='grc' dir='ltr'>εὐημερίας,</span> <span class='ocrx_word' id='word_1_132' title='bbox 1756 1650 1907 1702; x_wconf 78' lang='grc' dir='ltr'>οὐδὲν</span> 
     </span>
    </p>
   </div>
   <div class='ocr_carea' id='block_1_18' title="bbox 330 1731 1907 1803">
    <p class='ocr_par' dir='ltr' id='par_1_18' title="bbox 330 1731 1907 1803">
     <span class='ocr_line' id='line_1_18' title="bbox 330 1731 1907 1803; baseline -0.004 -16"><span class='ocrx_word' id='word_1_133' title='bbox 330 1735 591 1802; x_wconf 77' lang='grc' dir='ltr'>ὑπομένω</span> <span class='ocrx_word' id='word_1_134' title='bbox 608 1734 717 1788; x_wconf 87' lang='grc' dir='ltr'>τῶν</span> <span class='ocrx_word' id='word_1_135' title='bbox 744 1732 1021 1803; x_wconf 83' lang='grc' dir='ltr'>ἀδοκήτων</span> <span class='ocrx_word' id='word_1_136' title='bbox 1042 1749 1056 1764; x_wconf 74' lang='grc' dir='ltr'><strong><em>ο</em></strong></span> <span class='ocrx_word' id='word_1_137' title='bbox 1082 1733 1226 1797; x_wconf 86' lang='grc' dir='ltr'>τίνος</span> <span class='ocrx_word' id='word_1_138' title='bbox 1240 1734 1401 1786; x_wconf 81' lang='grc' dir='ltr'>’ἑνεκα</span> <span class='ocrx_word' id='word_1_139' title='bbox 1424 1733 1757 1803; x_wconf 80' lang='grc' dir='ltr'>μετέρχομαι</span> <span class='ocrx_word' id='word_1_140' title='bbox 1779 1731 1907 1797; x_wconf 88' lang='grc' dir='ltr'>ἀρε-</span> 
     </span>
    </p>
   </div>
   <div class='ocr_carea' id='block_1_19' title="bbox 329 1811 1903 1888">
    <p class='ocr_par' dir='ltr' id='par_1_19' title="bbox 329 1811 1903 1888">
     <span class='ocr_line' id='line_1_19' title="bbox 329 1811 1903 1888; baseline -0.003 -19"><span class='ocrx_word' id='word_1_141' title='bbox 329 1818 471 1888; x_wconf 84' lang='grc' dir='ltr'>τήν;</span> <span class='ocrx_word' id='word_1_142' title='bbox 501 1811 671 1879; x_wconf 74' lang='grc' dir='ltr'>Οὗτος,</span> <span class='ocrx_word' id='word_1_143' title='bbox 695 1817 723 1869; x_wconf 90' lang='grc' dir='ltr'>ό</span> <span class='ocrx_word' id='word_1_144' title='bbox 754 1815 920 1887; x_wconf 80' lang='grc' dir='ltr'>πένης</span> <span class='ocrx_word' id='word_1_145' title='bbox 951 1818 1009 1869; x_wconf 86' lang='grc' dir='ltr'>ἐν</span> <span class='ocrx_word' id='word_1_146' title='bbox 1036 1814 1350 1886; x_wconf 82' lang='grc' dir='ltr'>δικαιοσύνῃ</span> <span class='ocrx_word' id='word_1_147' title='bbox 1378 1815 1472 1867; x_wconf 88' lang='lat' dir='ltr'><strong>zeal</strong></span> <span class='ocrx_word' id='word_1_148' title='bbox 1503 1813 1754 1883; x_wconf 76' lang='grc' dir='ltr'>εὐσεϐείᾳ</span> <span class='ocrx_word' id='word_1_149' title='bbox 1776 1811 1903 1876; x_wconf 79' lang='grc' dir='ltr'>ζῶν,</span> 
     </span>
    </p>
   </div>
   <div class='ocr_carea' id='block_1_20' title="bbox 334 1895 1909 1969">
    <p class='ocr_par' dir='ltr' id='par_1_20' title="bbox 334 1895 1909 1969">
     <span class='ocr_line' id='line_1_20' title="bbox 334 1895 1909 1969; baseline -0.001 -18"><span class='ocrx_word' id='word_1_150' title='bbox 334 1899 512 1969; x_wconf 87' lang='grc' dir='ltr'>μυρία</span> <span class='ocrx_word' id='word_1_151' title='bbox 537 1898 733 1969; x_wconf 81' lang='grc' dir='ltr'>πάσχει</span> <span class='ocrx_word' id='word_1_152' title='bbox 753 1898 919 1954; x_wconf 81' lang='grc' dir='ltr'>δεινά.</span> <span class='ocrx_word' id='word_1_153' title='bbox 952 1897 1138 1952; x_wconf 82' lang='grc' dir='ltr'>Ταῦτα</span> <span class='ocrx_word' id='word_1_154' title='bbox 1159 1898 1222 1968; x_wconf 88' lang='grc' dir='ltr'>δὴ</span> <span class='ocrx_word' id='word_1_155' title='bbox 1252 1897 1440 1951; x_wconf 75' lang='grc' dir='ltr'>πολλοὶ</span> <span class='ocrx_word' id='word_1_156' title='bbox 1459 1896 1554 1950; x_wconf 85' lang='lat' dir='ltr'><strong>zeal</strong></span> <span class='ocrx_word' id='word_1_157' title='bbox 1582 1896 1678 1950; x_wconf 81' lang='grc' dir='ltr'>νῦν</span> <span class='ocrx_word' id='word_1_158' title='bbox 1710 1895 1909 1949; x_wconf 87' lang='grc' dir='ltr'>πολλά-</span> 
     </span>
    </p>
   </div>
   <div class='ocr_carea' id='block_1_21' title="bbox 331 1976 1909 2053">
    <p class='ocr_par' dir='ltr' id='par_1_21' title="bbox 331 1976 1909 2053">
     <span class='ocr_line' id='line_1_21' title="bbox 331 1976 1909 2053; baseline -0.002 -21"><span class='ocrx_word' id='word_1_159' title='bbox 331 1999 424 2044; x_wconf 87' lang='grc' dir='ltr'>κις</span> <span class='ocrx_word' id='word_1_160' title='bbox 446 1982 708 2049; x_wconf 88' lang='grc' dir='ltr'>λέγουσιν.</span> <span class='ocrx_word' id='word_1_161' title='bbox 734 1981 831 2034; x_wconf 83' lang='grc' dir='ltr'>’⁸Ιν’</span> <span class='ocrx_word' id='word_1_162' title='bbox 866 1976 959 2034; x_wconf 82' lang='grc' dir='ltr'>οὖν</span> <span class='ocrx_word' id='word_1_163' title='bbox 986 1980 1258 2053; x_wconf 71' lang='grc' dir='ltr'>πρόρριζα</span> <span class='ocrx_word' id='word_1_164' title='bbox 1289 1979 1459 2033; x_wconf 75' lang='grc' dir='ltr'>ταῦτα</span> <span class='ocrx_word' id='word_1_165' title='bbox 1487 1976 1808 2048; x_wconf 79' lang='grc' dir='ltr'>ἀνασπασθῇ</span> <span class='ocrx_word' id='word_1_166' title='bbox 1838 1977 1909 2030; x_wconf 82' lang='grc' dir='ltr'>τά</span> 
     </span>
    </p>
   </div>
   <div class='ocr_carea' id='block_1_22' title="bbox 332 2060 1910 2134">
    <p class='ocr_par' dir='ltr' id='par_1_22' title="bbox 332 2060 1910 2134">
     <span class='ocr_line' id='line_1_22' title="bbox 332 2060 1910 2134; baseline -0.003 -18"><span class='ocrx_word' id='word_1_167' title='bbox 332 2064 483 2116; x_wconf 86' lang='grc' dir='ltr'>κακά</span> <span class='ocrx_word' id='word_1_168' title='bbox 504 2063 768 2132; x_wconf 85' lang='grc' dir='ltr'>δόγματα,</span> <span class='ocrx_word' id='word_1_169' title='bbox 788 2063 1062 2117; x_wconf 87' lang='grc' dir='ltr'>δείκνυσιν</span> <span class='ocrx_word' id='word_1_170' title='bbox 1090 2062 1258 2134; x_wconf 80' lang='grc' dir='ltr'>αὐτῷ,</span> <span class='ocrx_word' id='word_1_171' title='bbox 1292 2063 1374 2116; x_wconf 78' lang='grc' dir='ltr'>ὅτι</span> <span class='ocrx_word' id='word_1_172' title='bbox 1402 2062 1496 2115; x_wconf 90' lang='lat' dir='ltr'><strong>zeal</strong></span> <span class='ocrx_word' id='word_1_173' title='bbox 1515 2064 1584 2132; x_wconf 83' lang='grc' dir='ltr'>τῇ</span> <span class='ocrx_word' id='word_1_174' title='bbox 1614 2060 1781 2130; x_wconf 81' lang='grc' dir='ltr'>κακίᾳ</span> <span class='ocrx_word' id='word_1_175' title='bbox 1819 2060 1910 2113; x_wconf 87' lang='grc' dir='ltr'>κό-</span> 
     </span>
    </p>
   </div>
   <div class='ocr_carea' id='block_1_23' title="bbox 333 2141 1907 2217">
    <p class='ocr_par' dir='ltr' id='par_1_23' title="bbox 333 2141 1907 2217">
     <span class='ocr_line' id='line_1_23' title="bbox 333 2141 1907 2217; baseline -0.004 -18"><span class='ocrx_word' id='word_1_176' title='bbox 333 2148 489 2208; x_wconf 64' lang='grc' dir='ltr'>λασις</span> <span class='ocrx_word' id='word_1_177' title='bbox 517 2149 713 2208; x_wconf 88' lang='grc' dir='ltr'>κεῖται,</span> <span class='ocrx_word' id='word_1_178' title='bbox 745 2146 839 2198; x_wconf 80' lang='lat' dir='ltr'><strong>zeal</strong></span> <span class='ocrx_word' id='word_1_179' title='bbox 873 2145 1005 2217; x_wconf 81' lang='grc' dir='ltr'>τιμὴ</span> <span class='ocrx_word' id='word_1_180' title='bbox 1034 2146 1128 2198; x_wconf 87' lang='lat' dir='ltr'><strong>zeal</strong></span> <span class='ocrx_word' id='word_1_181' title='bbox 1177 2145 1437 2213; x_wconf 83' lang='grc' dir='ltr'>στέφανος</span> <span class='ocrx_word' id='word_1_182' title='bbox 1466 2145 1578 2206; x_wconf 85' lang='grc' dir='ltr'>τοῖς</span> <span class='ocrx_word' id='word_1_183' title='bbox 1616 2141 1754 2212; x_wconf 82' lang='grc' dir='ltr'>ὑπὲρ</span> <span class='ocrx_word' id='word_1_184' title='bbox 1810 2142 1907 2211; x_wconf 81' lang='grc' dir='ltr'>τῆς</span> 
     </span>
    </p>
   </div>
   <div class='ocr_carea' id='block_1_24' title="bbox 330 2219 1905 2297">
    <p class='ocr_par' dir='ltr' id='par_1_24' title="bbox 330 2219 1905 2297">
     <span class='ocr_line' id='line_1_24' title="bbox 330 2219 1905 2297; baseline -0.003 -17"><span class='ocrx_word' id='word_1_185' title='bbox 330 2226 617 2290; x_wconf 85' lang='grc' dir='ltr'>εὐσεϐείας</span> <span class='ocrx_word' id='word_1_186' title='bbox 643 2227 844 2292; x_wconf 84' lang='grc' dir='ltr'>πόνοις.</span> <span class='ocrx_word' id='word_1_187' title='bbox 882 2227 956 2281; x_wconf 90' lang='grc' dir='ltr'>Οὐ</span> <span class='ocrx_word' id='word_1_188' title='bbox 983 2227 1072 2281; x_wconf 82' lang='grc' dir='ltr'>διὰ</span> <span class='ocrx_word' id='word_1_189' title='bbox 1098 2227 1328 2283; x_wconf 78' lang='grc' dir='ltr'>τοῦτοδὲ</span> <span class='ocrx_word' id='word_1_190' title='bbox 1369 2226 1530 2297; x_wconf 87' lang='grc' dir='ltr'>μόνον</span> <span class='ocrx_word' id='word_1_191' title='bbox 1552 2224 1712 2278; x_wconf 81' lang='grc' dir='ltr'>αὐτὸν</span> <span class='ocrx_word' id='word_1_192' title='bbox 1745 2219 1905 2289; x_wconf 76' lang='grc' dir='ltr'>εἶδεν,</span> 
     </span>
    </p>
   </div>
   <div class='ocr_carea' id='block_1_25' title="bbox 328 2304 1907 2381">
    <p class='ocr_par' dir='ltr' id='par_1_25' title="bbox 328 2304 1907 2381">
     <span class='ocr_line' id='line_1_25' title="bbox 328 2304 1907 2381; baseline -0.003 -18"><span class='ocrx_word' id='word_1_193' title='bbox 328 2309 449 2363; x_wconf 82' lang='grc' dir='ltr'>ἀλλ’</span> <span class='ocrx_word' id='word_1_194' title='bbox 480 2310 587 2372; x_wconf 89' lang='grc' dir='ltr'>ἴνα,</span> <span class='ocrx_word' id='word_1_195' title='bbox 621 2310 758 2380; x_wconf 84' lang='grc' dir='ltr'>ὅπερ</span> <span class='ocrx_word' id='word_1_196' title='bbox 780 2309 978 2363; x_wconf 80' lang='grc' dir='ltr'>ἔπαθεν</span> <span class='ocrx_word' id='word_1_197' title='bbox 1009 2312 1037 2363; x_wconf 89' lang='grc' dir='ltr'>ό</span> <span class='ocrx_word' id='word_1_198' title='bbox 1065 2309 1254 2381; x_wconf 86' lang='grc' dir='ltr'>πένης,</span> <span class='ocrx_word' id='word_1_199' title='bbox 1275 2308 1434 2362; x_wconf 78' lang='grc' dir='ltr'>τοῦτο</span> <span class='ocrx_word' id='word_1_200' title='bbox 1461 2308 1555 2361; x_wconf 75' lang='grc' dir='ltr'>καὶ</span> <span class='ocrx_word' id='word_1_201' title='bbox 1589 2309 1619 2360; x_wconf 89' lang='lat'>6</span> <span class='ocrx_word' id='word_1_202' title='bbox 1654 2304 1907 2369; x_wconf 90' lang='grc' dir='ltr'>πλούσιος</span> 
     </span>
    </p>
   </div>
   <div class='ocr_carea' id='block_1_26' title="bbox 330 2388 1906 2465">
    <p class='ocr_par' dir='ltr' id='par_1_26' title="bbox 330 2388 1906 2465">
     <span class='ocr_line' id='line_1_26' title="bbox 330 2388 1906 2465; baseline -0.004 -19"><span class='ocrx_word' id='word_1_203' title='bbox 330 2392 484 2465; x_wconf 86' lang='grc' dir='ltr'>πάθῃ</span> <span class='ocrx_word' id='word_1_204' title='bbox 512 2390 607 2446; x_wconf 78' lang='grc' dir='ltr'>νῦν</span> <span class='ocrx_word' id='word_1_205' title='bbox 641 2390 777 2463; x_wconf 82' lang='grc' dir='ltr'>μετά</span> <span class='ocrx_word' id='word_1_206' title='bbox 830 2391 1075 2462; x_wconf 76' lang='grc' dir='ltr'>μείζονος</span> <span class='ocrx_word' id='word_1_207' title='bbox 1119 2392 1219 2463; x_wconf 85' lang='grc' dir='ltr'>τῆς</span> <span class='ocrx_word' id='word_1_208' title='bbox 1263 2389 1590 2461; x_wconf 80' lang='grc' dir='ltr'>ὑπερϐολῆς.</span> <span class='ocrx_word' id='word_1_209' title='bbox 1643 2388 1906 2460; x_wconf 78' lang='grc' dir='ltr'>Καθάπερ</span> 
     </span>
    </p>
   </div>
   <div class='ocr_carea' id='block_1_27' title="bbox 327 2471 1905 2546">
    <p class='ocr_par' dir='ltr' id='par_1_27' title="bbox 327 2471 1905 2546">
     <span class='ocr_line' id='line_1_27' title="bbox 327 2471 1905 2546; baseline -0.003 -18"><span class='ocrx_word' id='word_1_210' title='bbox 327 2475 443 2545; x_wconf 76' lang='grc' dir='ltr'>γὰρ</span> <span class='ocrx_word' id='word_1_211' title='bbox 468 2473 658 2544; x_wconf 81' lang='grc' dir='ltr'>ἐκείνῳ</span> <span class='ocrx_word' id='word_1_212' title='bbox 685 2474 1070 2546; x_wconf 82' lang='grc' dir='ltr'>χαλεπωτέραν</span> <span class='ocrx_word' id='word_1_213' title='bbox 1102 2477 1333 2528; x_wconf 84' lang='grc' dir='ltr'>ἐποιεῖτο</span> <span class='ocrx_word' id='word_1_214' title='bbox 1358 2474 1457 2545; x_wconf 85' lang='grc' dir='ltr'>τήν</span> <span class='ocrx_word' id='word_1_215' title='bbox 1496 2472 1724 2542; x_wconf 82' lang='grc' dir='ltr'>βάσανον</span> <span class='ocrx_word' id='word_1_216' title='bbox 1762 2471 1822 2543; x_wconf 80' lang='grc' dir='ltr'>τὸ</span> <span class='ocrx_word' id='word_1_217' title='bbox 1849 2473 1905 2524; x_wconf 84' lang='grc' dir='ltr'>ἐν</span> 
     </span>
    </p>
   </div>
   <div class='ocr_carea' id='block_1_28' title="bbox 328 2553 1907 2629">
    <p class='ocr_par' dir='ltr' id='par_1_28' title="bbox 328 2553 1907 2629">
     <span class='ocr_line' id='line_1_28' title="bbox 328 2553 1907 2629; baseline -0.003 -18"><span class='ocrx_word' id='word_1_218' title='bbox 328 2558 410 2629; x_wconf 85' lang='grc' dir='ltr'>τῷ</span> <span class='ocrx_word' id='word_1_219' title='bbox 441 2557 647 2611; x_wconf 83' lang='grc' dir='ltr'>πυλῶνι</span> <span class='ocrx_word' id='word_1_220' title='bbox 676 2555 768 2610; x_wconf 85' lang='grc' dir='ltr'>τοῦ</span> <span class='ocrx_word' id='word_1_221' title='bbox 795 2556 1049 2610; x_wconf 82' lang='grc' dir='ltr'>πλουσίου</span> <span class='ocrx_word' id='word_1_222' title='bbox 1081 2556 1316 2621; x_wconf 79' lang='grc' dir='ltr'>κεῖσθαι,</span> <span class='ocrx_word' id='word_1_223' title='bbox 1368 2555 1462 2610; x_wconf 91' lang='lat' dir='ltr'><strong>zeal</strong></span> <span class='ocrx_word' id='word_1_224' title='bbox 1490 2556 1621 2627; x_wconf 80' lang='grc' dir='ltr'>ὁρᾷν</span> <span class='ocrx_word' id='word_1_225' title='bbox 1657 2555 1726 2609; x_wconf 89' lang='grc' dir='ltr'>τά</span> <span class='ocrx_word' id='word_1_226' title='bbox 1754 2553 1907 2608; x_wconf 86' lang='grc' dir='ltr'>ἀλλό-</span> 
     </span>
    </p>
   </div>
   <div class='ocr_carea' id='block_1_29' title="bbox 326 2636 1907 2711">
    <p class='ocr_par' dir='ltr' id='par_1_29' title="bbox 326 2636 1907 2711">
     <span class='ocr_line' id='line_1_29' title="bbox 326 2636 1907 2711; baseline -0.002 -20"><span class='ocrx_word' id='word_1_227' title='bbox 326 2654 463 2710; x_wconf 85' lang='grc' dir='ltr'>τρια</span> <span class='ocrx_word' id='word_1_228' title='bbox 495 2638 693 2707; x_wconf 81' lang='grc' dir='ltr'>ἀγαθὰ,</span> <span class='ocrx_word' id='word_1_229' title='bbox 716 2637 859 2692; x_wconf 77' lang='grc' dir='ltr'>οὕτω</span> <span class='ocrx_word' id='word_1_230' title='bbox 884 2638 947 2711; x_wconf 81' lang='grc' dir='ltr'>δὴ</span> <span class='ocrx_word' id='word_1_231' title='bbox 978 2639 1069 2694; x_wconf 83' lang='lat' dir='ltr'><strong>zeal</strong></span> <span class='ocrx_word' id='word_1_232' title='bbox 1101 2639 1273 2709; x_wconf 86' lang='grc' dir='ltr'>τούτῳ</span> <span class='ocrx_word' id='word_1_233' title='bbox 1308 2636 1696 2711; x_wconf 83' lang='grc' dir='ltr'>χαλεπωτέραν</span> <span class='ocrx_word' id='word_1_234' title='bbox 1732 2636 1907 2689; x_wconf 80' lang='grc' dir='ltr'>ἐποίει</span> 
     </span>
    </p>
   </div>
   <div class='ocr_carea' id='block_1_30' title="bbox 1596 410 1909 478">
    <p class='ocr_par' dir='ltr' id='par_1_30' title="bbox 1596 410 1909 478">
     <span class='ocr_line' id='line_1_30' title="bbox 1596 410 1909 478; baseline 0.003 -19"><span class='ocrx_word' id='word_1_235' title='bbox 1596 412 1751 478; x_wconf 45' lang='lat' dir='ltr'>Cof”;</span> <span class='ocrx_word' id='word_1_236' title='bbox 1780 410 1909 460; x_wconf 69' lang='grc' dir='ltr'>πᾶν·</span> 
     </span>
    </p>
   </div>
   <div class='ocr_carea' id='block_1_31' title="bbox 327 2721 1956 2795">
    <p class='ocr_par' dir='ltr' id='par_1_31' title="bbox 327 2721 1956 2795">
     <span class='ocr_line' id='line_1_31' title="bbox 327 2721 1956 2795; baseline 0.002 -22"><span class='ocrx_word' id='word_1_237' title='bbox 327 2722 429 2792; x_wconf 77' lang='grc' dir='ltr'>τήν</span> <span class='ocrx_word' id='word_1_238' title='bbox 451 2722 721 2792; x_wconf 85' lang='grc' dir='ltr'>τιμωρίαν</span> <span class='ocrx_word' id='word_1_239' title='bbox 753 2721 848 2774; x_wconf 82' lang='grc' dir='ltr'>νῦν</span> <span class='ocrx_word' id='word_1_240' title='bbox 874 2721 934 2774; x_wconf 86' lang='grc' dir='ltr'>τὸ</span> <span class='ocrx_word' id='word_1_241' title='bbox 961 2724 1018 2776; x_wconf 84' lang='grc' dir='ltr'>έν</span> <span class='ocrx_word' id='word_1_242' title='bbox 1056 2725 1120 2793; x_wconf 77' lang='grc' dir='ltr'>τῇ</span> <span class='ocrx_word' id='word_1_243' title='bbox 1148 2724 1342 2795; x_wconf 78' lang='grc' dir='ltr'>γεέννῃ</span> <span class='ocrx_word' id='word_1_244' title='bbox 1382 2721 1617 2784; x_wconf 84' lang='grc' dir='ltr'>κεῖσθαι,</span> <span class='ocrx_word' id='word_1_245' title='bbox 1648 2722 1742 2775; x_wconf 90' lang='lat' dir='ltr'><strong>zeal</strong></span> <span class='ocrx_word' id='word_1_246' title='bbox 1775 2721 1908 2792; x_wconf 77' lang='grc' dir='ltr'>όρᾷν</span> <span class='ocrx_word' id='word_1_247' title='bbox 1951 2738 1956 2743; x_wconf 90' lang='grc'><strong>·</strong></span> 
     </span>
    </p>
   </div>
   <div class='ocr_carea' id='block_1_32' title="bbox 326 2803 1909 2877">
    <p class='ocr_par' dir='ltr' id='par_1_32' title="bbox 326 2803 1909 2877">
     <span class='ocr_line' id='line_1_32' title="bbox 326 2803 1909 2877; baseline 0.003 -22"><span class='ocrx_word' id='word_1_248' title='bbox 326 2804 432 2874; x_wconf 83' lang='grc' dir='ltr'>τὴν</span> <span class='ocrx_word' id='word_1_249' title='bbox 462 2803 556 2856; x_wconf 84' lang='grc' dir='ltr'>τοῦ</span> <span class='ocrx_word' id='word_1_250' title='bbox 590 2803 844 2875; x_wconf 77' lang='grc' dir='ltr'>Λαζάρου</span> <span class='ocrx_word' id='word_1_251' title='bbox 872 2805 1104 2876; x_wconf 81' lang='grc' dir='ltr'>τρυφὴν,</span> <span class='ocrx_word' id='word_1_252' title='bbox 1148 2806 1237 2859; x_wconf 82' lang='grc' dir='ltr'>ἵνα</span> <span class='ocrx_word' id='word_1_253' title='bbox 1277 2808 1352 2876; x_wconf 81' lang='grc' dir='ltr'>μή</span> <span class='ocrx_word' id='word_1_254' title='bbox 1382 2808 1447 2877; x_wconf 78' lang='grc' dir='ltr'>τῇ</span> <span class='ocrx_word' id='word_1_255' title='bbox 1484 2806 1643 2875; x_wconf 85' lang='grc' dir='ltr'>φύσει</span> <span class='ocrx_word' id='word_1_256' title='bbox 1664 2805 1773 2859; x_wconf 90' lang='grc' dir='ltr'>τῶν</span> <span class='ocrx_word' id='word_1_257' title='bbox 1814 2804 1909 2875; x_wconf 84' lang='grc' dir='ltr'>βα-</span> 
     </span>
    </p>
   </div>
   <div class='ocr_carea' id='block_1_33' title="bbox 330 2886 1908 2959">
    <p class='ocr_par' dir='ltr' id='par_1_33' title="bbox 330 2886 1908 2959">
     <span class='ocr_line' id='line_1_33' title="bbox 330 2886 1908 2959; baseline 0.001 -21"><span class='ocrx_word' id='word_1_258' title='bbox 330 2887 511 2939; x_wconf 68' lang='grc' dir='ltr'>σάνων</span> <span class='ocrx_word' id='word_1_259' title='bbox 538 2886 716 2955; x_wconf 82' lang='grc' dir='ltr'>μόνον,</span> <span class='ocrx_word' id='word_1_260' title='bbox 744 2887 881 2940; x_wconf 85' lang='grc' dir='ltr'>ἀλλά</span> <span class='ocrx_word' id='word_1_261' title='bbox 921 2888 1015 2939; x_wconf 77' lang='grc' dir='ltr'>καὶ</span> <span class='ocrx_word' id='word_1_262' title='bbox 1040 2891 1106 2959; x_wconf 79' lang='grc' dir='ltr'>τῇ</span> <span class='ocrx_word' id='word_1_263' title='bbox 1133 2888 1430 2959; x_wconf 85' lang='grc' dir='ltr'>παραθέσει</span> <span class='ocrx_word' id='word_1_264' title='bbox 1455 2889 1552 2958; x_wconf 81' lang='grc' dir='ltr'>τῆς</span> <span class='ocrx_word' id='word_1_265' title='bbox 1590 2887 1800 2941; x_wconf 73' lang='grc' dir='ltr'>ἐκείνου</span> <span class='ocrx_word' id='word_1_266' title='bbox 1826 2904 1908 2940; x_wconf 79' lang='grc' dir='ltr'>τι·</span> 
     </span>
    </p>
   </div>
   <div class='ocr_carea' id='block_1_34' title="bbox 327 2967 1907 3041">
    <p class='ocr_par' dir='ltr' id='par_1_34' title="bbox 327 2967 1907 3041">
     <span class='ocr_line' id='line_1_34' title="bbox 327 2967 1907 3041; baseline 0.001 -19"><span class='ocrx_word' id='word_1_267' title='bbox 327 2967 444 3036; x_wconf 71' lang='grc' dir='ltr'>μῆς</span> <span class='ocrx_word' id='word_1_268' title='bbox 470 2969 874 3039; x_wconf 85' lang='grc' dir='ltr'>ἁφορητοτέραν</span> <span class='ocrx_word' id='word_1_269' title='bbox 900 2969 996 3040; x_wconf 77' lang='grc' dir='ltr'>ἔχῃ</span> <span class='ocrx_word' id='word_1_270' title='bbox 1020 2970 1118 3040; x_wconf 85' lang='grc' dir='ltr'>τὴν</span> <span class='ocrx_word' id='word_1_271' title='bbox 1141 2969 1381 3024; x_wconf 77' lang='grc' dir='ltr'>κόλασιν.</span> <span class='ocrx_word' id='word_1_272' title='bbox 1414 2971 1523 3024; x_wconf 91' lang='lat' dir='ltr'>Kal</span> <span class='ocrx_word' id='word_1_273' title='bbox 1546 2969 1796 3041; x_wconf 86' lang='grc' dir='ltr'>καθάπερ</span> <span class='ocrx_word' id='word_1_274' title='bbox 1817 2970 1907 3023; x_wconf 86' lang='grc' dir='ltr'>τὸν</span> 
     </span>
    </p>
   </div>
   <div class='ocr_carea' id='block_1_35' title="bbox 342 3050 1905 3124">
    <p class='ocr_par' dir='ltr' id='par_1_35' title="bbox 342 3050 1905 3124">
     <span class='ocr_line' id='line_1_35' title="bbox 342 3050 1905 3124; baseline 0.002 -22"><span class='ocrx_word' id='word_1_275' title='bbox 342 3051 518 3119; x_wconf 81' lang='grc' dir='ltr'>Ἀδάμ</span> <span class='ocrx_word' id='word_1_276' title='bbox 554 3050 829 3105; x_wconf 81' lang='grc' dir='ltr'>ἐκϐάλλων</span> <span class='ocrx_word' id='word_1_277' title='bbox 864 3063 891 3091; x_wconf 73' lang='grc' dir='ltr'>ι</span> <span class='ocrx_word' id='word_1_278' title='bbox 921 3051 1014 3106; x_wconf 80' lang='grc' dir='ltr'>τοῦ</span> <span class='ocrx_word' id='word_1_279' title='bbox 1048 3052 1398 3124; x_wconf 85' lang='grc' dir='ltr'>παραδείσου,</span> <span class='ocrx_word' id='word_1_280' title='bbox 1443 3052 1774 3123; x_wconf 81' lang='grc' dir='ltr'>καταντικρὺ</span> <span class='ocrx_word' id='word_1_281' title='bbox 1813 3052 1905 3105; x_wconf 83' lang='grc' dir='ltr'>τοῦ</span> 
     </span>
    </p>
   </div>
   <div class='ocr_carea' id='block_1_36' title="bbox 324 3132 1903 3206">
    <p class='ocr_par' dir='ltr' id='par_1_36' title="bbox 324 3132 1903 3206">
     <span class='ocr_line' id='line_1_36' title="bbox 324 3132 1903 3206; baseline 0.003 -24"><span class='ocrx_word' id='word_1_282' title='bbox 324 3133 664 3203; x_wconf 73' lang='grc' dir='ltr'>παραδείσου</span> <span class='ocrx_word' id='word_1_283' title='bbox 691 3133 995 3204; x_wconf 78' lang='grc' dir='ltr'>κατῴκισεν</span> <span class='ocrx_word' id='word_1_284' title='bbox 1042 3137 1071 3188; x_wconf 90' lang='lat'>6</span> <span class='ocrx_word' id='word_1_285' title='bbox 1100 3133 1253 3197; x_wconf 76' lang='grc' dir='ltr'>θεὸς,</span> <span class='ocrx_word' id='word_1_286' title='bbox 1289 3135 1376 3188; x_wconf 79' lang='grc' dir='ltr'>ἵνα</span> <span class='ocrx_word' id='word_1_287' title='bbox 1419 3136 1453 3206; x_wconf 82' lang='grc' dir='ltr'>ἡ</span> <span class='ocrx_word' id='word_1_288' title='bbox 1512 3132 1737 3205; x_wconf 84' lang='grc' dir='ltr'>συνεχὴς</span> <span class='ocrx_word' id='word_1_289' title='bbox 1785 3133 1903 3202; x_wconf 66' lang='grc' dir='ltr'>ὄψις</span> 
     </span>
    </p>
   </div>
   <div class='ocr_carea' id='block_1_37' title="bbox 324 3216 1907 3292">
    <p class='ocr_par' dir='ltr' id='par_1_37' title="bbox 324 3216 1907 3292">
     <span class='ocr_line' id='line_1_37' title="bbox 324 3216 1907 3292; baseline 0.005 -24"><span class='ocrx_word' id='word_1_290' title='bbox 324 3216 628 3269; x_wconf 57' lang='grc' dir='ltr'>ἀνανεοῦσα</span> <span class='ocrx_word' id='word_1_291' title='bbox 678 3217 740 3269; x_wconf 83' lang='grc' dir='ltr'>τὸ</span> <span class='ocrx_word' id='word_1_292' title='bbox 773 3217 968 3281; x_wconf 84' lang='grc' dir='ltr'>πάθος,</span> <span class='ocrx_word' id='word_1_293' title='bbox 1014 3217 1409 3289; x_wconf 86' lang='grc' dir='ltr'>ἀκριϐεστέραν</span> <span class='ocrx_word' id='word_1_294' title='bbox 1460 3217 1609 3286; x_wconf 79' lang='grc' dir='ltr'>αὐτῷ</span> <span class='ocrx_word' id='word_1_295' title='bbox 1647 3218 1907 3292; x_wconf 71' lang='grc' dir='ltr'>παράσχῃ</span> 
     </span>
    </p>
   </div>
   <div class='ocr_carea' id='block_1_38' title="bbox 324 3300 1906 3373">
    <p class='ocr_par' dir='ltr' id='par_1_38' title="bbox 324 3300 1906 3373">
     <span class='ocr_line' id='line_1_38' title="bbox 324 3300 1906 3373; baseline 0.001 -20"><span class='ocrx_word' id='word_1_296' title='bbox 324 3301 432 3369; x_wconf 75' lang='grc' dir='ltr'>τῆς</span> <span class='ocrx_word' id='word_1_297' title='bbox 460 3300 787 3365; x_wconf 75' lang='grc' dir='ltr'>ἐκπτώσεως</span> <span class='ocrx_word' id='word_1_298' title='bbox 817 3300 926 3353; x_wconf 90' lang='grc' dir='ltr'>τῶν</span> <span class='ocrx_word' id='word_1_299' title='bbox 963 3301 1181 3369; x_wconf 83' lang='grc' dir='ltr'>ἀγαθῶν</span> <span class='ocrx_word' id='word_1_300' title='bbox 1211 3301 1309 3371; x_wconf 83' lang='grc' dir='ltr'>τὴν</span> <span class='ocrx_word' id='word_1_301' title='bbox 1343 3300 1624 3372; x_wconf 77' lang='grc' dir='ltr'>αἴσθησιν·</span> <span class='ocrx_word' id='word_1_302' title='bbox 1669 3301 1813 3355; x_wconf 77' lang='grc' dir='ltr'>οὕτω</span> <span class='ocrx_word' id='word_1_303' title='bbox 1842 3302 1906 3373; x_wconf 83' lang='grc' dir='ltr'>δὴ</span> 
     </span>
    </p>
   </div>
   <div class='ocr_carea' id='block_1_39' title="bbox 326 3374 1906 3455">
    <p class='ocr_par' dir='ltr' id='par_1_39' title="bbox 326 3374 1906 3455">
     <span class='ocr_line' id='line_1_39' title="bbox 326 3374 1906 3455; baseline 0.003 -22"><span class='ocrx_word' id='word_1_304' title='bbox 326 3384 427 3433; x_wconf 75' lang='grc' dir='ltr'>καὶ</span> <span class='ocrx_word' id='word_1_305' title='bbox 475 3382 662 3436; x_wconf 80' lang='grc' dir='ltr'>τοῦτον</span> <span class='ocrx_word' id='word_1_306' title='bbox 705 3374 995 3437; x_wconf 72' lang='grc' dir='ltr'>κατέναντι</span> <span class='ocrx_word' id='word_1_307' title='bbox 1040 3384 1136 3435; x_wconf 79' lang='grc' dir='ltr'>τοῦ</span> <span class='ocrx_word' id='word_1_308' title='bbox 1166 3383 1417 3455; x_wconf 78' lang='grc' dir='ltr'>Λαζάρου</span> <span class='ocrx_word' id='word_1_309' title='bbox 1459 3383 1785 3453; x_wconf 80' lang='grc' dir='ltr'>κατῴκισεν,</span> <span class='ocrx_word' id='word_1_310' title='bbox 1819 3384 1906 3437; x_wconf 83' lang='grc' dir='ltr'>ἵνα</span> 
     </span>
    </p>
   </div>
   <div class='ocr_carea' id='block_1_40' title="bbox 327 3463 1903 3538">
    <p class='ocr_par' dir='ltr' id='par_1_40' title="bbox 327 3463 1903 3538">
     <span class='ocr_line' id='line_1_40' title="bbox 327 3463 1903 3538; baseline 0.003 -24"><span class='ocrx_word' id='word_1_311' title='bbox 327 3464 419 3533; x_wconf 84' lang='grc' dir='ltr'>ἱδῃ</span> <span class='ocrx_word' id='word_1_312' title='bbox 448 3463 609 3517; x_wconf 88' lang='grc' dir='ltr'>τίνων</span> <span class='ocrx_word' id='word_1_313' title='bbox 639 3464 829 3519; x_wconf 81' lang='grc' dir='ltr'>ἑαυτὸν</span> <span class='ocrx_word' id='word_1_314' title='bbox 848 3464 1242 3537; x_wconf 89' lang='grc' dir='ltr'>ἀπεστέρησεν.</span> <span class='ocrx_word' id='word_1_315' title='bbox 1279 3466 1545 3537; x_wconf 77' lang='grc' dir='ltr'>Ἔπεμψά</span> <span class='ocrx_word' id='word_1_316' title='bbox 1573 3484 1677 3534; x_wconf 89' lang='grc' dir='ltr'>σοι,</span> <span class='ocrx_word' id='word_1_317' title='bbox 1717 3467 1903 3538; x_wconf 73' lang='grc' dir='ltr'>φησὶν,</span> 
     </span>
    </p>
   </div>
   <div class='ocr_carea' id='block_1_41' title="bbox 322 3545 1905 3619">
    <p class='ocr_par' dir='ltr' id='par_1_41' title="bbox 322 3545 1905 3619">
     <span class='ocr_line' id='line_1_41' title="bbox 322 3545 1905 3619; baseline 0.003 -22"><span class='ocrx_word' id='word_1_318' title='bbox 322 3549 410 3607; x_wconf 79' lang='grc' dir='ltr'>είς</span> <span class='ocrx_word' id='word_1_319' title='bbox 432 3545 524 3599; x_wconf 86' lang='grc' dir='ltr'>τὸν</span> <span class='ocrx_word' id='word_1_320' title='bbox 559 3546 779 3600; x_wconf 80' lang='grc' dir='ltr'>πυλῶνα</span> <span class='ocrx_word' id='word_1_321' title='bbox 798 3547 889 3601; x_wconf 80' lang='grc' dir='ltr'>τὸν</span> <span class='ocrx_word' id='word_1_322' title='bbox 915 3547 1122 3617; x_wconf 83' lang='grc' dir='ltr'>πένητα</span> <span class='ocrx_word' id='word_1_323' title='bbox 1145 3548 1414 3619; x_wconf 82' lang='grc' dir='ltr'>Λάζαρον,</span> <span class='ocrx_word' id='word_1_324' title='bbox 1448 3549 1538 3602; x_wconf 77' lang='grc' dir='ltr'>ἵνα</span> <span class='ocrx_word' id='word_1_325' title='bbox 1572 3565 1655 3602; x_wconf 79' lang='grc' dir='ltr'>σοι</span> <span class='ocrx_word' id='word_1_326' title='bbox 1684 3549 1905 3619; x_wconf 82' lang='grc' dir='ltr'>γένηται</span> 
     </span>
    </p>
   </div>
   <div class='ocr_carea' id='block_1_42' title="bbox 322 3629 1906 3706">
    <p class='ocr_par' dir='ltr' id='par_1_42' title="bbox 322 3629 1906 3706">
     <span class='ocr_line' id='line_1_42' title="bbox 322 3629 1906 3706; baseline 0.004 -25"><span class='ocrx_word' id='word_1_327' title='bbox 322 3629 652 3693; x_wconf 74' lang='grc' dir='ltr'>διδάσκαλος</span> <span class='ocrx_word' id='word_1_328' title='bbox 681 3630 906 3701; x_wconf 83' lang='grc' dir='ltr'>ἀρετῆς,</span> <span class='ocrx_word' id='word_1_329' title='bbox 929 3631 1023 3684; x_wconf 91' lang='lat' dir='ltr'><strong>zeal</strong></span> <span class='ocrx_word' id='word_1_330' title='bbox 1043 3630 1450 3702; x_wconf 81' lang='grc' dir='ltr'>φιλανθρωπίας</span> <span class='ocrx_word' id='word_1_331' title='bbox 1466 3632 1741 3696; x_wconf 59' lang='grc' dir='ltr'>ὑπόθεσις</span> <span class='ocrx_word' id='word_1_332' title='bbox 1762 3651 1906 3706; x_wconf 83' lang='grc' dir='ltr'>παρ-</span> 
     </span>
    </p>
   </div>
   <div class='ocr_carea' id='block_1_43' title="bbox 325 3711 1905 3786">
    <p class='ocr_par' dir='ltr' id='par_1_43' title="bbox 325 3711 1905 3786">
     <span class='ocr_line' id='line_1_43' title="bbox 325 3711 1905 3786; baseline 0.003 -24"><span class='ocrx_word' id='word_1_333' title='bbox 325 3712 474 3774; x_wconf 78' lang='grc' dir='ltr'>εῖδες</span> <span class='ocrx_word' id='word_1_334' title='bbox 520 3714 580 3763; x_wconf 80' lang='grc' dir='ltr'>τὸ</span> <span class='ocrx_word' id='word_1_335' title='bbox 631 3711 821 3783; x_wconf 80' lang='grc' dir='ltr'>κέρδος</span> <span class='ocrx_word' id='word_1_336' title='bbox 844 3754 858 3778; x_wconf 93' lang='grc'>,</span> <span class='ocrx_word' id='word_1_337' title='bbox 905 3714 1006 3766; x_wconf 87' lang='grc' dir='ltr'>οὐκ</span> <span class='ocrx_word' id='word_1_338' title='bbox 1031 3714 1305 3784; x_wconf 86' lang='grc' dir='ltr'>ήθέλησας</span> <span class='ocrx_word' id='word_1_339' title='bbox 1343 3716 1423 3776; x_wconf 86' lang='grc' dir='ltr'>είς</span> <span class='ocrx_word' id='word_1_340' title='bbox 1450 3714 1567 3767; x_wconf 88' lang='grc' dir='ltr'>δέον</span> <span class='ocrx_word' id='word_1_341' title='bbox 1599 3715 1905 3786; x_wconf 86' lang='grc' dir='ltr'>χρήσασθαι</span> 
     </span>
    </p>
   </div>
   <div class='ocr_carea' id='block_1_44' title="bbox 322 3794 1904 3871">
    <p class='ocr_par' dir='ltr' id='par_1_44' title="bbox 322 3794 1904 3871">
     <span class='ocr_line' id='line_1_44' title="bbox 322 3794 1904 3871; baseline 0.002 -23"><span class='ocrx_word' id='word_1_342' title='bbox 322 3797 396 3865; x_wconf 79' lang='grc' dir='ltr'>τῇ</span> <span class='ocrx_word' id='word_1_343' title='bbox 445 3794 547 3865; x_wconf 78' lang='grc' dir='ltr'>τῆς</span> <span class='ocrx_word' id='word_1_344' title='bbox 594 3797 869 3868; x_wconf 86' lang='grc' dir='ltr'>σωτηρίας</span> <span class='ocrx_word' id='word_1_345' title='bbox 919 3799 1140 3869; x_wconf 77' lang='grc' dir='ltr'>ἀφορμῇ</span> <span class='ocrx_word' id='word_1_346' title='bbox 1165 3816 1178 3828; x_wconf 90' lang='grc'>·</span> <span class='ocrx_word' id='word_1_347' title='bbox 1215 3799 1395 3871; x_wconf 81' lang='grc' dir='ltr'>χρήσῃ</span> <span class='ocrx_word' id='word_1_348' title='bbox 1424 3798 1609 3853; x_wconf 84' lang='grc' dir='ltr'>λοιπὸν</span> <span class='ocrx_word' id='word_1_349' title='bbox 1645 3798 1793 3869; x_wconf 81' lang='grc' dir='ltr'>αὐτῷ</span> <span class='ocrx_word' id='word_1_350' title='bbox 1824 3801 1904 3864; x_wconf 83' lang='grc' dir='ltr'>είς</span> 
     </span>
    </p>
   </div>
   <div class='ocr_carea' id='block_1_45' title="bbox 328 3876 1904 3951">
    <p class='ocr_par' dir='ltr' id='par_1_45' title="bbox 328 3876 1904 3951">
     <span class='ocr_line' id='line_1_45' title="bbox 328 3876 1904 3951; baseline 0.004 -24"><span class='ocrx_word' id='word_1_351' title='bbox 328 3876 558 3944; x_wconf 76' lang='grc' dir='ltr'>μείζονα</span> <span class='ocrx_word' id='word_1_352' title='bbox 585 3877 856 3943; x_wconf 85' lang='grc' dir='ltr'>κολάσεως</span> <span class='ocrx_word' id='word_1_353' title='bbox 882 3880 977 3934; x_wconf 79' lang='grc' dir='ltr'>καὶ</span> <span class='ocrx_word' id='word_1_354' title='bbox 1003 3880 1274 3951; x_wconf 84' lang='grc' dir='ltr'>τιμωρίας</span> <span class='ocrx_word' id='word_1_355' title='bbox 1304 3881 1578 3937; x_wconf 80' lang='grc' dir='ltr'>ὑπόθεσιν.</span> <span class='ocrx_word' id='word_1_356' title='bbox 1625 3882 1757 3935; x_wconf 82' lang='grc' dir='ltr'>Ἀπὸ</span> <span class='ocrx_word' id='word_1_357' title='bbox 1782 3881 1904 3935; x_wconf 85' lang='grc' dir='ltr'>τού-</span> 
     </span>
    </p>
   </div>
   <div class='ocr_carea' id='block_1_46' title="bbox 325 3960 1905 4035">
    <p class='ocr_par' dir='ltr' id='par_1_46' title="bbox 325 3960 1905 4035">
     <span class='ocr_line' id='line_1_46' title="bbox 325 3960 1905 4035; baseline 0.003 -22"><span class='ocrx_word' id='word_1_358' title='bbox 325 3977 440 4013; x_wconf 80' lang='grc' dir='ltr'>των</span> <span class='ocrx_word' id='word_1_359' title='bbox 475 3960 834 4032; x_wconf 85' lang='grc' dir='ltr'>μανθάνομεν,</span> <span class='ocrx_word' id='word_1_360' title='bbox 859 3963 943 4016; x_wconf 85' lang='grc' dir='ltr'>ὃτι</span> <span class='ocrx_word' id='word_1_361' title='bbox 966 3962 1163 4026; x_wconf 85' lang='grc' dir='ltr'>πάντες</span> <span class='ocrx_word' id='word_1_362' title='bbox 1187 3965 1237 4016; x_wconf 93' lang='grc' dir='ltr'>οί</span> <span class='ocrx_word' id='word_1_363' title='bbox 1263 3965 1392 4035; x_wconf 89' lang='grc' dir='ltr'>παρ’</span> <span class='ocrx_word' id='word_1_364' title='bbox 1419 3963 1574 4035; x_wconf 84' lang='grc' dir='ltr'>ήμῶν</span> <span class='ocrx_word' id='word_1_365' title='bbox 1602 3963 1905 4035; x_wconf 76' lang='grc' dir='ltr'>ἐπηρεαζό⁴</span> 
     </span>
    </p>
   </div>
   <div class='ocr_carea' id='block_1_47' title="bbox 326 4044 1904 4121">
    <p class='ocr_par' dir='ltr' id='par_1_47' title="bbox 326 4044 1904 4121">
     <span class='ocr_line' id='line_1_47' title="bbox 326 4044 1904 4121; baseline 0.005 -27"><span class='ocrx_word' id='word_1_366' title='bbox 326 4059 489 4113; x_wconf 79' lang='grc' dir='ltr'>μενοι</span> <span class='ocrx_word' id='word_1_367' title='bbox 524 4044 617 4097; x_wconf 87' lang='lat' dir='ltr'><strong>zeal</strong></span> <span class='ocrx_word' id='word_1_368' title='bbox 664 4044 1046 4121; x_wconf 84' lang='grc' dir='ltr'>ἀδικούμενοι,</span> <span class='ocrx_word' id='word_1_369' title='bbox 1088 4045 1229 4099; x_wconf 87' lang='grc' dir='ltr'>κατά</span> <span class='ocrx_word' id='word_1_370' title='bbox 1262 4046 1551 4117; x_wconf 88' lang='grc' dir='ltr'>πρόσωπον</span> <span class='ocrx_word' id='word_1_371' title='bbox 1589 4048 1746 4119; x_wconf 80' lang='grc' dir='ltr'>ἡμῶν</span> <span class='ocrx_word' id='word_1_372' title='bbox 1776 4050 1904 4121; x_wconf 82' lang='grc' dir='ltr'>στή-</span> 
     </span>
    </p>
   </div>
   <div class='ocr_carea' id='block_1_48' title="bbox 326 4120 1902 4201">
    <p class='ocr_par' dir='ltr' id='par_1_48' title="bbox 326 4120 1902 4201">
     <span class='ocr_line' id='line_1_48' title="bbox 326 4120 1902 4201; baseline 0.004 -24"><span class='ocrx_word' id='word_1_373' title='bbox 326 4142 520 4178; x_wconf 85' lang='grc' dir='ltr'>σονται</span> <span class='ocrx_word' id='word_1_374' title='bbox 569 4125 726 4180; x_wconf 66' lang='grc' dir='ltr'>τότετ</span> <span class='ocrx_word' id='word_1_375' title='bbox 753 4125 945 4180; x_wconf 80' lang='grc' dir='ltr'>Καίτοι</span> <span class='ocrx_word' id='word_1_376' title='bbox 979 4120 1135 4191; x_wconf 73' lang='grc' dir='ltr'>οὗτος</span> <span class='ocrx_word' id='word_1_377' title='bbox 1179 4128 1331 4181; x_wconf 78' lang='grc' dir='ltr'>οὐδὲν</span> <span class='ocrx_word' id='word_1_378' title='bbox 1360 4129 1581 4199; x_wconf 76' lang='grc' dir='ltr'>ἠδίκητο</span> <span class='ocrx_word' id='word_1_379' title='bbox 1611 4130 1764 4201; x_wconf 79' lang='grc' dir='ltr'>παρὰ</span> <span class='ocrx_word' id='word_1_380' title='bbox 1808 4120 1902 4184; x_wconf 81' lang='grc' dir='ltr'>τοῦ</span> 
     </span>
    </p>
   </div>
   <div class='ocr_carea' id='block_1_49' title="bbox 325 4206 1904 4282">
    <p class='ocr_par' dir='ltr' id='par_1_49' title="bbox 325 4206 1904 4282">
     <span class='ocr_line' id='line_1_49' title="bbox 325 4206 1904 4282; baseline 0.005 -24"><span class='ocrx_word' id='word_1_381' title='bbox 325 4206 589 4260; x_wconf 86' lang='grc' dir='ltr'>πλουσίου</span> <span class='ocrx_word' id='word_1_382' title='bbox 606 4222 620 4235; x_wconf 78' lang='grc'><strong>“</strong></span> <span class='ocrx_word' id='word_1_383' title='bbox 644 4208 703 4259; x_wconf 88' lang='grc' dir='ltr'>οὐ</span> <span class='ocrx_word' id='word_1_384' title='bbox 728 4208 836 4279; x_wconf 77' lang='grc' dir='ltr'>γὰρ</span> <span class='ocrx_word' id='word_1_385' title='bbox 862 4211 932 4263; x_wconf 78' lang='grc' dir='ltr'>τά</span> <span class='ocrx_word' id='word_1_386' title='bbox 957 4208 1166 4262; x_wconf 86' lang='grc' dir='ltr'>ἐκείνου</span> <span class='ocrx_word' id='word_1_387' title='bbox 1194 4209 1350 4264; x_wconf 77' lang='grc' dir='ltr'>ἔλαϐε</span> <span class='ocrx_word' id='word_1_388' title='bbox 1385 4214 1640 4282; x_wconf 86' lang='grc' dir='ltr'>χρήματα</span> <span class='ocrx_word' id='word_1_389' title='bbox 1671 4215 1701 4266; x_wconf 90' lang='grc' dir='ltr'>ό</span> <span class='ocrx_word' id='word_1_390' title='bbox 1739 4212 1904 4266; x_wconf 83' lang='grc' dir='ltr'>πλού-</span> 
     </span>
    </p>
   </div>
   <div class='ocr_carea' id='block_1_50' title="bbox 326 4288 1900 4362">
    <p class='ocr_par' dir='ltr' id='par_1_50' title="bbox 326 4288 1900 4362">
     <span class='ocr_line' id='line_1_50' title="bbox 326 4288 1900 4362; baseline 0.004 -21"><span class='ocrx_word' id='word_1_391' title='bbox 326 4305 473 4353; x_wconf 86' lang='grc' dir='ltr'>σιος,</span> <span class='ocrx_word' id='word_1_392' title='bbox 494 4289 627 4342; x_wconf 87' lang='grc' dir='ltr'>ἀλλά</span> <span class='ocrx_word' id='word_1_393' title='bbox 644 4290 752 4344; x_wconf 86' lang='grc' dir='ltr'>τῶν</span> <span class='ocrx_word' id='word_1_394' title='bbox 767 4288 963 4345; x_wconf 81' lang='grc' dir='ltr'>ἑαυτοῦ</span> <span class='ocrx_word' id='word_1_395' title='bbox 989 4291 1050 4344; x_wconf 90' lang='grc' dir='ltr'>οὐ</span> <span class='ocrx_word' id='word_1_396' title='bbox 1075 4292 1398 4362; x_wconf 86' lang='grc' dir='ltr'>μετέδωκεν.</span> <span class='ocrx_word' id='word_1_397' title='bbox 1414 4295 1477 4347; x_wconf 80' lang='lat' dir='ltr'><strong>El</strong></span> <span class='ocrx_word' id='word_1_398' title='bbox 1503 4294 1560 4347; x_wconf 85' lang='grc' dir='ltr'>δὲ</span> <span class='ocrx_word' id='word_1_399' title='bbox 1580 4294 1688 4348; x_wconf 90' lang='grc' dir='ltr'>τῶν</span> <span class='ocrx_word' id='word_1_400' title='bbox 1707 4294 1900 4348; x_wconf 77' lang='grc' dir='ltr'>ἑαυτοῦ</span> 
     </span>
    </p>
   </div>
   <div class='ocr_carea' id='block_1_51' title="bbox 330 4371 1902 4449">
    <p class='ocr_par' dir='ltr' id='par_1_51' title="bbox 330 4371 1902 4449">
     <span class='ocr_line' id='line_1_51' title="bbox 330 4371 1902 4449; baseline 0.007 -27"><span class='ocrx_word' id='word_1_401' title='bbox 330 4371 412 4441; x_wconf 83' lang='grc' dir='ltr'>μὴ</span> <span class='ocrx_word' id='word_1_402' title='bbox 444 4372 775 4441; x_wconf 84' lang='grc' dir='ltr'>μεταδιδοὺς,</span> <span class='ocrx_word' id='word_1_403' title='bbox 810 4374 1109 4446; x_wconf 84' lang='grc' dir='ltr'>κατήγορον</span> <span class='ocrx_word' id='word_1_404' title='bbox 1131 4374 1245 4443; x_wconf 72' lang='grc' dir='ltr'>ἔχει</span> <span class='ocrx_word' id='word_1_405' title='bbox 1286 4375 1376 4429; x_wconf 80' lang='grc' dir='ltr'>τὸν</span> <span class='ocrx_word' id='word_1_406' title='bbox 1405 4377 1505 4430; x_wconf 89' lang='grc' dir='ltr'>οὐκ</span> <span class='ocrx_word' id='word_1_407' title='bbox 1536 4378 1844 4449; x_wconf 73' lang='grc' dir='ltr'>ἑλεηθέντα,</span> <span class='ocrx_word' id='word_1_408' title='bbox 1872 4380 1902 4433; x_wconf 85' lang='grc' dir='ltr'>ό</span> 
     </span>
    </p>
   </div>
   <div class='ocr_carea' id='block_1_52' title="bbox 328 4453 1898 4533">
    <p class='ocr_par' dir='ltr' id='par_1_52' title="bbox 328 4453 1898 4533">
     <span class='ocr_line' id='line_1_52' title="bbox 328 4453 1898 4533; baseline 0.013 -27"><span class='ocrx_word' id='word_1_409' title='bbox 328 4456 428 4507; x_wconf 85' lang='lat' dir='ltr'><strong>zeal</strong></span> <span class='ocrx_word' id='word_1_410' title='bbox 453 4454 523 4506; x_wconf 77' lang='grc' dir='ltr'>τὰ</span> <span class='ocrx_word' id='word_1_411' title='bbox 538 4453 789 4526; x_wconf 86' lang='grc' dir='ltr'>ἀλλότρια</span> <span class='ocrx_word' id='word_1_412' title='bbox 816 4455 1090 4525; x_wconf 84' lang='grc' dir='ltr'>ἀρπάσας,</span> <span class='ocrx_word' id='word_1_413' title='bbox 1113 4457 1269 4521; x_wconf 88' lang='grc' dir='ltr'>ποίας</span> <span class='ocrx_word' id='word_1_414' title='bbox 1285 4456 1527 4523; x_wconf 79' lang='grc' dir='ltr'>τεύξεται</span> <span class='ocrx_word' id='word_1_415' title='bbox 1548 4459 1898 4533; x_wconf 68' lang='grc' dir='ltr'>συγγνώμης,</span> 
     </span>
    </p>
   </div>
   <div class='ocr_carea' id='block_1_53' title="bbox 325 4535 1899 4613">
    <p class='ocr_par' dir='ltr' id='par_1_53' title="bbox 325 4535 1899 4613">
     <span class='ocr_line' id='line_1_53' title="bbox 325 4535 1899 4613; baseline 0.004 -24"><span class='ocrx_word' id='word_1_416' title='bbox 325 4535 668 4605; x_wconf 79' lang='grc' dir='ltr'>πανταχόθεν</span> <span class='ocrx_word' id='word_1_417' title='bbox 700 4538 862 4592; x_wconf 85' lang='grc' dir='ltr'>αὐτὸν</span> <span class='ocrx_word' id='word_1_418' title='bbox 897 4538 925 4578; x_wconf 74' lang='grc' dir='ltr'>δ</span> <span class='ocrx_word' id='word_1_419' title='bbox 959 4538 1339 4610; x_wconf 84' lang='grc' dir='ltr'>περιεστώτων</span> <span class='ocrx_word' id='word_1_420' title='bbox 1370 4540 1477 4595; x_wconf 86' lang='grc' dir='ltr'>τῶν</span> <span class='ocrx_word' id='word_1_421' title='bbox 1529 4542 1899 4613; x_wconf 78' lang='grc' dir='ltr'>ἠδικημένων;</span> 
     </span>
    </p>
   </div>
   <div class='ocr_carea' id='block_1_54' title="bbox 323 4619 1900 4696">
    <p class='ocr_par' dir='ltr' id='par_1_54' title="bbox 323 4619 1900 4696">
     <span class='ocr_line' id='line_1_54' title="bbox 323 4619 1900 4696; baseline 0.006 -24"><span class='ocrx_word' id='word_1_422' title='bbox 323 4619 409 4672; x_wconf 82' lang='grc' dir='ltr'>Οὐ</span> <span class='ocrx_word' id='word_1_423' title='bbox 434 4620 543 4691; x_wconf 72' lang='grc' dir='ltr'>γάρ</span> <span class='ocrx_word' id='word_1_424' title='bbox 569 4621 857 4692; x_wconf 87' lang='grc' dir='ltr'>μαρτύρων</span> <span class='ocrx_word' id='word_1_425' title='bbox 884 4622 1003 4674; x_wconf 69' lang='grc' dir='ltr'>ἐκεῖ</span> <span class='ocrx_word' id='word_1_426' title='bbox 1034 4622 1216 4693; x_wconf 86' lang='grc' dir='ltr'>χρεία,</span> <span class='ocrx_word' id='word_1_427' title='bbox 1248 4623 1368 4677; x_wconf 79' lang='grc' dir='ltr'>οὐδὲ</span> <span class='ocrx_word' id='word_1_428' title='bbox 1400 4624 1739 4696; x_wconf 86' lang='grc' dir='ltr'>κατηγόρων,</span> <span class='ocrx_word' id='word_1_429' title='bbox 1777 4628 1900 4682; x_wconf 76' lang='grc' dir='ltr'>οὐδὲ</span> 
     </span>
    </p>
   </div>
   <div class='ocr_carea' id='block_1_55' title="bbox 322 4702 1902 4777">
    <p class='ocr_par' dir='ltr' id='par_1_55' title="bbox 322 4702 1902 4777">
     <span class='ocr_line' id='line_1_55' title="bbox 322 4702 1902 4777; baseline 0.005 -21"><span class='ocrx_word' id='word_1_430' title='bbox 322 4702 681 4768; x_wconf 76' lang='grc' dir='ltr'>ἀποδείξεων,</span> <span class='ocrx_word' id='word_1_431' title='bbox 709 4704 831 4758; x_wconf 88' lang='grc' dir='ltr'>οὐδέ</span> <span class='ocrx_word' id='word_1_432' title='bbox 875 4706 1216 4777; x_wconf 82' lang='grc' dir='ltr'>τεκμηρίων·</span> <span class='ocrx_word' id='word_1_433' title='bbox 1252 4706 1369 4760; x_wconf 89' lang='grc' dir='ltr'>ἀλλ’</span> <span class='ocrx_word' id='word_1_434' title='bbox 1395 4707 1534 4761; x_wconf 89' lang='grc' dir='ltr'>αὐτά</span> <span class='ocrx_word' id='word_1_435' title='bbox 1580 4707 1699 4769; x_wconf 81' lang='grc' dir='ltr'>καθ’</span> <span class='ocrx_word' id='word_1_436' title='bbox 1733 4709 1902 4765; x_wconf 79' lang='grc' dir='ltr'>ἑαυτά</span> 
     </span>
    </p>
   </div>
   <div class='ocr_carea' id='block_1_56' title="bbox 321 4780 1905 4863">
    <p class='ocr_par' dir='ltr' id='par_1_56' title="bbox 321 4780 1905 4863">
     <span class='ocr_line' id='line_1_56' title="bbox 321 4780 1905 4863; baseline 0.007 -26"><span class='ocrx_word' id='word_1_437' title='bbox 321 4786 400 4838; x_wconf 69' lang='grc' dir='ltr'>τά</span> <span class='ocrx_word' id='word_1_438' title='bbox 456 4787 753 4857; x_wconf 88' lang='grc' dir='ltr'>πράγματα</span> <span class='ocrx_word' id='word_1_439' title='bbox 778 4825 794 4851; x_wconf 91' lang='grc'>,</span> <span class='ocrx_word' id='word_1_440' title='bbox 848 4780 1045 4859; x_wconf 75' lang='grc' dir='ltr'>οἷάπερ</span> <span class='ocrx_word' id='word_1_441' title='bbox 1074 4788 1217 4843; x_wconf 87' lang='grc' dir='ltr'>αὐτά</span> <span class='ocrx_word' id='word_1_442' title='bbox 1260 4790 1763 4863; x_wconf 86' lang='grc' dir='ltr'>κατεσκευάσαμεν,</span> <span class='ocrx_word' id='word_1_443' title='bbox 1796 4794 1905 4863; x_wconf 81' lang='grc' dir='ltr'>πρὸ</span> 
     </span>
    </p>
   </div>
   <div class='ocr_carea' id='block_1_57' title="bbox 320 4868 1515 4945">
    <p class='ocr_par' dir='ltr' id='par_1_57' title="bbox 320 4868 1515 4945">
     <span class='ocr_line' id='line_1_57' title="bbox 320 4868 1515 4945; baseline 0.006 -24"><span class='ocrx_word' id='word_1_444' title='bbox 320 4868 443 4921; x_wconf 82' lang='grc' dir='ltr'>τῶν</span> <span class='ocrx_word' id='word_1_445' title='bbox 470 4868 761 4938; x_wconf 73' lang='grc' dir='ltr'>ὀφθαλμῶν</span> <span class='ocrx_word' id='word_1_446' title='bbox 792 4870 1040 4939; x_wconf 87' lang='grc' dir='ltr'>φαίνεται</span> <span class='ocrx_word' id='word_1_447' title='bbox 1077 4871 1184 4925; x_wconf 89' lang='grc' dir='ltr'>τῶν</span> <span class='ocrx_word' id='word_1_448' title='bbox 1210 4873 1515 4945; x_wconf 80' lang='grc' dir='ltr'>ἡμετέρων.</span> 
     </span>
    </p>
   </div>
   <div class='ocr_carea' id='block_1_58' title="bbox 415 4951 1901 5031">
    <p class='ocr_par' dir='ltr' id='par_1_58' title="bbox 415 4951 1901 5031">
     <span class='ocr_line' id='line_1_58' title="bbox 415 4951 1901 5031; baseline 0.009 -29"><span class='ocrx_word' id='word_1_449' title='bbox 415 4951 547 5004; x_wconf 83' lang='grc' dir='ltr'>Ἰδοὺ</span> <span class='ocrx_word' id='word_1_450' title='bbox 573 4953 681 5024; x_wconf 79' lang='grc' dir='ltr'>γάρ</span> <span class='ocrx_word' id='word_1_451' title='bbox 703 4995 717 5018; x_wconf 92' lang='grc'>,</span> <span class='ocrx_word' id='word_1_452' title='bbox 748 4956 932 5024; x_wconf 74' lang='grc' dir='ltr'>φησὶν,</span> <span class='ocrx_word' id='word_1_453' title='bbox 972 4954 1277 5027; x_wconf 77' lang='grc' dir='ltr'>ἄνθρωπος,</span> <span class='ocrx_word' id='word_1_454' title='bbox 1305 4959 1400 5012; x_wconf 87' lang='lat' dir='ltr'><strong>zeal</strong></span> <span class='ocrx_word' id='word_1_455' title='bbox 1434 4960 1502 5014; x_wconf 89' lang='grc' dir='ltr'>τά</span> <span class='ocrx_word' id='word_1_456' title='bbox 1540 4959 1675 5031; x_wconf 78' lang='grc' dir='ltr'>ἔργα</span> <span class='ocrx_word' id='word_1_457' title='bbox 1703 4961 1901 5016; x_wconf 71' lang='grc' dir='ltr'>αὐτοῦ·</span> 
     </span>
    </p>
   </div>
   <div class='ocr_carea' id='block_1_59' title="bbox 322 5034 1900 5110">
    <p class='ocr_par' dir='ltr' id='par_1_59' title="bbox 322 5034 1900 5110">
     <span class='ocr_line' id='line_1_59' title="bbox 322 5034 1900 5110; baseline 0.008 -24"><span class='ocrx_word' id='word_1_458' title='bbox 322 5034 567 5104; x_wconf 76' lang='grc' dir='ltr'>καὶγὰρ</span> <span class='ocrx_word' id='word_1_459' title='bbox 597 5035 691 5087; x_wconf 86' lang='grc' dir='ltr'>καί</span> <span class='ocrx_word' id='word_1_460' title='bbox 735 5036 894 5090; x_wconf 81' lang='grc' dir='ltr'>τούτο</span> <span class='ocrx_word' id='word_1_461' title='bbox 941 5038 1164 5108; x_wconf 82' lang='grc' dir='ltr'>ἁρπαγὴ</span> <span class='ocrx_word' id='word_1_462' title='bbox 1213 5039 1274 5091; x_wconf 85' lang='grc' dir='ltr'>τὸ</span> <span class='ocrx_word' id='word_1_463' title='bbox 1308 5040 1383 5110; x_wconf 80' lang='grc' dir='ltr'>μὴ</span> <span class='ocrx_word' id='word_1_464' title='bbox 1437 5044 1756 5110; x_wconf 82' lang='grc' dir='ltr'>μεταδοῦναι</span> <span class='ocrx_word' id='word_1_465' title='bbox 1794 5045 1900 5099; x_wconf 85' lang='grc' dir='ltr'>τῶν</span> 
     </span>
    </p>
   </div>
   <div class='ocr_carea' id='block_1_60' title="bbox 312 5116 1904 5196">
    <p class='ocr_par' dir='ltr' id='par_1_60' title="bbox 312 5116 1904 5196">
     <span class='ocr_line' id='line_1_60' title="bbox 312 5116 1904 5196; baseline 0.008 -27"><span class='ocrx_word' id='word_1_466' title='bbox 312 5118 521 5169; x_wconf 70' lang='grc' dir='ltr'>ὄντων.</span> <span class='ocrx_word' id='word_1_467' title='bbox 554 5116 663 5168; x_wconf 89' lang='lat' dir='ltr'>Kal</span> <span class='ocrx_word' id='word_1_468' title='bbox 692 5117 832 5188; x_wconf 83' lang='grc' dir='ltr'>τάχα</span> <span class='ocrx_word' id='word_1_469' title='bbox 862 5120 989 5189; x_wconf 83' lang='grc' dir='ltr'>ὑμῖν</span> <span class='ocrx_word' id='word_1_470' title='bbox 1012 5120 1321 5191; x_wconf 81' lang='grc' dir='ltr'>θαυμαστὸν</span> <span class='ocrx_word' id='word_1_471' title='bbox 1339 5118 1475 5175; x_wconf 85' lang='grc' dir='ltr'>εἶναι</span> <span class='ocrx_word' id='word_1_472' title='bbox 1504 5124 1650 5178; x_wconf 85' lang='grc' dir='ltr'>δοκεῖ</span> <span class='ocrx_word' id='word_1_473' title='bbox 1672 5127 1732 5180; x_wconf 82' lang='grc' dir='ltr'>τὸ</span> <span class='ocrx_word' id='word_1_474' title='bbox 1757 5127 1904 5196; x_wconf 86' lang='grc' dir='ltr'>λεγὸ-</span> 
     </span>
    </p>
   </div>
   <div class='ocr_carea' id='block_1_61' title="bbox 315 5198 1902 5281">
    <p class='ocr_par' dir='ltr' id='par_1_61' title="bbox 315 5198 1902 5281">
     <span class='ocr_line' id='line_1_61' title="bbox 315 5198 1902 5281; baseline 0.011 -34"><span class='ocrx_word' id='word_1_475' title='bbox 315 5214 525 5281; x_wconf 80' lang='grc' dir='ltr'>μενον,</span> <span class='ocrx_word' id='word_1_476' title='bbox 569 5198 706 5281; x_wconf 87' lang='grc' dir='ltr'>ἀλλά</span> <span class='ocrx_word' id='word_1_477' title='bbox 755 5201 832 5271; x_wconf 85' lang='grc' dir='ltr'>μὴ</span> <span class='ocrx_word' id='word_1_478' title='bbox 872 5201 1226 5274; x_wconf 76' lang='grc' dir='ltr'>θαυμάσητεο</span> <span class='ocrx_word' id='word_1_479' title='bbox 1274 5205 1580 5276; x_wconf 89' lang='grc' dir='ltr'>μαρτυρίαν</span> <span class='ocrx_word' id='word_1_480' title='bbox 1632 5206 1743 5279; x_wconf 79' lang='grc' dir='ltr'>γὰρ</span> <span class='ocrx_word' id='word_1_481' title='bbox 1774 5212 1902 5281; x_wconf 84' lang='grc' dir='ltr'>ύμῖν</span> 
     </span>
    </p>
   </div>
   <div class='ocr_carea' id='block_1_62' title="bbox 314 5280 1902 5358">
    <p class='ocr_par' dir='ltr' id='par_1_62' title="bbox 314 5280 1902 5358">
     <span class='ocr_line' id='line_1_62' title="bbox 314 5280 1902 5358; baseline 0.009 -27"><span class='ocrx_word' id='word_1_482' title='bbox 314 5280 439 5332; x_wconf 61' lang='grc' dir='ltr'>⁴ἀπὸ</span> <span class='ocrx_word' id='word_1_483' title='bbox 462 5280 570 5332; x_wconf 85' lang='grc' dir='ltr'>τῶν</span> <span class='ocrx_word' id='word_1_484' title='bbox 589 5280 748 5334; x_wconf 84' lang='grc' dir='ltr'>θείων</span> <span class='ocrx_word' id='word_1_485' title='bbox 768 5283 1069 5355; x_wconf 76' lang='grc' dir='ltr'>παρέξομαι</span> <span class='ocrx_word' id='word_1_486' title='bbox 1088 5286 1126 5338; x_wconf 87' lang='grc' dir='ltr'><strong><em>Γ</em></strong></span> <span class='ocrx_word' id='word_1_487' title='bbox 1132 5286 1317 5358; x_wconf 78' lang='grc' dir='ltr'>ραφῶν</span> <span class='ocrx_word' id='word_1_488' title='bbox 1345 5287 1625 5356; x_wconf 79' lang='grc' dir='ltr'>λέγουσαν,</span> <span class='ocrx_word' id='word_1_489' title='bbox 1647 5291 1728 5344; x_wconf 82' lang='grc' dir='ltr'>ὅτι</span> <span class='ocrx_word' id='word_1_490' title='bbox 1752 5280 1819 5346; x_wconf 87' lang='grc' dir='ltr'>οὐ</span> <span class='ocrx_word' id='word_1_491' title='bbox 1841 5295 1902 5346; x_wconf 83' lang='grc' dir='ltr'>τὸ</span> 
     </span>
    </p>
   </div>
   <div class='ocr_carea' id='block_1_63' title="bbox 326 5362 1900 5440">
    <p class='ocr_par' dir='ltr' id='par_1_63' title="bbox 326 5362 1900 5440">
     <span class='ocr_line' id='line_1_63' title="bbox 326 5362 1900 5440; baseline 0.006 -21"><span class='ocrx_word' id='word_1_492' title='bbox 326 5366 391 5419; x_wconf 67' lang='grc' dir='ltr'>λὰ</span> <span class='ocrx_word' id='word_1_493' title='bbox 412 5362 670 5436; x_wconf 85' lang='grc' dir='ltr'>ἀλλότρια</span> <span class='ocrx_word' id='word_1_494' title='bbox 698 5364 967 5435; x_wconf 76' lang='grc' dir='ltr'>ἁρπάζειν</span> <span class='ocrx_word' id='word_1_495' title='bbox 1003 5368 1185 5440; x_wconf 88' lang='grc' dir='ltr'>μόνον,</span> <span class='ocrx_word' id='word_1_496' title='bbox 1211 5369 1348 5424; x_wconf 84' lang='grc' dir='ltr'>ἀλλά</span> <span class='ocrx_word' id='word_1_497' title='bbox 1370 5372 1463 5426; x_wconf 91' lang='lat' dir='ltr'><strong>zeal</strong></span> <span class='ocrx_word' id='word_1_498' title='bbox 1491 5372 1553 5426; x_wconf 77' lang='grc' dir='ltr'>τὺ</span> <span class='ocrx_word' id='word_1_499' title='bbox 1569 5372 1676 5428; x_wconf 86' lang='grc' dir='ltr'>τῶν</span> <span class='ocrx_word' id='word_1_500' title='bbox 1705 5374 1900 5431; x_wconf 76' lang='grc' dir='ltr'>ἑαυτοῦ</span> 
     </span>
    </p>
   </div>
   <div class='ocr_carea' id='block_1_64' title="bbox 405 5578 1020 5647">
    <p class='ocr_par' dir='ltr' id='par_1_64' title="bbox 405 5578 1020 5647">
     <span class='ocr_line' id='line_1_64' title="bbox 405 5578 1020 5647; baseline 0.01 -14"><span class='ocrx_word' id='word_1_501' title='bbox 405 5578 640 5647; x_wconf 65' lang='lat' dir='ltr'>l&quot;Aliquot</span> <span class='ocrx_word' id='word_1_502' title='bbox 658 5601 774 5638; x_wconf 82' lang='lat' dir='ltr'>mss.</span> <span class='ocrx_word' id='word_1_503' title='bbox 795 5590 1020 5640; x_wconf 77' lang='grc' dir='ltr'>ἐκϐαλών.</span> 
     </span>
    </p>
   </div>
   <div class='ocr_carea' id='block_1_65' title="bbox 387 5643 950 5718">
    <p class='ocr_par' dir='ltr' id='par_1_65' title="bbox 387 5643 950 5718">
     <span class='ocr_line' id='line_1_65' title="bbox 387 5643 950 5718; baseline 0.011 -22"><span class='ocrx_word' id='word_1_504' title='bbox 387 5643 416 5687; x_wconf 67' lang='lat' dir='ltr'><strong>lo</strong></span> <span class='ocrx_word' id='word_1_505' title='bbox 443 5643 647 5712; x_wconf 60' lang='lat' dir='ltr'><strong>Aueiuoe</strong></span> <span class='ocrx_word' id='word_1_506' title='bbox 666 5662 780 5699; x_wconf 69' lang='lat' dir='ltr'>mss.</span> <span class='ocrx_word' id='word_1_507' title='bbox 806 5652 950 5718; x_wconf 76' lang='grc' dir='ltr'>αὐτῷ.</span> 
     </span>
    </p>
   </div>
   <div class='ocr_carea' id='block_1_66' title="bbox 1532 285 2319 354">
    <p class='ocr_par' dir='ltr' id='par_1_66' title="bbox 1532 285 2319 354">
     <span class='ocr_line' id='line_1_66' title="bbox 1532 285 2319 354; baseline 0.01 -15"><span class='ocrx_word' id='word_1_508' title='bbox 1532 285 1621 342; x_wconf 84' lang='grc' dir='ltr'>[Ε</span> <span class='ocrx_word' id='word_1_509' title='bbox 1658 285 1932 347; x_wconf 76' lang='lat' dir='ltr'>LAZARO</span> <span class='ocrx_word' id='word_1_510' title='bbox 1966 289 2215 352; x_wconf 85' lang='lat' dir='ltr'>CONCIO</span> <span class='ocrx_word' id='word_1_511' title='bbox 2253 295 2319 354; x_wconf 80' lang='lat' dir='ltr'>II.</span> 
     </span>
    </p>
   </div>
   <div class='ocr_carea' id='block_1_67' title="bbox 3472 302 3576 356">
    <p class='ocr_par' dir='ltr' id='par_1_67' title="bbox 3472 302 3576 356">
     <span class='ocr_line' id='line_1_67' title="bbox 3472 302 3576 356; baseline -0.01 0"><span class='ocrx_word' id='word_1_512' title='bbox 3472 302 3576 356; x_wconf 77' lang='lat'>938</span> 
     </span>
    </p>
   </div>
   <div class='ocr_carea' id='block_1_68' title="bbox 2016 409 3581 482">
    <p class='ocr_par' dir='ltr' id='par_1_68' title="bbox 2016 409 3581 482">
     <span class='ocr_line' id='line_1_68' title="bbox 2016 409 3581 482; baseline 0.02 -23"><span class='ocrx_word' id='word_1_513' title='bbox 2016 411 2090 481; x_wconf 83' lang='grc' dir='ltr'>μὴ</span> <span class='ocrx_word' id='word_1_514' title='bbox 2112 411 2448 482; x_wconf 63' lang='grc' dir='ltr'>μεταδιδόναι</span> <span class='ocrx_word' id='word_1_515' title='bbox 2474 410 2699 481; x_wconf 78' lang='grc' dir='ltr'>ἑτέροις.</span> <span class='ocrx_word' id='word_1_516' title='bbox 2728 412 2819 464; x_wconf 65' lang='grc' dir='ltr'>καὶ</span> <span class='ocrx_word' id='word_1_517' title='bbox 2844 409 3001 464; x_wconf 66' lang='grc' dir='ltr'>τοῦτο</span> <span class='ocrx_word' id='word_1_518' title='bbox 3025 409 3251 481; x_wconf 76' lang='grc' dir='ltr'>ἁρπαγὴ</span> <span class='ocrx_word' id='word_1_519' title='bbox 3281 411 3373 466; x_wconf 56' lang='grc' dir='ltr'>καὶ</span> <span class='ocrx_word' id='word_1_520' title='bbox 3394 411 3581 469; x_wconf 61' lang='grc' dir='ltr'>πλεῖον·</span> 
     </span>
    </p>
   </div>
   <div class='ocr_carea' id='block_1_69' title="bbox 2012 488 3581 566">
    <p class='ocr_par' dir='ltr' id='par_1_69' title="bbox 2012 488 3581 566">
     <span class='ocr_line' id='line_1_69' title="bbox 2012 488 3581 566; baseline 0.003 -22"><span class='ocrx_word' id='word_1_521' title='bbox 2012 492 2130 557; x_wconf 83' lang='grc' dir='ltr'>εξία</span> <span class='ocrx_word' id='word_1_522' title='bbox 2176 493 2270 545; x_wconf 90' lang='lat' dir='ltr'><strong>zeal</strong></span> <span class='ocrx_word' id='word_1_523' title='bbox 2294 491 2660 562; x_wconf 85' lang='grc' dir='ltr'>ἀποστέρησίς</span> <span class='ocrx_word' id='word_1_524' title='bbox 2683 489 2820 547; x_wconf 81' lang='grc' dir='ltr'>ἔστι.</span> <span class='ocrx_word' id='word_1_525' title='bbox 2857 491 2953 556; x_wconf 85' lang='grc' dir='ltr'>Τίς</span> <span class='ocrx_word' id='word_1_526' title='bbox 2970 488 3062 546; x_wconf 79' lang='grc' dir='ltr'>οὖν</span> <span class='ocrx_word' id='word_1_527' title='bbox 3080 494 3228 546; x_wconf 85' lang='grc' dir='ltr'>ἐστιν</span> <span class='ocrx_word' id='word_1_528' title='bbox 3250 492 3423 566; x_wconf 85' lang='grc' dir='ltr'>αὐτη;</span> <span class='ocrx_word' id='word_1_529' title='bbox 3454 495 3581 559; x_wconf 80' lang='grc' dir='ltr'>Τοῖς</span> 
     </span>
    </p>
   </div>
   <div class='ocr_carea' id='block_1_70' title="bbox 2023 574 3578 648">
    <p class='ocr_par' dir='ltr' id='par_1_70' title="bbox 2023 574 3578 648">
     <span class='ocr_line' id='line_1_70' title="bbox 2023 574 3578 648; baseline 0.002 -21"><span class='ocrx_word' id='word_1_530' title='bbox 2023 574 2300 639; x_wconf 84' lang='grc' dir='ltr'>Ἰουδαίοις</span> <span class='ocrx_word' id='word_1_531' title='bbox 2324 574 2570 644; x_wconf 84' lang='grc' dir='ltr'>ἐγκαλῶν</span> <span class='ocrx_word' id='word_1_532' title='bbox 2591 576 2619 627; x_wconf 86' lang='grc' dir='ltr'>ὁ</span> <span class='ocrx_word' id='word_1_533' title='bbox 2649 574 2783 637; x_wconf 79' lang='grc' dir='ltr'>Θεὸς</span> <span class='ocrx_word' id='word_1_534' title='bbox 2813 575 2899 628; x_wconf 79' lang='grc' dir='ltr'>διὰ</span> <span class='ocrx_word' id='word_1_535' title='bbox 2928 575 3021 628; x_wconf 81' lang='grc' dir='ltr'>τοῦ</span> <span class='ocrx_word' id='word_1_536' title='bbox 3046 577 3346 648; x_wconf 82' lang='grc' dir='ltr'>προφήτου,</span> <span class='ocrx_word' id='word_1_537' title='bbox 3381 578 3544 647; x_wconf 83' lang='grc' dir='ltr'>φησίν</span> <span class='ocrx_word' id='word_1_538' title='bbox 3564 595 3578 611; x_wconf 74' lang='lat'><strong><em>°</em></strong></span> 
     </span>
    </p>
   </div>
   <div class='ocr_carea' id='block_1_71' title="bbox 2023 655 3583 729">
    <p class='ocr_par' dir='ltr' id='par_1_71' title="bbox 2023 655 3583 729">
     <span class='ocr_line' id='line_1_71' title="bbox 2023 655 3583 729; baseline 0.004 -21"><span class='ocrx_word' id='word_1_539' title='bbox 2023 656 2377 729; x_wconf 77' lang='grc' dir='ltr'>Ἐξήνεγκεν</span> <span class='ocrx_word' id='word_1_540' title='bbox 2412 655 2543 727; x_wconf 68' lang='grc' dir='ltr'>ἠγοῆ</span> <span class='ocrx_word' id='word_1_541' title='bbox 2572 658 2641 712; x_wconf 83' lang='grc' dir='ltr'>τὰ</span> <span class='ocrx_word' id='word_1_542' title='bbox 2671 659 2917 727; x_wconf 70' lang='grc' dir='ltr'>ὲκφὸρια</span> <span class='ocrx_word' id='word_1_543' title='bbox 2948 658 3159 727; x_wconf 84' lang='grc' dir='ltr'>αὐτῆς,</span> <span class='ocrx_word' id='word_1_544' title='bbox 3190 659 3287 713; x_wconf 75' lang='grc' dir='ltr'>καὶ</span> <span class='ocrx_word' id='word_1_545' title='bbox 3315 662 3425 713; x_wconf 74' lang='grc' dir='ltr'>οὐκ</span> <span class='ocrx_word' id='word_1_546' title='bbox 3468 665 3583 715; x_wconf 82' lang='grc' dir='ltr'>εἱσ-</span> 
     </span>
    </p>
   </div>
   <div class='ocr_carea' id='block_1_72' title="bbox 2009 738 3583 815">
    <p class='ocr_par' dir='ltr' id='par_1_72' title="bbox 2009 738 3583 815">
     <span class='ocr_line' id='line_1_72' title="bbox 2009 738 3583 815; baseline 0.004 -24"><span class='ocrx_word' id='word_1_547' title='bbox 2009 739 2302 807; x_wconf 75' lang='grc' dir='ltr'>ηνέγκατε</span> <span class='ocrx_word' id='word_1_548' title='bbox 2323 739 2392 791; x_wconf 81' lang='grc' dir='ltr'>τὰ</span> <span class='ocrx_word' id='word_1_549' title='bbox 2412 738 2763 800; x_wconf 76' lang='grc' dir='ltr'>ἐπιδέκατα”</span> <span class='ocrx_word' id='word_1_550' title='bbox 2800 742 2936 795; x_wconf 69' lang='grc' dir='ltr'>ἀλλ’</span> <span class='ocrx_word' id='word_1_551' title='bbox 2960 742 2998 809; x_wconf 76' lang='grc' dir='ltr'>ἡ</span> <span class='ocrx_word' id='word_1_552' title='bbox 3031 741 3267 811; x_wconf 74' lang='grc' dir='ltr'>ἁρπαγὴ</span> <span class='ocrx_word' id='word_1_553' title='bbox 3297 742 3402 794; x_wconf 82' lang='grc' dir='ltr'>τοῦ</span> <span class='ocrx_word' id='word_1_554' title='bbox 3432 741 3583 815; x_wconf 76' lang='grc'>[755]</span> 
     </span>
    </p>
   </div>
   <div class='ocr_carea' id='block_1_73' title="bbox 2011 822 3583 897">
    <p class='ocr_par' dir='ltr' id='par_1_73' title="bbox 2011 822 3583 897">
     <span class='ocr_line' id='line_1_73' title="bbox 2011 822 3583 897; baseline 0.004 -23"><span class='ocrx_word' id='word_1_555' title='bbox 2011 822 2249 891; x_wconf 84' lang='grc' dir='ltr'>πτωχοῦ</span> <span class='ocrx_word' id='word_1_556' title='bbox 2275 823 2344 875; x_wconf 77' lang='grc' dir='ltr'>ἐν</span> <span class='ocrx_word' id='word_1_557' title='bbox 2368 822 2491 879; x_wconf 71' lang='grc' dir='ltr'>τοῖς·</span> <span class='ocrx_word' id='word_1_558' title='bbox 2511 824 2699 889; x_wconf 80' lang='grc' dir='ltr'>οἴκοις</span> <span class='ocrx_word' id='word_1_559' title='bbox 2733 824 2921 893; x_wconf 78' lang='grc' dir='ltr'>ὑμῶν.</span> <span class='ocrx_word' id='word_1_560' title='bbox 2968 825 3186 897; x_wconf 84' lang='grc' dir='ltr'>Ἐπειδὴ</span> <span class='ocrx_word' id='word_1_561' title='bbox 3210 826 3312 889; x_wconf 79' lang='grc' dir='ltr'>τὰς</span> <span class='ocrx_word' id='word_1_562' title='bbox 3344 844 3583 897; x_wconf 82' lang='grc' dir='ltr'>προσφο-</span> 
     </span>
    </p>
   </div>
   <div class='ocr_carea' id='block_1_74' title="bbox 2012 904 3581 981">
    <p class='ocr_par' dir='ltr' id='par_1_74' title="bbox 2012 904 3581 981">
     <span class='ocr_line' id='line_1_74' title="bbox 2012 904 3581 981; baseline 0.006 -25"><span class='ocrx_word' id='word_1_563' title='bbox 2012 904 2133 977; x_wconf 81' lang='grc' dir='ltr'>ρὰς,</span> <span class='ocrx_word' id='word_1_564' title='bbox 2166 906 2318 975; x_wconf 69' lang='grc' dir='ltr'>φησὶ,</span> <span class='ocrx_word' id='word_1_565' title='bbox 2344 906 2444 969; x_wconf 89' lang='grc' dir='ltr'>τάς</span> <span class='ocrx_word' id='word_1_566' title='bbox 2470 906 2723 971; x_wconf 83' lang='grc' dir='ltr'>εἰωθυίας</span> <span class='ocrx_word' id='word_1_567' title='bbox 2743 910 2843 961; x_wconf 88' lang='grc' dir='ltr'>οὐκ</span> <span class='ocrx_word' id='word_1_568' title='bbox 2879 908 3140 975; x_wconf 82' lang='grc' dir='ltr'>ἐδώκατε,</span> <span class='ocrx_word' id='word_1_569' title='bbox 3189 911 3473 981; x_wconf 81' lang='grc' dir='ltr'>ήρπάσατε</span> <span class='ocrx_word' id='word_1_570' title='bbox 3512 911 3581 965; x_wconf 86' lang='grc' dir='ltr'>τὰ</span> 
     </span>
    </p>
   </div>
   <div class='ocr_carea' id='block_1_75' title="bbox 2008 987 3580 1062">
    <p class='ocr_par' dir='ltr' id='par_1_75' title="bbox 2008 987 3580 1062">
     <span class='ocr_line' id='line_1_75' title="bbox 2008 987 3580 1062; baseline 0.005 -22"><span class='ocrx_word' id='word_1_571' title='bbox 2008 987 2103 1040; x_wconf 80' lang='grc' dir='ltr'>τοῦ</span> <span class='ocrx_word' id='word_1_572' title='bbox 2134 989 2384 1060; x_wconf 88' lang='grc' dir='ltr'>πένητος.</span> <span class='ocrx_word' id='word_1_573' title='bbox 2418 988 2590 1042; x_wconf 79' lang='grc' dir='ltr'>Τοῦτο</span> <span class='ocrx_word' id='word_1_574' title='bbox 2616 989 2674 1042; x_wconf 85' lang='grc' dir='ltr'>δὲ</span> <span class='ocrx_word' id='word_1_575' title='bbox 2706 991 2875 1059; x_wconf 80' lang='grc' dir='ltr'>λέγει,</span> <span class='ocrx_word' id='word_1_576' title='bbox 2900 992 3115 1055; x_wconf 74' lang='grc' dir='ltr'>δεικνὺς</span> <span class='ocrx_word' id='word_1_577' title='bbox 3139 996 3252 1056; x_wconf 87' lang='grc' dir='ltr'>τοῖς</span> <span class='ocrx_word' id='word_1_578' title='bbox 3286 996 3580 1062; x_wconf 76' lang='grc' dir='ltr'>πλουσίοις,</span> 
     </span>
    </p>
   </div>
   <div class='ocr_carea' id='block_1_76' title="bbox 2009 1069 3580 1145">
    <p class='ocr_par' dir='ltr' id='par_1_76' title="bbox 2009 1069 3580 1145">
     <span class='ocr_line' id='line_1_76' title="bbox 2009 1069 3580 1145; baseline 0.006 -23"><span class='ocrx_word' id='word_1_579' title='bbox 2009 1069 2181 1123; x_wconf 86' lang='grc' dir='ltr'>ὅτιτά</span> <span class='ocrx_word' id='word_1_580' title='bbox 2209 1070 2317 1122; x_wconf 89' lang='grc' dir='ltr'>τῶν</span> <span class='ocrx_word' id='word_1_581' title='bbox 2363 1071 2610 1141; x_wconf 83' lang='grc' dir='ltr'>πενήτων</span> <span class='ocrx_word' id='word_1_582' title='bbox 2636 1071 2841 1141; x_wconf 83' lang='grc' dir='ltr'>έχουσι,</span> <span class='ocrx_word' id='word_1_583' title='bbox 2873 1073 2975 1127; x_wconf 78' lang='grc' dir='ltr'>κᾶν</span> <span class='ocrx_word' id='word_1_584' title='bbox 3006 1075 3259 1145; x_wconf 81' lang='grc' dir='ltr'>πατρῷον</span> <span class='ocrx_word' id='word_1_585' title='bbox 3297 1077 3580 1141; x_wconf 83' lang='grc' dir='ltr'>διαδέξων-</span> 
     </span>
    </p>
   </div>
   <div class='ocr_carea' id='block_1_77' title="bbox 2008 1152 3577 1231">
    <p class='ocr_par' dir='ltr' id='par_1_77' title="bbox 2008 1152 3577 1231">
     <span class='ocr_line' id='line_1_77' title="bbox 2008 1152 3577 1231; baseline 0.007 -27"><span class='ocrx_word' id='word_1_586' title='bbox 2008 1168 2099 1204; x_wconf 89' lang='grc' dir='ltr'>ται</span> <span class='ocrx_word' id='word_1_587' title='bbox 2133 1152 2353 1223; x_wconf 82' lang='grc' dir='ltr'>κλῆρον,</span> <span class='ocrx_word' id='word_1_588' title='bbox 2381 1153 2484 1207; x_wconf 84' lang='grc' dir='ltr'>κᾶν</span> <span class='ocrx_word' id='word_1_589' title='bbox 2509 1153 2832 1225; x_wconf 83' lang='grc' dir='ltr'>όθενδήποτε</span> <span class='ocrx_word' id='word_1_590' title='bbox 2874 1156 3165 1221; x_wconf 77' lang='grc' dir='ltr'>συλλέξωσι</span> <span class='ocrx_word' id='word_1_591' title='bbox 3201 1158 3269 1210; x_wconf 80' lang='grc' dir='ltr'>τὰ</span> <span class='ocrx_word' id='word_1_592' title='bbox 3302 1161 3577 1231; x_wconf 85' lang='grc' dir='ltr'>χρήματα.</span> 
     </span>
    </p>
   </div>
   <div class='ocr_carea' id='block_1_78' title="bbox 2008 1234 3582 1311">
    <p class='ocr_par' dir='ltr' id='par_1_78' title="bbox 2008 1234 3582 1311">
     <span class='ocr_line' id='line_1_78' title="bbox 2008 1234 3582 1311; baseline 0.006 -25"><span class='ocrx_word' id='word_1_593' title='bbox 2008 1234 2119 1287; x_wconf 85' lang='lat' dir='ltr'>Kal</span> <span class='ocrx_word' id='word_1_594' title='bbox 2145 1235 2307 1288; x_wconf 83' lang='grc' dir='ltr'>πάλιν</span> <span class='ocrx_word' id='word_1_595' title='bbox 2356 1234 2591 1305; x_wconf 81' lang='grc' dir='ltr'>ἀλλαχοῦ</span> <span class='ocrx_word' id='word_1_596' title='bbox 2625 1236 2804 1305; x_wconf 77' lang='grc' dir='ltr'>λέγει’</span> <span class='ocrx_word' id='word_1_597' title='bbox 2841 1238 2938 1307; x_wconf 73' lang='grc' dir='ltr'>Μὴ</span> <span class='ocrx_word' id='word_1_598' title='bbox 2990 1240 3418 1309; x_wconf 73' lang='grc' dir='ltr'>ἀποστερήσῃς</span> <span class='ocrx_word' id='word_1_599' title='bbox 3468 1242 3582 1311; x_wconf 74' lang='grc' dir='ltr'>τὴν</span> 
     </span>
    </p>
   </div>
   <div class='ocr_carea' id='block_1_79' title="bbox 2010 1315 3581 1398">
    <p class='ocr_par' dir='ltr' id='par_1_79' title="bbox 2010 1315 3581 1398">
     <span class='ocr_line' id='line_1_79' title="bbox 2010 1315 3581 1398; baseline 0.008 -29"><span class='ocrx_word' id='word_1_600' title='bbox 2010 1315 2162 1385; x_wconf 80' lang='grc' dir='ltr'>ζωὴν</span> <span class='ocrx_word' id='word_1_601' title='bbox 2184 1317 2288 1371; x_wconf 85' lang='grc' dir='ltr'>τοῦ</span> <span class='ocrx_word' id='word_1_602' title='bbox 2318 1319 2557 1388; x_wconf 76' lang='grc' dir='ltr'>πτωχοῦ</span> <span class='ocrx_word' id='word_1_603' title='bbox 2582 1336 2595 1350; x_wconf 93' lang='grc'><strong>·</strong></span> <span class='ocrx_word' id='word_1_604' title='bbox 2651 1323 2679 1372; x_wconf 80' lang='grc' dir='ltr'>ό</span> <span class='ocrx_word' id='word_1_605' title='bbox 2705 1322 2761 1374; x_wconf 81' lang='grc' dir='ltr'>δὲ</span> <span class='ocrx_word' id='word_1_606' title='bbox 2817 1322 3166 1395; x_wconf 83' lang='grc' dir='ltr'>ἀποστερῶν,</span> <span class='ocrx_word' id='word_1_607' title='bbox 3212 1324 3281 1379; x_wconf 81' lang='grc' dir='ltr'>τὰ</span> <span class='ocrx_word' id='word_1_608' title='bbox 3326 1326 3581 1398; x_wconf 79' lang='grc' dir='ltr'>ἀλλότρια</span> 
     </span>
    </p>
   </div>
   <div class='ocr_carea' id='block_1_80' title="bbox 2009 1398 3579 1474">
    <p class='ocr_par' dir='ltr' id='par_1_80' title="bbox 2009 1398 3579 1474">
     <span class='ocr_line' id='line_1_80' title="bbox 2009 1398 3579 1474; baseline 0.009 -25"><span class='ocrx_word' id='word_1_609' title='bbox 2009 1398 2301 1470; x_wconf 87' lang='grc' dir='ltr'>ἀποστερεῖ</span> <span class='ocrx_word' id='word_1_610' title='bbox 2319 1415 2332 1427; x_wconf 82' lang='grc'><em>’</em></span> <span class='ocrx_word' id='word_1_611' title='bbox 2368 1400 2732 1473; x_wconf 78' lang='grc' dir='ltr'>ἀποστέρησις</span> <span class='ocrx_word' id='word_1_612' title='bbox 2765 1403 2872 1474; x_wconf 88' lang='grc' dir='ltr'>γάρ</span> <span class='ocrx_word' id='word_1_613' title='bbox 2898 1404 3113 1473; x_wconf 88' lang='grc' dir='ltr'>λέγεται</span> <span class='ocrx_word' id='word_1_614' title='bbox 3136 1447 3150 1469; x_wconf 94' lang='grc'>,</span> <span class='ocrx_word' id='word_1_615' title='bbox 3180 1407 3307 1461; x_wconf 84' lang='grc' dir='ltr'>ὅταν</span> <span class='ocrx_word' id='word_1_616' title='bbox 3329 1407 3398 1461; x_wconf 77' lang='grc' dir='ltr'>τὰ</span> <span class='ocrx_word' id='word_1_617' title='bbox 3423 1410 3579 1463; x_wconf 85' lang='grc' dir='ltr'>ἀλλό-</span> 
     </span>
    </p>
   </div>
   <div class='ocr_carea' id='block_1_81' title="bbox 2008 1481 3581 1556">
    <p class='ocr_par' dir='ltr' id='par_1_81' title="bbox 2008 1481 3581 1556">
     <span class='ocr_line' id='line_1_81' title="bbox 2008 1481 3581 1556; baseline 0.009 -25"><span class='ocrx_word' id='word_1_618' title='bbox 2008 1496 2133 1550; x_wconf 88' lang='grc' dir='ltr'>τρια</span> <span class='ocrx_word' id='word_1_619' title='bbox 2162 1481 2417 1545; x_wconf 85' lang='grc' dir='ltr'>λαϐόντες</span> <span class='ocrx_word' id='word_1_620' title='bbox 2437 1484 2773 1556; x_wconf 79' lang='grc' dir='ltr'>κατέχωμεν.</span> <span class='ocrx_word' id='word_1_621' title='bbox 2799 1487 2906 1539; x_wconf 87' lang='lat' dir='ltr'>Kal</span> <span class='ocrx_word' id='word_1_622' title='bbox 2935 1487 3023 1543; x_wconf 76' lang='grc' dir='ltr'>διὰ</span> <span class='ocrx_word' id='word_1_623' title='bbox 3038 1488 3226 1541; x_wconf 87' lang='grc' dir='ltr'>τούτου</span> <span class='ocrx_word' id='word_1_624' title='bbox 3256 1491 3436 1544; x_wconf 89' lang='grc' dir='ltr'>τοίνυν</span> <span class='ocrx_word' id='word_1_625' title='bbox 3457 1510 3581 1545; x_wconf 68' lang='grc' dir='ltr'>παι-</span> 
     </span>
    </p>
   </div>
   <div class='ocr_carea' id='block_1_82' title="bbox 2006 1562 3580 1645">
    <p class='ocr_par' dir='ltr' id='par_1_82' title="bbox 2006 1562 3580 1645">
     <span class='ocr_line' id='line_1_82' title="bbox 2006 1562 3580 1645; baseline 0.01 -31"><span class='ocrx_word' id='word_1_626' title='bbox 2006 1562 2292 1645; x_wconf 86' lang='grc' dir='ltr'>δευόμεθα,</span> <span class='ocrx_word' id='word_1_627' title='bbox 2324 1566 2561 1624; x_wconf 84' lang='grc' dir='ltr'>ὃτι,ὄταν</span> <span class='ocrx_word' id='word_1_628' title='bbox 2584 1569 2953 1641; x_wconf 80' lang='grc' dir='ltr'>ἐλεημοσύνην</span> <span class='ocrx_word' id='word_1_629' title='bbox 2986 1576 3059 1643; x_wconf 79' lang='grc' dir='ltr'>μὴ</span> <span class='ocrx_word' id='word_1_630' title='bbox 3096 1575 3484 1645; x_wconf 84' lang='grc' dir='ltr'>παράσχωμεν,</span> <span class='ocrx_word' id='word_1_631' title='bbox 3522 1579 3580 1628; x_wconf 81' lang='grc' dir='ltr'>ἐν</span> 
     </span>
    </p>
   </div>
   <div class='ocr_carea' id='block_1_83' title="bbox 2010 1644 3580 1730">
    <p class='ocr_par' dir='ltr' id='par_1_83' title="bbox 2010 1644 3580 1730">
     <span class='ocr_line' id='line_1_83' title="bbox 2010 1644 3580 1730; baseline 0.01 -33"><span class='ocrx_word' id='word_1_632' title='bbox 2010 1644 2109 1730; x_wconf 76' lang='grc' dir='ltr'>ίσῳ</span> <span class='ocrx_word' id='word_1_633' title='bbox 2142 1649 2256 1710; x_wconf 83' lang='grc' dir='ltr'>τοῖς</span> <span class='ocrx_word' id='word_1_634' title='bbox 2281 1648 2640 1719; x_wconf 76' lang='grc' dir='ltr'>ἀποστεροῦσι</span> <span class='ocrx_word' id='word_1_635' title='bbox 2674 1652 3013 1724; x_wconf 89' lang='grc' dir='ltr'>κολασόμεθα</span> <span class='ocrx_word' id='word_1_636' title='bbox 3046 1667 3093 1708; x_wconf 74' lang='grc' dir='ltr'>ο.</span> <span class='ocrx_word' id='word_1_637' title='bbox 3138 1644 3439 1712; x_wconf 74' lang='grc' dir='ltr'>Δεσποτικά</span> <span class='ocrx_word' id='word_1_638' title='bbox 3472 1661 3580 1730; x_wconf 85' lang='grc' dir='ltr'>γάρ</span> 
     </span>
    </p>
   </div>
   <div class='ocr_carea' id='block_1_84' title="bbox 2007 1729 3580 1809">
    <p class='ocr_par' dir='ltr' id='par_1_84' title="bbox 2007 1729 3580 1809">
     <span class='ocr_line' id='line_1_84' title="bbox 2007 1729 3580 1809; baseline 0.01 -29"><span class='ocrx_word' id='word_1_639' title='bbox 2007 1729 2123 1781; x_wconf 75' lang='grc' dir='ltr'>ἐστι</span> <span class='ocrx_word' id='word_1_640' title='bbox 2146 1729 2216 1782; x_wconf 81' lang='grc' dir='ltr'>τὰ</span> <span class='ocrx_word' id='word_1_641' title='bbox 2238 1732 2342 1800; x_wconf 84' lang='grc' dir='ltr'>χρή</span> <span class='ocrx_word' id='word_1_642' title='bbox 2353 1748 2516 1800; x_wconf 86' lang='grc' dir='ltr'>ματα,</span> <span class='ocrx_word' id='word_1_643' title='bbox 2542 1731 2662 1785; x_wconf 78' lang='grc' dir='ltr'>ὅθεν</span> <span class='ocrx_word' id='word_1_644' title='bbox 2690 1734 2756 1787; x_wconf 85' lang='grc' dir='ltr'>ἂν</span> <span class='ocrx_word' id='word_1_645' title='bbox 2777 1735 2916 1790; x_wconf 89' lang='grc' dir='ltr'>αὐτά</span> <span class='ocrx_word' id='word_1_646' title='bbox 2942 1738 3281 1809; x_wconf 81' lang='grc' dir='ltr'>συλλέξωμεν</span> <span class='ocrx_word' id='word_1_647' title='bbox 3299 1758 3312 1771; x_wconf 81' lang='grc'><em>’</em></span> <span class='ocrx_word' id='word_1_648' title='bbox 3346 1742 3447 1795; x_wconf 81' lang='grc' dir='ltr'>κᾶν</span> <span class='ocrx_word' id='word_1_649' title='bbox 3467 1729 3580 1807; x_wconf 75' lang='grc' dir='ltr'>τοῖς</span> 
     </span>
    </p>
   </div>
   <div class='ocr_carea' id='block_1_85' title="bbox 2005 1813 3579 1897">
    <p class='ocr_par' dir='ltr' id='par_1_85' title="bbox 2005 1813 3579 1897">
     <span class='ocr_line' id='line_1_85' title="bbox 2005 1813 3579 1897; baseline 0.01 -33"><span class='ocrx_word' id='word_1_650' title='bbox 2005 1813 2281 1897; x_wconf 78' lang='grc' dir='ltr'>δεομένοις</span> <span class='ocrx_word' id='word_1_651' title='bbox 2328 1814 2468 1869; x_wconf 87' lang='grc' dir='ltr'>αὐτά</span> <span class='ocrx_word' id='word_1_652' title='bbox 2518 1817 2860 1888; x_wconf 80' lang='grc' dir='ltr'>παρέξωμεν,</span> <span class='ocrx_word' id='word_1_653' title='bbox 2931 1822 3131 1889; x_wconf 82' lang='grc' dir='ltr'>πολλῆς</span> <span class='ocrx_word' id='word_1_654' title='bbox 3186 1825 3579 1897; x_wconf 80' lang='grc' dir='ltr'>ἐπιτευξόμεθα</span> 
     </span>
    </p>
   </div>
   <div class='ocr_carea' id='block_1_86' title="bbox 2005 1892 3584 1978">
    <p class='ocr_par' dir='ltr' id='par_1_86' title="bbox 2005 1892 3584 1978">
     <span class='ocr_line' id='line_1_86' title="bbox 2005 1892 3584 1978; baseline 0.01 -31"><span class='ocrx_word' id='word_1_655' title='bbox 2005 1896 2108 1978; x_wconf 84' lang='grc' dir='ltr'>τῆς</span> <span class='ocrx_word' id='word_1_656' title='bbox 2131 1892 2409 1964; x_wconf 78' lang='grc' dir='ltr'>ἀφθονίας.</span> <span class='ocrx_word' id='word_1_657' title='bbox 2437 1898 2546 1951; x_wconf 87' lang='lat' dir='ltr'>Kal</span> <span class='ocrx_word' id='word_1_658' title='bbox 2582 1900 2671 1953; x_wconf 81' lang='grc' dir='ltr'>διὰ</span> <span class='ocrx_word' id='word_1_659' title='bbox 2697 1901 2857 1955; x_wconf 79' lang='grc' dir='ltr'>τοῦτό</span> <span class='ocrx_word' id='word_1_660' title='bbox 2907 1921 2991 1956; x_wconf 91' lang='grc' dir='ltr'>σοι</span> <span class='ocrx_word' id='word_1_661' title='bbox 3030 1905 3253 1959; x_wconf 90' lang='grc' dir='ltr'>πλείονα</span> <span class='ocrx_word' id='word_1_662' title='bbox 3285 1892 3584 1978; x_wconf 45' lang='grc' dir='ltr'>ἔχειν-συν-</span> 
     </span>
    </p>
   </div>
   <div class='ocr_carea' id='block_1_87' title="bbox 2007 1977 3575 2062">
    <p class='ocr_par' dir='ltr' id='par_1_87' title="bbox 2007 1977 3575 2062">
     <span class='ocr_line' id='line_1_87' title="bbox 2007 1977 3575 2062; baseline 0.01 -32"><span class='ocrx_word' id='word_1_663' title='bbox 2007 1977 2286 2062; x_wconf 75' lang='grc' dir='ltr'>εχῴρησεν</span> <span class='ocrx_word' id='word_1_664' title='bbox 2311 1980 2339 2031; x_wconf 90' lang='lat'>6</span> <span class='ocrx_word' id='word_1_665' title='bbox 2380 1979 2532 2045; x_wconf 82' lang='grc' dir='ltr'>Θεὸς,</span> <span class='ocrx_word' id='word_1_666' title='bbox 2588 1984 2686 2053; x_wconf 90' lang='grc' dir='ltr'>οὐχ</span> <span class='ocrx_word' id='word_1_667' title='bbox 2718 1983 2805 2036; x_wconf 77' lang='grc' dir='ltr'>ἵνα</span> <span class='ocrx_word' id='word_1_668' title='bbox 2842 1987 2922 2049; x_wconf 86' lang='grc' dir='ltr'>είς</span> <span class='ocrx_word' id='word_1_669' title='bbox 2953 1988 3226 2058; x_wconf 88' lang='grc' dir='ltr'>πορνείαν,</span> <span class='ocrx_word' id='word_1_670' title='bbox 3263 1977 3355 2044; x_wconf 87' lang='lat' dir='ltr'><strong>zeal</strong></span> <span class='ocrx_word' id='word_1_671' title='bbox 3387 1991 3575 2062; x_wconf 82' lang='grc' dir='ltr'>μέθην,</span> 
     </span>
    </p>
   </div>
   <div class='ocr_carea' id='block_1_88' title="bbox 2007 2059 3579 2145">
    <p class='ocr_par' dir='ltr' id='par_1_88' title="bbox 2007 2059 3579 2145">
     <span class='ocr_line' id='line_1_88' title="bbox 2007 2059 3579 2145; baseline 0.01 -34"><span class='ocrx_word' id='word_1_672' title='bbox 2007 2059 2102 2145; x_wconf 76' lang='lat' dir='ltr'><strong>zeal</strong></span> <span class='ocrx_word' id='word_1_673' title='bbox 2126 2062 2453 2145; x_wconf 79' lang='grc' dir='ltr'>ἀδηφαγίαν,</span> <span class='ocrx_word' id='word_1_674' title='bbox 2487 2064 2582 2117; x_wconf 88' lang='lat' dir='ltr'><strong>zeal</strong></span> <span class='ocrx_word' id='word_1_675' title='bbox 2602 2066 2830 2135; x_wconf 78' lang='grc' dir='ltr'>ἱματίων</span> <span class='ocrx_word' id='word_1_676' title='bbox 2858 2068 3224 2137; x_wconf 87' lang='grc' dir='ltr'>πολυτέλειαν,</span> <span class='ocrx_word' id='word_1_677' title='bbox 3260 2074 3351 2126; x_wconf 82' lang='grc' dir='ltr'>καὶ</span> <span class='ocrx_word' id='word_1_678' title='bbox 3379 2059 3471 2145; x_wconf 76' lang='grc' dir='ltr'>τὴν</span> <span class='ocrx_word' id='word_1_679' title='bbox 3494 2059 3579 2127; x_wconf 54' lang='lat' dir='ltr'>ai.</span> 
     </span>
    </p>
   </div>
   <div class='ocr_carea' id='block_1_89' title="bbox 2004 2141 3579 2225">
    <p class='ocr_par' dir='ltr' id='par_1_89' title="bbox 2004 2141 3579 2225">
     <span class='ocr_line' id='line_1_89' title="bbox 2004 2141 3579 2225; baseline 0.01 -30"><span class='ocrx_word' id='word_1_680' title='bbox 2004 2141 2103 2213; x_wconf 86' lang='grc' dir='ltr'>λην</span> <span class='ocrx_word' id='word_1_681' title='bbox 2134 2143 2389 2213; x_wconf 88' lang='grc' dir='ltr'>βλακείαν</span> <span class='ocrx_word' id='word_1_682' title='bbox 2406 2146 2715 2220; x_wconf 84' lang='grc' dir='ltr'>ἀναλώσῃς,</span> <span class='ocrx_word' id='word_1_683' title='bbox 2745 2149 2862 2204; x_wconf 84' lang='grc' dir='ltr'>ἀλλ’</span> <span class='ocrx_word' id='word_1_684' title='bbox 2891 2152 2976 2205; x_wconf 78' lang='grc' dir='ltr'>ἵνα</span> <span class='ocrx_word' id='word_1_685' title='bbox 3001 2155 3116 2217; x_wconf 77' lang='grc' dir='ltr'>τοῖς</span> <span class='ocrx_word' id='word_1_686' title='bbox 3145 2141 3579 2225; x_wconf 70' lang='grc' dir='ltr'>δεομένοιςάὐτά</span> 
     </span>
    </p>
   </div>
   <div class='ocr_carea' id='block_1_90' title="bbox 2005 2227 3579 2311">
    <p class='ocr_par' dir='ltr' id='par_1_90' title="bbox 2005 2227 3579 2311">
     <span class='ocr_line' id='line_1_90' title="bbox 2005 2227 3579 2311; baseline 0.01 -33"><span class='ocrx_word' id='word_1_687' title='bbox 2005 2227 2303 2311; x_wconf 76' lang='grc' dir='ltr'>διανείμῃς.</span> <span class='ocrx_word' id='word_1_688' title='bbox 2369 2229 2638 2302; x_wconf 78' lang='grc' dir='ltr'>Καθάπερ</span> <span class='ocrx_word' id='word_1_689' title='bbox 2669 2232 2778 2303; x_wconf 84' lang='grc' dir='ltr'>γὰρ</span> <span class='ocrx_word' id='word_1_690' title='bbox 2833 2235 3135 2308; x_wconf 85' lang='grc' dir='ltr'>ύποδέκτης</span> <span class='ocrx_word' id='word_1_691' title='bbox 3188 2256 3271 2305; x_wconf 89' lang='grc' dir='ltr'>τις</span> <span class='ocrx_word' id='word_1_692' title='bbox 3323 2240 3579 2311; x_wconf 79' lang='grc' dir='ltr'>βασιλικά</span> 
     </span>
    </p>
   </div>
   <div class='ocr_carea' id='block_1_91' title="bbox 2004 2309 3580 2395">
    <p class='ocr_par' dir='ltr' id='par_1_91' title="bbox 2004 2309 3580 2395">
     <span class='ocr_line' id='line_1_91' title="bbox 2004 2309 3580 2395; baseline 0.01 -32"><span class='ocrx_word' id='word_1_693' title='bbox 2004 2309 2295 2395; x_wconf 76' lang='grc' dir='ltr'>δεξάμενος</span> <span class='ocrx_word' id='word_1_694' title='bbox 2325 2314 2600 2383; x_wconf 87' lang='grc' dir='ltr'>χρήματα,</span> <span class='ocrx_word' id='word_1_695' title='bbox 2632 2313 2698 2368; x_wconf 86' lang='grc' dir='ltr'>ἀν</span> <span class='ocrx_word' id='word_1_696' title='bbox 2730 2317 2889 2384; x_wconf 69' lang='grc' dir='ltr'>ἀφεὶς</span> <span class='ocrx_word' id='word_1_697' title='bbox 2933 2314 3011 2381; x_wconf 69' lang='grc' dir='ltr'>οἷς</span> <span class='ocrx_word' id='word_1_698' title='bbox 3039 2320 3105 2372; x_wconf 83' lang='grc' dir='ltr'>ἂν</span> <span class='ocrx_word' id='word_1_699' title='bbox 3141 2309 3427 2395; x_wconf 89' lang='grc' dir='ltr'>κελεύηται</span> <span class='ocrx_word' id='word_1_700' title='bbox 3466 2326 3580 2379; x_wconf 86' lang='grc' dir='ltr'>δια-</span> 
     </span>
    </p>
   </div>
   <div class='ocr_carea' id='block_1_92' title="bbox 2006 2394 3578 2473">
    <p class='ocr_par' dir='ltr' id='par_1_92' title="bbox 2006 2394 3578 2473">
     <span class='ocr_line' id='line_1_92' title="bbox 2006 2394 3578 2473; baseline 0.011 -29"><span class='ocrx_word' id='word_1_701' title='bbox 2006 2394 2223 2462; x_wconf 85' lang='grc' dir='ltr'>νεῖμαι,</span> <span class='ocrx_word' id='word_1_702' title='bbox 2271 2397 2350 2457; x_wconf 85' lang='grc' dir='ltr'>είς</span> <span class='ocrx_word' id='word_1_703' title='bbox 2398 2397 2602 2450; x_wconf 69' lang='grc' dir='ltr'>οἰκείαν</span> <span class='ocrx_word' id='word_1_704' title='bbox 2641 2399 2996 2473; x_wconf 80' lang='grc' dir='ltr'>καταναλώσῃ</span> <span class='ocrx_word' id='word_1_705' title='bbox 3036 2394 3578 2472; x_wconf 15' lang='grc' dir='ltr'>βλακείαν,νεύθύνας</span> 
     </span>
    </p>
   </div>
   <div class='ocr_carea' id='block_1_93' title="bbox 2004 2475 3573 2559">
    <p class='ocr_par' dir='ltr' id='par_1_93' title="bbox 2004 2475 3573 2559">
     <span class='ocr_line' id='line_1_93' title="bbox 2004 2475 3573 2559; baseline 0.013 -33"><span class='ocrx_word' id='word_1_706' title='bbox 2004 2475 2187 2559; x_wconf 84' lang='grc' dir='ltr'>δίδωσι</span> <span class='ocrx_word' id='word_1_707' title='bbox 2216 2477 2311 2530; x_wconf 88' lang='lat' dir='ltr'><strong>zeal</strong></span> <span class='ocrx_word' id='word_1_708' title='bbox 2346 2480 2818 2549; x_wconf 89' lang='grc' dir='ltr'>προσαπόλλυται·</span> <span class='ocrx_word' id='word_1_709' title='bbox 2841 2483 2984 2539; x_wconf 81' lang='grc' dir='ltr'>οὐτω</span> <span class='ocrx_word' id='word_1_710' title='bbox 3010 2486 3073 2558; x_wconf 80' lang='grc' dir='ltr'>δὴ</span> <span class='ocrx_word' id='word_1_711' title='bbox 3100 2489 3191 2541; x_wconf 86' lang='lat' dir='ltr'><strong>zeal</strong></span> <span class='ocrx_word' id='word_1_712' title='bbox 3234 2491 3262 2542; x_wconf 89' lang='lat'>6</span> <span class='ocrx_word' id='word_1_713' title='bbox 3288 2491 3537 2556; x_wconf 88' lang='grc' dir='ltr'>πλούσιος</span> <span class='ocrx_word' id='word_1_714' title='bbox 3556 2537 3573 2559; x_wconf 90' lang='grc'>,</span> 
     </span>
    </p>
   </div>
   <div class='ocr_carea' id='block_1_94' title="bbox 2007 2558 3578 2644">
    <p class='ocr_par' dir='ltr' id='par_1_94' title="bbox 2007 2558 3578 2644">
     <span class='ocr_line' id='line_1_94' title="bbox 2007 2558 3578 2644; baseline 0.013 -35"><span class='ocrx_word' id='word_1_715' title='bbox 2007 2558 2307 2644; x_wconf 83' lang='grc' dir='ltr'>ὐποδέκτης</span> <span class='ocrx_word' id='word_1_716' title='bbox 2335 2562 2442 2644; x_wconf 75' lang='grc' dir='ltr'>τίς</span> <span class='ocrx_word' id='word_1_717' title='bbox 2490 2564 2606 2616; x_wconf 82' lang='grc' dir='ltr'>ἐστι</span> <span class='ocrx_word' id='word_1_718' title='bbox 2633 2564 2744 2618; x_wconf 86' lang='grc' dir='ltr'>τῶν</span> <span class='ocrx_word' id='word_1_719' title='bbox 2772 2569 2880 2630; x_wconf 82' lang='grc' dir='ltr'>τοῖς</span> <span class='ocrx_word' id='word_1_720' title='bbox 2936 2568 3163 2640; x_wconf 86' lang='grc' dir='ltr'>πένησιν</span> <span class='ocrx_word' id='word_1_721' title='bbox 3212 2558 3578 2644; x_wconf 79' lang='grc' dir='ltr'>ὀφειλομένων</span> 
     </span>
    </p>
   </div>
   <div class='ocr_carea' id='block_1_95' title="bbox 2004 2642 3576 2728">
    <p class='ocr_par' dir='ltr' id='par_1_95' title="bbox 2004 2642 3576 2728">
     <span class='ocr_line' id='line_1_95' title="bbox 2004 2642 3576 2728; baseline 0.011 -35"><span class='ocrx_word' id='word_1_722' title='bbox 2004 2642 2306 2728; x_wconf 79' lang='grc' dir='ltr'>χρημάτων</span> <span class='ocrx_word' id='word_1_723' title='bbox 2326 2643 2736 2728; x_wconf 86' lang='grc' dir='ltr'>διανεμηθῆναι,</span> <span class='ocrx_word' id='word_1_724' title='bbox 2769 2650 3083 2720; x_wconf 76' lang='grc' dir='ltr'>ἐπιταχθεὶς</span> <span class='ocrx_word' id='word_1_725' title='bbox 3112 2652 3255 2707; x_wconf 83' lang='grc' dir='ltr'>αὐτά</span> <span class='ocrx_word' id='word_1_726' title='bbox 3301 2642 3576 2728; x_wconf 83' lang='grc' dir='ltr'>διανέμειν</span> 
     </span>
    </p>
   </div>
   <div class='ocr_carea' id='block_1_96' title="bbox 2005 2725 3577 2803">
    <p class='ocr_par' dir='ltr' id='par_1_96' title="bbox 2005 2725 3577 2803">
     <span class='ocr_line' id='line_1_96' title="bbox 2005 2725 3577 2803; baseline 0.012 -27"><span class='ocrx_word' id='word_1_727' title='bbox 2005 2725 2113 2778; x_wconf 86' lang='grc' dir='ltr'>τῶν</span> <span class='ocrx_word' id='word_1_728' title='bbox 2129 2726 2319 2779; x_wconf 78' lang='grc' dir='ltr'>ἑαυτοῦ</span> <span class='ocrx_word' id='word_1_729' title='bbox 2345 2727 2642 2783; x_wconf 80' lang='grc' dir='ltr'>συνδούλων</span> <span class='ocrx_word' id='word_1_730' title='bbox 2669 2734 2782 2794; x_wconf 86' lang='grc' dir='ltr'>τοῖς</span> <span class='ocrx_word' id='word_1_731' title='bbox 2811 2734 3149 2803; x_wconf 83' lang='grc' dir='ltr'>πενομένοις.</span> <span class='ocrx_word' id='word_1_732' title='bbox 3189 2738 3284 2790; x_wconf 75' lang='grc' dir='ltr'>Ἂν</span> <span class='ocrx_word' id='word_1_733' title='bbox 3301 2734 3393 2792; x_wconf 79' lang='grc' dir='ltr'>οὖν</span> <span class='ocrx_word' id='word_1_734' title='bbox 3419 2725 3577 2795; x_wconf 83' lang='grc' dir='ltr'>πλέον</span> 
     </span>
    </p>
   </div>
   <div class='ocr_carea' id='block_1_97' title="bbox 2006 2808 3575 2891">
    <p class='ocr_par' dir='ltr' id='par_1_97' title="bbox 2006 2808 3575 2891">
     <span class='ocr_line' id='line_1_97' title="bbox 2006 2808 3575 2891; baseline 0.011 -31"><span class='ocrx_word' id='word_1_735' title='bbox 2006 2825 2057 2861; x_wconf 89' lang='grc' dir='ltr'>τι</span> <span class='ocrx_word' id='word_1_736' title='bbox 2082 2809 2196 2891; x_wconf 78' lang='grc' dir='ltr'>τῆς</span> <span class='ocrx_word' id='word_1_737' title='bbox 2228 2808 2419 2879; x_wconf 89' lang='grc' dir='ltr'>χρείας</span> <span class='ocrx_word' id='word_1_738' title='bbox 2475 2812 2557 2875; x_wconf 87' lang='grc' dir='ltr'>είς</span> <span class='ocrx_word' id='word_1_739' title='bbox 2604 2813 2797 2867; x_wconf 73' lang='grc' dir='ltr'>ἑαυτὸν</span> <span class='ocrx_word' id='word_1_740' title='bbox 2825 2814 3078 2891; x_wconf 78' lang='grc' dir='ltr'>ἀναλώσῃ</span> <span class='ocrx_word' id='word_1_741' title='bbox 3123 2820 3223 2889; x_wconf 86' lang='grc' dir='ltr'>τῆς</span> <span class='ocrx_word' id='word_1_742' title='bbox 3255 2821 3575 2891; x_wconf 80' lang='grc' dir='ltr'>ἀναγκαίας,</span> 
     </span>
    </p>
   </div>
   <div class='ocr_carea' id='block_1_98' title="bbox 2006 2890 3607 2977">
    <p class='ocr_par' dir='ltr' id='par_1_98' title="bbox 2006 2890 3607 2977">
     <span class='ocr_line' id='line_1_98' title="bbox 2006 2890 3607 2977; baseline 0.011 -34"><span class='ocrx_word' id='word_1_743' title='bbox 2006 2890 2395 2977; x_wconf 75' lang='grc' dir='ltr'>χαλεπωτάτας</span> <span class='ocrx_word' id='word_1_744' title='bbox 2422 2895 2539 2977; x_wconf 71' lang='grc' dir='ltr'>ἐκεῖ</span> <span class='ocrx_word' id='word_1_745' title='bbox 2564 2894 2861 2977; x_wconf 76' lang='grc' dir='ltr'>δὼσειτὰς</span> <span class='ocrx_word' id='word_1_746' title='bbox 2886 2898 3136 2965; x_wconf 88' lang='grc' dir='ltr'>εὐθύνας.</span> <span class='ocrx_word' id='word_1_747' title='bbox 3179 2903 3254 2955; x_wconf 84' lang='grc' dir='ltr'>Οὐ</span> <span class='ocrx_word' id='word_1_748' title='bbox 3294 2890 3402 2977; x_wconf 87' lang='grc' dir='ltr'>γάρ</span> <span class='ocrx_word' id='word_1_749' title='bbox 3430 2908 3578 2960; x_wconf 83' lang='grc' dir='ltr'>ἐστιν</span> <span class='ocrx_word' id='word_1_750' title='bbox 3604 2938 3607 2939; x_wconf 54' lang='grc' dir='ltr'>ν</span> 
     </span>
    </p>
   </div>
   <div class='ocr_carea' id='block_1_99' title="bbox 2006 2973 3504 3043">
    <p class='ocr_par' dir='ltr' id='par_1_99' title="bbox 2006 2973 3504 3043">
     <span class='ocr_line' id='line_1_99' title="bbox 2006 2973 3504 3043; baseline 0.013 -19"><span class='ocrx_word' id='word_1_751' title='bbox 2006 2973 2171 3026; x_wconf 83' lang='grc' dir='ltr'>αὐτοῦ</span> <span class='ocrx_word' id='word_1_752' title='bbox 2197 2974 2265 3027; x_wconf 87' lang='grc' dir='ltr'>τά</span> <span class='ocrx_word' id='word_1_753' title='bbox 2286 2973 2450 3028; x_wconf 81' lang='grc' dir='ltr'>αὑτοῦ</span> <span class='ocrx_word' id='word_1_754' title='bbox 2477 3012 2490 3038; x_wconf 94' lang='grc'>,</span> <span class='ocrx_word' id='word_1_755' title='bbox 2526 2976 2663 3029; x_wconf 82' lang='grc' dir='ltr'>ἀλλὰ</span> <span class='ocrx_word' id='word_1_756' title='bbox 2689 2976 2799 3030; x_wconf 86' lang='grc' dir='ltr'>τῶν</span> <span class='ocrx_word' id='word_1_757' title='bbox 2832 2979 3128 3036; x_wconf 85' lang='grc' dir='ltr'>συνδούλων</span> <span class='ocrx_word' id='word_1_758' title='bbox 3157 2984 3263 3038; x_wconf 87' lang='grc' dir='ltr'>τῶν</span> <span class='ocrx_word' id='word_1_759' title='bbox 3290 2973 3504 3043; x_wconf 71' lang='grc' dir='ltr'>ἑαυτοῦ.</span> 
     </span>
    </p>
   </div>
   <div class='ocr_carea' id='block_1_100' title="bbox 2077 3078 3576 3162">
    <p class='ocr_par' dir='ltr' id='par_1_100' title="bbox 2077 3078 3576 3162">
     <span class='ocr_line' id='line_1_100' title="bbox 2077 3078 3576 3162; baseline 0.011 -32"><span class='ocrx_word' id='word_1_760' title='bbox 2077 3083 2139 3133; x_wconf 86' lang='grc' dir='ltr'>ε’.</span> <span class='ocrx_word' id='word_1_761' title='bbox 2161 3078 2476 3162; x_wconf 75' lang='grc' dir='ltr'>Φειδῴμεθα</span> <span class='ocrx_word' id='word_1_762' title='bbox 2498 3080 2676 3134; x_wconf 89' lang='grc' dir='ltr'>τοίνυν</span> <span class='ocrx_word' id='word_1_763' title='bbox 2700 3082 2901 3147; x_wconf 89' lang='grc' dir='ltr'>αὐτῶν,</span> <span class='ocrx_word' id='word_1_764' title='bbox 2927 3085 3003 3148; x_wconf 82' lang='grc' dir='ltr'>ὡς</span> <span class='ocrx_word' id='word_1_765' title='bbox 3026 3087 3338 3160; x_wconf 89' lang='grc' dir='ltr'>ἀλλοτρίων,</span> <span class='ocrx_word' id='word_1_766' title='bbox 3372 3093 3456 3145; x_wconf 76' lang='grc' dir='ltr'>ἵνα</span> <span class='ocrx_word' id='word_1_767' title='bbox 3485 3093 3576 3162; x_wconf 88' lang='grc' dir='ltr'>γέ-</span> 
     </span>
    </p>
   </div>
   <div class='ocr_carea' id='block_1_101' title="bbox 2006 3160 3576 3240">
    <p class='ocr_par' dir='ltr' id='par_1_101' title="bbox 2006 3160 3576 3240">
     <span class='ocr_line' id='line_1_101' title="bbox 2006 3160 3576 3240; baseline 0.008 -23"><span class='ocrx_word' id='word_1_768' title='bbox 2006 3177 2162 3232; x_wconf 87' lang='grc' dir='ltr'>νηται</span> <span class='ocrx_word' id='word_1_769' title='bbox 2189 3160 2456 3234; x_wconf 75' lang='grc' dir='ltr'>ἡμέτερα.</span> <span class='ocrx_word' id='word_1_770' title='bbox 2476 3166 2602 3230; x_wconf 90' lang='grc' dir='ltr'>Πῶς</span> <span class='ocrx_word' id='word_1_771' title='bbox 2623 3162 2679 3216; x_wconf 84' lang='grc' dir='ltr'>δὲ</span> <span class='ocrx_word' id='word_1_772' title='bbox 2715 3165 2894 3219; x_wconf 86' lang='grc' dir='ltr'>αὐτῶν</span> <span class='ocrx_word' id='word_1_773' title='bbox 2931 3170 3230 3240; x_wconf 85' lang='grc' dir='ltr'>φεισόμεθα</span> <span class='ocrx_word' id='word_1_774' title='bbox 3256 3215 3272 3238; x_wconf 93' lang='grc'>,</span> <span class='ocrx_word' id='word_1_775' title='bbox 3322 3175 3397 3238; x_wconf 84' lang='grc' dir='ltr'>ὡς</span> <span class='ocrx_word' id='word_1_776' title='bbox 3420 3160 3576 3230; x_wconf 57' lang='grc' dir='ltr'>ἀλλο.</span> 
     </span>
    </p>
   </div>
   <div class='ocr_carea' id='block_1_102' title="bbox 2008 3242 3574 3329">
    <p class='ocr_par' dir='ltr' id='par_1_102' title="bbox 2008 3242 3574 3329">
     <span class='ocr_line' id='line_1_102' title="bbox 2008 3242 3574 3329; baseline 0.013 -35"><span class='ocrx_word' id='word_1_777' title='bbox 2008 3242 2202 3329; x_wconf 85' lang='grc' dir='ltr'>τρίων;</span> <span class='ocrx_word' id='word_1_778' title='bbox 2244 3243 2413 3329; x_wconf 73' lang='grc' dir='ltr'>Ὅταν</span> <span class='ocrx_word' id='word_1_779' title='bbox 2447 3244 2523 3329; x_wconf 72' lang='grc' dir='ltr'>μή</span> <span class='ocrx_word' id='word_1_780' title='bbox 2579 3246 2658 3310; x_wconf 88' lang='grc' dir='ltr'>είς</span> <span class='ocrx_word' id='word_1_781' title='bbox 2710 3249 2971 3317; x_wconf 75' lang='grc' dir='ltr'>περιττὰς</span> <span class='ocrx_word' id='word_1_782' title='bbox 3008 3253 3147 3306; x_wconf 87' lang='grc' dir='ltr'>αὐτά</span> <span class='ocrx_word' id='word_1_783' title='bbox 3198 3256 3574 3329; x_wconf 87' lang='grc' dir='ltr'>ἀναλίσκωμεν</span> 
     </span>
    </p>
   </div>
   <div class='ocr_carea' id='block_1_103' title="bbox 2005 3325 3575 3404">
    <p class='ocr_par' dir='ltr' id='par_1_103' title="bbox 2005 3325 3575 3404">
     <span class='ocr_line' id='line_1_103' title="bbox 2005 3325 3575 3404; baseline 0.013 -28"><span class='ocrx_word' id='word_1_784' title='bbox 2005 3326 2226 3396; x_wconf 88' lang='grc' dir='ltr'>χρείας,</span> <span class='ocrx_word' id='word_1_785' title='bbox 2265 3325 2400 3397; x_wconf 82' lang='grc' dir='ltr'>μηδὲ</span> <span class='ocrx_word' id='word_1_786' title='bbox 2451 3328 2529 3391; x_wconf 89' lang='grc' dir='ltr'>είς</span> <span class='ocrx_word' id='word_1_787' title='bbox 2572 3329 2851 3401; x_wconf 83' lang='grc' dir='ltr'>ἡμετέρας</span> <span class='ocrx_word' id='word_1_788' title='bbox 2883 3333 3063 3401; x_wconf 84' lang='grc' dir='ltr'>μόνον,</span> <span class='ocrx_word' id='word_1_789' title='bbox 3114 3338 3251 3392; x_wconf 82' lang='grc' dir='ltr'>ἀλλὰ</span> <span class='ocrx_word' id='word_1_790' title='bbox 3299 3343 3417 3404; x_wconf 82' lang='grc' dir='ltr'>ταῖς</span> <span class='ocrx_word' id='word_1_791' title='bbox 3466 3325 3575 3395; x_wconf 79' lang='grc' dir='ltr'>τῶν</span> 
     </span>
    </p>
   </div>
   <div class='ocr_carea' id='block_1_104' title="bbox 2005 3409 3574 3497">
    <p class='ocr_par' dir='ltr' id='par_1_104' title="bbox 2005 3409 3574 3497">
     <span class='ocr_line' id='line_1_104' title="bbox 2005 3409 3574 3497; baseline 0.013 -38"><span class='ocrx_word' id='word_1_792' title='bbox 2005 3409 2254 3497; x_wconf 73' lang='grc' dir='ltr'>πενήτων</span> <span class='ocrx_word' id='word_1_793' title='bbox 2296 3409 2437 3497; x_wconf 73' lang='grc' dir='ltr'>αὑτά</span> <span class='ocrx_word' id='word_1_794' title='bbox 2483 3413 2912 3497; x_wconf 73' lang='grc' dir='ltr'>συμμερίζωμεν</span> <span class='ocrx_word' id='word_1_795' title='bbox 2968 3418 3159 3488; x_wconf 70' lang='grc' dir='ltr'>χερσί*</span> <span class='ocrx_word' id='word_1_796' title='bbox 3198 3422 3305 3477; x_wconf 76' lang='grc' dir='ltr'>κᾶν</span> <span class='ocrx_word' id='word_1_797' title='bbox 3344 3423 3574 3497; x_wconf 85' lang='grc' dir='ltr'>εὐπορος</span> 
     </span>
    </p>
   </div>
   <div class='ocr_carea' id='block_1_105' title="bbox 2003 3486 3572 3575">
    <p class='ocr_par' dir='ltr' id='par_1_105' title="bbox 2003 3486 3572 3575">
     <span class='ocr_line' id='line_1_105' title="bbox 2003 3486 3572 3575; baseline 0.012 -32"><span class='ocrx_word' id='word_1_798' title='bbox 2003 3486 2091 3575; x_wconf 76' lang='grc' dir='ltr'>ᾖς,</span> <span class='ocrx_word' id='word_1_799' title='bbox 2126 3491 2286 3545; x_wconf 86' lang='grc' dir='ltr'>πλέον</span> <span class='ocrx_word' id='word_1_800' title='bbox 2318 3492 2375 3545; x_wconf 86' lang='grc' dir='ltr'>δέ</span> <span class='ocrx_word' id='word_1_801' title='bbox 2396 3510 2449 3546; x_wconf 91' lang='grc' dir='ltr'>τι</span> <span class='ocrx_word' id='word_1_802' title='bbox 2479 3495 2578 3565; x_wconf 84' lang='grc' dir='ltr'>τῆς</span> <span class='ocrx_word' id='word_1_803' title='bbox 2618 3496 2809 3567; x_wconf 87' lang='grc' dir='ltr'>χρείας</span> <span class='ocrx_word' id='word_1_804' title='bbox 2839 3486 3155 3575; x_wconf 77' lang='grc' dir='ltr'>ἀναλίσκῃς,</span> <span class='ocrx_word' id='word_1_805' title='bbox 3196 3504 3353 3574; x_wconf 81' lang='grc' dir='ltr'>λόγον</span> <span class='ocrx_word' id='word_1_806' title='bbox 3382 3486 3572 3573; x_wconf 73' lang='grc' dir='ltr'>δὼσέις</span> 
     </span>
    </p>
   </div>
   <div class='ocr_carea' id='block_1_106' title="bbox 2003 3574 3570 3653">
    <p class='ocr_par' dir='ltr' id='par_1_106' title="bbox 2003 3574 3570 3653">
     <span class='ocr_line' id='line_1_106' title="bbox 2003 3574 3570 3653; baseline 0.013 -27"><span class='ocrx_word' id='word_1_807' title='bbox 2003 3574 2112 3627; x_wconf 89' lang='grc' dir='ltr'>τῶν</span> <span class='ocrx_word' id='word_1_808' title='bbox 2152 3574 2620 3645; x_wconf 84' lang='grc' dir='ltr'>ἐμπιστευθέντων</span> <span class='ocrx_word' id='word_1_809' title='bbox 2650 3595 2731 3631; x_wconf 92' lang='grc' dir='ltr'>σοι</span> <span class='ocrx_word' id='word_1_810' title='bbox 2769 3574 3101 3653; x_wconf 15' lang='grc' dir='ltr'>χρημάτωνξν</span> <span class='ocrx_word' id='word_1_811' title='bbox 3137 3587 3307 3642; x_wconf 85' lang='grc' dir='ltr'>Τοῦτο</span> <span class='ocrx_word' id='word_1_812' title='bbox 3355 3593 3449 3645; x_wconf 87' lang='lat' dir='ltr'><strong>zeal</strong></span> <span class='ocrx_word' id='word_1_813' title='bbox 3478 3594 3570 3646; x_wconf 73' lang='grc' dir='ltr'>ἐπὶ</span> 
     </span>
    </p>
   </div>
   <div class='ocr_carea' id='block_1_107' title="bbox 2002 3655 3573 3740">
    <p class='ocr_par' dir='ltr' id='par_1_107' title="bbox 2002 3655 3573 3740">
     <span class='ocr_line' id='line_1_107' title="bbox 2002 3655 3573 3740; baseline 0.015 -33"><span class='ocrx_word' id='word_1_814' title='bbox 2002 3655 2112 3709; x_wconf 87' lang='grc' dir='ltr'>τῶν</span> <span class='ocrx_word' id='word_1_815' title='bbox 2135 3656 2324 3709; x_wconf 79' lang='grc' dir='ltr'>οἰκιῶν</span> <span class='ocrx_word' id='word_1_816' title='bbox 2352 3657 2560 3724; x_wconf 85' lang='grc' dir='ltr'>γίνεται</span> <span class='ocrx_word' id='word_1_817' title='bbox 2579 3658 2686 3713; x_wconf 83' lang='grc' dir='ltr'>τῶν</span> <span class='ocrx_word' id='word_1_818' title='bbox 2710 3664 2980 3731; x_wconf 88' lang='grc' dir='ltr'>μεγάλων.</span> <span class='ocrx_word' id='word_1_819' title='bbox 3011 3667 3205 3724; x_wconf 79' lang='grc' dir='ltr'>Πολλοὶ</span> <span class='ocrx_word' id='word_1_820' title='bbox 3237 3672 3366 3740; x_wconf 84' lang='grc' dir='ltr'>γοῦν</span> <span class='ocrx_word' id='word_1_821' title='bbox 3393 3674 3462 3729; x_wconf 87' lang='grc' dir='ltr'>τά</span> <span class='ocrx_word' id='word_1_822' title='bbox 3480 3692 3573 3729; x_wconf 65' lang='grc' dir='ltr'>ται</span> 
     </span>
    </p>
   </div>
   <div class='ocr_carea' id='block_1_108' title="bbox 2007 3739 3572 3812">
    <p class='ocr_par' dir='ltr' id='par_1_108' title="bbox 2007 3739 3572 3812">
     <span class='ocr_line' id='line_1_108' title="bbox 2007 3739 3572 3812; baseline 0.013 -22"><span class='ocrx_word' id='word_1_823' title='bbox 2007 3742 2135 3809; x_wconf 79' lang='grc' dir='ltr'>μετα</span> <span class='ocrx_word' id='word_1_824' title='bbox 2166 3739 2233 3792; x_wconf 80' lang='grc' dir='ltr'>τὰ</span> <span class='ocrx_word' id='word_1_825' title='bbox 2260 3740 2466 3794; x_wconf 79' lang='grc' dir='ltr'>ἑαυτῶν</span> <span class='ocrx_word' id='word_1_826' title='bbox 2490 3744 2605 3805; x_wconf 85' lang='grc' dir='ltr'>τοῖς</span> <span class='ocrx_word' id='word_1_827' title='bbox 2634 3744 2874 3809; x_wconf 71' lang='grc' dir='ltr'>οἰκέταις</span> <span class='ocrx_word' id='word_1_828' title='bbox 2888 3745 2999 3812; x_wconf 84' lang='grc' dir='ltr'>τοῖς</span> <span class='ocrx_word' id='word_1_829' title='bbox 3025 3751 3233 3806; x_wconf 79' lang='grc' dir='ltr'>ἑαυτῶν</span> <span class='ocrx_word' id='word_1_830' title='bbox 3252 3739 3572 3811; x_wconf 79' lang='grc' dir='ltr'>ἐνεπίστευ-</span> 
     </span>
    </p>
   </div>
   <div class='ocr_carea' id='block_1_109' title="bbox 2005 3822 3574 3907">
    <p class='ocr_par' dir='ltr' id='par_1_109' title="bbox 2005 3822 3574 3907">
     <span class='ocr_line' id='line_1_109' title="bbox 2005 3822 3574 3907; baseline 0.014 -33"><span class='ocrx_word' id='word_1_831' title='bbox 2005 3822 2285 3907; x_wconf 11' lang='grc' dir='ltr'>σανοᾲάλκ</span> <span class='ocrx_word' id='word_1_832' title='bbox 2313 3824 2462 3894; x_wconf 85' lang='grc' dir='ltr'>ὅμως</span> <span class='ocrx_word' id='word_1_833' title='bbox 2488 3827 2539 3877; x_wconf 90' lang='grc' dir='ltr'>οί</span> <span class='ocrx_word' id='word_1_834' title='bbox 2584 3828 2962 3895; x_wconf 87' lang='grc' dir='ltr'>πιστευθέντες</span> <span class='ocrx_word' id='word_1_835' title='bbox 3002 3834 3199 3890; x_wconf 86' lang='grc' dir='ltr'>ἐκεῖνοι</span> <span class='ocrx_word' id='word_1_836' title='bbox 3246 3838 3574 3907; x_wconf 88' lang='grc' dir='ltr'>φυλάττουσι</span> 
     </span>
    </p>
   </div>
   <div class='ocr_carea' id='block_1_110' title="bbox 2002 3905 3570 3991">
    <p class='ocr_par' dir='ltr' id='par_1_110' title="bbox 2002 3905 3570 3991">
     <span class='ocr_line' id='line_1_110' title="bbox 2002 3905 3570 3991; baseline 0.013 -33"><span class='ocrx_word' id='word_1_837' title='bbox 2002 3905 2364 3991; x_wconf 21' lang='grc' dir='ltr'>τάᾉδεδοᾷμένα,</span> <span class='ocrx_word' id='word_1_838' title='bbox 2379 3908 2473 3961; x_wconf 87' lang='lat' dir='ltr'><strong>zeal</strong></span> <span class='ocrx_word' id='word_1_839' title='bbox 2494 3911 2592 3963; x_wconf 89' lang='grc' dir='ltr'>οὐκ</span> <span class='ocrx_word' id='word_1_840' title='bbox 2614 3911 2961 3983; x_wconf 83' lang='grc' dir='ltr'>ἀποχρῶνται</span> <span class='ocrx_word' id='word_1_841' title='bbox 2980 3919 3095 3980; x_wconf 83' lang='grc' dir='ltr'>τοῖς</span> <span class='ocrx_word' id='word_1_842' title='bbox 3113 3905 3570 3991; x_wconf 84' lang='grc' dir='ltr'>ἐμπιστευθεῖσιν,</span> 
     </span>
    </p>
   </div>
   <div class='ocr_carea' id='block_1_111' title="bbox 2003 3985 3572 4076">
    <p class='ocr_par' dir='ltr' id='par_1_111' title="bbox 2003 3985 3572 4076">
     <span class='ocr_line' id='line_1_111' title="bbox 2003 3985 3572 4076; baseline 0.014 -35"><span class='ocrx_word' id='word_1_843' title='bbox 2003 3989 2120 4042; x_wconf 86' lang='grc' dir='ltr'>ἀλλ’</span> <span class='ocrx_word' id='word_1_844' title='bbox 2162 3985 2252 4076; x_wconf 64' lang='grc' dir='ltr'>οἷς</span> <span class='ocrx_word' id='word_1_845' title='bbox 2278 3989 2346 4076; x_wconf 69' lang='grc' dir='ltr'>ἀν</span> <span class='ocrx_word' id='word_1_846' title='bbox 2387 3993 2415 4045; x_wconf 88' lang='lat'>6</span> <span class='ocrx_word' id='word_1_847' title='bbox 2441 3991 2735 4065; x_wconf 89' lang='grc' dir='ltr'>δεσπότης,</span> <span class='ocrx_word' id='word_1_848' title='bbox 2778 3996 2874 4049; x_wconf 89' lang='lat' dir='ltr'><strong>zeal</strong></span> <span class='ocrx_word' id='word_1_849' title='bbox 2916 3999 3076 4069; x_wconf 77' lang='grc' dir='ltr'>ήνίκα</span> <span class='ocrx_word' id='word_1_850' title='bbox 3116 3985 3365 4076; x_wconf 78' lang='grc' dir='ltr'>κελεύσῃ,</span> <span class='ocrx_word' id='word_1_851' title='bbox 3395 3985 3572 4062; x_wconf 55' lang='grc' dir='ltr'>διανέλ</span> 
     </span>
    </p>
   </div>
   <div class='ocr_carea' id='block_1_112' title="bbox 2006 4074 3573 4160">
    <p class='ocr_par' dir='ltr' id='par_1_112' title="bbox 2006 4074 3573 4160">
     <span class='ocr_line' id='line_1_112' title="bbox 2006 4074 3573 4160; baseline 0.013 -35"><span class='ocrx_word' id='word_1_852' title='bbox 2006 4090 2186 4160; x_wconf 77' lang='grc' dir='ltr'>μουσι.</span> <span class='ocrx_word' id='word_1_853' title='bbox 2210 4074 2380 4160; x_wconf 85' lang='grc' dir='ltr'>Τοῦτο</span> <span class='ocrx_word' id='word_1_854' title='bbox 2399 4076 2507 4160; x_wconf 86' lang='lat' dir='ltr'><strong>zeal</strong></span> <span class='ocrx_word' id='word_1_855' title='bbox 2531 4078 2596 4160; x_wconf 80' lang='grc' dir='ltr'>σύ</span> <span class='ocrx_word' id='word_1_856' title='bbox 2627 4078 2870 4148; x_wconf 89' lang='grc' dir='ltr'>ποίησον.</span> <span class='ocrx_word' id='word_1_857' title='bbox 2888 4082 2999 4135; x_wconf 88' lang='lat' dir='ltr'>Kal</span> <span class='ocrx_word' id='word_1_858' title='bbox 3025 4084 3134 4155; x_wconf 83' lang='grc' dir='ltr'>γάρ</span> <span class='ocrx_word' id='word_1_859' title='bbox 3154 4074 3343 4150; x_wconf 75' lang='grc' dir='ltr'>ἔλαϐες</span> <span class='ocrx_word' id='word_1_860' title='bbox 3371 4091 3573 4160; x_wconf 74' lang='grc' dir='ltr'>ἑτέρων</span> 
     </span>
    </p>
   </div>
   <div class='ocr_carea' id='block_1_113' title="bbox 2002 4156 3570 4242">
    <p class='ocr_par' dir='ltr' id='par_1_113' title="bbox 2002 4156 3570 4242">
     <span class='ocr_line' id='line_1_113' title="bbox 2002 4156 3570 4242; baseline 0.008 -34"><span class='ocrx_word' id='word_1_861' title='bbox 2002 4156 2243 4242; x_wconf 77' lang='grc' dir='ltr'>πλείονα,</span> <span class='ocrx_word' id='word_1_862' title='bbox 2271 4159 2367 4242; x_wconf 88' lang='lat' dir='ltr'><strong>zeal</strong></span> <span class='ocrx_word' id='word_1_863' title='bbox 2387 4159 2650 4224; x_wconf 79' lang='grc' dir='ltr'>ὑπεδέξω,</span> <span class='ocrx_word' id='word_1_864' title='bbox 2681 4163 2780 4232; x_wconf 89' lang='grc' dir='ltr'>οὐχ</span> <span class='ocrx_word' id='word_1_865' title='bbox 2806 4162 2893 4216; x_wconf 87' lang='grc' dir='ltr'>ἵνα</span> <span class='ocrx_word' id='word_1_866' title='bbox 2911 4164 3049 4219; x_wconf 89' lang='grc' dir='ltr'>αὐτά</span> <span class='ocrx_word' id='word_1_867' title='bbox 3077 4167 3358 4242; x_wconf 76' lang='grc' dir='ltr'>ἀναλώσῃς</span> <span class='ocrx_word' id='word_1_868' title='bbox 3387 4156 3570 4242; x_wconf 58' lang='grc' dir='ltr'>μόνος,</span> 
     </span>
    </p>
   </div>
   <div class='ocr_carea' id='block_1_114' title="bbox 2001 4239 3307 4325">
    <p class='ocr_par' dir='ltr' id='par_1_114' title="bbox 2001 4239 3307 4325">
     <span class='ocr_line' id='line_1_114' title="bbox 2001 4239 3307 4325; baseline 0.013 -34"><span class='ocrx_word' id='word_1_869' title='bbox 2001 4239 2118 4292; x_wconf 89' lang='grc' dir='ltr'>ἀλλ’</span> <span class='ocrx_word' id='word_1_870' title='bbox 2147 4239 2234 4295; x_wconf 84' lang='grc' dir='ltr'>ἴνα</span> <span class='ocrx_word' id='word_1_871' title='bbox 2261 4241 2355 4295; x_wconf 82' lang='lat' dir='ltr'><strong>zeal</strong></span> <span class='ocrx_word' id='word_1_872' title='bbox 2397 4243 2605 4314; x_wconf 80' lang='grc' dir='ltr'>ἑτέροις</span> <span class='ocrx_word' id='word_1_873' title='bbox 2636 4246 2917 4318; x_wconf 79' lang='grc' dir='ltr'>οἰκονόμος</span> <span class='ocrx_word' id='word_1_874' title='bbox 2954 4250 3091 4325; x_wconf 85' lang='grc' dir='ltr'>γένῃ</span> <span class='ocrx_word' id='word_1_875' title='bbox 3120 4239 3307 4319; x_wconf 58' lang='grc' dir='ltr'>καλόςέ</span> 
     </span>
    </p>
   </div>
   <div class='ocr_carea' id='block_1_115' title="bbox 2072 4341 3573 4435">
    <p class='ocr_par' dir='ltr' id='par_1_115' title="bbox 2072 4341 3573 4435">
     <span class='ocr_line' id='line_1_115' title="bbox 2072 4341 3573 4435; baseline 0.014 -41"><span class='ocrx_word' id='word_1_876' title='bbox 2072 4341 2256 4435; x_wconf 50' lang='grc' dir='ltr'>ςΛξιον</span> <span class='ocrx_word' id='word_1_877' title='bbox 2275 4343 2581 4435; x_wconf 58' lang='grc' dir='ltr'>δέκάκεῖνο</span> <span class='ocrx_word' id='word_1_878' title='bbox 2605 4347 2846 4435; x_wconf 30' lang='grc' dir='ltr'>’ζητῆσαι</span> <span class='ocrx_word' id='word_1_879' title='bbox 2876 4351 2926 4418; x_wconf 76' lang='grc' dir='ltr'>ά,</span> <span class='ocrx_word' id='word_1_880' title='bbox 2958 4353 3011 4407; x_wconf 88' lang='grc' dir='ltr'>τί</span> <span class='ocrx_word' id='word_1_881' title='bbox 3037 4353 3239 4427; x_wconf 84' lang='grc' dir='ltr'>δήποτε</span> <span class='ocrx_word' id='word_1_882' title='bbox 3280 4360 3402 4430; x_wconf 82' lang='grc' dir='ltr'>οὐχὶ</span> <span class='ocrx_word' id='word_1_883' title='bbox 3439 4371 3573 4435; x_wconf 84' lang='grc' dir='ltr'>παρ’</span> 
     </span>
    </p>
   </div>
   <div class='ocr_carea' id='block_1_116' title="bbox 2002 4425 3568 4509">
    <p class='ocr_par' dir='ltr' id='par_1_116' title="bbox 2002 4425 3568 4509">
     <span class='ocr_line' id='line_1_116' title="bbox 2002 4425 3568 4509; baseline 0.014 -32"><span class='ocrx_word' id='word_1_884' title='bbox 2002 4425 2172 4509; x_wconf 74' lang='grc' dir='ltr'>ἑτέρῳ</span> <span class='ocrx_word' id='word_1_885' title='bbox 2199 4426 2390 4509; x_wconf 84' lang='grc' dir='ltr'>δικαίῳ</span> <span class='ocrx_word' id='word_1_886' title='bbox 2418 4429 2510 4483; x_wconf 80' lang='grc' dir='ltr'>τὸν</span> <span class='ocrx_word' id='word_1_887' title='bbox 2540 4431 2790 4504; x_wconf 79' lang='grc' dir='ltr'>Λάζαρον</span> <span class='ocrx_word' id='word_1_888' title='bbox 2821 4437 2942 4508; x_wconf 81' lang='grc' dir='ltr'>ὁρᾷ,</span> <span class='ocrx_word' id='word_1_889' title='bbox 2972 4425 3099 4492; x_wconf 72' lang='grc' dir='ltr'>ἀλλ”</span> <span class='ocrx_word' id='word_1_890' title='bbox 3116 4441 3175 4495; x_wconf 84' lang='grc' dir='ltr'>ἐν</span> <span class='ocrx_word' id='word_1_891' title='bbox 3208 4445 3321 4506; x_wconf 85' lang='grc' dir='ltr'>τοῖς</span> <span class='ocrx_word' id='word_1_892' title='bbox 3347 4425 3568 4509; x_wconf 68' lang='grc' dir='ltr'>κόλποίς</span> 
     </span>
    </p>
   </div>
   <div class='ocr_carea' id='block_1_117' title="bbox 2001 4506 3567 4596">
    <p class='ocr_par' dir='ltr' id='par_1_117' title="bbox 2001 4506 3567 4596">
     <span class='ocr_line' id='line_1_117' title="bbox 2001 4506 3567 4596; baseline 0.014 -35"><span class='ocrx_word' id='word_1_893' title='bbox 2001 4506 2109 4596; x_wconf 74' lang='grc' dir='ltr'>εἶδε</span> <span class='ocrx_word' id='word_1_894' title='bbox 2140 4508 2235 4596; x_wconf 67' lang='grc' dir='ltr'>τοῦ</span> <span class='ocrx_word' id='word_1_895' title='bbox 2282 4510 2555 4596; x_wconf 45' lang='grc' dir='ltr'>Ἁϐραάμ.</span> <span class='ocrx_word' id='word_1_896' title='bbox 2583 4506 2861 4582; x_wconf 77' lang='grc' dir='ltr'>Φιλόξενος</span> <span class='ocrx_word' id='word_1_897' title='bbox 2887 4506 2957 4590; x_wconf 76' lang='grc' dir='ltr'>ἦν</span> <span class='ocrx_word' id='word_1_898' title='bbox 2991 4522 3021 4574; x_wconf 90' lang='lat'>6</span> <span class='ocrx_word' id='word_1_899' title='bbox 3064 4522 3345 4596; x_wconf 80' lang='grc' dir='ltr'>Ἀϐραάμ·</span> <span class='ocrx_word' id='word_1_900' title='bbox 3383 4526 3449 4582; x_wconf 79' lang='grc' dir='ltr'>ἵν’</span> <span class='ocrx_word' id='word_1_901' title='bbox 3473 4506 3567 4583; x_wconf 78' lang='grc' dir='ltr'>οὖν</span> 
     </span>
    </p>
   </div>
   <div class='ocr_carea' id='block_1_118' title="bbox 2000 4587 3566 4678">
    <p class='ocr_par' dir='ltr' id='par_1_118' title="bbox 2000 4587 3566 4678">
     <span class='ocr_line' id='line_1_118' title="bbox 2000 4587 3566 4678; baseline 0.012 -31"><span class='ocrx_word' id='word_1_902' title='bbox 2000 4593 2095 4678; x_wconf 70' lang='lat' dir='ltr'><strong>zeal</strong></span> <span class='ocrx_word' id='word_1_903' title='bbox 2119 4587 2528 4678; x_wconf 25' lang='lat' dir='ltr'>obeezc‘éleyxoc</span> <span class='ocrx_word' id='word_1_904' title='bbox 2549 4599 2699 4670; x_wconf 84' lang='grc' dir='ltr'>αὐτῷ</span> <span class='ocrx_word' id='word_1_905' title='bbox 2734 4587 2958 4674; x_wconf 82' lang='grc' dir='ltr'>γένηται</span> <span class='ocrx_word' id='word_1_906' title='bbox 2986 4605 3085 4676; x_wconf 81' lang='grc' dir='ltr'>τῆς</span> <span class='ocrx_word' id='word_1_907' title='bbox 3119 4587 3441 4678; x_wconf 70' lang='grc' dir='ltr'>μίσοξενίας.</span> <span class='ocrx_word' id='word_1_908' title='bbox 3477 4611 3566 4666; x_wconf 75' lang='grc' dir='ltr'>διά</span> 
     </span>
    </p>
   </div>
   <div class='ocr_carea' id='block_1_119' title="bbox 2000 4673 3565 4765">
    <p class='ocr_par' dir='ltr' id='par_1_119' title="bbox 2000 4673 3565 4765">
     <span class='ocr_line' id='line_1_119' title="bbox 2000 4673 3565 4765; baseline 0.014 -38"><span class='ocrx_word' id='word_1_909' title='bbox 2000 4673 2159 4765; x_wconf 66' lang='grc' dir='ltr'>τούτο</span> <span class='ocrx_word' id='word_1_910' title='bbox 2178 4675 2339 4765; x_wconf 75' lang='grc' dir='ltr'>αὐτὸν</span> <span class='ocrx_word' id='word_1_911' title='bbox 2376 4678 2493 4751; x_wconf 85' lang='grc' dir='ltr'>μετ’</span> <span class='ocrx_word' id='word_1_912' title='bbox 2522 4681 2738 4765; x_wconf 73' lang='grc' dir='ltr'>ἐκείνου</span> <span class='ocrx_word' id='word_1_913' title='bbox 2773 4673 2983 4755; x_wconf 87' lang='grc' dir='ltr'>βλέπει.</span> <span class='ocrx_word' id='word_1_914' title='bbox 3041 4673 3283 4757; x_wconf 68' lang='grc' dir='ltr'>Ἐκεῖνος</span> <span class='ocrx_word' id='word_1_915' title='bbox 3335 4673 3445 4765; x_wconf 69' lang='grc' dir='ltr'>γάρ</span> <span class='ocrx_word' id='word_1_916' title='bbox 3473 4696 3565 4748; x_wconf 89' lang='lat' dir='ltr'><strong>zeal</strong></span> 
     </span>
    </p>
   </div>
   <div class='ocr_carea' id='block_1_120' title="bbox 1998 4759 3568 4843">
    <p class='ocr_par' dir='ltr' id='par_1_120' title="bbox 1998 4759 3568 4843">
     <span class='ocr_line' id='line_1_120' title="bbox 1998 4759 3568 4843; baseline 0.013 -32"><span class='ocrx_word' id='word_1_917' title='bbox 1998 4759 2126 4843; x_wconf 77' lang='grc' dir='ltr'>τοὺς</span> <span class='ocrx_word' id='word_1_918' title='bbox 2170 4759 2471 4843; x_wconf 80' lang='grc' dir='ltr'>παριόντας</span> <span class='ocrx_word' id='word_1_919' title='bbox 2517 4762 2766 4843; x_wconf 71' lang='grc' dir='ltr'>ἐθήρευε,</span> <span class='ocrx_word' id='word_1_920' title='bbox 2807 4767 2903 4822; x_wconf 90' lang='lat' dir='ltr'><strong>zeal</strong></span> <span class='ocrx_word' id='word_1_921' title='bbox 2930 4770 3010 4834; x_wconf 81' lang='grc' dir='ltr'>είς</span> <span class='ocrx_word' id='word_1_922' title='bbox 3046 4771 3146 4843; x_wconf 79' lang='grc' dir='ltr'>τήν</span> <span class='ocrx_word' id='word_1_923' title='bbox 3183 4759 3360 4830; x_wconf 77' lang='grc' dir='ltr'>οἰκίαν</span> <span class='ocrx_word' id='word_1_924' title='bbox 3389 4759 3568 4831; x_wconf 48' lang='grc' dir='ltr'>ε’ίλκεν</span> 
     </span>
    </p>
   </div>
   <div class='ocr_carea' id='block_1_121' title="bbox 1999 4839 3571 4935">
    <p class='ocr_par' dir='ltr' id='par_1_121' title="bbox 1999 4839 3571 4935">
     <span class='ocr_line' id='line_1_121' title="bbox 1999 4839 3571 4935; baseline 0.015 -43"><span class='ocrx_word' id='word_1_925' title='bbox 1999 4840 2130 4935; x_wconf 71' lang='grc' dir='ltr'>εἴσω</span> <span class='ocrx_word' id='word_1_926' title='bbox 2160 4840 2261 4914; x_wconf 82' lang='grc' dir='ltr'>τὴν</span> <span class='ocrx_word' id='word_1_927' title='bbox 2280 4841 2475 4935; x_wconf 50' lang='grc' dir='ltr'>ἐαυτοῦ</span> <span class='ocrx_word' id='word_1_928' title='bbox 2492 4862 2505 4875; x_wconf 91' lang='grc'><strong>·</strong></span> <span class='ocrx_word' id='word_1_929' title='bbox 2531 4839 2689 4935; x_wconf 60' lang='grc' dir='ltr'>αὐτος</span> <span class='ocrx_word' id='word_1_930' title='bbox 2711 4847 2768 4900; x_wconf 86' lang='grc' dir='ltr'>δὲ</span> <span class='ocrx_word' id='word_1_931' title='bbox 2796 4851 2891 4935; x_wconf 68' lang='grc' dir='ltr'>καὶ</span> <span class='ocrx_word' id='word_1_932' title='bbox 2913 4851 3005 4935; x_wconf 81' lang='grc' dir='ltr'>τὸν</span> <span class='ocrx_word' id='word_1_933' title='bbox 3027 4839 3136 4908; x_wconf 76' lang='grc' dir='ltr'>ἔσω</span> <span class='ocrx_word' id='word_1_934' title='bbox 3152 4859 3401 4927; x_wconf 81' lang='grc' dir='ltr'>κείμενον</span> <span class='ocrx_word' id='word_1_935' title='bbox 3430 4878 3571 4935; x_wconf 90' lang='grc' dir='ltr'>παρ-</span> 
     </span>
    </p>
   </div>
   <div class='ocr_carea' id='block_1_122' title="bbox 2002 4921 3568 5014">
    <p class='ocr_par' dir='ltr' id='par_1_122' title="bbox 2002 4921 3568 5014">
     <span class='ocr_line' id='line_1_122' title="bbox 2002 4921 3568 5014; baseline 0.015 -40"><span class='ocrx_word' id='word_1_936' title='bbox 2002 4921 2173 5014; x_wconf 72' lang='grc' dir='ltr'>εώρα,</span> <span class='ocrx_word' id='word_1_937' title='bbox 2208 4925 2304 4978; x_wconf 90' lang='lat' dir='ltr'><strong>zeal</strong></span> <span class='ocrx_word' id='word_1_938' title='bbox 2366 4925 2641 5014; x_wconf 75' lang='grc' dir='ltr'>θησαυρὸν</span> <span class='ocrx_word' id='word_1_939' title='bbox 2681 4931 2935 4987; x_wconf 81' lang='grc' dir='ltr'>τοσοῦτον</span> <span class='ocrx_word' id='word_1_940' title='bbox 2982 4934 3120 5005; x_wconf 69' lang='grc' dir='ltr'>ἔχων</span> <span class='ocrx_word' id='word_1_941' title='bbox 3164 4921 3258 4994; x_wconf 86' lang='lat' dir='ltr'><strong>zeal</strong></span> <span class='ocrx_word' id='word_1_942' title='bbox 3296 4921 3568 5014; x_wconf 71' lang='grc' dir='ltr'>σωτηρίας</span> 
     </span>
    </p>
   </div>
   <div class='ocr_carea' id='block_1_123' title="bbox 2002 5003 3570 5093">
    <p class='ocr_par' dir='ltr' id='par_1_123' title="bbox 2002 5003 3570 5093">
     <span class='ocr_line' id='line_1_123' title="bbox 2002 5003 3570 5093; baseline 0.015 -36"><span class='ocrx_word' id='word_1_943' title='bbox 2002 5003 2280 5093; x_wconf 77' lang='grc' dir='ltr'>ύπόθεσιν,</span> <span class='ocrx_word' id='word_1_944' title='bbox 2329 5008 2632 5093; x_wconf 77' lang='grc' dir='ltr'>παρέτρεχε</span> <span class='ocrx_word' id='word_1_945' title='bbox 2684 5014 2806 5066; x_wconf 88' lang='grc' dir='ltr'>καθ’</span> <span class='ocrx_word' id='word_1_946' title='bbox 2836 5003 3072 5087; x_wconf 70' lang='grc' dir='ltr'>ἑκάστην</span> <span class='ocrx_word' id='word_1_947' title='bbox 3094 5021 3323 5093; x_wconf 71' lang='grc' dir='ltr'>ἡμέραν.</span> <span class='ocrx_word' id='word_1_948' title='bbox 3352 5003 3570 5080; x_wconf 62' lang='grc' dir='ltr'>καίόὐκ</span> 
     </span>
    </p>
   </div>
   <div class='ocr_carea' id='block_1_124' title="bbox 2000 5088 3570 5176">
    <p class='ocr_par' dir='ltr' id='par_1_124' title="bbox 2000 5088 3570 5176">
     <span class='ocr_line' id='line_1_124' title="bbox 2000 5088 3570 5176; baseline 0.015 -37"><span class='ocrx_word' id='word_1_949' title='bbox 2000 5088 2273 5176; x_wconf 78' lang='grc' dir='ltr'>ἐχρήσατο</span> <span class='ocrx_word' id='word_1_950' title='bbox 2305 5092 2385 5176; x_wconf 81' lang='grc' dir='ltr'>είς</span> <span class='ocrx_word' id='word_1_951' title='bbox 2430 5090 2551 5146; x_wconf 88' lang='grc' dir='ltr'>δέον</span> <span class='ocrx_word' id='word_1_952' title='bbox 2570 5095 2637 5163; x_wconf 76' lang='grc' dir='ltr'>τῇ</span> <span class='ocrx_word' id='word_1_953' title='bbox 2665 5094 2758 5176; x_wconf 77' lang='grc' dir='ltr'>τοῦ</span> <span class='ocrx_word' id='word_1_954' title='bbox 2787 5095 3018 5169; x_wconf 84' lang='grc' dir='ltr'>πένητος</span> <span class='ocrx_word' id='word_1_955' title='bbox 3057 5088 3383 5176; x_wconf 68' lang='grc' dir='ltr'>προστασίᾳ.</span> <span class='ocrx_word' id='word_1_956' title='bbox 3427 5107 3570 5161; x_wconf 75' lang='grc' dir='ltr'>Ἀλλ’</span> 
     </span>
    </p>
   </div>
   <div class='ocr_carea' id='block_1_125' title="bbox 2000 5170 3567 5244">
    <p class='ocr_par' dir='ltr' id='par_1_125' title="bbox 2000 5170 3567 5244">
     <span class='ocr_line' id='line_1_125' title="bbox 2000 5170 3567 5244; baseline 0.015 -24"><span class='ocrx_word' id='word_1_957' title='bbox 2000 5170 2097 5240; x_wconf 84' lang='grc' dir='ltr'>οὐχ</span> <span class='ocrx_word' id='word_1_958' title='bbox 2124 5173 2152 5223; x_wconf 85' lang='grc' dir='ltr'><strong>ὁ</strong></span> <span class='ocrx_word' id='word_1_959' title='bbox 2181 5172 2527 5244; x_wconf 87' lang='grc' dir='ltr'>πατριάρχης</span> <span class='ocrx_word' id='word_1_960' title='bbox 2569 5173 2827 5243; x_wconf 75' lang='grc' dir='ltr'>τοιοῦτος,</span> <span class='ocrx_word' id='word_1_961' title='bbox 2863 5179 3003 5234; x_wconf 81' lang='grc' dir='ltr'>ἀλλὰ</span> <span class='ocrx_word' id='word_1_962' title='bbox 3050 5170 3356 5240; x_wconf 80' lang='grc' dir='ltr'>τούναντίον</span> <span class='ocrx_word' id='word_1_963' title='bbox 3386 5188 3532 5243; x_wconf 79' lang='grc' dir='ltr'>ἀπαν</span> <span class='ocrx_word' id='word_1_964' title='bbox 3552 5205 3567 5218; x_wconf 76' lang='grc'><strong>⁸</strong></span> 
     </span>
    </p>
   </div>
   <div class='ocr_carea' id='block_1_126' title="bbox 2004 5253 3570 5342">
    <p class='ocr_par' dir='ltr' id='par_1_126' title="bbox 2004 5253 3570 5342">
     <span class='ocr_line' id='line_1_126' title="bbox 2004 5253 3570 5342; baseline 0.016 -39"><span class='ocrx_word' id='word_1_965' title='bbox 2004 5253 2110 5320; x_wconf 82' lang='grc' dir='ltr'>πρὸ</span> <span class='ocrx_word' id='word_1_966' title='bbox 2133 5253 2240 5308; x_wconf 87' lang='grc' dir='ltr'>τῶν</span> <span class='ocrx_word' id='word_1_967' title='bbox 2262 5253 2441 5326; x_wconf 87' lang='grc' dir='ltr'>θυρῶν</span> <span class='ocrx_word' id='word_1_968' title='bbox 2468 5256 2775 5328; x_wconf 86' lang='grc' dir='ltr'>καθήμενος</span> <span class='ocrx_word' id='word_1_969' title='bbox 2795 5263 3093 5335; x_wconf 79' lang='grc' dir='ltr'>ἐσαγήνευε</span> <span class='ocrx_word' id='word_1_970' title='bbox 3121 5267 3247 5332; x_wconf 81' lang='grc' dir='ltr'>τοὺς</span> <span class='ocrx_word' id='word_1_971' title='bbox 3274 5272 3570 5342; x_wconf 86' lang='grc' dir='ltr'>παριόντας</span> 
     </span>
    </p>
   </div>
   <div class='ocr_carea' id='block_1_127' title="bbox 2067 5490 2683 5561">
    <p class='ocr_par' dir='ltr' id='par_1_127' title="bbox 2067 5490 2683 5561">
     <span class='ocr_line' id='line_1_127' title="bbox 2067 5490 2683 5561; baseline 0.016 -21"><span class='ocrx_word' id='word_1_972' title='bbox 2067 5496 2090 5561; x_wconf 65' lang='grc' dir='ltr'>ξ</span> <span class='ocrx_word' id='word_1_973' title='bbox 2120 5490 2223 5561; x_wconf 65' lang='grc' dir='ltr'>βιῳ</span> <span class='ocrx_word' id='word_1_974' title='bbox 2240 5506 2368 5561; x_wconf 45' lang='grc' dir='ltr'>πηοεν»ζ</span> <span class='ocrx_word' id='word_1_975' title='bbox 2379 5497 2683 5561; x_wconf 81' lang='grc' dir='ltr'>κολαζόμεθα.</span> 
     </span>
    </p>
   </div>
   <div class='ocr_carea' id='block_1_128' title="bbox 2064 5550 3570 5636">
    <p class='ocr_par' dir='ltr' id='par_1_128' title="bbox 2064 5550 3570 5636">
     <span class='ocr_line' id='line_1_128' title="bbox 2064 5550 3570 5636; baseline 0.019 -35"><span class='ocrx_word' id='word_1_976' title='bbox 2064 5550 2423 5636; x_wconf 51' lang='grc' dir='ltr'>Ῑάκςίνο</span> <span class='ocrx_word' id='word_1_977' title='bbox 2443 5550 2689 5636; x_wconf 51' lang='grc' dir='ltr'>έῄοῖῆσιέιΖ</span> <span class='ocrx_word' id='word_1_978' title='bbox 2711 5562 2839 5614; x_wconf 79' lang='lat' dir='ltr'><strong>Infra</strong></span> <span class='ocrx_word' id='word_1_979' title='bbox 2861 5566 3045 5636; x_wconf 50' lang='lat' dir='ltr'><strong>aliqua}</strong></span> <span class='ocrx_word' id='word_1_980' title='bbox 3071 5583 3185 5636; x_wconf 53' lang='lat' dir='ltr'>mss.</span> <span class='ocrx_word' id='word_1_981' title='bbox 3218 5576 3298 5624; x_wconf 80' lang='lat' dir='ltr'><strong>zeal</strong></span> <span class='ocrx_word' id='word_1_982' title='bbox 3329 5577 3356 5625; x_wconf 87' lang='lat'>6</span> <span class='ocrx_word' id='word_1_983' title='bbox 3384 5578 3570 5636; x_wconf 64' lang='lat' dir='ltr'><strong>nam;</strong></span> 
     </span>
    </p>
   </div>
   <div class='ocr_carea' id='block_1_129' title="bbox 2003 5614 3571 5739">
    <p class='ocr_par' dir='ltr' id='par_1_129' title="bbox 2003 5614 3571 5739">
     <span class='ocr_line' id='line_1_129' title="bbox 2003 5614 3571 5739; baseline 0.022 -80"><span class='ocrx_word' id='word_1_984' title='bbox 2003 5614 2396 5739; x_wconf 50' lang='grc' dir='ltr'>ἷξῖὲτὸναξξμινῶν</span> <span class='ocrx_word' id='word_1_985' title='bbox 2441 5614 2585 5684; x_wconf 56' lang='grc' dir='ltr'>ἐλεγέ</span> <span class='ocrx_word' id='word_1_986' title='bbox 2610 5623 2804 5676; x_wconf 74' lang='grc' dir='ltr'>διώκετε</span> 
     </span>
    </p>
   </div>
  </div>
