4018 6190
276 288 384 346 9‘39

276 404 479 460 fonbus
528 398 724 458 sedens
773 397 1065 470 venabatur
1113 404 1494 468 praetereuntes
1540 408 1765 461 omnes,
1812 398 1867 447 et

273 491 726 565 quemadmodum
773 490 1024 560 piscator,
1063 481 1207 559 facto
1234 488 1289 542 in
1327 501 1474 542 mare
1504 485 1636 552 reti,
1666 485 1868 556 piscem

273 585 492 655 quidem
536 582 783 648 attrahit,
812 580 1032 636 attrahit
1065 588 1242 636 autem
1273 580 1575 656 frequenter
1603 587 1656 633 et
1680 591 1867 636 aurum

275 689 328 734 et
366 676 681 748 margaritas
712 691 725 728 :
758 674 940 730 itidem
981 681 1036 730 et
1077 672 1166 728 hic
1205 673 1306 729 reti
1343 680 1561 742 captans
1589 669 1870 736 homines,

274 771 510 840 piscatus
551 776 633 822 est
676 765 905 821 tamdem
947 773 1002 820 et
1047 763 1306 836 angelos,
1343 761 1590 840 quodque
1621 760 1865 828 mireris,

273 861 434 916 etiam
475 859 710 915 insciens
742 855 890 924 (Gen.
923 856 1010 911 l8.
1040 855 1121 927 2).

348 951 691 1021 Hospitalitas
713 950 766 1003 in
793 965 978 1005 omnes.
1001 979 1072 989 —
1094 947 1151 1003 ltl
1177 945 1320 1019 quod
1341 953 1395 1003 et
1417 945 1611 1001 Paulus
1632 944 1686 999 in
1710 942 1869 1013 hujus

274 1042 523 1097 laudibus
551 1041 686 1095 dixit
714 1058 726 1093 :
763 1039 1140 1108 Hospitalitatis
1164 1038 1317 1092 nolite
1344 1035 1566 1090 oblivisci
1587 1050 1607 1090 .'
1627 1051 1717 1104 per
1735 1034 1870 1087 hanc

271 1134 408 1186 enim
441 1132 649 1203 quidam
669 1174 682 1192 ,
724 1131 985 1184 inscientes
1005 1171 1020 1191 ,
1053 1129 1269 1198 hospitio
1307 1132 1606 1198 exceperunt
1655 1126 1867 1197 angelos

271 1221 468 1287 (Hebr.
492 1219 579 1273 l5.
599 1215 683 1284 2).
708 1214 785 1271 Ac
803 1223 950 1270 recte
961 1215 1119 1281 dixit,
1145 1213 1443 1269 inscientes.
1469 1215 1602 1270 Nam
1626 1215 1672 1270 si
1696 1214 1869 1270 sciens

273 1313 400 1367 illos
427 1311 724 1380 excepisset
751 1317 1052 1389 tanta.cum'
1083 1307 1490 1374 benevolentia,
1521 1305 1653 1360 nihil
1691 1304 1868 1375 magni

273 1405 468 1458 mirive
495 1401 726 1458 fecisset.
755 1399 860 1456 Sed
888 1402 1002 1457 haec
1031 1409 1138 1456 tota
1169 1400 1302 1466 laus,
1327 1398 1464 1470 quod
1486 1397 1733 1468 ignorans
1754 1398 1871 1466 qui-

274 1511 403 1549 nam
436 1503 616 1549 essent
653 1493 744 1563 qui
785 1492 1168 1562 praeteribant,
1201 1506 1300 1547 nec
1325 1490 1470 1546 aliud
1497 1504 1618 1546 esse
1645 1488 1869 1545 credens

271 1601 437 1655 quam
478 1585 722 1639 homines
751 1585 1012 1651 viatores,
1039 1598 1159 1638 cum
1191 1590 1334 1638 tanta
1361 1581 1634 1637 alacritate
1661 1578 1870 1636 vocavit

275 1677 442 1730 intro.
470 1676 550 1729 Tu
579 1674 792 1745 quidem
825 1674 984 1743 igitur
1021 1673 1065 1728 si
1099 1689 1255 1744 quem
1291 1672 1520 1727 nobilem
1549 1686 1612 1726 ac
1636 1669 1872 1740 splendi-

271 1768 406 1821 dum
442 1766 748 1835 execperis,
795 1765 1120 1834 multamque
1162 1763 1471 1834 prtestiteris
1507 1762 1866 1828 alacritatem,

273 1857 353 1912 nil
391 1857 584 1910 mirum
613 1864 713 1910 est.
756 1854 889 1910 Nam
921 1854 1086 1909 virtus
1118 1855 1233 1923 ejus
1262 1853 1350 1924 qui
1387 1853 1675 1922 excipitur,
1709 1852 1870 1907 etiam
1941 1872 1944 1875 ·

274 1949 658 2019 inhospitalem
705 1947 1012 2018 frequenter
1051 1946 1247 2018 adigit,
1279 1955 1337 2001 ut
1372 1960 1584 2000 omnem
1623 1942 1874 1998 exhibeat

274 2039 661 2096 humanitatem
692 2056 706 2092 :
736 2045 988 2092 caeterum
1017 2036 1143 2090 illud
1175 2035 1460 2090 maximum
1485 2042 1539 2088 et
1565 2032 1873 2092 admiratio-

273 2148 345 2187 ne
374 2131 628 2200 dignum,
660 2129 869 2200 quoties
903 2137 955 2184 et
989 2128 1234 2201 vulgares
1268 2139 1322 2182 et
1359 2127 1594 2199 abiectos
1630 2141 1694 2182 ac
1737 2126 1871 2182 viles

275 2223 448 2281 multa
487 2236 607 2276 cum
658 2219 1028 2282 benevolentia
1067 2218 1379 2288 excipimus.
1423 2219 1706 2288 PrOpterea
1744 2217 1873 2272 dicit

270 2313 524 2369 Christus
558 2312 868 2368 collaudans
893 2328 986 2367 eos
1014 2313 1100 2383 qui
1142 2313 1210 2365 ita
1242 2310 1440 2366 faciunt
1471 2328 1485 2364 :
1519 2309 1768 2380 Quicquid
1791 2312 1872 2380 fe.-

272 2407 448 2461 ceritis
473 2407 562 2462 uni
586 2422 649 2466 ea:
675 2406 753 2464 his
779 2405 998 2467 minimis
1018 2447 1033 2472 ,
1063 2404 1148 2475 qui
1177 2403 1382 2458 credunt
1412 2404 1464 2458 in
1491 2420 1601 2469 me,
1639 2403 1764 2456 mihi
1792 2405 1871 2473 fc-

271 2498 468 2551 ceritis.
514 2498 592 2551 Ac
633 2511 819 2552 rursus
840 2537 856 2564 ,
899 2495 982 2549 Ita
1018 2513 1120 2554 non
1154 2504 1225 2551 est
1255 2495 1487 2548 voluntas
1523 2511 1692 2548 coram
1722 2495 1874 2549 Patre

277 2597 447 2644 vestro
467 2630 483 2654 ,
512 2598 565 2641 ut
595 2598 767 2659 pereat
794 2604 926 2642 unus
952 2604 1014 2652 ea:
1045 2587 1242 2657 pusillis
1275 2587 1382 2641 istis
1408 2584 1620 2660 (Matth.
1647 2585 1738 2642 25.
1766 2585 1870 2650 45;

274 2689 326 2733 et
356 2679 446 2734 18.
487 2679 573 2748 14)
597 2694 612 2743 ;
639 2693 702 2733 ac
742 2679 931 2733 iterum
954 2718 968 2743 ,
1002 2677 1311 2748 Quicumque
1338 2675 1601 2746 olfenderit
1631 2692 1787 2729 unum
1813 2691 1874 2732 ea:

275 2770 486 2840 pusillis
531 2770 671 2835 istis,
700 2770 904 2840 expedit
947 2771 994 2824 ei
1027 2779 1080 2823 ut
1125 2771 1441 2841 appendatur
1478 2768 1614 2824 mola
1651 2767 1875 2824 asinaria

275 2862 421 2915 circa
447 2860 634 2916 collum
660 2861 824 2927 illius,
845 2869 894 2914 et
915 2860 1182 2933 abjiciatur
1207 2861 1259 2913 in
1284 2876 1423 2914 mare
1455 2858 1559 2928 (lb.
1589 2875 1640 2912 υ.
1671 2858 1747 2928 6).
1777 2858 1876 2912 De-

277 2954 444 3024 uique
482 2952 679 3006 multus
723 2951 918 3023 ubique
951 2962 1033 3008 est
1059 2951 1272 3006 Christo
1297 2951 1364 3007 de
1401 2950 1608 3021 pusillis
1633 2959 1688 3005 et
1717 2949 1875 3003 mini-

275 3043 386 3099 mis
413 3059 592 3099 sermo
626 3059 642 3098 :
673 3043 813 3114 quod
841 3042 1054 3114 quidem
1080 3041 1348 3099 Abraham
1379 3041 1552 3096 sciens
1580 3055 1684 3095 non
1710 3055 1875 3094 excu-

278 3137 450 3193 tiebat
472 3136 658 3208 quales
679 3144 859 3191 essent
883 3143 1264 3208 praetereuntes
1280 3174 1296 3201 ,
1319 3148 1419 3189 nec
1439 3133 1578 3189 unde
1599 3132 1873 3197 venirent,

276 3226 736 3297 quemadmodum
783 3241 880 3281 nos
918 3239 1060 3280 nunc
1092 3224 1350 3291 facimus,
1386 3223 1481 3280 sed
1517 3223 1632 3278 sine
1668 3221 1876 3276 delectu

279 3327 670 3388 pnetereuntes
695 3316 992 3388 excipiebat
1015 3331 1222 3372 omnes.
1242 3316 1374 3372 Nam
1400 3331 1521 3371 eum
1548 3315 1636 3387 qui
1661 3321 1880 3384 praestat

281 3409 672 3464 humanitatem
694 3450 710 3476 ,
739 3424 846 3464 non
875 3417 1084 3479 oportet
1110 3421 1399 3478 exposcere
1422 3406 1544 3461 vitae
1576 3404 1835 3460 rationem
1859 3445 1875 3471 ,

279 3500 378 3554 sed
408 3499 603 3569 inopia:
629 3498 852 3565 mederi,
883 3498 1292 3567 necessitatique
1318 3496 1615 3567 providere.

358 3589 549 3662 Egenti
585 3592 661 3647 rel
702 3591 1072 3661 improbissinto
1113 3591 1516 3660 impertiendum.
1556 3619 1631 3630 —
1654 3587 1878 3644 Unicum

284 3682 452 3736 habet
471 3681 821 3750 patrocinium
848 3696 1066 3750 pauper,
1092 3688 1379 3752 egestatem
1401 3694 1463 3734 uc
1484 3679 1876 3746 necessitatem,

283 3788 354 3828 ne
383 3771 514 3843 quid
542 3771 612 3826 ab
651 3771 740 3826 illo
769 3771 1002 3842 postules
1038 3771 1306 3840 amplius:
1339 3769 1433 3826 sed
1476 3768 1683 3825 etiamsi
1724 3767 1883 3824 fuerit

283 3862 532 3915 oniuium
562 3860 985 3930 improbissimus
1003 3902 1018 3926 ,
1047 3870 1101 3915 et
1129 3859 1335 3932 eguerit
1373 3860 1676 3915 necessario
1703 3859 1878 3926 victu,

285 3950 544 4006 sedemus
586 3951 728 4004 illius
769 3949 983 4005 famem.
1016 3949 1090 4004 Ita
1118 3959 1171 4004 et
1199 3949 1438 4005 Christus
1477 3949 1592 4005 fieri
1631 3951 1884 4020 przecepit

284 4042 481 4097 dicens
513 4060 526 4096 :
556 4040 761 4109 Eslote,
796 4041 996 4111 inquit,
1024 4041 1211 4096 similes
1237 4039 1408 4096 Patris
1434 4041 1583 4096 vestri
1613 4041 1698 4113 qui
1731 4050 1802 4095 est
1828 4042 1883 4096 in

285 4132 455 4197 cretis,
484 4131 571 4200 qui
600 4132 754 4186 solem
781 4148 929 4185 suum
958 4133 1082 4185 oriri
1109 4133 1231 4202 facit
1270 4148 1422 4201 super
1446 4131 1601 4186 bonos
1627 4143 1670 4186 et
1699 4133 1879 4199 malos,

284 4233 335 4278 et
362 4222 497 4294 pluit
525 4239 676 4294 super
700 4228 866 4292 iustos
892 4233 938 4277 et
967 4223 1183 4295 injustas
1209 4221 1422 4292 (Matth.
1450 4223 1504 4279 5.
1536 4223 1650 4293 45).
1691 4223 1885 4279 Portus

285 4327 377 4372 est
425 4315 481 4371 in
530 4316 848 4372 necessitate
895 4318 1300 4375 constitutorum
1351 4315 1510 4371 homo
1557 4316 1883 4372 misericors.

289 4407 493 4461 Portus
529 4416 704 4461 autem
731 4421 951 4472 omnes,
985 4406 1073 4476 qui
1111 4406 1165 4460 in
1204 4405 1528 4476 naufragium
1566 4405 1884 4473 inciderint,

286 4496 498 4567 excipit
525 4496 841 4566 liberatquc,
868 4500 980 4551 sive
1009 4496 1132 4550 mali
1163 4495 1379 4563 fuerint,
1408 4498 1520 4559 sive
1557 4495 1700 4561 boni,
1733 4495 1887 4551 deni-

284 4604 404 4658 que
437 4587 762 4657 quicumquc
790 4587 985 4642 merint
1013 4587 1102 4658 qui
1132 4587 1515 4657 periclitantur,
1545 4588 1596 4642 in
1623 4587 1772 4642 sinus
1801 4588 1888 4642 ille

285 4695 428 4736 suos
455 4680 674 4747 excipit.
703 4680 786 4735 Tu
816 4679 1037 4749 proinde
1075 4681 1121 4735 si
1156 4681 1352 4736 videris
1381 4680 1649 4737 hominem
1669 4722 1684 4747 ,
1715 4682 1804 4756 qui
1835 4683 1887 4738 iu

283 4769 555 4841 egestatis
590 4770 922 4842 naufragium
949 4771 1212 4837 inciderit,
1242 4787 1310 4827 ne
1331 4772 1532 4843 judica,
1558 4788 1625 4828 ne
1651 4773 1772 4828 vitae
1797 4789 1888 4843 ge-

283 4870 380 4914 sta
403 4860 648 4914 examina
671 4901 686 4925 ,
713 4860 808 4916 sed
842 4861 1058 4916 medere
1095 4862 1342 4916 miserim.
1371 4862 1508 4929 Quid
1538 4865 1649 4933 ipse
1675 4863 1765 4918 tibi
1793 4879 1890 4918 ne-

284 4950 506 5021 gotium
542 4951 812 5006 accersis?
848 4951 1118 5008 Liberavit
1146 4961 1197 5007 te
1232 4953 1370 5008 Deus
1402 4954 1546 5009 omni
1575 4955 1662 5009 tali
1690 4954 1890 5010 solliei-

283 5040 518 5107 smline,
548 5051 603 5097 et
639 5043 966 5098 curiositate.
1003 5044 1170 5110 Quam
1210 5043 1372 5097 multa
1415 5045 1650 5115 plerique
1685 5045 1894 5102 fuerant

282 5133 530 5198 dicturi,
563 5150 827 5205 quamque
853 5135 1096 5190 difficiles
1121 5146 1270 5191 erant
1296 5135 1492 5202 futuri,
1520 5138 1562 5192 si
1592 5137 1731 5193 Deus
1757 5153 1892 5212 prat-

281 5227 559 5296 ccpisset,
587 5237 644 5281 ut
668 5231 812 5297 prius
838 5236 1084 5283 accurate
1108 5229 1268 5282 vitam
1301 5229 1538 5298 factaque
1565 5230 1892 5300 singulorum

282 5317 728 5388 disquireremus
747 5361 761 5386 ,
788 5334 850 5374 ac
876 5329 984 5373 tum
1015 5318 1228 5374 demum
1257 5319 1620 5376 conferremus
1655 5322 1892 5378 eleemo-

280 5423 496 5480 synam
517 5408 542 5461 ?
566 5408 716 5465 Nunc
743 5410 842 5467 hac
867 5412 1009 5466 omni
1036 5412 1342 5469 curiositate
1371 5428 1468 5468 nos
1497 5413 1758 5472 liberavit.
1787 5414 1894 5471 Cur

283 5518 434 5572 ergo
457 5517 614 5557 curas
637 5517 1058 5574 supervacaneas
1083 5505 1237 5560 nobis
1255 5505 1610 5562 aceersimus?
1633 5506 1792 5561 Aliud
1811 5516 1894 5564 est

279 5592 492 5664 iudex,
521 5592 664 5648 aliud
695 5595 1048 5667 elecnwsynm
1078 5596 1296 5666 largitor
1325 5613 1339 5652 :
1368 5597 1488 5652 ideo
1513 5607 1730 5653 vocatur
1753 5597 1894 5654 elec-

282 5697 552 5759 sszosyua,
577 5685 717 5757 quod
741 5701 857 5742 eam
885 5697 937 5744 et
962 5685 1188 5760 indignis
1210 5687 1418 5746 damus.
1442 5687 1592 5746 Unde
1617 5697 1670 5746 et
1691 5687 1888 5750 Paulus

1525 278 1614 334 DE
1652 271 1930 340 LAZARO
1965 270 2208 340 CONCIO
2247 274 2309 330 ll.

3445 273 3546 332 990

1973 387 2304 456 cohortatur,
2333 400 2389 445 ut
2413 389 2485 445 ita
2511 389 2782 457 faciamus,
2813 398 2869 446 et
2895 389 2969 445 ait
2997 407 3011 449 :
3051 390 3153 447 Vos
3176 399 3343 448 autem
3373 391 3554 448 bonum

1971 479 2211 551 facientes
2243 497 2344 534 non
2377 480 2651 550 deﬁciatis,
2695 497 2814 552 erga
2846 498 3017 536 omnes
3035 522 3051 548 ,
3080 482 3169 535 sed
3197 483 3414 546 maxime
3439 499 3557 554 erga

1971 573 2269 628 domesticos
2297 573 2418 642 ﬁdei
2445 571 2654 644 (Calat.
2686 573 2739 628 6.
2774 573 2828 629 9.
2862 573 2990 645 10).
3031 572 3182 640 Quod
3225 573 3271 628 si
3314 573 3557 644 indignos

1971 667 2181 724 curiose
2208 664 2554 721 discutiamus
2579 666 3057 736 disquiramusque,
3085 681 3153 722 ne
3177 666 3320 736 digni
3345 668 3556 736 quidem

1971 755 2128 812 facile
2164 756 2217 811 in
2247 771 2345 811 nos
2379 756 2632 812 incident.
2659 757 2811 825 Quod
2837 758 2882 812 si
2913 757 3140 826 indignis
3167 773 3377 828 quoque
3416 774 3556 828 prte-

1971 849 2262 904 stiterimus
2290 847 2602 903 beneficium
2622 889 2638 914 ,
2669 848 2918 903 nimirum
2950 854 3006 901 et
3033 846 3195 920 digni,
3221 849 3418 920 quique
3444 863 3559 904 om-

1971 937 2118 992 nium
2162 938 2372 996 illorum
2412 939 2666 992 malitiam
2710 939 2903 993 virtute
2949 948 3208 1008 pensent,
3251 939 3463 994 venient
3499 935 3553 988 in

1972 1045 2160 1086 manus
2198 1041 2408 1086 nostras
2439 1049 2452 1084 :
2483 1031 2619 1086 sicut
2645 1031 2820 1086 evenit
2849 1030 3004 1086 beato
3033 1031 3261 1086 Abrahae
3284 1073 3300 1099 ,
3332 1032 3416 1087 cui
3455 1030 3556 1086 ηιξ·-

1972 1119 2116 1175 nime
2141 1120 2384 1187 curioso,
2411 1121 2596 1191 quales
2622 1131 2800 1177 essent
2824 1122 2912 1192 qui
2943 1123 3311 1192 praeteribant,
3342 1123 3558 1195 contigit

1973 1212 2183 1267 tandem
2215 1222 2270 1267 ut
2300 1222 2354 1267 et
2388 1213 2608 1284 angelos
2634 1213 2904 1283 exciperet
2933 1214 3180 1282 hospitio.
3211 1213 3363 1269 Hunc
3401 1215 3560 1284 igitur

1971 1311 2026 1357 et
2057 1318 2155 1358 nos
2185 1303 2450 1358 imitemur
2473 1344 2488 1371 ,
2519 1304 2785 1374 simulque
2826 1319 2946 1358 cum
2993 1305 3094 1359 hoc
3138 1314 3383 1375 nepotem
3418 1306 3558 1360 illius
3650 1314 3655 1320 '

1969 1394 2091 1451 Job.
2119 1395 2556 1467 Quandoquidem
2583 1405 2637 1451 et
2666 1396 2753 1451 hic
2793 1398 3143 1467 progenitoris
3167 1397 3248 1452 sui
3287 1398 3560 1468 magnani-

1971 1487 2208 1543 mitatem
2248 1502 2454 1542 summa
2497 1503 2617 1543 cum
2656 1488 2927 1558 diligentia
2962 1497 3044 1542 est
3084 1488 3357 1543 imitatus:
3388 1503 3560 1558 eoque

1970 1577 2182 1634 dicebat
2207 1596 2221 1632 :
2251 1579 2449 1634 Ostium
2473 1597 2638 1646 meum
2654 1581 2851 1651 jugiter
2876 1579 3074 1650 patebat
3100 1582 3256 1636 cuivis
3280 1581 3560 1635 aduenienti

1973 1669 2102 1739 (Job
2131 1672 2220 1726 51.
2252 1670 2378 1740 52).
2432 1671 2545 1726 Νοη
2576 1673 2653 1726 sic
2682 1671 2805 1726 huic
2835 1671 3085 1741 patebat,
3125 1681 3184 1726 ut
3223 1672 3377 1727 alteri
3418 1679 3561 1726 esset

1971 1762 2266 1830 occlusum,
2295 1762 2389 1817 sed
2419 1762 2781 1817 indifferenter
2808 1772 3050 1832 apertum
3078 1771 3194 1818 erat
3219 1764 3486 1819 omnibus.

2043 1853 2097 1909 6.
2126 1853 2239 1910 Hoc
2272 1853 2572 1924 exemplum
2599 1863 2655 1909 et
2682 1869 2813 1919 nos,
2843 1869 3023 1924 qtueso
3047 1895 3061 1918 ,
3103 1855 3402 1922 imitemur,
3433 1855 3561 1911 nihil

1971 1947 2310 2016 exquirentes
2333 1947 2466 2000 ultra
2492 1961 2649 2016 quam
2671 1929 2900 2016 oportet;
2923 1946 3054 2000 Nam
3077 1946 3144 2001 ad
3172 1949 3275 2003 hoc
3290 1957 3346 2002 ut
3365 1963 3563 2017 pauper

1971 2035 2162 2106 dignus
2189 2034 2445 2090 habeatur
2469 2037 2807 2106 elcemosyna
2829 2077 2844 2101 ,
2877 2037 3006 2090 satis
3033 2045 3115 2093 est
3153 2048 3380 2108 egestas.
3409 2038 3561 2105 Quod

1973 2127 2018 2182 si
2044 2128 2161 2198 quis
2184 2141 2305 2182 cum
2341 2127 2440 2182 hac
2463 2128 2924 2184 commendatione
2957 2144 3055 2186 nos
3093 2129 3314 2194 adierit,
3342 2144 3410 2185 nc
3435 2131 3562 2200 quid

1972 2219 2201 2287 amplius
2219 2219 2428 2274 curiose
2447 2226 2750 2276 scrutemur
2772 2237 2785 2272 :
2811 2234 2908 2278 nec
2928 2220 3073 2279 enim
3095 2220 3330 2275 moribus
3349 2219 3560 2286 damus,

1973 2309 2066 2363 sed
2108 2307 2307 2364 homini
2342 2327 2356 2364 :
2385 2324 2484 2364 nec
2520 2309 2589 2364 ob
2623 2310 2870 2372 virtutem
2894 2325 2992 2370 nos
3020 2310 3137 2380 eius
3166 2311 3434 2382 misereat,
3467 2312 3561 2366 sed

1974 2401 2045 2456 ob
2066 2401 2452 2468 calamitatem,
2481 2417 2586 2472 quo
2611 2402 2858 2456 nimirum
2886 2413 2940 2458 et
2973 2401 3070 2470 ipsi
3099 2403 3368 2478 copiosam
3395 2419 3424 2456 a
3453 2404 3561 2457 Do-

1975 2493 2122 2547 mino
2148 2493 2568 2548 misericordiam
2607 2494 2761 2558 nobis
2786 2494 3133 2556 conciliemus
3151 2535 3168 2561 ,
3192 2505 3247 2556 ut
3271 2505 3326 2552 et
3350 2496 3406 2553 in
3429 2512 3527 2552 nos
3544 2537 3561 2563 ,

1975 2586 2062 2654 qui
2087 2585 2284 2655 indigni
2315 2600 2532 2653 sumus,
2563 2585 2651 2642 ille
2692 2601 2841 2644 suam
2885 2586 3126 2649 conferat
3160 2587 3563 2663 benignitatem.

1975 2677 2107 2732 Nam
2142 2679 2185 2733 si
2217 2677 2268 2732 in
2297 2679 2569 2742 conservis
2598 2680 2796 2743 nostris
2822 2679 3143 2750 coeperimus
3171 2682 3453 2750 exquirere
3479 2682 3565 2736 di-

1961 2769 2253 2839 gnitatem,
2285 2785 2567 2840 moresque
2593 2771 2876 2844 vestigare,
2904 2769 3042 2826 idem
3072 2779 3127 2828 et
3166 2771 3306 2828 [lens
3333 2771 3564 2826 facturus

1977 2868 2060 2915 est
2084 2859 2136 2918 in
2167 2860 2317 2914 nobis
2336 2901 2352 2926 ,
2379 2860 2611 2930 dumque
2635 2861 2912 2920 studemus
2935 2877 2966 2918 a
2988 2861 3262 2920 conservis
3282 2877 3566 2932 reposcere

1976 2950 2099 3005 vita:
2123 2965 2310 3005 causas
2333 2992 2349 3016 ,
2381 2951 2478 3020 ipsi
2503 2951 2717 3020 superni
2746 2952 2975 3005 numinis
3001 2951 3379 3024 benignitatem
3406 2954 3559 3006 amit-

1979 3049 2172 3097 tetnus.
2199 3040 2264 3094 In
2290 3058 2389 3110 quo
2416 3043 2568 3108 enim,
2599 3043 2788 3111 inquit,
2806 3042 3006 3112 judicio
3023 3043 3392 3114 judicareritis,
3420 3045 3561 3107 iudi-

1977 3132 2214 3187 cabimini
2238 3131 2452 3202 (Matth.
2486 3133 2538 3187 7.
2562 3131 2640 3203 2).
2673 3130 2778 3187 Sed
2808 3131 2875 3186 ad
2913 3148 3024 3188 rem
3057 3132 3356 3194 redeamus.
3385 3133 3566 3202 Itaque

1979 3239 2100 3280 cum
2129 3222 2331 3278 videret
2369 3222 2518 3282 illum
2554 3223 2606 3276 in
2633 3223 2752 3276 sinu
2783 3222 3010 3278 Abraha:
3030 3264 3044 3287 ,
3071 3223 3146 3278 ait
3177 3239 3190 3276 :
3219 3222 3374 3278 Pater
3402 3225 3565 3279 Abra-

1981 3315 2118 3379 ham,
2145 3315 2379 3368 miserere
2403 3313 2521 3376 mei,
2550 3322 2597 3367 et
2626 3314 2765 3366 mitte
2795 3311 3048 3367 Lazarum
3069 3313 3216 3382 (Luc.
3245 3314 3329 3372 16..
3352 3314 3466 3385 24),

2052 3404 2204 3459 Dives
2238 3420 2328 3458 cur
2356 3404 2611 3457 Abraham
2635 3404 2860 3474 appellat
2896 3405 3060 3474 potius
3096 3421 3250 3476 quam
3291 3404 3566 3460 Lazarum.

1979 3527 2054 3539 —
2079 3495 2433 3566 Quamobrem
2461 3511 2568 3551 non
2601 3494 2668 3550 ad
2714 3497 2887 3566 ipsum
2927 3495 3184 3554 Lazarum
3223 3495 3417 3555 direxit
3450 3512 3570 3552 scr-

1983 3603 2194 3644 monem
2214 3588 2239 3640 ‘l
2264 3586 2460 3652 Pudor,
2487 3596 2545 3641 ut
2570 3585 2816 3646 existimo
2834 3627 2850 3653 ,
2875 3585 3120 3641 obstabat
3142 3601 3206 3642 ac
3229 3587 3568 3648 verecundia.

1983 3681 2065 3735 Ex
2102 3680 2168 3736 iis
2200 3679 2342 3734 enim
2371 3694 2489 3748 qua:
2515 3679 2568 3732 in
2598 3677 2744 3732 illum
2773 3677 2970 3733 fecerat
2989 3718 3002 3738 .
3034 3678 3391 3736 arbitrabatur
3420 3681 3568 3738 illum

1983 3771 2202 3828 omnino
2239 3769 2546 3825 meminisse
2583 3769 2843 3823 malorum
2872 3770 3279 3838 praeteritorum.
3308 3771 3568 3836 Quoniam

1984 3863 2029 3918 si
2055 3877 2154 3934 ego
2174 3901 2190 3930 ,
2222 3861 2431 3932 inquit,
2464 3869 2607 3916 tanta
2651 3876 2832 3916 rerum
2867 3860 3094 3922 amueus
3127 3861 3313 3932 copia,
3343 3862 3477 3920 nihil
3503 3865 3572 3918 ab

1985 3953 2078 4009 illo
2106 3953 2263 4010 lmsus
2286 3993 2300 4018 ,
2332 3951 2465 4008 adeo
2503 3951 2722 4022 despexi
2765 3953 3033 4010 hominem
3073 3952 3123 4006 in
3158 3963 3234 4014 tot
3267 3954 3420 4010 malis
3445 3969 3571 4008 ver-

1985 4052 2216 4111 santem,
2244 4053 2302 4099 ut
2327 4059 2394 4099 ne
2419 4042 2584 4099 micas
2610 4042 2826 4113 quidem
2852 4044 3219 4114 impertierim,
3242 4056 3439 4115 quanto
3461 4063 3574 4102 ma-

1985 4135 2067 4205 gis
2104 4134 2193 4194 ille
2229 4134 2306 4190 sic
2349 4143 2717 4204 contemptus.
2758 4149 2862 4194 non
2902 4145 3099 4191 annuet
3129 4137 3330 4207 petenti
3366 4138 3572 4194 beneﬁ-

1987 4227 2161 4284 cium?
2182 4227 2305 4282 Haec
2330 4243 2437 4282 non
2464 4235 2524 4282 ut
2547 4226 2806 4282 Lazarum
2830 4241 3160 4294 accusemus,
3183 4227 3410 4283 dicimus
3438 4246 3452 4283 :
3481 4245 3575 4284 ne-

1988 4335 2091 4391 que
2115 4319 2256 4376 enim
2287 4318 2389 4376 hoc
2415 4320 2592 4373 animo
2623 4318 2717 4373 fuit
2745 4319 2992 4383 Lazarus,
3022 4319 3157 4373 absit
3188 4337 3200 4373 :
3232 4319 3325 4374 sed
3354 4335 3570 4376 causam

1989 4411 2370 4476 indicavimus,
2401 4409 2526 4480 quid
2568 4409 2652 4464 hic
2687 4409 2890 4464 veritus
2925 4425 3031 4466 non
3067 4411 3366 4480 implorarit
3399 4412 3572 4483 ipsum

1989 4503 2266 4567 Lazarum,
2299 4501 2392 4557 sed
2424 4501 2600 4570 potius
2629 4499 2896 4556 Abraham
2932 4502 3247 4568 inclamarit,
3277 4519 3433 4574 quem
3460 4505 3572 4559 exi-

1991 4593 2237 4649 stimabat
2265 4592 2471 4647 nescire
2499 4607 2617 4664 qua:
2658 4591 2868 4656 fuerant
2891 4603 3029 4652 acta.
3063 4597 3234 4667 Atque
3270 4596 3409 4652 illius
3434 4597 3574 4667 digi.

1994 4693 2105 4740 tum
2152 4699 2291 4739 nunc
2337 4683 2689 4754 implorabat,
2736 4699 2890 4760 quem
2939 4686 3129 4742 crebro
3179 4702 3363 4756 passus
3404 4687 3572 4744 fuerat

1992 4774 2320 4846 circumlingi
2348 4789 2539 4830 cauum
2567 4774 2776 4848 linguis.
2809 4775 2945 4846 Quid
2977 4776 3133 4846 igitur
3164 4777 3292 4831 ille?
3323 4776 3425 4830 Fili
3446 4819 3460 4839 ,
3488 4794 3562 4832 τεο

1994 4866 2168 4937 cepisti
2204 4867 2334 4920 bona
2359 4875 2446 4922 tua
2475 4866 2526 4920 in
2551 4865 2653 4920 vita
2677 4876 2763 4919 tua
2786 4868 2804 4938 (
2830 4865 2910 4919 lb.
2939 4883 2988 4920 υ.
3017 4865 3089 4922 25
3108 4867 3147 4936 ).
3175 4867 3304 4922 Vide
3332 4867 3571 4937 philoso-

1996 4958 2193 5028 phiam,
2219 4957 2342 5014 vide
2367 4958 2746 5015 humanitatem
2762 4958 2914 5030 justi.
2938 4959 3051 5014 Non
3082 4959 3236 5026 dixit,
3264 4959 3562 5028 inhumane,

1994 5049 2246 5115 crudelis,
2275 5051 2707 5115 sceleratissime,
2740 5065 2860 5103 cum
2891 5059 2994 5104 tam
3027 5051 3189 5107 multa
3218 5050 3355 5108 mala
3381 5049 3568 5108 iutule.

1994 5143 2070 5199 ris
2100 5142 2321 5207 homini,
2354 5158 2493 5197 nunc
2521 5143 2840 5198 mentionem
2872 5140 3024 5196 nobis
3055 5141 3184 5198 facis
3209 5141 3573 5207 humanitatis,

1995 5233 2373 5288 misericordia:
2393 5273 2408 5298 ,
2441 5242 2495 5287 et
2521 5233 2725 5288 venite?
2750 5231 2864 5287 Non
2891 5233 3050 5302 pudet
3075 5274 3091 5302 ,
3130 5248 3236 5292 non
3260 5231 3573 5292 erubescis?

1995 5324 2100 5380 Sed
2132 5323 2256 5394 quid
2294 5323 2457 5378 dicit?
2486 5322 2622 5389 Fili,
2663 5323 2853 5394 inquit,
2881 5325 3108 5393 recepisti
3146 5325 3274 5379 bona
3304 5335 3411 5386 tua.
3440 5324 3572 5383 Nam

1995 5417 2197 5478 animm,
2213 5415 2400 5484 inquit,
2431 5413 2637 5485 dejectte
2665 5430 2765 5467 non
2780 5414 2934 5469 addes
2946 5416 3368 5486 perturbationem
3385 5416 3570 5487 (Eccli.

1996 5507 2048 5561 4.
2074 5505 2167 5573 5).
2184 5503 2324 5559 Satis
2350 5513 2432 5558 est
2460 5504 2537 5580 illi,
2559 5521 2684 5560 suus
2711 5505 2999 5573 cruciatus,
3018 5515 3076 5562 ut
3104 5523 3170 5562 ne
3191 5507 3332 5562 illius
3352 5507 3571 5563 calami-

2002 5606 2194 5652 .attous
2222 5596 2555 5651 Insultctnus.
2589 5597 2665 5651 Ac
2690 5611 2756 5650 ne
2785 5605 3015 5666 putares,
3044 5597 3184 5669 quod
3213 5613 3416 5654 memor
3441 5615 3574 5668 prm-

2006 5687 2282 5748 teritorum
2331 5687 2592 5748 Italorum
2636 5688 2861 5748 vetuerit
2905 5688 3054 5747 abire
3090 5689 3347 5747 Lazarum
3366 5732 3382 5760 ,
3410 5690 3572 5750 tilium
