4018 6190
507 314 600 371 991
1221 316 1280 372 S.
1321 315 1599 371 JO.\N.\'IS
1638 313 2104 369 CllliYSOSTOMl
2139 316 2449 371 ARClllEP.
2493 312 3026 373 CONSTANTINOP.

514 429 661 484 illum
689 430 920 500 appellat
948 428 1098 500 quasi
1138 443 1257 482 sese
1301 444 1364 482 ex
1412 429 1500 482 tali
1541 429 1892 498 appellatione
1929 443 2091 482 excu-

512 539 656 577 sans.
691 523 840 589 Quod
873 523 922 576 in
954 536 1070 576 mea
1098 563 1111 584 ,
1151 522 1355 591 inqmt,
1396 530 1660 591 potestate
1701 530 1780 576 est
1807 563 1820 586 ,
1851 518 2094 589 impertio

513 613 603 666 tibi
638 620 930 666 :ca-terum
977 621 1034 665 ut
1077 612 1200 665 hinc
1249 611 1503 665 abeamus
1534 611 1658 665 illuc
1681 651 1698 675 ,
1728 626 1833 665 non
1872 621 1955 665 est
1983 610 2094 679 jam

512 712 706 754 nostra!
736 700 1024 754 facultatis.
1059 700 1304 771 Recepisti
1332 703 1459 754 bona
1483 712 1589 754 tua.
1612 700 1787 768 Quare
1811 716 1916 754 non
1941 701 2094 764 dixit,

508 789 717 858 cepisti,
751 791 842 844 sed
871 833 884 856 ,
914 791 1187 856 recepisti?
1219 791 1350 845 llinc
1384 789 1541 845 video
1571 806 1816 860 magnum
1845 789 2095 844 conside-

510 881 775 934 rationum
820 896 966 934 mare
997 881 1152 934 nobis
1193 882 1410 950 aperiri.
1454 880 1786 950 Quapmpter
1812 897 1930 950 qua:
1957 880 2094 934 dicta

508 979 632 1024 sunt
657 984 862 1025 summa
912 987 1040 1026 cura
1089 982 1396 1036 servantes,
1433 982 1538 1027 tam
1582 989 1699 1042 qua:
1739 972 1896 1026 hodie
1935 989 2093 1042 qttam

509 1070 638 1128 qum‘
658 1077 826 1130 nuper
852 1062 1075 1116 disserta
1104 1072 1224 1116 sunt
1247 1105 1262 1130 ,
1291 1078 1500 1117 summo
1525 1079 1645 1116 cum
1671 1062 1847 1116 studio
1873 1077 2094 1130 repona-

511 1168 651 1217 mus,
679 1163 732 1207 et
756 1169 820 1208 ex
854 1156 916 1208 iis
942 1172 1060 1224 qua:
1089 1155 1234 1210 dicta
1268 1165 1391 1210 sunt
1413 1197 1426 1217 ,
1461 1156 1525 1210 ad
1557 1156 1817 1210 audienda
1839 1172 1957 1225 qua:
1980 1164 2098 1222 post

509 1242 788 1310 dicentur,
822 1261 915 1299 vos
955 1246 1098 1316 ipsos
1129 1248 1299 1317 magis
1342 1247 1562 1301 idoneos
1604 1246 1826 1300 reddite.
1871 1247 1932 1299 Et
1975 1245 2096 1315 qui-

510 1335 630 1390 dem
658 1337 703 1390 si
751 1336 862 1391 fieri
911 1339 1110 1407 possit,
1143 1340 1300 1393 facite
1339 1349 1393 1394 ut
1421 1337 1656 1394 omnium
1705 1337 2092 1401 memineritis;

3657 308 3756 364 992.

2198 429 2337 496 quod
2364 430 2406 482 si
2449 429 2497 482 id
2547 429 2658 482 fieri
2703 444 2805 482 non
2857 434 3068 496 potest,
3101 425 3286 478 hortor
3325 435 3382 479 ut
3412 441 3507 495 pro
3532 427 3754 484 omnibus

2200 517 2324 572 illud
2351 527 2603 588 perpetuo
2631 517 2996 581 memineritis,
3025 514 3166 584 quod
3193 530 3297 568 non
3322 531 3544 584 erogare
3570 531 3755 585 paupe-

2199 609 2366 672 ribus,
2399 617 2480 664 est
2504 609 2743 679 rapinam
2767 609 2818 661 in
2850 607 2968 661 illos
2999 621 3273 669 exercere,
3299 606 3614 676 illorumque
3635 606 3766 659 frau-

2199 701 2326 754 dare
2355 701 2514 754 vitam
2550 717 2562 751 :
2603 698 2850 768 quodque
2894 715 2999 752 non
3046 707 3257 752 nostras
3279 739 3293 760 ,
3333 697 3426 752 sed
3458 697 3664 750 illorum
3692 713 3772 750 res

2201 789 2524 844 detinemus.
2555 788 2686 843 Nam
2715 789 2758 843 si
2788 789 2887 842 hoc
2913 788 3091 842 animo
3121 787 3372 841 fuerimus
3396 829 3410 853 ,
3439 787 3661 840 oni:.ino
3687 802 3771 854 pe-

2199 881 2408 934 cuniam
2429 879 2783 942 eﬂ‘undemus,
2809 893 2871 932 ac
2891 875 3158 932 Christum
3182 877 3505 931 esurientem
3530 878 3614 930 hie
3634 877 3774 930 alen-

2203 980 2280 1024 tes
2300 1012 2314 1034 ,
2347 970 2670 1040 multamque
2699 969 2852 1024 nobis
2897 969 3006 1022 illic
3034 967 3360 1036 opulentiam
3394 967 3770 1030 recondentes,

2202 1060 2492 1130 poterimus
2519 1059 2816 1114 futurorum
2848 1075 2966 1114 esse
2991 1069 3265 1128 compotes
3296 1059 3584 1121 bonorum,
3616 1058 3770 1126 gratia

2199 1167 2262 1206 ac
2299 1152 2619 1223 benignitate
2665 1151 2871 1205 Domini
2918 1153 3081 1206 nostri
3119 1151 3243 1206 Jcsu
3279 1150 3516 1214 Christi,
3546 1151 3632 1204 cui
3661 1166 3769 1203 cum

2202 1245 2356 1298 Patre
2383 1253 2436 1298 ct
2459 1242 2658 1313 Spiritu
2684 1254 2866 1297 sancto
2887 1243 3052 1313 gloria
3077 1285 3090 1306 ,
3119 1242 3310 1308 honor,
3343 1251 3584 1310 potestas
3605 1283 3618 1308 ,
3645 1257 3771 1297 nunc

2199 1344 2252 1389 et
2278 1350 2489 1404 semper
2511 1377 2526 1400 ,
2559 1344 2612 1388 et
2639 1335 2689 1388 in
2720 1335 2910 1388 saacula
2937 1334 3272 1402 saeculorum.
3321 1334 3514 1387 Amen.

514 1579 596 1621 ne
642 1581 878 1627 LAZARO
923 1583 1148 1626 corvom
1189 1585 1422 1626 TERTIA
1453 1562 1616 1648 1/11,
1643 1585 1721 1625 ET
1763 1582 1971 1634 ouans
2015 1581 2137 1623 NON
2181 1580 2468 1634 nrxenrr,
2497 1579 2734 1622 CEPISTI
2779 1579 2938 1620 nom
2982 1580 3105 1620 TUA
3152 1579 3214 1619 IN
3261 1578 3402 1620 νισι-Α
3446 1579 3568 1620 τω
3604 1560 3770 1639 (Luc.

592 1666 688 1724 16.
733 1665 886 1746 25.)
952 1685 1105 1739 san,
1153 1669 1442 1745 recepisti
1487 1687 1500 1724 :

593 1783 666 1822 EA
718 1781 1109 1824 reccarones
1157 1773 1566 1827 EFFUGIANT'.

1548 1685 1628 1726 ET
1683 1681 2077 1735 QUAMOBREM
2122 1680 2296 1723 JUSTI
2341 1679 2775 1722 SEPENUMERO
2822 1678 3121 1720 INCIDL’NT
3166 1677 3228 1718 IN
3274 1677 3607 1732 PERICULA,
3653 1675 3772 1718 Cl}!

1904 1943 2309 1986 cmmm

580 2055 634 2107 l.
678 2053 1094 2126 Haudquaquam
1141 2058 1460 2112 mediocrem
1499 2060 1650 2114 nobis
1695 2060 1974 2116 utilitatem
2000 2071 2086 2116 at-

508 2146 628 2198 tulit
650 2145 717 2200 de
747 2145 948 2201 Lazaro
983 2148 1254 2216 parabola,
1288 2158 1398 2203 tum
1426 2149 1675 2204 divitibus
1701 2149 1857 2214 ,‘tmn
1890 2166 2088 2220 paupe-

507 2237 674 2303 ribus,
713 2247 770 2293 ut
805 2256 922 2308 quae
948 2241 1042 2295 hos
1071 2241 1286 2310 quidem
1308 2241 1549 2298 docuerit
1575 2243 1726 2298 facile
1753 2243 1988 2313 perferre
2010 2245 2088 2298 in.

506 2331 704 2397 opiam,
729 2331 845 2386 illos
872 2348 998 2388 vero
1021 2350 1125 2389 non
1147 2349 1302 2404 passa
1326 2337 1395 2389 sit
1422 2336 1620 2404 efferri,
1650 2337 1854 2407 sibique
1883 2338 2090 2407 placere

507 2421 577 2476 ob
605 2422 814 2479 divitias
835 2467 848 2489 ,
884 2441 1002 2480 cum
1035 2443 1098 2481 ex
1141 2429 1268 2497 ipsis
1311 2429 1468 2484 rebus
1497 2429 1907 2496 demonstrarit,
1941 2431 2087 2484 illum

507 2512 745 2566 omnium
770 2529 889 2570 esse
916 2517 1146 2572 maxime
1170 2519 1527 2574 miserabilem
1549 2562 1564 2587 ,
1597 2522 1685 2591 qui
1714 2521 1874 2576 vitam
1906 2524 2012 2591 agit
2039 2523 2090 2576 in

509 2602 746 2669 deliciis,
787 2607 916 2660 nulli
943 2624 1037 2662 sua
1079 2609 1215 2665 bona
1257 2613 1675 2668 communicans.
1713 2615 1825 2684 Age
1857 2613 2014 2683 igitur
2039 2622 2092 2668 et

511 2693 670 2750 hodie
705 2696 881 2752 denuo
913 2707 1202 2758 tractemus
1234 2702 1374 2758 idem
1413 2713 1820 2774 argumentum,
1849 2703 2091 2774 quando-

510 2785 722 2854 quidem
745 2789 834 2858 qui
863 2790 912 2843 in
940 2792 1167 2845 metallis
1194 2803 1504 2862 operantur,
1529 2795 1845 2864 ubicumque
1866 2796 2093 2849 viderint

513 2876 704 2932 multas
727 2881 841 2934 auri
867 2897 1049 2948 venas,
1080 2883 1184 2939 illic
1215 2885 1417 2940 fodiunt
1444 2887 1636 2952 acrius,
1660 2903 1758 2942 nec
1784 2889 1930 2957 prius
1951 2888 2094 2942 absi-

513 2975 678 3032 stunt,
705 2983 863 3038 quam
897 2979 1062 3026 totum
1091 2974 1228 3044 quod
1258 2977 1480 3047 reperiri
1508 2979 1696 3047 potuit,
1729 2979 2092 3034 exhauserint.

513 3057 813 3117 Redeamus
835 3064 993 3132 igitur
1014 3066 1160 3135 illuc,
1186 3068 1272 3122 ubi
1300 3085 1602 3126 sermonem
1625 3089 1790 3143 nuper
1808 3074 2092 3140 finivimus,

511 3161 570 3205 ttt
613 3152 755 3210 illinc
797 3157 1043 3212 eumdem
1094 3159 1472 3218 instauremus.
1525 3164 1836 3221 Poteramus
1879 3167 2093 3236 quidem

517 3244 677 3299 unius
705 3245 811 3301 diei
843 3263 1004 3318 Opera
1029 3253 1177 3307 vobis
1208 3261 1370 3308 totam
1400 3254 1536 3310 hanc
1565 3257 1852 3324 exiilauare
1879 3260 2097 3328 parabo-

513 3336 618 3390 Iam
653 3354 667 3390 :
696 3353 882 3394 verum
915 3357 1021 3397 non
1048 3343 1149 3399 hoc
1175 3346 1397 3415 agimus,
1428 3359 1482 3401 ut
1508 3349 1672 3404 multa
1702 3351 1906 3420 loquuti
1935 3352 2098 3408 disce-

512 3426 700 3482 damus
719 3469 734 3494 ,
763 3430 858 3484 sed
891 3441 947 3486 ut
976 3449 1070 3488 vos
1096 3433 1378 3505 diligenter
1415 3440 1677 3509 acceptis,
1706 3442 1991 3510 animoque
2017 3444 2098 3497 in-

516 3517 633 3572 ﬁxis
655 3535 772 3589 qua:
793 3520 932 3576 dicta
956 3532 1100 3589 sunt,
1128 3541 1190 3578 ex
1220 3526 1317 3580 ista
1345 3529 1580 3583 custodia
1606 3530 1845 3587 sentiatis
1867 3529 2094 3588 fructum

511 3609 740 3679 aliquem
767 3613 1081 3681 spiritalem.
1105 3615 1237 3670 Nam
1262 3625 1316 3672 et
1344 3629 1514 3674 mater
1545 3621 1705 3690 prolis
1731 3636 1935 3689 amans,
1967 3622 2093 3677 dum

513 3713 666 3753 suum
713 3701 969 3758 infantem
1019 3706 1303 3762 lactentem
1350 3719 1500 3780 parat
1541 3713 1607 3765 ad
1647 3713 1875 3768 solidum
1917 3715 2094 3769 cibum

511 3790 813 3858 adducere,
847 3795 890 3849 si
932 3796 1091 3852 simul
1123 3799 1343 3854 multum
1386 3803 1516 3857 meri
1559 3805 1800 3860 infundat
1825 3806 1934 3872 ori,
1965 3807 2096 3862 nihil

511 3882 728 3952 prodest
762 3885 981 3951 infanti,
1011 3889 1324 3946 refundente
1351 3908 1517 3961 puero
1546 3895 1688 3964 quod
1717 3895 1890 3964 datur,
1921 3912 1983 3952 ac
2016 3906 2095 3951 tu-

510 3974 762 4041 niculam,
797 3993 899 4046 qua
931 3988 1116 4048 pectus
1146 3981 1340 4050 tegitur
1361 4023 1375 4049 ,
1403 3984 1673 4054 irrigante.
1705 3987 1856 4053 Quod
1888 3989 1932 4042 si
1968 4003 2096 4043 sen-

511 4065 611 4119 sim
643 4080 706 4120 ac
750 4067 1002 4137 paulatim
1041 4069 1312 4137 infundat,
1350 4088 1481 4142 puer
1515 4075 1655 4143 quod
1697 4076 1944 4130 traditum
1969 4086 2052 4132 est
2076 4119 2092 4146 ,

509 4156 710 4226 absque
741 4159 983 4214 molestia
1011 4162 1341 4217 transmittit.
1369 4163 1598 4219 Proinde
1628 4181 1693 4221 ne
1723 4167 1872 4221 vobis
1910 4168 2095 4224 itidem

511 4248 653 4315 quod
684 4251 933 4305 traditum
981 4252 1176 4319 fuerit,
1223 4255 1406 4310 effluat
1438 4275 1450 4309 :
1484 4273 1592 4312 non
1635 4259 1912 4315 confertim
1946 4263 2094 4317 vobis

511 4341 880 4396 iuclinavimus
917 4344 1170 4399 doctrinm
1209 4349 1490 4414 poculum,
1517 4350 1612 4405 sed
1653 4351 1703 4404 in
1742 4351 1858 4407 dies
1896 4354 2094 4424 aliquot

507 4432 687 4500 partiti
718 4448 924 4499 sumus,
953 4437 1093 4503 passi
1120 4437 1268 4492 vobis
1294 4440 1506 4494 interim
1535 4439 1681 4497 hisce
1714 4442 1900 4498 diebus
1931 4446 2096 4500 inter-

507 4523 785 4591 quiescere
814 4526 881 4579 ab
925 4527 1172 4581 audiendi
1224 4530 1405 4586 labore
1431 4573 1444 4596 ,
1473 4548 1578 4602 quo
1615 4535 1773 4589 simul
1801 4546 1854 4590 et
1884 4554 1944 4591 ea
1976 4554 2093 4607 quae

507 4612 873 4681 deposuimus,
905 4615 982 4670 sic
1014 4617 1295 4686 inligantur
1319 4623 1500 4677 animo
1526 4634 1718 4680 vestra:
1746 4627 2004 4696 caritatis,
2038 4640 2093 4684 ut

507 4703 755 4760 excidere
793 4722 897 4762 non
927 4707 1172 4777 possint,
1204 4719 1257 4764 et
1296 4727 1357 4767 ea
1385 4729 1502 4781 quae
1531 4713 1773 4770 dicentur
1798 4718 1995 4774 sedatis
2030 4735 2093 4776 ac

507 4797 707 4866 vegetis
733 4797 1002 4853 mentibus
1029 4801 1326 4870 excipiatis.
1358 4801 1542 4871 quue
1569 4807 1758 4861 crebro
1779 4810 1928 4864 vobis
1950 4825 2091 4878 prae-

505 4889 732 4943 dieimus
751 4891 930 4946 multis
947 4901 1068 4946 ante
1085 4893 1272 4948 diebus
1289 4905 1655 4964 argumentum
1679 4897 1746 4954 de
1785 4917 1891 4968 quo
1906 4917 2091 4958 sumus

506 4980 805 5050 loquuturi,
831 4994 887 5038 ut
917 4985 998 5040 his
1022 4985 1072 5039 iu
1101 4985 1276 5042 medio
1304 4987 1488 5042 diebus
1524 5000 1736 5059 sumpto
1763 4992 1896 5045 libro
1919 5034 1934 5058 ,
1962 5010 2089 5064 per-

506 5087 774 5143 pensaque
800 5075 874 5129 rci
916 5090 1120 5131 suuuna
1164 5088 1271 5133 tota
1293 5120 1306 5144 ,
1337 5088 1681 5150 posteaquam
1723 5081 2089 5140 intellexeritis

505 5163 629 5232 quid
667 5165 865 5220 dictum
895 5167 1001 5235 sit,
1029 5168 1156 5238 quid
1202 5179 1366 5227 restet
1393 5172 1676 5228 dicendum
1703 5215 1716 5239 ,
1747 5185 1977 5230 mentem
2002 5193 2092 5231 ve-

505 5265 671 5311 stram
703 5257 1100 5316 instructiorem
1138 5263 1373 5320 reddatis
1414 5263 1482 5320 ad
1524 5265 1786 5322 audienda
1826 5282 1943 5338 quae
1971 5277 2092 5338 post

506 5346 852 5406 disserentur.

582 5440 825 5498 Hortatur
848 5446 916 5498 ad
933 5446 1191 5502 lectionem
1213 5449 1470 5502 sacrorum
1493 5451 1822 5505 voluminum.
1846 5483 1912 5492 —
1929 5453 2089 5523 quue

502 5677 800 5789 561Col|au
827 5695 937 5730 cum
954 5689 1062 5734 uss.
1084 5686 1244 5747 Regiis
1270 5685 1405 5747 1819,
1435 5675 1570 5750 l960,
1599 5689 1718 5740 1963
1739 5699 1786 5742 et
1815 5691 2087 5744 Colhertiuo

2196 2075 2409 2131 semper
2439 2059 2624 2115 hortor
2663 2071 2718 2116 et
2757 2060 2954 2115 hortari
3003 2076 3107 2114 non
3149 2059 3423 2127 desinam,
3451 2071 3507 2114 ut
3561 2076 3668 2114 non
3695 2059 3775 2114 hic

2198 2163 2396 2208 tantum
2425 2151 2708 2207 attendatis
2739 2152 2803 2206 iis
2823 2167 2940 2223 qua:
2959 2151 3228 2217 dicuntur,
3257 2167 3439 2206 verum
3466 2151 3629 2205 etiam
3665 2165 3775 2204 cum

2197 2243 2347 2298 domi
2393 2241 2632 2308 fueritis,
2683 2242 2895 2298 assidue
2934 2241 3228 2297 divinarum
3268 2242 3660 2310 Scripturarum
3705 2240 3772 2293 Ie-

2193 2334 2357 2388 ctioni
2400 2333 2621 2388 vacetis.
2680 2331 2833 2398 Quod
2909 2331 3121 2401 quidem
3170 2341 3224 2387 et
3272 2331 3336 2385 iis
3398 2332 3486 2400 qui
3538 2329 3771 2400 privatim

2196 2441 2405 2481 mecum
2454 2425 2723 2495 congreSsi
2753 2433 2877 2478 sunt
2901 2440 3006 2478 non
3051 2423 3226 2478 destiti
3274 2422 3559 2476 inculcare.
3605 2421 3774 2489 Neque

2195 2535 2324 2574 vero
2351 2519 2476 2572 mihi
2504 2518 2779 2587 quisquam
2811 2517 3043 2586 proferat
3087 2515 3274 2585 frigida
3320 2515 3408 2568 illa
3460 2514 3623 2568 verba
3668 2515 3772 2582 pla-

2200 2611 2836 2680 nequedamnandazcgo
2853 2607 3152 2661 forensibus
3182 2606 3354 2660 causis
3388 2605 3582 2658 afﬁxus
3631 2619 3770 2665 sum,

2199 2701 2409 2770 publica
2467 2715 2595 2769 gero
2644 2700 2891 2768 negotia,
2934 2697 3213 2750 artificium
3251 2709 3508 2760 exerceo,
3565 2709 3775 2748 uxorem

2199 2792 2394 2858 habeo,
2422 2793 2509 2846 alo
2548 2791 2742 2846 liberos
2762 2833 2776 2855 ,
2805 2791 3018 2844 familia:
3045 2805 3225 2844 curam
3256 2803 3383 2858 gero
3408 2830 3422 2853 ,
3485 2787 3778 2840 mundanus

2202 2885 2364 2939 homo
2394 2900 2510 2939 sum
2534 2925 2548 2950 ,
2582 2899 2688 2938 non
2740 2893 2822 2938 est
2866 2899 3042 2938 meum
3097 2883 3272 2952 legere
3315 2880 3622 2949 Scripturas
3643 2921 3656 2941 ,
3691 2878 3779 2932 sed

2201 2992 2384 3033 eorum
2427 2979 2516 3048 qui
2543 2975 2744 3031 mundo
2772 2977 3020 3030 dixerunt
3047 2975 3168 3030 vale
3191 3015 3205 3040 ,
3236 2973 3328 3044 qui
3372 2973 3632 3026 montium
3666 2987 3775 3023 ver-

2203 3070 2335 3125 tices
2379 3079 2726 3139 occuparunt,
2776 3071 2865 3140 qui
2919 3071 3078 3124 vitam
3130 3066 3392 3138 ejusmodi
3446 3067 3781 3121 continenter

2201 3171 2384 3233 agunt.
2411 3162 2546 3229 Quid
2565 3161 2884 3225 ais,homo?
2911 3161 3022 3216 Non
3054 3169 3138 3215 est
3169 3163 3239 3214 tui
3265 3159 3459 3228 negotii
3490 3158 3784 3227 Scripturas

2201 3256 2447 3310 evolvere
2466 3295 2482 3320 ,
2510 3254 2760 3324 quoniam
2790 3251 3086 3307 innumeris
3111 3251 3253 3306 curis
3297 3248 3648 3304 distraheris?
3680 3248 3784 3300 lmo

2203 3353 2347 3400 tuum
2377 3348 2545 3415 magis
2571 3357 2825 3415 estquam
2854 3345 3086 3399 illorum.
3106 3343 3288 3413 Neque
3311 3343 3452 3397 enim
3481 3342 3554 3396 illi
3574 3341 3786 3411 perinde

2205 3433 2602 3505 Seripturarum
2653 3445 2812 3506 egent
2853 3435 3131 3505 przesidio,
3164 3442 3322 3503 atque
3371 3447 3470 3486 vos
3518 3433 3569 3486 in
3603 3431 3785 3486 mediis

2202 3527 2534 3596 negotiorum
2588 3527 2742 3580 undis
2789 3526 2992 3595 jactati.
3039 3525 3170 3580 Nam
3227 3523 3473 3579 monachi
3511 3524 3722 3594 quidem
3756 3535 3784 3573 a

2201 3618 2319 3674 foro
2350 3619 2754 3691 forensibusque
2786 3619 3010 3689 negotiis
3033 3619 3218 3685 liberi,
3242 3618 3437 3687 quique
3481 3616 3532 3670 in
3579 3615 3782 3668 deserto

2202 3709 2367 3764 ﬁxere
2407 3710 2702 3780 tuguriola,
2731 3726 2902 3778 neque
2947 3725 3065 3763 cum
3093 3724 3357 3778 quoquam
3404 3707 3604 3760 habent
3644 3719 3778 3758 com.

2202 3801 2462 3857 mercium
2483 3842 2496 3866 ,
2527 3801 2617 3855 sed
2653 3801 2702 3854 in
2744 3801 2832 3854 illa
2861 3801 3036 3870 quieta
3069 3798 3448 3867 tranquillitate
3491 3812 3612 3851 cum
3642 3794 3775 3849 omni

2201 3893 2484 3948 securitate
2509 3891 2968 3962 philosophantur,
2995 3906 3058 3945 ac
3083 3890 3224 3944 velut
3250 3889 3302 3943 in
3336 3897 3490 3958 portu
3516 3886 3773 3947 sedentes,

2201 3984 2362 4039 rebus
2389 3983 2734 4038 vehementer
2764 3983 2890 4037 tutis
2917 3981 3188 4036 fruuntur:
3215 3995 3312 4034 nos
3349 3988 3537 4033 contra
3565 3977 3704 4031 velut
3729 3976 3778 4027 in

2200 4075 2377 4129 medio
2408 4075 2540 4128 mari
2587 4075 2934 4139 ﬂuctuantes,
2964 4073 3360 4140 innumerisque
3380 4112 3395 4136 ,
3422 4070 3648 4124 velimus
3690 4081 3778 4120 no-

2201 4166 2392 4231 limus,
2443 4165 2675 4234 peccatis
2741 4164 3019 4230 obstricti,
3063 4177 3277 4231 semper
3331 4176 3468 4230 Opus
3527 4159 3773 4212 habemus

2201 4269 2457 4329 perpetuo
2508 4258 2722 4328 jugique
2769 4257 3158 4326 Scripturarum
3208 4255 3418 4309 solatio.
3470 4255 3544 4307 Illi
3601 4253 3774 4306 sedent

2201 4351 2382 4420 procul
2404 4365 2434 4404 a
2450 4350 2718 4415 conﬂictu,
2748 4364 2919 4418 eoque
2944 4364 3042 4402 nec
3063 4347 3330 4417 accipiunt
3351 4349 3514 4401 multa
3534 4346 3771 4400 vulnera:

2201 4443 2293 4496 tibi
2320 4458 2446 4498 vero
2465 4484 2480 4510 ,
2503 4443 2626 4512 quia
2657 4450 2913 4510 perpetuo
2943 4449 3052 4494 stas
3083 4439 3134 4493 in
3165 4439 3278 4493 acie
3299 4479 3313 4503 ,
3339 4439 3462 4506 quia
3486 4437 3774 4504 frequentes

2198 4534 2396 4604 accipis
2429 4534 2645 4604 plagas,
2680 4532 2879 4587 ideirco
2919 4531 3088 4601 magis
3128 4546 3260 4600 opus
3289 4539 3371 4584 est
3415 4530 3664 4584 remediis
3685 4569 3698 4589 ,
3727 4536 3776 4578 ut

2197 4641 2352 4694 quem
2377 4634 2432 4680 et
2462 4640 2594 4679 uxor
2622 4631 2873 4694 provocat
2897 4664 2911 4688 ,
2941 4631 2997 4678 et
3019 4623 3155 4676 filius
3184 4622 3498 4686 contristat,
3537 4632 3693 4690 atque
3717 4618 3777 4670 ad

2199 4717 2330 4770 iram
2361 4724 2681 4781 commovet,
2714 4723 2769 4769 et
2798 4713 3077 4767 insidiatur
3100 4712 3266 4766 hostis
3287 4753 3301 4778 ,
3333 4721 3387 4766 et
3411 4712 3612 4765 invidet
3649 4710 3773 4763 ami-

2196 4823 2322 4874 cus,
2356 4817 2409 4863 et
2449 4808 2652 4864 vicinus
2689 4807 2997 4871 insectatur,
3027 4816 3081 4861 et
3109 4806 3400 4860 commilito
3448 4805 3775 4874 supplantat,

2197 4898 2501 4970 frequenter
2520 4908 2573 4954 et
2596 4895 2756 4969 judex
2785 4899 3034 4962 minatur,
3053 4907 3106 4952 et
3127 4907 3408 4965 paupertas
3429 4907 3514 4951 est
3540 4896 3773 4955 molesta,

2195 5004 2243 5046 et
2268 4990 2682 5046 domesticorum
2721 4990 2940 5044 amissio
2989 4989 3186 5042 luctum
3215 4988 3410 5053 affert,
3435 4999 3492 5043 et
3520 4987 3774 5058 prosperi-

2197 5091 2277 5137 tas
2301 5083 2468 5148 inflat,
2505 5081 2797 5136 adversitas
2825 5079 3110 5134 contrahit.
3140 5079 3379 5133 Breviter
3408 5080 3554 5132 varia
3574 5079 3772 5132 iracun-

2197 5175 2319 5240 diae,
2345 5175 2491 5228 varia
2524 5187 2792 5238 curarum,
2822 5173 2968 5226 varia
3007 5171 3426 5242 perturbationis
3466 5186 3531 5226 ac
3585 5183 3765 5224 mcero-

2195 5266 2301 5332 ris,
2325 5265 2468 5320 varia
2494 5264 2783 5334 iactantia,
2807 5264 2950 5317 varia
2984 5262 3226 5328 tumoris,
3257 5271 3365 5315 tum
3394 5263 3637 5326 occasio,
3667 5271 3761 5312 tum

2194 5358 2485 5413 necessitas
2529 5372 2625 5412 nos
2671 5356 3022 5426 undequaque
3051 5355 3446 5419 circumvallat,
3481 5356 3757 5409 innumera-

2165 5465 2297 5524 que
2334 5465 2401 5502 ex
2446 5447 2590 5504 omni
2638 5457 2789 5518 parte
2819 5447 2919 5502 tela
2966 5446 3219 5501 volitant:
3249 5445 3389 5500 unde
3437 5459 3648 5500 necesse
3686 5448 3754 5492 est

2196 5541 2558 5598 indesinenter
2573 5557 2602 5594 a
2623 5540 2910 5610 Seripturis
2926 5549 3249 5592 armaturam
3277 5551 3512 5591 sumere.
3538 5539 3751 5604 Agnosco

2196 5634 2390 5704 igitur,
2445 5633 2650 5702 inquit,
2678 5632 2818 5702 quod
2870 5631 2923 5686 in
2970 5631 3146 5686 medio
3191 5629 3499 5699 laqueorum
3539 5621 3747 5683 incedis,

2192 5725 2438 5797 quodque
2464 5725 2517 5782 in
2539 5725 2838 5796 pinnacults
2872 5723 3096 5781 civitatis
3117 5720 3357 5778 ambulas
3387 5717 3550 5792 (Eccl.
3578 5714 3622 5772 9.
3641 5711 3744 5777 93)-
