4018 6190
539 247 648 306 993

539 361 1045 428 καιι.ἐξανίστανται⁸
1093 360 1193 416 καὶ
1236 360 1348 436 γὰρ
1379 362 1477 416 ’καί⁵
1505 360 1628 432 διίιις
1662 357 1948 433 εὐπρεπὴς
1968 398 1985 424 ,
2027 356 2126 409 καὶ

539 448 700 520 σῶμα
725 447 981 519 λαμπρὸν
1004 445 1093 499 διά
1128 445 1237 499 τῶν
1270 444 1564 516 ὀφθαλμῶν
1601 443 1794 506 ἔϐαλε,
1837 441 1933 496 καὶ
1977 440 2130 512 ῥῆμα

536 532 764 603 αἰσχρὸν
805 531 895 584 διὰ
925 530 1026 602 τῆς
1075 529 1247 600 ἀκοῆς
1297 529 1541 584 εἰσελθὸν
1587 526 1919 600 ἐθορύϐησεν
1966 522 2130 595 ήμῶν

535 618 630 671 τὸν
651 615 932 686 λογισμόνο
964 613 1223 678 πολλάκις
1257 613 1313 668 δέ
1351 613 1447 668 καὶ
1483 613 1642 685 μέλος
1669 607 2129 679 κατακεκλασμέ-

535 718 626 755 νον
651 700 710 752 τὸ
742 700 844 770 τῆς
874 697 1055 770 ψυχῆς
1095 696 1311 752 εύτονον
1353 697 1720 769 καπμάλαξε.
1756 695 1871 749 Καὶ
1906 691 1959 747 τί
1984 691 2129 760 λέγω

533 784 746 850 ταῦτας
793 782 868 838 Τὸ
910 785 1020 854 γὰρ
1059 784 1280 838 πάντων
1310 783 1516 837 τούτων
1566 781 1951 837 εὐτελέστατον
1985 773 2127 831 εἷναι

535 869 799 932 πολλάκις
831 867 1045 933 δοκοῦν,
1109 867 1298 939 μύρων
1336 867 1482 939 ὀσμὴ
1523 863 1911 938 προσπεσοῦσά
1960 859 2128 916 ποθεν

535 952 686 1026 [⁵158]
724 952 876 1024 παρά
909 951 1186 1022 γυναικῶν
1221 951 1647 1022 ἑταιριζομένων
1679 951 1738 1003 ἐν
1874 945 2125 1020 παρόδῳ,

533 1036 777 1092 λαϐοῦσα
811 1035 1056 1107 ἀπῆλθεν
1105 1033 1453 1106 αἰχμάλωτον
1503 1033 1611 1088 ἀπὸ
1657 1032 1818 1104 ψιλῆς
1860 1031 1962 1103 τῆς
2009 1044 2130 1084 συν-

531 1123 744 1186 τυχίας.

600 1141 813 1277 ἒξῗῗξαί
869 1205 1040 1261 πολλά
1087 1203 1316 1260 τοιαῦτά
1348 1205 1464 1258 ἐστι
1497 1202 1567 1257 τὰ
1600 1199 1992 1274 πολιορκοῦντα
2025 1196 2125 1269 τὴν

532 1291 809 1362 ἡμετέραν
833 1290 1035 1362 ψυχήνσ
1067 1289 1160 1344 καὶ
1185 1288 1266 1342 δεῖ
1296 1287 1402 1343 τῶν
1427 1286 1588 1341 θείων
1614 1285 1926 1358 φαρμάκων
1953 1284 2088 1354 ἡμῖν
2107 1321 2123 1347 ,

536 1376 624 1429 ἵνα
673 1375 768 1428 καὶ
811 1374 880 1428 τὰ
931 1375 1192 1445 γινόμενα
1251 1372 1386 1442 ἓλκη
1433 1371 1858 1453 θεραοπεύωμεν,
1909 1368 2005 1422 καί⁵
2053 1367 2124 1421 τά

537 1459 767 1531 μηδέπω
812 1459 911 1530 μὲν
939 1458 1220 1529 γινόμενα,
1270 1455 1536 1528 μέλλοντα
1577 1455 1634 1508 δὲ
1674 1453 1945 1524 γίνεσθαι,
1992 1469 2128 1523 προ-

534 1541 953 1614 αναστέλλωμεν
973 1583 988 1608 ,
1049 1539 1335 1614 πόρρωθεν
1397 1538 1494 1593 τοῦ
1560 1538 1807 1592 διαϐόλου
1858 1536 1930 1591 τά
1994 1535 2125 1608 βέλη

535 1625 1002 1689 κατασϐεννύντες
1029 1626 1126 1678 καὶ
1153 1623 1589 1696 ἀποκρουόμενοι
1622 1621 1714 1677 διά
1737 1622 1838 1693 τῆς
1868 1618 2127 1692 συνεχοῦς

533 1712 643 1764 τῶν
671 1711 830 1764 θείων
863 1708 1098 1783 Γραφῶν
1128 1707 1512 1778 ἀναγνώσεως.
1556 1707 1632 1762 Οὐ
1672 1705 1783 1780 γὰρ
1820 1705 1988 1773 ἐστιν,
2024 1705 2126 1760 οὐκ

535 1795 652 1847 ἔστι
699 1793 822 1847 τινὰ
874 1791 1113 1864 σωθῆναι
1169 1792 1244 1865 μὴ
1293 1791 1536 1862 συνεχῶς
1585 1789 1948 1860 ἀναγνώσεως
1988 1789 2126 1843 ἀπο-

533 1875 771 1930 λαύοντα
798 1875 1208 1947 πνευματικῆς·
1253 1874 1369 1929 ἀλλ’
1398 1874 1568 1939 δντως
1605 1874 1910 1945 ἀγαπητὸν,
1950 1874 2000 1927 εἰ
2027 1873 2126 1928 καί

532 1959 818 2030 διηνεκοῦς
844 1959 1047 2029 ταύτης
1075 1957 1442 2023 ἀπολαύοντες
1471 1959 1570 2030 τῆς
1597 1970 1625 2000 ι
1660 1957 1993 2028 θεραπείας,
2028 1956 2124 2010 δυ-

532 2044 832 2114 νηθείημεν
861 2035 1131 2114 ’σωθῆναί
1183 2059 1338 2098 ποτε.
1387 2043 1560 2096 Ὅταν
1605 2041 1663 2096 δὲ
1713 2040 1838 2095 καθ’
1881 2040 2123 2112 ἑκάστην

536 2128 635 2197 μὲν
663 2126 1028 2198 πληττὼμεθα
1060 2127 1162 2198 τὴν
1191 2127 1425 2199 ἡμέραν,
1477 2125 1721 2198 ἰατρείας
1753 2124 1811 2178 δὲ
1853 2123 2126 2195 μηδεμιᾶς

533 2210 920 2284 ἀπολαύωμεν,
971 2209 1104 2265 ποία
1139 2210 1412 2283 σωτηρίας
1441 2210 1629 2276 ἐλπίς;
1677 2209 1790 2280 Ούχ
1826 2207 1965 2281 ὁρᾷς
1995 2207 2124 2273 τοὺς

533 2294 932 2368 χαλκοτύπους,
961 2295 1088 2359 τοὺς
1116 2294 1470 2367 χρυσοχόους,
1504 2295 1631 2359 τοὺς
1672 2289 2120 2366 ἀργυροκόπους,

531 2381 661 2444 τοὺς
702 2376 991 2450 ἡντιναοῦν
1042 2380 1330 2450 μετιόντας
1385 2378 1604 2451 τέχνην,
1655 2377 1872 2433 ἅπαντα
1910 2375 1980 2431 τὰ
2019 2374 2124 2447 τῆς

530 2464 729 2534 τέχνης
757 2462 978 2532 ἔχοντας
1015 2463 1403 2535 ἀπηρτισμένα
1452 2463 1522 2517 τά
1561 2463 1841 2536 ἐργαλεῖα,
1893 2459 2001 2516 κάν
2040 2458 2125 2513 λι-

537 2546 636 2619 μδς
687 2543 994 2616 ἀναγκάζῃ,
1049 2544 1154 2599 κᾶν
1189 2546 1352 2600 πενία
1389 2545 1585 2618 θλίϐῃ,
1625 2545 1806 2600 πάντα
1856 2539 2121 2616 αἱρουμέ-

533 2647 659 2694 νους
691 2629 980 2700 ὑπομεῖναι
1015 2628 1238 2700 μᾶλλον,
1275 2630 1309 2702 ἤ
1350 2630 1463 2685 τῶν
1491 2631 1592 2700 τῆς
1628 2631 1828 2702 τέχνης
1871 2627 2121 2702 ὀργάνων

532 2712 831 2768 ἀποδόσθαι
853 2730 927 2775 τι,
954 2713 1049 2766 καί⁴
1076 2713 1474 2785 διατραφῆναι;
1514 2714 1710 2768 Πολλοί¹
1743 2713 1876 2783 γοῦν
1916 2710 2121 2768 πολλά-

532 2815 622 2861 κις
649 2795 1000 2851 δανείσασθαι
1030 2797 1232 2868 μᾶλλον
1275 2798 1506 2863 εἴλοντο,
1553 2799 1650 2853 καὶ
1691 2797 1979 2870 διαθρέψαι
2025 2798 2122 2854 καὶ

531 2881 633 2953 τὴν
663 2880 841 2934 οἰκίαν
875 2880 970 2934 καὶ
1001 2879 1070 2934 τὰ
1099 2880 1310 2946 παιδία,
1354 2881 1400 2954 ἢ.
1428 2881 1538 2936 τῶν
1577 2883 1678 2955 τῆς
1712 2882 1914 2954 τέχνης
1958 2882 2123 2955 ἐργα-

531 2966 693 3021 λείων
735 2965 838 3020 κᾶν
874 2967 937 3020 τὸ
990 2966 1319 3038 μικρότατον
1366 2967 1697 3023 ἀποδόσθαιο
1729 2968 1825 3023 καὶ
1872 2967 2020 3040 μάλα
2055 2985 2120 3038 γε

531 3050 777 3115 εἰκότως.
809 3049 988 3104 Ἵσασι
1013 3050 1123 3122 γάρ
1150 3051 1266 3116 ὅτι,
1306 3051 1626 3122 πραθέντων
1673 3051 1917 3119 ἐκείνων,
1945 3052 2120 3126 ἀχρη-

533 3134 725 3190 στατά
761 3135 862 3205 τῆς
887 3135 1083 3208 τέχνης
1107 3135 1290 3202 αὐτοῖς
1325 3137 1576 3203 ἅπαντα,
1613 3138 1709 3192 καὶ⁵
1740 3139 1774 3209 ἡ
1810 3139 1915 3210 τῆς
1950 3139 2120 3192 εὐπο-

533 3220 658 3292 ρίας
716 3219 974 3283 ὑπόθεσις
1017 3219 1287 3293 ἀνῄρηται
1339 3223 1510 3275 πᾶσα.
1554 3222 1810 3277 Ἐκείνων
1862 3222 1964 3294 μὲν
2009 3221 2118 3297 γὰρ

535 3304 828 3374 μενόντων,
878 3302 1100 3358 δυνατὸν
1139 3304 1210 3358 τά
1251 3305 1513 3376 γινόμενα
1555 3304 1894 3377 δανείσματα
1941 3307 2120 3379 χρόνῳ

531 3387 666 3442 ποτὲ
692 3386 1047 3440 διαλύσασθαι
1077 3389 1145 3458 τῇ
1189 3387 1359 3460 τέχνῃ
1399 3387 1640 3459 συνεχῶς
1679 3391 2030 3461 χρωμένουςο
2069 3393 2119 3446 εί

530 3471 590 3526 δὲ
638 3470 943 3540 φθάσαντες
1000 3469 1208 3542 ἑτέροις
1247 3469 1390 3525 αύτά
1435 3473 1717 3530 ἀπόδοιντο
1757 3475 1810 3541 ι),
1859 3475 2118 3548 οὐδεμίαν

530 3554 714 3609 οὐκέτι
755 3553 1111 3625 παραμυθίαν
1162 3555 1230 3626 τῇ
1279 3555 1446 3628 πενίᾳ
1500 3557 1597 3611 καὶ
1645 3556 1723 3630 τῷ
1760 3558 1906 3632 λιμῷ
1951 3560 2120 3615 ποθεν

530 3638 812 3708 ἐπινοῆσαι
837 3636 1174 3708 δυνήσονται.
1204 3637 1392 3704 Οὕτως
1415 3634 1510 3695 οὖν
1533 3639 1628 3695 καὶ
1644 3643 1792 3714 ἡμᾶς
1816 3643 2119 3699 διακεῖσθαι

530 3725 660 3796 χρή.
697 3721 964 3794 Καθάπερ
1010 3721 1120 3794 γὰρ
1176 3719 1409 3788 ἐκείνοις
1453 3724 1713 3795 ἐργαλεῖα
1766 3727 1871 3799 τῆς
1920 3728 2118 3803 τέχνης

530 3807 649 3861 ἐστί
701 3806 882 3878 σφῦρα
915 3807 1008 3860 καὶ
1037 3806 1231 3878 ἄκμων
1259 3808 1355 3862 καὶ
1389 3809 1672 3883 πυράγραυ
1721 3810 1866 3866 οὕτω
1903 3812 1969 3885 δὴ
2024 3814 2120 3868 καὶ

534 3892 662 3962 ἡμῖν
687 3889 945 3963 ἐργαλεῖα
974 3889 1073 3961 τῆς
1098 3890 1294 3961 τέχνης
1325 3891 1476 3946 ἐστὶν
1495 3893 1832 3952 ἀποστολικά
1864 3899 1959 3952 καὶ
1987 3915 2122 3970 προ-

531 3975 739 4048 φητικά
759 3973 959 4046 βιϐλία,
986 3974 1080 4027 καὶ
1097 3977 1246 4028 πᾶσα
1268 3975 1460 4048 Γραφῇ
1478 3976 1838 4045 θεόπνευστος
1864 3982 1959 4036 καὶ
1975 3982 2120 4054 ὠφέ-

530 4062 710 4130 λιμος.
762 4060 872 4112 Καὶ
910 4058 1162 4130 καθάπερ
1213 4062 1412 4114 ἐκεῖνοι
1457 4059 1528 4116 δι’
1564 4064 1791 4121 ἐκείνων
1832 4068 1901 4122 τὰ
1947 4070 2118 4143 σκεύη

532 4146 732 4209 πάντα,
751 4143 892 4216 άπερ
923 4143 991 4198 ἀν
1021 4143 1249 4209 λάϐωσι,
1283 4144 1722 4204 διαπλάττουσινο
1756 4150 1900 4207 οὕτω
1933 4153 1998 4226 δὴ
2027 4157 2121 4210 καὶ

531 4231 693 4300 ἡμεῖς
717 4227 808 4282 διά
842 4229 1049 4283 τούτων
1075 4229 1176 4301 τὴν
1202 4229 1383 4304 ψυχὴν
1417 4232 1516 4305 τὴν
1541 4234 1821 4310 ἡμετέραν
1857 4239 2120 4309 χαλκεύο-

535 4330 658 4383 μεν,
692 4313 786 4366 καὶ¹
807 4312 1246 4386 διεστραμμένην
1279 4314 1623 4388 διορθοῦμεν,
1651 4319 1747 4373 καὶ
1789 4320 2122 4379 παλαιωθεῖ-

534 4413 637 4450 σαν
665 4394 1109 4467 ἀνακαινίζομεν.
1151 4398 1409 4452 Κάκεῖνοι
1437 4398 1536 4471 μὲν
1569 4401 1733 4474 μέχρι
1763 4404 1872 4460 τῶν
1902 4409 2121 4480 σχημά-

531 4496 642 4535 των
671 4480 769 4552 τὴν
801 4480 1010 4534 ἑαυτῶν
1035 4480 1437 4538 ἐπιδείκνυνται
1468 4484 1686 4559 τέχνην·
1716 4489 1777 4542 ού
1802 4489 1911 4562 γάρ
1937 4491 2002 4564 δὴ
2024 4492 2123 4564 τὴν

533 4565 667 4638 ὕλην
689 4565 797 4620 τῶν
825 4563 1034 4619 σκευῶν
1081 4567 1408 4638 μεταϐαλεῖν
1447 4569 1684 4628 δύναιντ’
1727 4573 1816 4640 ἂν,
1863 4577 1986 4632 οὐδὲ
2029 4563 2122 4632 τδν

531 4650 774 4722 ἄργυρον
817 4649 1044 4720 ποιῆσαι
1088 4650 1313 4720 χρυσὸν,
1360 4650 1500 4709 ἀλλά
1543 4655 1674 4720 τοὺς
1699 4657 1908 4724 τύπους
1939 4660 2122 4714 αὐτῶν

537 4730 1045 4805 μεταρρυθμίζουσι
1075 4733 1260 4806 μόνον·
1292 4733 1356 4789 σὺ
1379 4735 1438 4790 δὲ
1469 4737 1569 4810 οὐχ
1595 4738 1790 4808 οὕτως,
1836 4743 1953 4797 ἀλλ’
1976 4743 2120 4815 ἔχεις

529 4835 586 4872 τι
613 4817 776 4906 πλέον
809 4816 1186 4906 ἐκείνωνηκαί
1217 4818 1655 4906 ξύλινονγσκεῦος
1686 4825 1868 4882 λαϐὼν
1913 4829 2121 4906 δυνήσῃ

531 4902 665 4958 ποτὲ
699 4901 935 4974 χρυσοῦν
963 4903 1208 4976 ποιῆσαι.
1237 4904 1350 4960 Καὶ
1363 4905 1556 4962 τούτου
1589 4909 1800 4982 μάρτυς
1831 4915 1860 4968 ὁ
1888 4901 2118 4981 Παῦλοέέ

529 4986 673 5042 οὕτω
696 4986 892 5055 λέγων·
937 4988 1034 5042 Ἐν
1060 4986 1300 5060 μεγάλῃ
1333 4988 1404 5044 δὲ
1429 4992 1588 5060 οἰκίᾳ
1623 4996 1736 5050 οὐκ
1765 4995 1900 5051 ἐστι
1925 4999 2122 5068 μόνον

531 5070 731 5138 σκεύη
769 5070 972 5139 χρυσᾶ
1002 5071 1104 5126 καί
1149 5072 1402 5144 ἀργυρᾶ,
1432 5076 1595 5132 ἀλλὰ
1632 5079 1734 5133 καὶ
1764 5079 1986 5145 ξύλινα
2016 5084 2118 5137 καί

441 5151 446 5156 ’
533 5152 880 5222 ὀστράκινα.
925 5154 1062 5210 Ἐάν
1074 5173 1166 5224 τις
1196 5153 1312 5213 οὖν
1334 5159 1636 5232 ἐκκαθάρῃ
1657 5163 1877 5219 ἑαυτὸν
1897 5165 1967 5221 ἐκ
1994 5167 2122 5222 τού-

533 5254 671 5294 των.
705 5239 880 5294 ἔσται
907 5241 1132 5308 σκεῦος
1152 5244 1241 5310 εἰς
1258 5244 1440 5315 τιμὴν
1459 5246 1853 5318 ἡγιασμένον,
1890 5251 1988 5307 καί
2022 5253 2121 5307 εῦ-

530 5337 804 5390 χρηστον
836 5323 918 5390 τῷ
947 5323 1217 5398 δεσπότῃ
1252 5331 1342 5398 εἰς
1362 5330 1489 5386 πᾶν
1515 5332 1695 5404 ἔργον
1713 5335 1941 5406 ἀγαθὸν
1966 5338 2120 5406 ἡτοι-

526 5407 862 5476 μασμένον.
892 5409 986 5482 Μὴ
1037 5411 1218 5467 τοίνυν
1269 5413 1564 5489 ἀμελῶμεν
1607 5419 1709 5492 τῆς
1739 5423 1984 5488 κτήσεως
2009 5423 2118 5478 τῶν

591 5622 616 5700 ἲ
645 5623 740 5700 ᾼΞὶἐ
760 5626 1223 5700 ῖαῦτῃεμεεέχοντες
1242 5643 1342 5700 τῆςο

589 5682 617 5722 ι»
643 5686 740 5736 Alii
767 5682 1004 5739 ἀποδοῖεν.
1021 5682 1503 5767 Ρὲυιὸζὶνὲῖἆυῖσεω
1524 5715 1638 5753 mss.
1654 5703 1780 5753 οὕτω
1801 5706 1860 5765 δὴ
1878 5709 2108 5769 καίἠμᾶς.

1251 243 1312 302 S.
1353 243 1640 301 JOANNIS
1674 238 2168 300 CHRYSOSTOMI
2209 233 2528 295 ARCHIEP.
2571 237 3124 298 CONSTANTINOP.
3620 251 3707 311 994

2239 353 2485 424 βιϐλίων,
2516 356 2604 411 Eva
2637 357 2714 428 μὴ
2745 358 2876 430 περὶ
2912 356 2983 411 τά
3008 359 3195 430 καίρια
3227 356 3480 431 δεξώμεθα
3502 360 3579 435 τὴν
3599 368 3709 441 πλη.

2230 446 2354 517 γὴν,
2399 447 2535 518 μηδὲ
2583 447 2804 520 χρυσίον
2845 448 3276 520 κατορύττωμεν,
3307 451 3430 506 ἀλλά
3470 453 3615 525 βιϐλία
3639 462 3707 534 θη.

2233 537 2578 610 σαυρίζωμεν
2607 539 2819 603 ἑαυτοῖς
2836 540 3201 611 πνευματικά.
3222 541 3293 594 Τὸ
3316 542 3408 614 μὲν
3423 544 3514 617 γὰρ
3531 550 3717 620 χρυσίον,

2230 629 2360 684 ὅταν
2393 625 2544 702 [739]
2573 629 2797 702 γένηται
2825 629 3011 696 πλέον,
3037 631 3158 686 τότε
3199 631 3422 702 μάλιστα
3453 636 3724 698 ἐπιϐουλεύει

2228 725 2342 786 τοῖς
2395 723 2773 795 κεκτημένοιςο
2805 721 2873 776 τά
2901 722 2976 776 δὲ’
3007 721 3191 794 βιϐλία
3225 725 3534 796 ἀποκείμενα
3567 731 3722 806 ⁴’πολλὴν

2237 813 2473 886 παρέχει
2498 818 2611 879 τοῖς
2639 815 2824 886 ἔχουσι
2848 815 2947 888 τὴν
2985 815 3271 886 ὠφέλειαν.

2301 907 2514 979 Ὥσπερ
2545 907 2654 978 γὰρ
2683 907 2814 963 ἔνθα
2839 904 2962 982 ἀνῇ
2995 909 3334 981 ἀποκείμενα
3359 911 3487 964 ὅπλα
3508 912 3727 984 βασιλικὰ,

2228 995 2332 1054 κᾶν
2356 1000 2551 1071 μηδεὶς
2643 1001 2672 1053 ό
2713 1001 3074 1074 κεχρημένος,
3103 1001 3302 1074 πολλὴν
3330 1004 3536 1075 παρέχει
3564 1010 3653 1072 τοῖς
3669 1009 3730 1064 ἐν.

2227 1091 2319 1146 δον
2347 1093 2556 1150 οἰκοῦσι
2581 1094 2682 1166 τὴν
2729 1094 2998 1168 φυλακὴν,
3049 1094 3176 1150 οὔτε
3209 1097 3432 1172 λῃστῶν,
3458 1097 3565 1154 οὔτε
3587 1117 3729 1173 τοιχω-

2229 1183 2432 1258 ρύχων,
2463 1183 2587 1239 οὔτε
2611 1181 2772 1241 ἀλλου
2805 1185 2955 1253 τινὸς
2970 1188 3080 1243 τῶν
3097 1189 3527 1263 κακουργούντων
3548 1193 3730 1265 τολμῶν-

2225 1294 2320 1340 τος
2339 1277 2594 1350 ἐπιϐἧναι
2624 1279 2726 1350 τῆς
2749 1280 2943 1346 οἰκίας
2961 1280 3134 1344 οὕτως
3156 1283 3283 1336 ἔνθα
3304 1282 3367 1338 ἂν
3435 1281 3591 1354 βιϐλία
3611 1303 3731 1339 πνενο

2237 1368 2467 1440 ματικά,
2490 1371 2642 1424 πᾶσα
2675 1371 2884 1427 ἐκεῖθεν
2910 1373 3192 1430 ἐλαύνεται
3229 1374 3464 1448 ἐνέργεια
3494 1375 3730 1447 διαϐολιχὴ,

2225 1461 2328 1516 καὶ
2351 1461 2521 1535 πολλὴ
2552 1465 2666 1528 τοῖς
2702 1464 3004 1519 ἐνοικοῦσιν
3041 1465 3243 1539 ἀρετῆς
3278 1467 3593 1538 παράκλησις
3615 1466 3731 1535 γίνε-

2227 1573 2335 1611 ται.
2360 1555 2472 1612 Καὶ
2501 1556 2640 1630 αὐτὴ
2670 1557 2782 1630 γὰρ
2805 1557 2928 1614 καθ’
2969 1559 3172 1632 ἐαυτὴν
3205 1559 3314 1613 τῶν
3343 1558 3544 1630 βιϐλίων
3572 1561 3600 1631 ἡ
3636 1557 3725 1629 MM

2225 1649 2622 1723 όκνηροτέρους
2675 1651 2826 1723 ἡμᾶς
2867 1650 3007 1724 πρὸς
3050 1653 3154 1725 τὴν
3183 1653 3448 1724 ἁμαρτίαν
3487 1653 3731 1724 ἐργάζεται

2226 1741 2348 1798 Κάν
2387 1759 2450 1797 τε
2477 1742 2588 1816 γάρ
2617 1742 2980 1817 τολμήσωμέν
3009 1762 3065 1810 τι
3089 1745 3202 1801 τῶν
3220 1746 3653 1819 ἀπηγορευμένων,
3668 1744 3736 1801 καὶ

2227 1828 2574 1904 ἀκαθάρτους
2599 1831 2828 1898 ἑαυτοὺς
2860 1833 3249 1907 ἐργασώμεθα,
3271 1836 3557 1901 ἐπανιόντες
3582 1837 3734 1901 οἶκαδε,

2235 1920 2336 1975 καὶ
2368 1920 2437 1975 τά
2471 1920 2652 1991 βιϐλία
2682 1922 2941 1996 ὁρῶντες,
2975 1924 3181 1996 μᾶλλον
3200 1925 3356 1998 ἡμῶν
3382 1927 3736 1998 καταδικάζομεν

2224 2011 2287 2066 τδ
2317 2013 2574 2080 συνειδὸς,
2595 2014 2690 2069 καὶ
2718 2015 2859 2089 πρὸς
2880 2017 2944 2071 τὸ
2974 2018 3092 2083 τοῖς
3118 2017 3307 2084 αὐτοῖς
3331 2022 3613 2092 περιπεσεῖν
3623 2019 3738 2092 6m-

2227 2105 2738 2180 ρότεροιγινόμεθασ
2767 2109 2834 2164 ἀν
2852 2126 2917 2164 τε
2948 2110 3114 2166 πάλιν
3149 2113 3210 2167 ἐν
3250 2112 3514 2186 ἁγιωσύνῃ
3541 2111 3738 2167 διατελῶο

2227 2215 2351 2270 μεν,
2392 2198 2616 2255 πλείονα
2660 2201 2873 2257 ἐκεῖθεν
2912 2201 3272 2277 λαμϐάνομεν
3318 2205 3416 2278 τὴν
3461 2205 3682 2274 ὠφέλειαν
3702 2215 3736 2256 ε.

2226 2289 2380 2364 Ἅμα
2403 2292 2514 2366 γὰρ
2541 2292 2718 2365 ἣψατό
2749 2307 2834 2360 τις
2869 2293 3234 2367 Εὗαγγελίου,
3263 2298 3357 2353 καὶ
3385 2297 3739 2370 μετερρύθμισεν

2223 2377 2418 2439 ἑαυτοῦ
2463 2385 2565 2459 τὴν
2604 2381 2844 2442 διάνοιαν
2892 2387 3118 2455 εὐθέως,
3153 2391 3252 2446 καὶ
3283 2389 3390 2446 τῶν
3413 2389 3644 2462 βιωτικῶν
3662 2389 3740 2443 ἀπ-

2220 2474 2423 2550 έστησε
2440 2478 2536 2533 καὶ
2563 2478 2672 2534 ἀπὸ
2708 2479 2806 2553 τῆς
2833 2479 3014 2552 ὅψεως
3043 2483 3221 2556 μόνης
3265 2483 3453 2555 αὐτῆς.
3490 2483 3546 2537 Εἰ
3584 2481 3632 2536 δὲ
3670 2479 3740 2534 καὶ

2221 2570 2533 2640 ἀνάγνωσις
2573 2573 2930 2645 προσγένοιτο
2957 2575 3220 2648 ἀκριϐὴς,
3273 2575 3508 2647 καθάπερ
3535 2575 3584 2628 ἐν
3617 2572 3741 2644 ἱεροῖς

2222 2661 2439 2728 ἀδύτοις
2460 2666 2495 2736 ἡ
2524 2663 2672 2738 ψυχὴ
2705 2665 3032 2738 τελουμένη,
3069 2665 3254 2733 οὕτως
3291 2667 3640 2739 ἐκκαθαίρεται
3671 2661 3742 2716 καὶ

2227 2754 2453 2827 βελτίων
2481 2756 2713 2826 γίνεται,
2760 2755 2857 2812 τοῦ
2889 2756 3028 2812 Θεοῦ
3076 2758 3396 2831 ὁμιλοῦντος
3428 2759 3552 2831 αὐτῇ
3575 2753 3742 2812 διάτῶν

2222 2847 2571 2920 γραμμάτων
2599 2849 2845 2907 ἐκείνων.

2298 2937 2364 2994 Τί
2389 2936 2503 3008 οὖν,
2541 2941 2608 2998 ἂν
2639 2941 2714 3017 μὴ
2763 2938 2993 3016 εἰδῶμεν
3023 2943 3095 2998 τὰ
3135 2941 3460 3018 ἐγκείμενας
3488 2936 3744 3014 φησί.Μᾶ-

2223 3033 2382 3089 λιστα
2414 3034 2513 3108 μὲν
2544 3036 2650 3090 κᾶν
2668 3035 2743 3108 μὴ
2775 3035 2923 3108 εἰδῇς
2942 3035 3012 3092 τὰ
3043 3038 3366 3112 ἐγκείμενα,
3392 3037 3483 3093 ἀπ’
3505 3035 3649 3106 αὐτῆς
3669 3030 3744 3100 τῆς

2222 3126 2584 3197 ἀναγνώσεως
2626 3127 2795 3191 πολὺς
2821 3131 2851 3184 ό
2878 3130 3154 3203 ἁγιασμὸς
3212 3130 3437 3202 γίνεται.
3480 3127 3658 3190 Ἄλλως
3683 3123 3742 3186 δὲ,

2221 3216 2484 3272 ἀδύνατον
2523 3217 2702 3274 πάντα
2730 3221 2818 3275 ἐπ’
2857 3222 2981 3294 ἴσης
3017 3222 3260 3292 ἀγνοεῖν·
3305 3221 3395 3276 διά
3432 3215 3533 3292 γὰρ
3573 3213 3745 3283 τοῦτοῆ

2217 3308 2316 3364 τοῦ
2348 3309 2667 3383 Πνεύματος
2687 3311 3011 3386 ᾠκονόμησε
3029 3315 3191 3387 χάρις
3232 3314 3465 3378 τελώνας
3498 3311 3584 3368 καὶ
3605 3305 3747 3370 ἁλιέας

2222 3403 2318 3457 καὶ
2347 3405 2708 3476 σκηνοποιοὺς
2737 3407 2835 3462 καὶ
2869 3409 3134 3480 ποιμένας
3157 3409 3267 3464 καὶ
3286 3407 3528 3471 αἰπόλους
3547 3397 3746 3460 καὶίδώ

2219 3511 2320 3560 τας
2352 3496 2449 3552 καὶ
2475 3496 2878 3570 ἀγραμμάτους
2900 3499 3075 3554 ταῦτα
3102 3501 3382 3557 συνθεῖναι
3399 3502 3464 3556 τὰ
3490 3494 3659 3571 βιϐλία,
3679 3490 3747 3545 ἵνα

2223 3587 2416 3660 μηδεὶς
2446 3587 2557 3643 τῶν
2582 3588 2810 3644 ἰδιωτῶν
2833 3590 2917 3655 είς
2942 3591 3148 3663 ταύτην
3181 3592 3292 3666 ἔχῃ
3327 3589 3651 3662 καταφεύγειν
3671 3583 3745 3654 τὴν

2223 3677 2520 3748 πρόφασιν,
2548 3678 2635 3734 ἵνα
2651 3681 2820 3735 πᾶσιν
2839 3678 3191 3757 εὐσύνοπταῇ
3214 3687 3291 3740 τὰ
3304 3684 3576 3757 λεγόμενα,
3591 3680 3663 3734 ίνα
3676 3678 3746 3732 καὶ

2217 3769 2635 3842 όχειροτέχνης,
2672 3771 2769 3826 καί⁸
2799 3773 3038 3844 οἰκέτης.
3064 3776 3158 3829 καὶ
3191 3776 3232 3848 ἡ
3265 3779 3409 3849 χήρα
3455 3774 3595 3847 γονὴ,
3621 3771 3696 3824 καὶ
3724 3766 3747 3819 ὀ

2218 3861 2439 3915 πάντων
2462 3860 2560 3916 ἀνθ
2569 3859 2764 3933 ρώπων
2779 3863 3175 3935 ἀμαθέστατος,
3204 3865 3443 3940 κερδάνῃ
3456 3879 3510 3921 τε
3535 3863 3617 3920 καὶ
3637 3862 3748 3930 ὠφεο

2218 3952 2357 4026 ληθῇ
2381 3953 2532 4026 παρά
2562 3954 2662 4026 τῆς
2685 3955 3025 4029 ἀκροάσεως.
3058 3958 3135 4012 Οὐ
3166 3959 3283 4033 γὰρ
3315 3961 3448 4033 πρὸς
3475 3955 3748 4022 κενοδοξίαν,

2223 4047 2478 4119 καθάπερ
2525 4048 2574 4102 οἰ
2614 4047 2838 4114 ἔξωθεν,
2881 4048 3021 4105 ἀλλά
3059 4050 3197 4122 πρὸς
3233 4051 3340 4126 τὴν
3383 4051 3632 4123 σωτηρίαν
3663 4044 3750 4099 τῶν

2221 4141 2526 4196 ἀκουόντων
2548 4140 2722 4196 ταῦτα
2741 4142 2921 4198 πάντα
2937 4143 3245 4217 συνέθηκαν
3261 4149 3311 4200 οἰ
3337 4145 3485 4219 παρὰ
3505 4145 3593 4216 τὴν
3613 4137 3750 4213 ἀρχὴν

2227 4233 2660 4302 καταξιωθέντες
2691 4235 2790 4306 τῆς
2814 4235 2909 4290 τοῦ
2934 4236 3256 4309 Πνεύματος
3281 4239 3516 4312 χάριτος.

2293 4335 2362 4399 γ’.
2378 4330 2442 4383 UE
2461 4328 2562 4400 μὲν
2576 4328 2684 4402 γὰρ
2703 4327 2902 4397 ἔξωθεν
2917 4331 3195 4402 φιλόσοφοι
3211 4333 3311 4386 καὶ
3329 4335 3545 4405 ῥήτορες
3563 4329 3644 4385 καί
3658 4339 3754 4392 συγ·

2220 4423 2454 4493 γραφεῖς
2484 4421 2547 4476 ού
2579 4421 2641 4474 τὸ
2666 4424 2819 4493 κοινῇ
2857 4423 3137 4496 συμφέρον
3177 4423 3486 4494 ζητοῦντες,
3516 4420 3616 4476 ἀλλ’
3636 4417 3753 4476 ὅπως

2221 4512 2376 4567 αὐτοὶ
2405 4511 2773 4584 θαυμασθεῖεν
2807 4514 2968 4585 μόνον
2997 4516 3350 4583 σκοποῦντες,
3381 4517 3436 4570 εἰ
3459 4533 3508 4570 τι
3537 4511 3619 4569 καὶ
3643 4507 3751 4581 χρή·

2223 4621 2385 4675 σιμον
2418 4600 2593 4670 εἷπον,
2623 4605 2925 4672 καὶτοῦτο,
2967 4607 3222 4682 καθάπερ
3266 4612 3328 4665 ἐν
3381 4609 3524 4681 ζόφῳ
3552 4604 3661 4670 τινὶ,
3701 4598 3750 4668 τῇ

2224 4697 2704 4770 ωνήθειάσαφείᾳ
2731 4697 2758 4738 ά
2788 4700 3158 4773 κατέκρυψαν.
3197 4703 3260 4756 Οἰ
3298 4703 3356 4758 δέ
3396 4698 3659 4757 ἀπόστολοι
3683 4694 3752 4749 καὶ

2222 4785 2274 4840 οἰ
2301 4789 2576 4859 προφῆται
2613 4789 2924 4844 τούναντίον
2968 4789 3114 4845 ἀπαν
3161 4791 3446 4860 ἐποίησαν⁸
3492 4783 3624 4857 σαφῆ
3669 4779 3751 4851 γὰρ

2221 4880 2318 4934 καὶ
2337 4879 2473 4950 δῆλα
2505 4879 2574 4934 τὰ
2619 4882 2750 4956 παρ’
2789 4881 3000 4936 ἑαυτῶν
3038 4881 3386 4956 κατέστησαν
3440 4881 3646 4944 ἀπασιν,
3679 4875 3748 4929 am

2220 4970 2392 5026 κοινοὶ
2423 4971 2524 5042 τῆς
2551 4972 2876 5046 οἰκουμένης
2915 4973 3068 5039 ὄντες
3101 4974 3436 5039 διδάσκαλοι,
3463 4973 3544 5027 ῖνα
3568 4971 3748 5024 Exacto;

2221 5062 2316 5117 καὶ
2341 5060 2407 5115 δι’
2441 5061 2635 5118 ἑαυτοῦ
2659 5063 2952 5135 μανθάνειν
2968 5065 3194 5136 δύνηται
3224 5067 3290 5120 ἐκ
3316 5065 3420 5138 τῆς
3442 5059 3746 5132 ἀναγνώσεως

2221 5155 2391 5227 μόνης
2413 5154 2482 5209 τά
2504 5154 2793 5228 λεγόμενα.
2822 5158 2932 5212 Καὶ
2973 5159 3132 5212 τοῦτο
3184 5155 3582 5232 προαναφωνῶν
3604 5154 3631 5206 ὀ
3649 5161 3729 5218 προ

2220 5247 2401 5321 φήτης
2431 5248 2635 5318 ἔλεγεν·
2669 5252 2949 5307 Ἔσονται
2968 5251 3192 5322 πάντες
3217 5251 3481 5308 διδακτοί
3508 5233 3742 5304 Θεοῦοκαι

2282 5525 2306 5590 ς
2329 5523 2427 5590 {ﬁlii
2445 5525 2531 5584 τήν
2547 5526 2824 5590 ἀσφάλειαν.

2279 5587 2312 5658 εξ
2324 5587 2468 5658 _Unu§
2489 5602 2577 5638 ms.
2672 5590 2801 5658 ζόφῳ
2821 5595 2878 5653 τῇ
2902 5591 3120 5658 συνηθείᾳ
3139 5590 3360 5658 ἀσαφείᾳ,
3383 5586 3594 5658 _Sagil.i_n
3622 5587 3746 5658 marg-

2279 5609 2308 5627 υ
2335 5609 2468 5637 unus
2489 5609 2577 5638 ms.
2602 5609 2649 5638 εν
2672 5609 2798 5653 ςοφῳ
2821 5609 2878 5653 τῃ
2902 5609 3120 5658 συνηυειᾳ
3139 5609 3237 5642 ασα
3271 5609 3360 5656 ειᾳ,
3389 5609 3594 5639 aavuau
3623 5609 3746 5652 uta-9-

2216 5649 2689 5776 :;Eéaitﬁgirvﬁonc
2711 5652 2932 5716 ἀσάφεια.
2959 5654 3110 5704 Savil.
3153 5662 3206 5705 el
3239 5609 3416 5707 iicrel.
3438 5654 3497 5715 τῇ
3519 5655 3596 5709 τῆς
3613 5642 3747 5696 Μ
