4018 6190
336 280 442 337 P93

340 397 534 454 Carnis
562 399 707 457 cnim
735 405 1182 477 concupiscentia:
1207 408 1386 465 acrius
1411 409 1694 482 insurgunt
1734 410 1929 469 adver-

337 506 434 546 sus
458 507 552 548 eos
571 535 588 560 ,
616 498 708 565 qui
745 497 800 550 in
829 497 1105 554 hominum
1132 499 1316 556 vivunt
1341 501 1671 574 frequentia,
1702 519 1835 576 quos
1878 511 1934 560 et

341 582 536 637 decora
583 582 744 640 facies
766 627 783 654 ,
815 595 870 642 et
887 592 1130 659 corporis
1155 592 1299 648 nitor
1334 595 1475 665 capit
1503 610 1600 664 per
1635 597 1820 651 oculos
1837 636 1854 664 ,
1878 605 1933 652 et

343 675 570 730 verbum
602 676 915 735 obscoenum
945 695 1040 752 per
1063 698 1218 739 aures
1244 688 1542 757 ingressum
1570 688 1748 744 turbat
1776 687 1932 744 nobis

344 768 640 823 rationem:
671 770 978 841 frequenter
1001 783 1055 830 et
1083 786 1198 832 arte
1225 779 1493 836 modulata
1521 780 1698 837 mollis
1748 783 1930 837 cantio

341 858 506 912 animi
553 863 905 919 constantiam
956 865 1221 924 labefacit.
1257 868 1363 926 Sed
1389 871 1513 942 quid
1554 871 1670 929 haec
1697 889 1933 932 comme-

344 949 540 1004 moro?
562 949 717 1019 Quod
745 951 828 1008 his
851 956 1099 1012 omnibus
1122 959 1328 1016 videtur
1349 977 1470 1018 esse
1490 963 1667 1030 vilius,
1695 981 1932 1037 unguen-

348 1043 526 1094 torum
566 1040 701 1098 odor
723 1043 971 1101 alicunde
995 1049 1238 1118 aspirans
1262 1067 1290 1106 a
1323 1053 1652 1110 mulierculis
1683 1057 1735 1110 in
1763 1055 1931 1111 forni-
1960 1093 1969 1100 -

341 1129 497 1185 cibus
525 1141 788 1202 quazstum
807 1140 1166 1195 meretricium
1195 1145 1588 1214 exercentibus,
1611 1162 1677 1203 ex
1702 1148 1930 1220 simplici

341 1236 575 1278 occursu
605 1227 1011 1296 comprehendit
1033 1239 1088 1286 et
1106 1232 1320 1288 abducit
1343 1237 1634 1307 captivum.

414 1315 470 1370 2.
491 1314 658 1388 Magis
678 1328 936 1375 tentantur
955 1324 1041 1392 qui
1059 1329 1386 1383 versanturin
1405 1331 1929 1391 ciuitatibus.—Adeo

343 1408 512 1463 multa
527 1419 648 1464 sunt
663 1427 782 1481 quae
795 1424 1029 1470 nostram
1042 1431 1347 1490 oppugnant
1357 1424 1784 1498 animam,eoque
1795 1445 1930 1500 opus

345 1498 604 1557 habemus
619 1503 812 1560 divinis
829 1508 1209 1582 remediis,quo
1220 1514 1376 1568 simul
1390 1526 1444 1571 et
1455 1517 1564 1586 jam
1579 1522 1811 1591 acceptis
1824 1498 1932 1577 vul-

344 1592 566 1650 ncribus
594 1595 927 1667 medeamur,
957 1609 1012 1655 et
1052 1617 1172 1673 qua:
1214 1606 1444 1662 nondum
1472 1609 1687 1680 quidem
1731 1611 1926 1669 inflicta

339 1693 487 1749 sunt,
505 1685 598 1740 sed
639 1695 761 1758 post
807 1689 1130 1761 inﬂigentur,
1161 1695 1566 1766 prohibeamus,
1597 1703 1807 1758 eminus
1833 1720 1927 1760 ve-

341 1772 542 1827 nientia
555 1773 750 1832 diaboli
764 1779 966 1849 spicula
979 1783 1376 1855 exstingueutes
1387 1788 1822 1862 depellenteSque
1835 1810 1930 1865 per

339 1864 611 1920 assiduam
651 1867 948 1927 divinarum
983 1871 1374 1945 Scripturarum
1412 1879 1718 1940 lectionem.
1745 1864 1929 1957 Neque

341 1959 486 2012 enim
517 1960 629 2016 ﬁeri
669 1971 877 2033 potest,
903 1981 1009 2021 non
1037 1977 1232 2040 potest,
1263 1971 1495 2042 inquam,
1525 1975 1659 2042 ﬁeri,
1700 1987 1758 2033 ut
1783 1979 1929 2049 quis-

341 2063 502 2117 quam
522 2051 745 2108 salutem
761 2064 1094 2126 assequatur,
1111 2061 1165 2114 ni
1185 2061 1396 2119 assidue
1410 2075 1652 2121 versetur
1676 2068 1730 2122 in
1751 2067 1930 2125 lectio-

345 2156 416 2196 ne
441 2143 720 2212 spirituali.
769 2145 882 2204 lmo
911 2150 1166 2219 praeclare
1207 2167 1392 2210 revera
1429 2157 1702 2213 nobiscum
1731 2163 1923 2232 agitur,

339 2234 549 2290 etiamsi
594 2247 851 2308 perpetuo
880 2241 1037 2313 hujus
1062 2245 1439 2302 medicamenti
1469 2252 1787 2321 participes,
1822 2253 1925 2307 ali-

337 2326 556 2394 quando
595 2329 821 2385 salutem
847 2334 1101 2404 consequi
1129 2337 1413 2405 possimus.
1441 2339 1593 2405 Quod
1616 2342 1660 2397 si
1689 2343 1927 2413 quotidie

339 2416 700 2485 vulneremur,
731 2422 993 2477 medelam
1019 2440 1145 2480 vero
1171 2427 1367 2482 nullam
1393 2429 1772 2501 adipiscamur,
1801 2449 1925 2505 quas

337 2505 503 2562 fuerit
521 2523 646 2578 spes
668 2511 897 2568 salutis?
923 2516 1115 2570 Annon
1137 2517 1284 2572 vides
1308 2518 1484 2574 fabros
1504 2524 1744 2592 aerarios,
1778 2524 1924 2580 auri-

338 2599 468 2655 ﬁces
485 2643 502 2668 ,
532 2601 710 2660 fabros
733 2609 1064 2677 argentarios
1084 2650 1099 2676 ,
1124 2605 1353 2682 denique
1379 2627 1473 2668 eos
1498 2614 1586 2684 qui
1613 2631 1925 2684 quamcum-

336 2707 447 2761 que
476 2705 727 2751 exercent
750 2709 918 2753 artem
939 2741 954 2766 ,
977 2700 1154 2776 omnia
1179 2703 1309 2758 artis
1333 2703 1684 2761 instrumenta
1729 2705 1923 2764 habere
1965 2767 1968 2772 ,

335 2793 524 2853 parata
544 2794 598 2840 et
621 2786 820 2858 integra
846 2807 858 2842 :
881 2791 1124 2860 quamvis
1145 2793 1430 2864 compellat
1453 2793 1624 2852 fames
1643 2836 1659 2860 ,
1682 2799 1924 2868 quamvis

332 2871 541 2944 affligat
579 2876 754 2947 inopia
777 2918 791 2942 ,
817 2881 994 2936 omnia
1022 2891 1377 2953 praeoptantes
1419 2873 1886 2956 sustinere-potius
1903 2927 1921 2954 ,

333 2980 499 3037 quam
545 2977 623 3024 ut.
641 2985 707 3025 ex
744 2971 1109 3029 instrumentis
1147 2975 1356 3031 artiﬁcii
1394 2977 1660 3047 quidpiam
1691 2978 1924 3035 vendere

335 3057 540 3124 velint,
570 3068 729 3130 atque
751 3059 876 3117 hinc
895 3063 1004 3118 ali?
1029 3064 1210 3134 itaque
1235 3065 1386 3120 multi
1424 3065 1729 3138 frequenter
1747 3067 1922 3138 potius

335 3145 638 3206 habuerunt
663 3161 898 3208 mutuam
934 3156 1209 3225 pecuniam
1250 3157 1526 3227 accipere,
1569 3167 1630 3213 ut
1668 3157 1920 3216 familiam

335 3247 394 3293 et
412 3238 612 3296 liberos
631 3241 871 3308 alerent,
898 3261 1057 3316 quam
1085 3247 1169 3302 vel
1192 3247 1466 3303 minimum
1488 3247 1684 3319 aliquid
1705 3265 1769 3304 ex
1791 3250 1922 3306 artis

339 3328 711 3388 instrumentis
750 3335 1020 3392 vendere:
1059 3337 1217 3409 idque
1256 3338 1378 3410 jure
1443 3339 1666 3411 Optimo.
1714 3341 1921 3397 Norant

333 3420 479 3475 enim
501 3424 640 3492 quod
661 3424 945 3481 divenditis
974 3428 1080 3484 illis
1100 3469 1116 3496 ,
1148 3444 1237 3484 ars
1263 3431 1508 3486 universa
1551 3431 1679 3502 ipsis
1721 3433 1790 3488 sit
1834 3432 1920 3489 iu-

334 3512 519 3580 utilis,
568 3523 842 3587 totumque
883 3531 1120 3588 qutestus
1167 3520 1566 3578 fundamentum
1612 3523 1915 3580 sublatum:

333 3601 446 3658 illis
463 3612 642 3660 autem
667 3609 1006 3663 manentibus
1026 3649 1042 3676 ,
1074 3609 1187 3664 ﬁeri
1211 3619 1384 3680 potest
1406 3620 1463 3666 ut
1486 3622 1816 3668 contractum
1842 3628 1918 3670 aes

329 3693 568 3750 alienum
629 3712 914 3768 progressu
963 3702 1220 3771 temporis
1273 3703 1559 3773 aliquando
1623 3705 1919 3762 dissolvent

326 3786 529 3858 jugiter
549 3799 757 3848 utentes
777 3792 1023 3849 artiﬁcio.
1047 3793 1199 3862 Quod
1239 3795 1284 3851 si
1312 3797 1618 3868 priusquam
1662 3797 1918 3854 solverint

331 3894 412 3934 tes
439 3879 672 3937 alienum
693 3923 710 3951 ,
738 3883 858 3939 aliis
881 3901 944 3940 ea
973 3886 1239 3956 vendant,
1261 3887 1372 3958 jam
1400 3903 1506 3944 non
1528 3897 1610 3945 est
1635 3889 1773 3945 unde
1794 3905 1918 3961 pos-

330 3971 443 4026 sint
491 3973 738 4029 solatium
781 3972 994 4047 aliquod
1045 3976 1198 4034 famis
1243 3979 1542 4052 inopiaque
1589 3981 1912 4052 excogitare.

331 4061 449 4118 lloc
475 4079 606 4120 sane
651 4067 830 4121 animo
871 4083 969 4123 nos
993 4084 1205 4140 quoque
1235 4070 1486 4140 prteditos
1525 4085 1646 4128 esse
1683 4082 1912 4143 oportet.

327 4151 792 4220 Quemadmodum
845 4160 986 4214 enim
1036 4161 1142 4217 illis
1182 4163 1312 4218 artis
1365 4163 1718 4220 instrumenta
1755 4175 1912 4236 sunt,

330 4245 596 4314 malleus,
627 4249 807 4317 incus,
852 4251 1091 4324 forceps:
1137 4255 1217 4311 sic
1255 4265 1309 4312 et
1350 4257 1503 4313 nobis
1543 4259 1672 4314 artis
1714 4259 1914 4315 instru-

332 4346 512 4392 menta
551 4351 677 4394 sunt
697 4343 1057 4412 apostolorum
1084 4361 1148 4402 ac
1174 4347 1550 4418 prophetarum
1572 4349 1692 4405 libri
1714 4351 1915 4406 omnis-

329 4443 439 4497 que
463 4429 736 4502 Scriptura
779 4434 1031 4492 divinitus
1068 4437 1320 4508 inspirata
1342 4449 1396 4495 et
1420 4440 1564 4496 utilis
1591 4440 1668 4512 (2.
1695 4441 1828 4497 Tim.
1855 4443 1910 4499 5.

331 4519 447 4592 16).
480 4520 549 4576 Et
573 4525 1020 4593 quemadmodum
1062 4529 1136 4584 illi
1163 4545 1257 4600 per
1280 4531 1633 4590 instrumenta
1657 4535 1913 4607 quidquid

329 4609 632 4670 faciendum
653 4620 986 4689 susceperint
1010 4622 1325 4691 perﬁciunt:
1353 4625 1426 4682 ita
1464 4641 1596 4683 sane
1618 4637 1670 4684 et
1699 4643 1795 4686 nos
1817 4644 1924 4700 per

329 4701 432 4757 hos
476 4704 794 4764 fabricamur
852 4711 1085 4767 animam
1145 4723 1382 4770 nostram
1405 4757 1421 4784 ,
1465 4716 1913 4790 depravatamque

326 4797 678 4865 corrigimus,
731 4808 787 4856 et
832 4801 1180 4860 inveteratam
1227 4821 1572 4862 renovamus.
1618 4810 1793 4880 Atque
1837 4810 1913 4866 illi

328 4885 547 4954 quidem
588 4887 844 4946 hactenus
869 4893 1028 4948 modo
1051 4905 1306 4964 praestant
1329 4913 1478 4954 suam
1503 4908 1676 4956 artem
1718 4910 1777 4956 ut
1801 4901 1911 4957 for-

329 4991 474 5030 mam
503 4978 703 5034 addant
743 4983 938 5038 rebus:
971 5000 1147 5056 neque
1181 4988 1326 5043 enim
1378 5000 1601 5060 possunt
1635 4994 1911 5050 materiam

330 5081 579 5124 vasorum
609 5081 964 5130 transmutare
983 5118 998 5143 ,
1027 5093 1201 5150 neque
1227 5094 1296 5135 ex
1328 5091 1549 5153 argento
1569 5099 1755 5140 aurum
1785 5086 1911 5141 red-

328 5156 460 5214 dere
496 5177 511 5214 :
550 5163 643 5216 sed
693 5161 880 5220 harum
928 5183 1105 5224 rerum
1149 5172 1343 5242 ﬁguras
1392 5188 1721 5245 componunt
1757 5177 1913 5234 dum-

330 5260 496 5307 taxat.
555 5255 634 5310 'l‘u
699 5273 827 5313 vero
895 5275 999 5316 non
1049 5263 1160 5331 ita,
1208 5264 1303 5320 sed
1367 5267 1594 5338 amplius
1660 5269 1910 5340 quiddam

329 5357 485 5416 potes
533 5365 547 5402 :
594 5365 715 5407 nam
760 5352 991 5424 ligneum
1056 5371 1152 5414 vas
1213 5366 1487 5430 acceptum
1557 5362 1755 5430 poteris
1811 5363 1912 5418 ali-

327 5439 546 5505 quando
583 5441 808 5499 reddere
854 5460 1103 5502 aureum:
1143 5447 1231 5504 cui
1273 5450 1351 5506 rei
1383 5450 1532 5508 testis
1573 5461 1656 5508 est
1682 5451 1909 5520 Paulus,

325 5528 384 5584 in
408 5529 552 5587 hunc
571 5533 796 5605 loquens
820 5537 1070 5595 modum:
1097 5538 1165 5598 In
1204 5557 1388 5615 magna
1415 5553 1581 5600 autem
1619 5544 1769 5601 domo
1813 5563 1915 5602 non

331 5631 498 5678 solum
523 5637 644 5681 sunt
673 5645 792 5684 uasa
819 5648 976 5687 aurea
1002 5643 1049 5690 et
1069 5645 1303 5708 argentea
1319 5679 1336 5707 ,
1362 5639 1452 5694 sed
1493 5647 1540 5694 et
1587 5639 1754 5712 lignea
1781 5641 1916 5712 ﬁcti-

331 5713 517 5786 liaqtte.
551 5716 616 5774 Si
661 5722 771 5791 quis
797 5722 951 5794 igitur
977 5729 1325 5798 expurgarcrit
1353 5729 1580 5802 «ipsum
1600 5732 1664 5789 ab
1688 5731 1785 5800 Itis,
1814 5735 1909 5790 erit

1574 295 1664 353 DE
1702 297 1975 355 LAZABO
2010 295 2252 360 CONCIO
2291 303 2376 362 lli.

3503 319 3605 376 9M

2039 423 2130 470 uas
2149 417 2201 471 in
2228 417 2468 476 honorent
2495 425 2888 495 sanctiﬁcatum,
2913 439 2961 484 et
2982 430 3108 486 utile
3130 431 3350 489 Domino
3374 436 3442 490 ad
3469 451 3615 494 autne

2037 523 2166 576 opus
2185 510 2369 566 bonum
2391 527 2730 585 praeparatum
2759 517 2833 592 (2.
2853 519 2988 576 Tim.
3011 521 3066 576 2.
3088 524 3176 578 20.
3199 526 3260 580 2i
3276 533 3313 596 ).
3334 533 3517 597 itaque
3548 547 3614 585 ne

2038 600 2364 670 negligemus
2389 605 2541 660 nobis
2577 623 2764 677 parare
2785 610 2966 678 libros,
2983 628 3050 667 ne
3067 615 3206 670 circa
3229 617 3403 671 vitalia
3427 622 3616 674 vulnus

2037 689 2389 759 accipiamus:
2421 710 2516 750 nec
2543 711 2727 752 aurum
2755 695 3085 758 defodiamus
3108 747 3122 771 ,
3153 707 3247 761 sed
3288 709 3440 764 nobis
3482 715 3615 780 ipsts

2038 779 2390 866 recondamus
2419 784 2723 844 thesaurum
2750 790 3002 848 librorum
3047 796 3383 864 spiritalium.
3413 779 3612 856 Aurum

2037 869 2250 939 quidem
2273 889 2395 929 cum
2423 879 2654 934 maxime
2679 882 2908 950 crescit,
2939 892 3046 938 tum
3083 888 3311 942 maxime
3341 889 3618 946 insidiatur

2037 961 2466 1029 possidentibus:
2505 967 2622 1022 libri
2669 985 2797 1026 vero
2845 975 3060 1042 repositi
3105 976 3324 1033 multam
3372 979 3617 1036 adferunt

2040 1055 2356 1113 habentibus
2396 1061 2698 1119 utilitatem.

2107 1149 2385 1205 Sacrorum
2407 1153 2648 1209 librorum
2689 1157 2824 1212 laus.
2861 1188 2935 1199 —
2971 1158 3426 1227 Quemadmodum
3471 1165 3611 1220 enim

2035 1253 2181 1293 arma
2209 1241 2405 1312 regalia
2434 1246 2686 1314 reposita,
2713 1247 2921 1302 etiamsi
2953 1265 3109 1305 nemo
3135 1252 3236 1306 illis
3264 1261 3391 1308 usus
3415 1255 3502 1318 sit,
3534 1266 3614 1309 ta-

2036 1345 2158 1386 men
2186 1331 2270 1399 iis,
2294 1334 2384 1404 qui
2415 1334 2655 1392 habitant
2698 1338 2751 1392 in
2793 1335 2996 1395 mdibus
3043 1341 3132 1396 ubi
3180 1343 3410 1412 reposita
3455 1355 3610 1412 sunt,

2035 1425 2254 1480 multam
2278 1427 2515 1496 praebent
2548 1430 2842 1486 custodiam
2883 1445 2946 1488 ac
2970 1439 3206 1490 tutamen
3225 1476 3243 1503 ,
3273 1435 3398 1490 dum
3443 1452 3615 1507 neque

2034 1516 2288 1585 latrones,
2305 1535 2476 1590 neque
2493 1523 2751 1591 parietum
2771 1524 3119 1593 perfossores,
3137 1541 3308 1598 neque
3321 1529 3458 1583 alius
3473 1530 3617 1598 quis-

2036 1608 2173 1679 piam
2194 1611 2574 1668 sceleratorum
2596 1614 2752 1671 audet
2767 1632 2884 1672 eam
2906 1619 3348 1688 aggredidomum
3371 1638 3383 1674 :
3403 1621 3479 1676 sic
3496 1622 3615 1676 ubi-

2032 1714 2262 1772 cumque
2287 1703 2479 1759 fuerint
2500 1705 2617 1760 libri
2643 1707 2928 1776 Spiritales,
2955 1710 3102 1764 illine
3127 1711 3301 1766 omnis
3330 1712 3612 1781 expellitur

2033 1791 2115 1848 vis
2139 1793 2434 1862 diabolica,
2463 1798 2734 1868 multaque
2788 1798 3205 1857 inhabitantibus
3253 1801 3458 1859 accedit
3507 1802 3614 1857 vir-

2033 1884 2162 1938 tutis
2209 1885 2536 1942 consolatio:
2565 1889 2993 1961 quandoquidem
3045 1891 3159 1962 ipse
3202 1889 3361 1949 etiam
3414 1907 3508 1964 per
3551 1911 3613 1952 se

2032 1973 2286 2031 librorum
2331 1989 2574 2049 aspectus
2615 1981 2888 2052 segniores
2918 1991 3013 2038 nos
3058 1982 3234 2039 reddit
3279 1983 3347 2039 ad
3395 1991 3615 2055 peccau-

2030 2061 2181 2121 dum.
2225 2066 2347 2123 Sive
2393 2069 2537 2124 enim
2589 2069 2864 2142 quidpiam
2914 2073 3032 2128 ausi
3079 2069 3338 2130 fuerimus
3388 2090 3610 2143 eorum,

2031 2169 2150 2226 quae
2171 2157 2437 2226 prohibita
2463 2168 2620 2228 sunt,
2668 2177 2872 2234 nosque
2892 2163 3036 2234 ipsos
3073 2163 3463 2220 reddiderimus
3502 2168 3618 2236 pol-

2032 2246 2475 2316 lutos,reversos
2519 2253 2859 2323 domum,ac
2907 2257 3070 2313 libros
3118 2257 3390 2315 intuentes
3435 2260 3613 2315 acrius

2031 2355 2131 2397 nos
2173 2342 2492 2400 condemnat
2526 2347 2885 2418 conscientia,
2932 2350 3306 2422 reddimurque
3361 2351 3614 2408 lentiores

2028 2431 2098 2487 ad
2151 2433 2336 2489 eadem
2378 2438 2686 2507 repetenda.
2716 2439 2945 2495 Rursum
2998 2441 3111 2497 sive
3161 2441 3214 2496 in
3261 2444 3611 2499 sanctimonia

2027 2525 2447 2594 perstiterimus,
2501 2528 2758 2599 majorem
2813 2530 2938 2584 inde
2985 2531 3263 2586 utilitatem
3294 2533 3608 2604 accipimus.

2027 2614 2159 2669 Nam
2204 2616 2361 2670 simul
2412 2626 2570 2688 atque
2625 2621 2794 2690 tetigit
2831 2617 3021 2692 aliquis
3077 2621 3452 2693 Evangelium;
3485 2640 3610 2680 mox

2027 2707 2327 2775 composuit
2351 2724 2501 2764 suam
2531 2708 2694 2779 ipsius
2735 2721 2996 2777 mentem,
3026 2722 3080 2768 et
3099 2728 3136 2767 'a
3183 2713 3345 2769 rebus
3388 2715 3610 2770 munda-

2028 2795 2113 2850 nis
2161 2795 2413 2866 abduxit,
2468 2799 2628 2871 idque
2677 2817 2743 2856 ex
2797 2803 2911 2872 ipso
2948 2802 3063 2857 solo
3110 2813 3347 2874 aspectu.
3379 2803 3530 2872 Quod
3557 2807 3609 2862 si

2027 2886 2313 2942 accesserit
2340 2886 2566 2959 diligens
2604 2891 2792 2956 lectio,
2822 2907 2926 2946 non
2958 2893 3116 2948 aliter
3152 2908 3310 2962 quam
3341 2894 3394 2948 in
3438 2897 3608 2951 sacris

2025 2975 2200 3046 adytis
2218 3018 2234 3043 ,
2257 2979 2416 3034 rebus
2440 2980 2632 3034 divinis
2661 2981 2863 3037 initiata
2905 2983 3079 3037 anima
3101 3025 3116 3050 ,
3142 2985 3220 3040 sic
3270 2995 3606 3059 repurgatur,

2026 3067 2320 3138 meliorque
2349 3070 2602 3139 redditur,
2633 3072 2746 3128 Deo
2771 3089 2892 3129 cum
2947 3076 3057 3145 ipsa
3097 3091 3194 3146 per
3219 3077 3336 3134 Illas
3363 3079 3606 3150 Scriptus

2024 3173 2113 3214 ras
2136 3160 2490 3231 colloquente.

2094 3249 2263 3306 Lectio
2285 3252 2566 3324 Scriptum
2582 3257 2733 3310 etiam
2755 3273 2856 3311 non
2883 3257 3150 3313 intellecta
3173 3260 3332 3316 utilis.
3355 3290 3430 3302 —
3464 3261 3602 3330 Quid

2024 3340 2202 3410 igitur.
2233 3343 2512 3411 inquiunt,
2549 3345 2592 3399 si
2641 3360 2749 3401 non
2789 3347 3144 3418 intelligamus
3175 3364 3237 3406 ea
3266 3365 3386 3422 quae
3426 3352 3602 3408 conti-

2021 3440 2217 3488 nentur
2242 3434 2430 3489 libris?
2457 3435 2685 3492 Maxime
2703 3437 2918 3508 quidem
2945 3440 3154 3496 eliamsi
3198 3457 3304 3496 non
3337 3443 3601 3515 intelligas

2024 3523 2133 3580 illic
2172 3525 2480 3594 recondita,
2511 3535 2686 3583 tamen
2717 3544 2783 3583 ex
2830 3528 2944 3599 ipsa
2972 3529 3196 3587 lectione
3223 3532 3390 3588 multa
3429 3533 3604 3590 nasci-

2023 3623 2109 3671 tur
2132 3617 2503 3673 sanctimonia.
2525 3618 2851 3689 Quamquam
2893 3619 3007 3674 ﬁeri
3032 3636 3137 3676 non
3169 3631 3346 3692 potest
3371 3631 3426 3678 ut
3475 3639 3596 3679 om-

2021 3707 2107 3762 nia
2133 3722 2200 3762 ex
2246 3723 2398 3778 :equo
2426 3709 2636 3779 ignores
2673 3726 2688 3762 :
2719 3719 2996 3780 propterea
3047 3711 3308 3781 siquidem
3363 3713 3595 3784 Spiritus

2018 3797 2186 3869 gratia
2217 3791 2543 3870 dispensavit
2566 3815 2630 3855 ac
2669 3799 2924 3870 providit,
2957 3809 3015 3855 ut
3035 3800 3297 3872 publicani
3319 3845 3334 3870 ,
3367 3805 3599 3873 piscato—

2019 3905 2142 3955 res,
2182 3889 2641 3946 tabernaculorum
2669 3889 2920 3960 opiﬁces,
2967 3902 3209 3961 pastores
3238 3903 3292 3949 et
3334 3895 3595 3965 caprarii,

2019 3981 2200 4036 idiotze
2221 4023 2236 4046 ,
2260 3981 2515 4048 illiterati,
2538 3983 2636 4036 hos
2664 3983 2828 4038 libros
2852 3993 3271 4055 componerent,
3301 3995 3357 4041 et
3386 4001 3452 4042 ne
3478 3987 3600 4058 quis

2019 4071 2299 4128 idiotarum
2319 4073 2385 4128 ad
2412 4073 2550 4129 hanc
2575 4072 2903 4130 difﬁcultatis
2928 4074 3212 4146 confugere
3229 4085 3410 4146 posset
3432 4092 3600 4134 excu-

2017 4165 2276 4220 sationem
2294 4205 2308 4230 ,
2331 4174 2389 4220 ut
2415 4165 2663 4220 omnibus
2686 4163 2855 4220 facilia
2881 4176 3168 4235 conspectu
3193 4175 3372 4221 essent
3389 4183 3450 4223 ea
3477 4185 3598 4238 qua:

2017 4255 2287 4323 dicuntur,
2310 4265 2369 4311 ut
2393 4266 2447 4312 et
2475 4255 2678 4326 opifex,
2709 4264 2763 4311 et
2792 4255 3020 4311 famulus
3040 4297 3056 4322 ,
3084 4267 3139 4312 et
3181 4257 3336 4313 vidua
3377 4258 3593 4326 mulier,

2016 4356 2072 4402 et
2099 4348 2335 4402 omnium
2366 4346 2638 4402 hominum
2670 4345 3064 4402 indoctissimus
3082 4361 3146 4402 ex
3171 4347 3344 4401 audita
3367 4347 3599 4404 lectione

2015 4439 2214 4510 aliquid
2253 4439 2383 4495 lucri
2413 4439 2762 4510 utilitatisque
2813 4448 3134 4509 reportaret.
3173 4439 3290 4496 Non
3335 4441 3478 4497 enim
3528 4443 3597 4498 ad

2017 4534 2229 4588 inanem
2288 4533 2548 4604 gloriam,
2594 4532 3042 4604 quemadmodum
3086 4533 3336 4604 Ethnici,
3379 4537 3475 4592 sed
3529 4538 3596 4592 ad

2015 4624 2341 4680 audientium
2361 4625 2597 4701 salutem
2616 4625 2732 4681 lucc
2757 4626 2934 4681 omnia
2955 4638 3372 4697 composuerunt
3392 4630 3446 4696 ii,
3463 4645 3598 4700 quos

2014 4717 2084 4773 ab
2109 4717 2258 4771 initio
2285 4717 2425 4773 Deus
2449 4716 2692 4788 dignatus
2716 4727 2798 4776 est
2815 4718 2980 4790 gratia
2997 4718 3242 4788 Spiritus.

2085 4809 2139 4864 '5.
2180 4807 2453 4879 Siquidem
2481 4811 2516 4864 ii
2534 4810 2623 4881 qui
2645 4819 2769 4866 sunt
2792 4827 2823 4866 a
2849 4811 3060 4866 Christo
3090 4812 3247 4866 alieni
3271 4811 3594 4884 philoSOphi,

2015 4898 2247 4966 dicendi,
2289 4901 2542 4970 artiﬁces,
2570 4901 2815 4957 rhetores
2834 4943 2849 4968 ,
2881 4917 2944 4956 ac
2973 4900 3230 4957 librorum
3273 4903 3594 4972 scriptores,

2017 5009 2123 5048 non
2148 4993 2292 5065 quod
2317 4994 2370 5049 in
2407 5008 2688 5050 commune
2712 4992 2962 5049 conducit
2986 5003 3284 5062 quarentes
3303 5034 3319 5061 ,
3347 4993 3442 5048 sed
3468 4993 3594 5053 illud

2015 5095 2319 5156 spectantes
2345 5094 2404 5140 ut
2440 5085 2538 5155 ipsi
2568 5094 2691 5140 sunt
2713 5084 2762 5137 in
2792 5083 3174 5148 admiratione,
3206 5083 3414 5139 etiamsi
3467 5084 3593 5154 quid

2015 5177 2148 5233 utile
2177 5176 2442 5243 dixerint,
2471 5175 2573 5230 hoc
2590 5189 2800 5245 quoque
2826 5173 3274 5244 quemadmodum
3295 5175 3347 5228 in
3369 5174 3593 5244 caliginu

2015 5269 2241 5340 quadam
2259 5309 2277 5338 ,
2303 5275 2556 5323 consueta
2583 5265 2683 5322 sibi
2703 5267 3034 5322 occultarum
3068 5265 3410 5323 obscuritate.
3451 5268 3590 5338 Δρο-

2015 5361 2137 5416 stoli
2162 5375 2290 5415 vero
2311 5373 2375 5414 ac
2401 5357 2673 5429 prophetae
2700 5359 2878 5413 omnia
2906 5367 3090 5413 contra
3115 5357 3388 5415 fecerunt:
3419 5361 3558 5414 mani
3575 5388 3592 5400 ο

2017 5450 2149 5508 festa
2226 5451 2512 5520 claraque,
2575 5464 2694 5520 qua:
2767 5448 3146 5520 prodiderunt,
3228 5461 3596 5520 exposuerunt

2016 5542 2293 5609 omnibus,
2314 5539 2477 5597 veluti
2498 5555 2810 5597 communes
2830 5541 2975 5596 orbis
3003 5539 3253 5597 doctores
3271 5583 3287 5607 ,
3321 5551 3380 5596 ut
3406 5557 3503 5613 per
3530 5557 3592 5597 se

2015 5634 2244 5707 quisque
2259 5631 2466 5690 discere
2483 5632 2650 5704 possit
2669 5647 2731 5687 ea
2752 5647 2870 5702 quae
2895 5631 3140 5687 dicuntur
3153 5646 3183 5688 e
3202 5630 3314 5686 sola
3341 5631 3592 5688 lectione.

2020 5730 2133 5788 lloc
2151 5738 2275 5787 ante
2301 5728 2663 5802 praenuntiatus
2686 5726 2941 5801 propheta
2956 5725 3166 5784 dicebat
3191 5742 3205 5782 :
3229 5723 3397 5782 Erunt
3423 5737 3603 5778 omnes
