  <div class='ocr_page' id='page_1' title='image "/cluster/home/n/w/nwhite01/storage/ocr_20150623/48/hvd.32044073501892/473.png"; bbox 0 0 4018 6190; ppageno 0'>
   <div class='ocr_carea' id='block_1_1' title="bbox 535 248 640 304">
    <p class='ocr_par' dir='ltr' id='par_1_1' title="bbox 535 248 640 304">
     <span class='ocr_line' id='line_1_1' title="bbox 535 248 640 304; baseline -0.029 0"><span class='ocrx_word' id='word_1_1' title='bbox 535 248 640 304; x_wconf 67' lang='grc' dir='ltr'><strong><em>ωδ</em></strong></span> 
     </span>
    </p>
   </div>
   <div class='ocr_carea' id='block_1_2' title="bbox 536 347 2103 427">
    <p class='ocr_par' dir='ltr' id='par_1_2' title="bbox 536 347 2103 427">
     <span class='ocr_line' id='line_1_2' title="bbox 536 347 2103 427; baseline -0.011 -8"><span class='ocrx_word' id='word_1_2' title='bbox 536 366 670 418; x_wconf 75' lang='lat' dir='ltr'><strong><em>docti</em></strong></span> <span class='ocrx_word' id='word_1_3' title='bbox 689 378 721 416; x_wconf 89' lang='lat' dir='ltr'><strong><em>a</em></strong></span> <span class='ocrx_word' id='word_1_4' title='bbox 746 360 853 417; x_wconf 84' lang='lat' dir='ltr'><strong><em>Deo</em></strong></span> <span class='ocrx_word' id='word_1_5' title='bbox 871 401 887 427; x_wconf 94' lang='lat'><strong><em>,</em></strong></span> <span class='ocrx_word' id='word_1_6' title='bbox 916 368 963 415; x_wconf 88' lang='lat' dir='ltr'><strong><em>et</em></strong></span> <span class='ocrx_word' id='word_1_7' title='bbox 984 374 1086 414; x_wconf 88' lang='lat' dir='ltr'><strong><em>non</em></strong></span> <span class='ocrx_word' id='word_1_8' title='bbox 1126 356 1255 410; x_wconf 87' lang='lat' dir='ltr'><strong><em>dicet</em></strong></span> <span class='ocrx_word' id='word_1_9' title='bbox 1289 355 1496 427; x_wconf 82' lang='lat' dir='ltr'><strong><em>quisque</em></strong></span> <span class='ocrx_word' id='word_1_10' title='bbox 1523 352 1753 423; x_wconf 73' lang='lat' dir='ltr'><strong><em>proximo</em></strong></span> <span class='ocrx_word' id='word_1_11' title='bbox 1794 365 1915 413; x_wconf 88' lang='lat' dir='ltr'><strong><em>suo,</em></strong></span> <span class='ocrx_word' id='word_1_12' title='bbox 1940 347 2103 402; x_wconf 79' lang='lat' dir='ltr'><strong><em>Nosce</em></strong></span> 
     </span>
    </p>
   </div>
   <div class='ocr_carea' id='block_1_3' title="bbox 1275 225 3657 301">
    <p class='ocr_par' dir='ltr' id='par_1_3' title="bbox 1275 225 3657 301">
     <span class='ocr_line' id='line_1_3' title="bbox 1275 225 3657 301; baseline -0.01 -2"><span class='ocrx_word' id='word_1_13' title='bbox 1275 242 1332 299; x_wconf 90' lang='lat' dir='ltr'><strong><em>S.</em></strong></span> <span class='ocrx_word' id='word_1_14' title='bbox 1371 237 1647 298; x_wconf 73' lang='lat' dir='ltr'><strong><em>JOANNIS</em></strong></span> <span class='ocrx_word' id='word_1_15' title='bbox 1680 233 2150 294; x_wconf 77' lang='lat' dir='ltr'><strong><em>CHRYSOSTOMI</em></strong></span> <span class='ocrx_word' id='word_1_16' title='bbox 2187 230 2503 289; x_wconf 71' lang='lat' dir='ltr'><strong><em>ABClllEP.</em></strong></span> <span class='ocrx_word' id='word_1_17' title='bbox 2543 225 3078 284; x_wconf 75' lang='lat' dir='ltr'><strong><em>CONSTANTINOP.</em></strong></span> <span class='ocrx_word' id='word_1_18' title='bbox 3575 244 3657 301; x_wconf 70' lang='lat'><strong><em>996</em></strong></span> 
     </span>
    </p>
   </div>
   <div class='ocr_carea' id='block_1_4' title="bbox 2220 326 3661 420">
    <p class='ocr_par' dir='ltr' id='par_1_4' title="bbox 2220 326 3661 420">
     <span class='ocr_line' id='line_1_4' title="bbox 2220 326 3661 420; baseline 0.001 -22"><span class='ocrx_word' id='word_1_19' title='bbox 2220 343 2421 398; x_wconf 89' lang='lat' dir='ltr'><strong><em>omnia.</em></strong></span> <span class='ocrx_word' id='word_1_20' title='bbox 2463 340 2595 395; x_wconf 88' lang='lat' dir='ltr'><strong><em>Nam</em></strong></span> <span class='ocrx_word' id='word_1_21' title='bbox 2633 339 2747 395; x_wconf 84' lang='lat' dir='ltr'><strong><em>fieri</em></strong></span> <span class='ocrx_word' id='word_1_22' title='bbox 2776 353 2881 394; x_wconf 90' lang='lat' dir='ltr'><strong><em>non</em></strong></span> <span class='ocrx_word' id='word_1_23' title='bbox 2921 326 3112 409; x_wconf 78' lang='lat' dir='ltr'><strong><em>potest,</em></strong></span> <span class='ocrx_word' id='word_1_24' title='bbox 3158 353 3256 399; x_wconf 86' lang='lat' dir='ltr'><strong><em>non</em></strong></span> <span class='ocrx_word' id='word_1_25' title='bbox 3296 349 3461 411; x_wconf 81' lang='lat' dir='ltr'><strong><em>potest,</em></strong></span> <span class='ocrx_word' id='word_1_26' title='bbox 3491 347 3661 420; x_wconf 64' lang='lat' dir='ltr'><strong><em>inquam,</em></strong></span> 
     </span>
    </p>
   </div>
   <div class='ocr_carea' id='block_1_5' title="bbox 543 430 3667 524">
    <p class='ocr_par' dir='ltr' id='par_1_5' title="bbox 543 430 3667 524">
     <span class='ocr_line' id='line_1_5' title="bbox 543 430 3667 524; baseline -0.004 -13"><span class='ocrx_word' id='word_1_27' title='bbox 543 456 746 520; x_wconf 84' lang='lat' dir='ltr'><strong><em>Deum,</em></strong></span> <span class='ocrx_word' id='word_1_28' title='bbox 776 450 1013 524; x_wconf 88' lang='lat' dir='ltr'><strong><em>quoniam</em></strong></span> <span class='ocrx_word' id='word_1_29' title='bbox 1040 463 1210 502; x_wconf 86' lang='lat' dir='ltr'><strong><em>omnes</em></strong></span> <span class='ocrx_word' id='word_1_30' title='bbox 1234 453 1435 499; x_wconf 76' lang='lat' dir='ltr'><strong><em>noscent</em></strong></span> <span class='ocrx_word' id='word_1_31' title='bbox 1466 459 1546 497; x_wconf 83' lang='lat' dir='ltr'><strong><em>me</em></strong></span> <span class='ocrx_word' id='word_1_32' title='bbox 1582 458 1615 495; x_wconf 92' lang='lat' dir='ltr'><strong><em>a</em></strong></span> <span class='ocrx_word' id='word_1_33' title='bbox 1642 441 1848 494; x_wconf 86' lang='lat' dir='ltr'><strong><em>minimo</em></strong></span> <span class='ocrx_word' id='word_1_34' title='bbox 1886 438 2111 506; x_wconf 85' lang='lat' dir='ltr'><strong><em>ipsorum</em></strong></span> <span class='ocrx_word' id='word_1_35' title='bbox 2214 434 2351 500; x_wconf 84' lang='lat' dir='ltr'><strong><em>ﬁeri,</em></strong></span> <span class='ocrx_word' id='word_1_36' title='bbox 2379 441 2437 488; x_wconf 90' lang='lat' dir='ltr'><strong><em>ut</em></strong></span> <span class='ocrx_word' id='word_1_37' title='bbox 2478 431 2598 503; x_wconf 86' lang='lat' dir='ltr'><strong><em>quis</em></strong></span> <span class='ocrx_word' id='word_1_38' title='bbox 2625 432 2741 487; x_wconf 84' lang='lat' dir='ltr'><strong><em>sine</em></strong></span> <span class='ocrx_word' id='word_1_39' title='bbox 2768 431 2936 487; x_wconf 88' lang='lat' dir='ltr'><strong><em>fructu</em></strong></span> <span class='ocrx_word' id='word_1_40' title='bbox 2972 430 3221 498; x_wconf 86' lang='lat' dir='ltr'><strong><em>discedat,</em></strong></span> <span class='ocrx_word' id='word_1_41' title='bbox 3246 434 3329 503; x_wconf 89' lang='lat' dir='ltr'><strong><em>qui</em></strong></span> <span class='ocrx_word' id='word_1_42' title='bbox 3351 437 3525 491; x_wconf 84' lang='lat' dir='ltr'><strong><em>assidua</em></strong></span> <span class='ocrx_word' id='word_1_43' title='bbox 3546 452 3667 498; x_wconf 80' lang='lat' dir='ltr'><strong><em>alleu-</em></strong></span> 
     </span>
    </p>
   </div>
   <div class='ocr_carea' id='block_1_6' title="bbox 537 525 2108 617">
    <p class='ocr_par' dir='ltr' id='par_1_6' title="bbox 537 525 2108 617">
     <span class='ocr_line' id='line_1_6' title="bbox 537 525 2108 617; baseline -0.013 -16"><span class='ocrx_word' id='word_1_44' title='bbox 537 563 694 617; x_wconf 83' lang='lat' dir='ltr'><strong><em>usque</em></strong></span> <span class='ocrx_word' id='word_1_45' title='bbox 731 560 797 598; x_wconf 83' lang='lat' dir='ltr'><strong><em>aa</em></strong></span> <span class='ocrx_word' id='word_1_46' title='bbox 846 541 1122 595; x_wconf 71' lang='lat' dir='ltr'><strong><em>maximum</em></strong></span> <span class='ocrx_word' id='word_1_47' title='bbox 1162 552 1336 592; x_wconf 85' lang='lat' dir='ltr'><strong><em>eorum</em></strong></span> <span class='ocrx_word' id='word_1_48' title='bbox 1364 534 1499 607; x_wconf 84' lang='lat' dir='ltr'><strong><em>(Jer.</em></strong></span> <span class='ocrx_word' id='word_1_49' title='bbox 1529 532 1727 589; x_wconf 51' lang='grc' dir='ltr'><strong><em>ωλι.</em></strong></span> <span class='ocrx_word' id='word_1_50' title='bbox 1774 540 1822 585; x_wconf 91' lang='lat' dir='ltr'><strong><em>et</em></strong></span> <span class='ocrx_word' id='word_1_51' title='bbox 1867 529 2022 584; x_wconf 83' lang='lat' dir='ltr'><strong><em>Joan.</em></strong></span> <span class='ocrx_word' id='word_1_52' title='bbox 2052 525 2108 581; x_wconf 85' lang='lat'><strong><em>6.</em></strong></span> 
     </span>
    </p>
   </div>
   <div class='ocr_carea' id='block_1_7' title="bbox 514 620 2110 711">
    <p class='ocr_par' dir='ltr' id='par_1_7' title="bbox 514 620 2110 711">
     <span class='ocr_line' id='line_1_7' title="bbox 514 620 2110 711; baseline -0.012 -18"><span class='ocrx_word' id='word_1_53' title='bbox 514 639 609 711; x_wconf 75' lang='lat' dir='ltr'><strong><em>_-i5</em></strong></span> <span class='ocrx_word' id='word_1_54' title='bbox 630 638 669 708; x_wconf 89' lang='lat'><strong><em>).</em></strong></span> <span class='ocrx_word' id='word_1_55' title='bbox 703 636 769 690; x_wconf 89' lang='lat' dir='ltr'><strong><em>Et</em></strong></span> <span class='ocrx_word' id='word_1_56' title='bbox 796 633 990 688; x_wconf 82' lang='lat' dir='ltr'><strong><em>Paulus</em></strong></span> <span class='ocrx_word' id='word_1_57' title='bbox 1018 629 1187 700; x_wconf 89' lang='lat' dir='ltr'><strong><em>inquit</em></strong></span> <span class='ocrx_word' id='word_1_58' title='bbox 1216 646 1231 683; x_wconf 90' lang='lat'><strong><em>:</em></strong></span> <span class='ocrx_word' id='word_1_59' title='bbox 1263 628 1330 682; x_wconf 88' lang='lat' dir='ltr'><strong><em>Et</em></strong></span> <span class='ocrx_word' id='word_1_60' title='bbox 1359 642 1449 698; x_wconf 85' lang='lat' dir='ltr'><strong><em>ego</em></strong></span> <span class='ocrx_word' id='word_1_61' title='bbox 1470 666 1487 692; x_wconf 95' lang='lat'><strong><em>,</em></strong></span> <span class='ocrx_word' id='word_1_62' title='bbox 1513 624 1694 696; x_wconf 73' lang='lat' dir='ltr'><strong><em>[ratres</em></strong></span> <span class='ocrx_word' id='word_1_63' title='bbox 1716 665 1732 690; x_wconf 91' lang='lat'><strong><em>,</em></strong></span> <span class='ocrx_word' id='word_1_64' title='bbox 1757 622 1869 677; x_wconf 81' lang='lat' dir='ltr'><strong><em>veni</em></strong></span> <span class='ocrx_word' id='word_1_65' title='bbox 1909 620 1976 673; x_wconf 82' lang='lat' dir='ltr'><strong><em>ad</em></strong></span> <span class='ocrx_word' id='word_1_66' title='bbox 2005 635 2110 684; x_wconf 79' lang='lat' dir='ltr'><strong><em>vos.</em></strong></span> 
     </span>
    </p>
   </div>
   <div class='ocr_carea' id='block_1_8' title="bbox 539 712 2113 796">
    <p class='ocr_par' dir='ltr' id='par_1_8' title="bbox 539 712 2113 796">
     <span class='ocr_line' id='line_1_8' title="bbox 539 712 2113 796; baseline -0.012 -14"><span class='ocrx_word' id='word_1_67' title='bbox 539 745 639 782; x_wconf 91' lang='lat' dir='ltr'><strong><em>non</em></strong></span> <span class='ocrx_word' id='word_1_68' title='bbox 666 741 753 796; x_wconf 86' lang='lat' dir='ltr'><strong><em>per</em></strong></span> <span class='ocrx_word' id='word_1_69' title='bbox 779 721 1123 778; x_wconf 75' lang='lat' dir='ltr'><strong><em>excellentiam</em></strong></span> <span class='ocrx_word' id='word_1_70' title='bbox 1154 718 1397 775; x_wconf 87' lang='lat' dir='ltr'><strong><em>sermonis</em></strong></span> <span class='ocrx_word' id='word_1_71' title='bbox 1421 725 1510 771; x_wconf 89' lang='lat' dir='ltr'><strong><em>aut</em></strong></span> <span class='ocrx_word' id='word_1_72' title='bbox 1536 714 1798 783; x_wconf 74' lang='lat' dir='ltr'><strong><em>sapientiae</em></strong></span> <span class='ocrx_word' id='word_1_73' title='bbox 1816 754 1831 779; x_wconf 93' lang='lat'><strong><em>,</em></strong></span> <span class='ocrx_word' id='word_1_74' title='bbox 1876 712 2113 767; x_wconf 88' lang='lat' dir='ltr'><strong><em>nuntians</em></strong></span> 
     </span>
    </p>
   </div>
   <div class='ocr_carea' id='block_1_9' title="bbox 538 803 2201 887">
    <p class='ocr_par' dir='ltr' id='par_1_9' title="bbox 538 803 2201 887">
     <span class='ocr_line' id='line_1_9' title="bbox 538 803 2201 887; baseline -0.013 -16"><span class='ocrx_word' id='word_1_75' title='bbox 538 818 672 872; x_wconf 68' lang='lat' dir='ltr'><strong><em>vobis</em></strong></span> <span class='ocrx_word' id='word_1_76' title='bbox 695 815 986 887; x_wconf 72' lang='lat' dir='ltr'><strong><em>mysterium</em></strong></span> <span class='ocrx_word' id='word_1_77' title='bbox 1014 811 1110 866; x_wconf 89' lang='lat' dir='ltr'><strong><em>Dei</em></strong></span> <span class='ocrx_word' id='word_1_78' title='bbox 1137 810 1211 879; x_wconf 83' lang='grc'><strong><em>(1.</em></strong></span> <span class='ocrx_word' id='word_1_79' title='bbox 1238 809 1352 865; x_wconf 84' lang='lat' dir='ltr'><strong><em>Cor.</em></strong></span> <span class='ocrx_word' id='word_1_80' title='bbox 1384 809 1438 863; x_wconf 80' lang='lat'><strong><em>2.</em></strong></span> <span class='ocrx_word' id='word_1_81' title='bbox 1471 809 1544 878; x_wconf 84' lang='lat' dir='ltr'><strong><em>l).</em></strong></span> <span class='ocrx_word' id='word_1_82' title='bbox 1572 808 1638 861; x_wconf 84' lang='lat' dir='ltr'><strong><em>Et</em></strong></span> <span class='ocrx_word' id='word_1_83' title='bbox 1667 807 1856 860; x_wconf 92' lang='lat' dir='ltr'><strong><em>iterum</em></strong></span> <span class='ocrx_word' id='word_1_84' title='bbox 1889 821 1903 856; x_wconf 92' lang='lat'><strong><em>:</em></strong></span> <span class='ocrx_word' id='word_1_85' title='bbox 1933 803 2114 858; x_wconf 89' lang='lat' dir='ltr'><strong><em>Sermo</em></strong></span> <span class='ocrx_word' id='word_1_86' title='bbox 2196 874 2201 875; x_wconf 12' lang='grc' dir='ltr'><em>γ</em></span> 
     </span>
    </p>
   </div>
   <div class='ocr_carea' id='block_1_10' title="bbox 541 896 2111 976">
    <p class='ocr_par' dir='ltr' id='par_1_10' title="bbox 541 896 2111 976">
     <span class='ocr_line' id='line_1_10' title="bbox 541 896 2111 976; baseline -0.01 -16"><span class='ocrx_word' id='word_1_87' title='bbox 541 924 679 962; x_wconf 87' lang='lat' dir='ltr'><strong><em>meus</em></strong></span> <span class='ocrx_word' id='word_1_88' title='bbox 722 915 770 960; x_wconf 89' lang='lat' dir='ltr'><strong><em>et</em></strong></span> <span class='ocrx_word' id='word_1_89' title='bbox 796 904 1089 976; x_wconf 67' lang='lat' dir='ltr'><strong><em>praedicatio</em></strong></span> <span class='ocrx_word' id='word_1_90' title='bbox 1115 918 1220 957; x_wconf 90' lang='lat' dir='ltr'><strong><em>non</em></strong></span> <span class='ocrx_word' id='word_1_91' title='bbox 1246 902 1298 956; x_wconf 90' lang='lat' dir='ltr'><strong><em>in</em></strong></span> <span class='ocrx_word' id='word_1_92' title='bbox 1325 896 1730 973; x_wconf 88' lang='lat' dir='ltr'><strong><em>persuasibilibus</em></strong></span> <span class='ocrx_word' id='word_1_93' title='bbox 1763 898 1996 948; x_wconf 75' lang='lat' dir='ltr'><strong><em>humana:</em></strong></span> <span class='ocrx_word' id='word_1_94' title='bbox 2023 908 2111 946; x_wconf 88' lang='lat' dir='ltr'><strong><em>sa-</em></strong></span> 
     </span>
    </p>
   </div>
   <div class='ocr_carea' id='block_1_11' title="bbox 539 983 2116 1069">
    <p class='ocr_par' dir='ltr' id='par_1_11' title="bbox 539 983 2116 1069">
     <span class='ocr_line' id='line_1_11' title="bbox 539 983 2116 1069; baseline -0.01 -18"><span class='ocrx_word' id='word_1_95' title='bbox 539 997 739 1069; x_wconf 72' lang='lat' dir='ltr'><strong><em>pientia</em></strong></span> <span class='ocrx_word' id='word_1_96' title='bbox 773 996 965 1062; x_wconf 80' lang='lat' dir='ltr'><strong><em>verbis,</em></strong></span> <span class='ocrx_word' id='word_1_97' title='bbox 1017 993 1108 1048; x_wconf 84' lang='lat' dir='ltr'><strong><em>sed</em></strong></span> <span class='ocrx_word' id='word_1_98' title='bbox 1153 992 1206 1045; x_wconf 88' lang='lat' dir='ltr'><strong><em>in</em></strong></span> <span class='ocrx_word' id='word_1_99' title='bbox 1241 987 1526 1046; x_wconf 74' lang='lat' dir='ltr'><strong><em>ostensione</em></strong></span> <span class='ocrx_word' id='word_1_100' title='bbox 1569 987 1776 1057; x_wconf 74' lang='lat' dir='ltr'><strong><em>spiritus</em></strong></span> <span class='ocrx_word' id='word_1_101' title='bbox 1826 1001 1887 1038; x_wconf 89' lang='lat' dir='ltr'><strong><em>ac</em></strong></span> <span class='ocrx_word' id='word_1_102' title='bbox 1936 983 2116 1037; x_wconf 83' lang='lat' dir='ltr'><strong><em>uirtute</em></strong></span> 
     </span>
    </p>
   </div>
   <div class='ocr_carea' id='block_1_12' title="bbox 539 1071 2117 1159">
    <p class='ocr_par' dir='ltr' id='par_1_12' title="bbox 539 1071 2117 1159">
     <span class='ocr_line' id='line_1_12' title="bbox 539 1071 2117 1159; baseline -0.011 -17"><span class='ocrx_word' id='word_1_103' title='bbox 539 1087 651 1159; x_wconf 84' lang='lat' dir='ltr'><strong><em>(Id.</em></strong></span> <span class='ocrx_word' id='word_1_104' title='bbox 680 1103 727 1140; x_wconf 86' lang='grc' dir='ltr'>υ.</span> <span class='ocrx_word' id='word_1_105' title='bbox 754 1086 833 1157; x_wconf 73' lang='grc'><strong><em>4).</em></strong></span> <span class='ocrx_word' id='word_1_106' title='bbox 866 1085 932 1140; x_wconf 86' lang='lat' dir='ltr'><strong><em>Et</em></strong></span> <span class='ocrx_word' id='word_1_107' title='bbox 971 1097 1218 1138; x_wconf 89' lang='lat' dir='ltr'><strong><em>rursum:</em></strong></span> <span class='ocrx_word' id='word_1_108' title='bbox 1241 1080 1515 1150; x_wconf 87' lang='lat' dir='ltr'><strong><em>Loquimur</em></strong></span> <span class='ocrx_word' id='word_1_109' title='bbox 1532 1077 1662 1132; x_wconf 89' lang='lat' dir='ltr'><strong><em>enim</em></strong></span> <span class='ocrx_word' id='word_1_110' title='bbox 1683 1074 2012 1146; x_wconf 82' lang='lat' dir='ltr'><strong><em>sapientiam,</em></strong></span> <span class='ocrx_word' id='word_1_111' title='bbox 2036 1071 2117 1126; x_wconf 87' lang='lat' dir='ltr'><strong><em>in-</em></strong></span> 
     </span>
    </p>
   </div>
   <div class='ocr_carea' id='block_1_13' title="bbox 540 1162 2113 1248">
    <p class='ocr_par' dir='ltr' id='par_1_13' title="bbox 540 1162 2113 1248">
     <span class='ocr_line' id='line_1_13' title="bbox 540 1162 2113 1248; baseline -0.01 -17"><span class='ocrx_word' id='word_1_112' title='bbox 540 1178 688 1248; x_wconf 84' lang='lat' dir='ltr'><strong>quit,</strong></span> <span class='ocrx_word' id='word_1_113' title='bbox 718 1192 818 1230; x_wconf 90' lang='lat' dir='ltr'><strong><em>non</em></strong></span> <span class='ocrx_word' id='word_1_114' title='bbox 839 1173 1013 1229; x_wconf 76' lang='lat' dir='ltr'><strong><em>saeculi</em></strong></span> <span class='ocrx_word' id='word_1_115' title='bbox 1042 1174 1227 1242; x_wconf 83' lang='lat' dir='ltr'><strong><em>hujus,</em></strong></span> <span class='ocrx_word' id='word_1_116' title='bbox 1259 1186 1416 1241; x_wconf 87' lang='lat' dir='ltr'><strong><em>neque</em></strong></span> <span class='ocrx_word' id='word_1_117' title='bbox 1435 1168 1720 1239; x_wconf 82' lang='lat' dir='ltr'><strong><em>principum</em></strong></span> <span class='ocrx_word' id='word_1_118' title='bbox 1748 1165 1898 1235; x_wconf 84' lang='lat' dir='ltr'><strong><em>hujus</em></strong></span> <span class='ocrx_word' id='word_1_119' title='bbox 1922 1162 2113 1227; x_wconf 67' lang='lat' dir='ltr'><strong><em>seaculi,</em></strong></span> 
     </span>
    </p>
   </div>
   <div class='ocr_carea' id='block_1_14' title="bbox 539 1258 2115 1338">
    <p class='ocr_par' dir='ltr' id='par_1_14' title="bbox 539 1258 2115 1338">
     <span class='ocr_line' id='line_1_14' title="bbox 539 1258 2115 1338; baseline -0.01 -16"><span class='ocrx_word' id='word_1_120' title='bbox 539 1268 626 1338; x_wconf 86' lang='lat' dir='ltr'><strong><em>qui</em></strong></span> <span class='ocrx_word' id='word_1_121' title='bbox 650 1273 1043 1335; x_wconf 86' lang='lat' dir='ltr'><strong><em>corrumpuntur</em></strong></span> <span class='ocrx_word' id='word_1_122' title='bbox 1072 1262 1177 1335; x_wconf 88' lang='lat' dir='ltr'><strong><em>(Ib.</em></strong></span> <span class='ocrx_word' id='word_1_123' title='bbox 1211 1278 1260 1316; x_wconf 79' lang='grc' dir='ltr'>υ.</span> <span class='ocrx_word' id='word_1_124' title='bbox 1290 1260 1368 1331; x_wconf 88' lang='grc'><strong><em>6).</em></strong></span> <span class='ocrx_word' id='word_1_125' title='bbox 1395 1258 1494 1315; x_wconf 90' lang='lat' dir='ltr'><strong><em>Cui</em></strong></span> <span class='ocrx_word' id='word_1_126' title='bbox 1538 1258 1683 1313; x_wconf 89' lang='lat' dir='ltr'><strong><em>enim</em></strong></span> <span class='ocrx_word' id='word_1_127' title='bbox 1710 1272 1816 1311; x_wconf 92' lang='lat' dir='ltr'><strong><em>non</em></strong></span> <span class='ocrx_word' id='word_1_128' title='bbox 1852 1261 1975 1310; x_wconf 89' lang='lat' dir='ltr'><strong><em>sunt</em></strong></span> <span class='ocrx_word' id='word_1_129' title='bbox 1998 1267 2115 1307; x_wconf 88' lang='lat' dir='ltr'><strong><em>ma-</em></strong></span> 
     </span>
    </p>
   </div>
   <div class='ocr_carea' id='block_1_15' title="bbox 540 1343 2114 1426">
    <p class='ocr_par' dir='ltr' id='par_1_15' title="bbox 540 1343 2114 1426">
     <span class='ocr_line' id='line_1_15' title="bbox 540 1343 2114 1426; baseline -0.01 -15"><span class='ocrx_word' id='word_1_130' title='bbox 540 1357 728 1413; x_wconf 87' lang='lat' dir='ltr'><strong><em>nifesta</em></strong></span> <span class='ocrx_word' id='word_1_131' title='bbox 753 1368 1099 1426; x_wconf 66' lang='lat' dir='ltr'><strong><em>quaecumque</em></strong></span> <span class='ocrx_word' id='word_1_132' title='bbox 1123 1354 1175 1408; x_wconf 95' lang='lat' dir='ltr'><strong><em>in</em></strong></span> <span class='ocrx_word' id='word_1_133' title='bbox 1196 1351 1484 1422; x_wconf 84' lang='lat' dir='ltr'><strong><em>Evangelio</em></strong></span> <span class='ocrx_word' id='word_1_134' title='bbox 1522 1350 1715 1419; x_wconf 90' lang='lat' dir='ltr'><strong><em>scripta</em></strong></span> <span class='ocrx_word' id='word_1_135' title='bbox 1738 1355 1861 1401; x_wconf 89' lang='lat' dir='ltr'><strong><em>sunt</em></strong></span> <span class='ocrx_word' id='word_1_136' title='bbox 1902 1343 2114 1417; x_wconf 79' lang='lat' dir='ltr'><strong><em>(Matth.</em></strong></span> 
     </span>
    </p>
   </div>
   <div class='ocr_carea' id='block_1_16' title="bbox 541 1435 2113 1518">
    <p class='ocr_par' dir='ltr' id='par_1_16' title="bbox 541 1435 2113 1518">
     <span class='ocr_line' id='line_1_16' title="bbox 541 1435 2113 1518; baseline -0.009 -16"><span class='ocrx_word' id='word_1_137' title='bbox 541 1449 595 1503; x_wconf 83' lang='lat'><strong><em>5.</em></strong></span> <span class='ocrx_word' id='word_1_138' title='bbox 618 1449 672 1502; x_wconf 76' lang='grc'>4.</span> <span class='ocrx_word' id='word_1_139' title='bbox 700 1463 808 1518; x_wconf 86' lang='lat' dir='ltr'><strong><em>sqq.</em></strong></span> <span class='ocrx_word' id='word_1_140' title='bbox 832 1445 850 1516; x_wconf 94' lang='lat'>)</span> <span class='ocrx_word' id='word_1_141' title='bbox 873 1445 897 1498; x_wconf 85' lang='lat'><strong>?</strong></span> <span class='ocrx_word' id='word_1_142' title='bbox 920 1445 1051 1511; x_wconf 86' lang='lat' dir='ltr'><strong><em>Quis</em></strong></span> <span class='ocrx_word' id='word_1_143' title='bbox 1079 1452 1255 1498; x_wconf 85' lang='lat' dir='ltr'><strong><em>autem</em></strong></span> <span class='ocrx_word' id='word_1_144' title='bbox 1284 1440 1509 1497; x_wconf 91' lang='lat' dir='ltr'><strong><em>audiens</em></strong></span> <span class='ocrx_word' id='word_1_145' title='bbox 1535 1440 1717 1496; x_wconf 89' lang='lat' dir='ltr'><strong><em>beatos</em></strong></span> <span class='ocrx_word' id='word_1_146' title='bbox 1758 1451 1878 1493; x_wconf 90' lang='lat' dir='ltr'><strong><em>esse</em></strong></span> <span class='ocrx_word' id='word_1_147' title='bbox 1918 1435 2077 1490; x_wconf 84' lang='lat' dir='ltr'><strong><em>miles</em></strong></span> <span class='ocrx_word' id='word_1_148' title='bbox 2096 1474 2113 1500; x_wconf 92' lang='lat'><strong><em>,</em></strong></span> 
     </span>
    </p>
   </div>
   <div class='ocr_carea' id='block_1_17' title="bbox 544 1526 2119 1600">
    <p class='ocr_par' dir='ltr' id='par_1_17' title="bbox 544 1526 2119 1600">
     <span class='ocr_line' id='line_1_17' title="bbox 544 1526 2119 1600; baseline -0.01 -7"><span class='ocrx_word' id='word_1_149' title='bbox 544 1537 730 1593; x_wconf 90' lang='lat' dir='ltr'><strong><em>beatos</em></strong></span> <span class='ocrx_word' id='word_1_150' title='bbox 772 1533 1147 1591; x_wconf 85' lang='lat' dir='ltr'><strong><em>misericordes</em></strong></span> <span class='ocrx_word' id='word_1_151' title='bbox 1170 1574 1184 1600; x_wconf 95' lang='lat'><strong><em>,</em></strong></span> <span class='ocrx_word' id='word_1_152' title='bbox 1214 1532 1399 1587; x_wconf 89' lang='lat' dir='ltr'><strong><em>beatos</em></strong></span> <span class='ocrx_word' id='word_1_153' title='bbox 1439 1528 1637 1585; x_wconf 90' lang='lat' dir='ltr'><strong><em>mundo</em></strong></span> <span class='ocrx_word' id='word_1_154' title='bbox 1677 1526 1872 1590; x_wconf 91' lang='lat' dir='ltr'><strong><em>corde,</em></strong></span> <span class='ocrx_word' id='word_1_155' title='bbox 1900 1534 2119 1581; x_wconf 65' lang='lat' dir='ltr'><strong><em>caetera-</em></strong></span> 
     </span>
    </p>
   </div>
   <div class='ocr_carea' id='block_1_18' title="bbox 542 1616 2118 1698">
    <p class='ocr_par' dir='ltr' id='par_1_18' title="bbox 542 1616 2118 1698">
     <span class='ocr_line' id='line_1_18' title="bbox 542 1616 2118 1698; baseline -0.008 -17"><span class='ocrx_word' id='word_1_156' title='bbox 542 1643 645 1698; x_wconf 89' lang='lat' dir='ltr'><strong><em>que</em></strong></span> <span class='ocrx_word' id='word_1_157' title='bbox 674 1624 996 1697; x_wconf 88' lang='lat' dir='ltr'><strong><em>hujusmodi,</em></strong></span> <span class='ocrx_word' id='word_1_158' title='bbox 1025 1623 1199 1694; x_wconf 89' lang='lat' dir='ltr'><strong><em>egebit</em></strong></span> <span class='ocrx_word' id='word_1_159' title='bbox 1228 1628 1551 1692; x_wconf 76' lang='lat' dir='ltr'><strong><em>prtcceplore</em></strong></span> <span class='ocrx_word' id='word_1_160' title='bbox 1573 1660 1589 1686; x_wconf 89' lang='lat'><strong><em>,</em></strong></span> <span class='ocrx_word' id='word_1_161' title='bbox 1621 1627 1677 1673; x_wconf 93' lang='lat' dir='ltr'><strong><em>ut</em></strong></span> <span class='ocrx_word' id='word_1_162' title='bbox 1701 1616 1897 1687; x_wconf 89' lang='lat' dir='ltr'><strong><em>aliquid</em></strong></span> <span class='ocrx_word' id='word_1_163' title='bbox 1935 1628 2118 1670; x_wconf 90' lang='lat' dir='ltr'><strong><em>eorum</em></strong></span> 
     </span>
    </p>
   </div>
   <div class='ocr_carea' id='block_1_19' title="bbox 542 1704 2122 1787">
    <p class='ocr_par' dir='ltr' id='par_1_19' title="bbox 542 1704 2122 1787">
     <span class='ocr_line' id='line_1_19' title="bbox 542 1704 2122 1787; baseline -0.009 -14"><span class='ocrx_word' id='word_1_164' title='bbox 542 1718 684 1772; x_wconf 81' lang='lat' dir='ltr'><strong><em>dicat</em></strong></span> <span class='ocrx_word' id='word_1_165' title='bbox 710 1732 828 1787; x_wconf 65' lang='lat' dir='ltr'><strong><em>quae</em></strong></span> <span class='ocrx_word' id='word_1_166' title='bbox 869 1713 1151 1771; x_wconf 87' lang='lat' dir='ltr'><strong><em>dicuntur?</em></strong></span> <span class='ocrx_word' id='word_1_167' title='bbox 1189 1713 1385 1767; x_wconf 80' lang='lat' dir='ltr'><strong><em>Verum</em></strong></span> <span class='ocrx_word' id='word_1_168' title='bbox 1432 1709 1577 1780; x_wconf 88' lang='lat' dir='ltr'><strong><em>signa</em></strong></span> <span class='ocrx_word' id='word_1_169' title='bbox 1600 1747 1617 1775; x_wconf 95' lang='lat'><strong><em>,</em></strong></span> <span class='ocrx_word' id='word_1_170' title='bbox 1657 1706 1928 1770; x_wconf 90' lang='lat' dir='ltr'><strong><em>miracula,</em></strong></span> <span class='ocrx_word' id='word_1_171' title='bbox 1955 1704 2122 1760; x_wconf 90' lang='lat' dir='ltr'><strong><em>histo-</em></strong></span> 
     </span>
    </p>
   </div>
   <div class='ocr_carea' id='block_1_20' title="bbox 545 1799 2120 1875">
    <p class='ocr_par' dir='ltr' id='par_1_20' title="bbox 545 1799 2120 1875">
     <span class='ocr_line' id='line_1_20' title="bbox 545 1799 2120 1875; baseline -0.009 -11"><span class='ocrx_word' id='word_1_172' title='bbox 545 1810 638 1864; x_wconf 75' lang='lat' dir='ltr'><strong><em>ria:</em></strong></span> <span class='ocrx_word' id='word_1_173' title='bbox 660 1849 677 1875; x_wconf 90' lang='lat'><strong><em>,</em></strong></span> <span class='ocrx_word' id='word_1_174' title='bbox 707 1822 813 1861; x_wconf 89' lang='lat' dir='ltr'><strong><em>non</em></strong></span> <span class='ocrx_word' id='word_1_175' title='bbox 854 1806 1021 1862; x_wconf 87' lang='lat' dir='ltr'><strong><em>cuivis</em></strong></span> <span class='ocrx_word' id='word_1_176' title='bbox 1045 1812 1168 1860; x_wconf 89' lang='lat' dir='ltr'><strong><em>nota</em></strong></span> <span class='ocrx_word' id='word_1_177' title='bbox 1212 1800 1596 1870; x_wconf 86' lang='lat' dir='ltr'><strong><em>manifestaque</em></strong></span> <span class='ocrx_word' id='word_1_178' title='bbox 1639 1800 1797 1853; x_wconf 83' lang='lat' dir='ltr'><strong><em>sunt?</em></strong></span> <span class='ocrx_word' id='word_1_179' title='bbox 1824 1799 2120 1852; x_wconf 74' lang='lat' dir='ltr'><strong><em>Prmtextus</em></strong></span> 
     </span>
    </p>
   </div>
   <div class='ocr_carea' id='block_1_21' title="bbox 543 1891 1882 1965">
    <p class='ocr_par' dir='ltr' id='par_1_21' title="bbox 543 1891 1882 1965">
     <span class='ocr_line' id='line_1_21' title="bbox 543 1891 1882 1965; baseline -0.009 -12"><span class='ocrx_word' id='word_1_180' title='bbox 543 1899 647 1954; x_wconf 91' lang='lat' dir='ltr'><strong><em>iste</em></strong></span> <span class='ocrx_word' id='word_1_181' title='bbox 669 1904 824 1954; x_wconf 90' lang='lat' dir='ltr'><strong><em>estet</em></strong></span> <span class='ocrx_word' id='word_1_182' title='bbox 846 1895 1085 1951; x_wconf 82' lang='lat' dir='ltr'><strong><em>causatio</em></strong></span> <span class='ocrx_word' id='word_1_183' title='bbox 1107 1936 1124 1962; x_wconf 90' lang='lat'><strong><em>,</em></strong></span> <span class='ocrx_word' id='word_1_184' title='bbox 1156 1892 1482 1965; x_wconf 63' lang='lat' dir='ltr'><strong><em>pigritiaque</em></strong></span> <span class='ocrx_word' id='word_1_185' title='bbox 1507 1891 1882 1946; x_wconf 89' lang='lat' dir='ltr'><strong><em>velamentum.</em></strong></span> 
     </span>
    </p>
   </div>
   <div class='ocr_carea' id='block_1_22' title="bbox 614 1977 2121 2055">
    <p class='ocr_par' dir='ltr' id='par_1_22' title="bbox 614 1977 2121 2055">
     <span class='ocr_line' id='line_1_22' title="bbox 614 1977 2121 2055; baseline -0.005 -14"><span class='ocrx_word' id='word_1_186' title='bbox 614 1986 783 2041; x_wconf 86' lang='lat' dir='ltr'><strong><em>Lectio</em></strong></span> <span class='ocrx_word' id='word_1_187' title='bbox 809 1987 989 2041; x_wconf 86' lang='lat' dir='ltr'><strong><em>iterata</em></strong></span> <span class='ocrx_word' id='word_1_188' title='bbox 1016 1985 1176 2055; x_wconf 86' lang='lat' dir='ltr'><strong><em>aperit</em></strong></span> <span class='ocrx_word' id='word_1_189' title='bbox 1211 1983 1442 2037; x_wconf 88' lang='lat' dir='ltr'><strong><em>obscura.</em></strong></span> <span class='ocrx_word' id='word_1_190' title='bbox 1470 2008 1543 2021; x_wconf 90' lang='lat'><em>--</em></span> <span class='ocrx_word' id='word_1_191' title='bbox 1580 1979 1694 2035; x_wconf 83' lang='lat' dir='ltr'><strong><em>Non</em></strong></span> <span class='ocrx_word' id='word_1_192' title='bbox 1726 1977 1976 2049; x_wconf 82' lang='lat' dir='ltr'><strong><em>intelligis</em></strong></span> <span class='ocrx_word' id='word_1_193' title='bbox 2001 1991 2121 2049; x_wconf 59' lang='lat' dir='ltr'><strong><em>quae</em></strong></span> 
     </span>
    </p>
   </div>
   <div class='ocr_carea' id='block_1_23' title="bbox 547 2069 2121 2148">
    <p class='ocr_par' dir='ltr' id='par_1_23' title="bbox 547 2069 2121 2148">
     <span class='ocr_line' id='line_1_23' title="bbox 547 2069 2121 2148; baseline -0.005 -17"><span class='ocrx_word' id='word_1_194' title='bbox 547 2076 769 2135; x_wconf 89' lang='lat' dir='ltr'><strong>insunt:</strong></span> <span class='ocrx_word' id='word_1_195' title='bbox 817 2074 1084 2148; x_wconf 90' lang='lat' dir='ltr'><strong><em>quomodo</em></strong></span> <span class='ocrx_word' id='word_1_196' title='bbox 1127 2073 1298 2144; x_wconf 89' lang='lat' dir='ltr'><strong><em>possis</em></strong></span> <span class='ocrx_word' id='word_1_197' title='bbox 1338 2071 1620 2142; x_wconf 82' lang='lat' dir='ltr'><strong><em>aliquando</em></strong></span> <span class='ocrx_word' id='word_1_198' title='bbox 1663 2070 1979 2141; x_wconf 80' lang='lat' dir='ltr'><strong><em>intelligere,</em></strong></span> <span class='ocrx_word' id='word_1_199' title='bbox 2030 2069 2121 2139; x_wconf 89' lang='lat' dir='ltr'><strong><em>qui</em></strong></span> 
     </span>
    </p>
   </div>
   <div class='ocr_carea' id='block_1_24' title="bbox 549 2159 2120 2240">
    <p class='ocr_par' dir='ltr' id='par_1_24' title="bbox 549 2159 2120 2240">
     <span class='ocr_line' id='line_1_24' title="bbox 549 2159 2120 2240; baseline -0.01 -13"><span class='ocrx_word' id='word_1_200' title='bbox 549 2188 617 2227; x_wconf 90' lang='lat' dir='ltr'><strong><em>ne</em></strong></span> <span class='ocrx_word' id='word_1_201' title='bbox 645 2172 833 2225; x_wconf 90' lang='lat' dir='ltr'><strong><em>leviter</em></strong></span> <span class='ocrx_word' id='word_1_202' title='bbox 856 2168 1070 2240; x_wconf 86' lang='lat' dir='ltr'><strong><em>quidem</em></strong></span> <span class='ocrx_word' id='word_1_203' title='bbox 1110 2166 1370 2236; x_wconf 81' lang='lat' dir='ltr'><strong><em>inSpicere</em></strong></span> <span class='ocrx_word' id='word_1_204' title='bbox 1415 2163 1587 2219; x_wconf 86' lang='lat' dir='ltr'><strong><em>velis?</em></strong></span> <span class='ocrx_word' id='word_1_205' title='bbox 1630 2161 1791 2218; x_wconf 89' lang='lat' dir='ltr'><strong><em>Sume</em></strong></span> <span class='ocrx_word' id='word_1_206' title='bbox 1835 2160 2026 2214; x_wconf 90' lang='lat' dir='ltr'><strong><em>librum</em></strong></span> <span class='ocrx_word' id='word_1_207' title='bbox 2066 2159 2120 2213; x_wconf 91' lang='lat' dir='ltr'><strong><em>in</em></strong></span> 
     </span>
    </p>
   </div>
   <div class='ocr_carea' id='block_1_25' title="bbox 546 2255 2120 2329">
    <p class='ocr_par' dir='ltr' id='par_1_25' title="bbox 546 2255 2120 2329">
     <span class='ocr_line' id='line_1_25' title="bbox 546 2255 2120 2329; baseline -0.008 -15"><span class='ocrx_word' id='word_1_208' title='bbox 546 2274 755 2326; x_wconf 90' lang='lat' dir='ltr'><strong><em>manus,</em></strong></span> <span class='ocrx_word' id='word_1_209' title='bbox 786 2259 901 2329; x_wconf 83' lang='lat' dir='ltr'><strong><em>lege</em></strong></span> <span class='ocrx_word' id='word_1_210' title='bbox 925 2255 1199 2312; x_wconf 85' lang='lat' dir='ltr'><strong><em>historiam</em></strong></span> <span class='ocrx_word' id='word_1_211' title='bbox 1227 2268 1459 2319; x_wconf 89' lang='lat' dir='ltr'><strong><em>omnem,</em></strong></span> <span class='ocrx_word' id='word_1_212' title='bbox 1488 2260 1542 2307; x_wconf 92' lang='lat' dir='ltr'><strong><em>et</em></strong></span> <span class='ocrx_word' id='word_1_213' title='bbox 1566 2267 1683 2322; x_wconf 87' lang='lat' dir='ltr'><strong><em>quae</em></strong></span> <span class='ocrx_word' id='word_1_214' title='bbox 1709 2260 1833 2305; x_wconf 92' lang='lat' dir='ltr'><strong><em>nota</em></strong></span> <span class='ocrx_word' id='word_1_215' title='bbox 1862 2257 1985 2304; x_wconf 88' lang='lat' dir='ltr'><strong><em>sunt</em></strong></span> <span class='ocrx_word' id='word_1_216' title='bbox 2005 2263 2120 2303; x_wconf 88' lang='lat' dir='ltr'><strong><em>me-</em></strong></span> 
     </span>
    </p>
   </div>
   <div class='ocr_carea' id='block_1_26' title="bbox 549 2337 2124 2416">
    <p class='ocr_par' dir='ltr' id='par_1_26' title="bbox 549 2337 2124 2416">
     <span class='ocr_line' id='line_1_26' title="bbox 549 2337 2124 2416; baseline -0.009 -11"><span class='ocrx_word' id='word_1_217' title='bbox 549 2350 717 2405; x_wconf 89' lang='lat' dir='ltr'><strong><em>moria</em></strong></span> <span class='ocrx_word' id='word_1_218' title='bbox 744 2357 960 2415; x_wconf 89' lang='lat' dir='ltr'><strong><em>teneus,</em></strong></span> <span class='ocrx_word' id='word_1_219' title='bbox 992 2361 1053 2401; x_wconf 91' lang='lat' dir='ltr'><strong><em>ea</em></strong></span> <span class='ocrx_word' id='word_1_220' title='bbox 1087 2361 1205 2416; x_wconf 60' lang='lat' dir='ltr'><strong><em>quae</em></strong></span> <span class='ocrx_word' id='word_1_221' title='bbox 1233 2344 1457 2400; x_wconf 89' lang='lat' dir='ltr'><strong><em>obscura</em></strong></span> <span class='ocrx_word' id='word_1_222' title='bbox 1486 2349 1611 2398; x_wconf 89' lang='lat' dir='ltr'><strong><em>sunt</em></strong></span> <span class='ocrx_word' id='word_1_223' title='bbox 1637 2355 1927 2412; x_wconf 88' lang='lat' dir='ltr'><strong><em>parumque</em></strong></span> <span class='ocrx_word' id='word_1_224' title='bbox 1954 2337 2124 2394; x_wconf 89' lang='lat' dir='ltr'><strong><em>mani-</em></strong></span> 
     </span>
    </p>
   </div>
   <div class='ocr_carea' id='block_1_27' title="bbox 550 2431 2116 2510">
    <p class='ocr_par' dir='ltr' id='par_1_27' title="bbox 550 2431 2116 2510">
     <span class='ocr_line' id='line_1_27' title="bbox 550 2431 2116 2510; baseline -0.006 -15"><span class='ocrx_word' id='word_1_225' title='bbox 550 2441 707 2508; x_wconf 87' lang='lat' dir='ltr'><strong><em>festa,</em></strong></span> <span class='ocrx_word' id='word_1_226' title='bbox 737 2441 1039 2510; x_wconf 85' lang='lat' dir='ltr'><strong><em>frequenter</em></strong></span> <span class='ocrx_word' id='word_1_227' title='bbox 1067 2452 1338 2509; x_wconf 86' lang='lat' dir='ltr'><strong><em>percurre.</em></strong></span> <span class='ocrx_word' id='word_1_228' title='bbox 1371 2434 1523 2504; x_wconf 83' lang='lat' dir='ltr'><strong><em>Quod</em></strong></span> <span class='ocrx_word' id='word_1_229' title='bbox 1561 2435 1606 2489; x_wconf 90' lang='lat' dir='ltr'><strong><em>si</em></strong></span> <span class='ocrx_word' id='word_1_230' title='bbox 1630 2448 1734 2488; x_wconf 90' lang='lat' dir='ltr'><strong><em>non</em></strong></span> <span class='ocrx_word' id='word_1_231' title='bbox 1759 2433 1958 2504; x_wconf 90' lang='lat' dir='ltr'><strong><em>poteris</em></strong></span> <span class='ocrx_word' id='word_1_232' title='bbox 1984 2431 2116 2486; x_wconf 88' lang='lat' dir='ltr'><strong><em>assi-</em></strong></span> 
     </span>
    </p>
   </div>
   <div class='ocr_carea' id='block_1_28' title="bbox 548 2523 2123 2599">
    <p class='ocr_par' dir='ltr' id='par_1_28' title="bbox 548 2523 2123 2599">
     <span class='ocr_line' id='line_1_28' title="bbox 548 2523 2123 2599; baseline -0.008 -9"><span class='ocrx_word' id='word_1_233' title='bbox 548 2534 750 2591; x_wconf 91' lang='lat' dir='ltr'><strong><em>duitate</em></strong></span> <span class='ocrx_word' id='word_1_234' title='bbox 776 2532 1018 2588; x_wconf 88' lang='lat' dir='ltr'><strong><em>lectionis</em></strong></span> <span class='ocrx_word' id='word_1_235' title='bbox 1044 2530 1282 2585; x_wconf 89' lang='lat' dir='ltr'><strong><em>invenire</em></strong></span> <span class='ocrx_word' id='word_1_236' title='bbox 1308 2527 1451 2599; x_wconf 89' lang='lat' dir='ltr'><strong><em>quod</em></strong></span> <span class='ocrx_word' id='word_1_237' title='bbox 1475 2527 1690 2595; x_wconf 89' lang='lat' dir='ltr'><strong><em>dicitur,</em></strong></span> <span class='ocrx_word' id='word_1_238' title='bbox 1729 2525 1924 2581; x_wconf 86' lang='lat' dir='ltr'><strong><em>accede</em></strong></span> <span class='ocrx_word' id='word_1_239' title='bbox 1949 2523 2014 2578; x_wconf 89' lang='lat' dir='ltr'><strong><em>ad</em></strong></span> <span class='ocrx_word' id='word_1_240' title='bbox 2037 2538 2123 2578; x_wconf 88' lang='lat' dir='ltr'><strong><em>sa-</em></strong></span> 
     </span>
    </p>
   </div>
   <div class='ocr_carea' id='block_1_29' title="bbox 549 2614 2121 2697">
    <p class='ocr_par' dir='ltr' id='par_1_29' title="bbox 549 2614 2121 2697">
     <span class='ocr_line' id='line_1_29' title="bbox 549 2614 2121 2697; baseline -0.006 -18"><span class='ocrx_word' id='word_1_241' title='bbox 549 2626 882 2697; x_wconf 90' lang='lat' dir='ltr'><strong><em>pientiorem,</em></strong></span> <span class='ocrx_word' id='word_1_242' title='bbox 906 2621 1040 2677; x_wconf 88' lang='lat' dir='ltr'><strong><em>vade</em></strong></span> <span class='ocrx_word' id='word_1_243' title='bbox 1060 2620 1126 2675; x_wconf 89' lang='lat' dir='ltr'><strong><em>ad</em></strong></span> <span class='ocrx_word' id='word_1_244' title='bbox 1152 2620 1447 2687; x_wconf 89' lang='lat' dir='ltr'><strong><em>doctorem,</em></strong></span> <span class='ocrx_word' id='word_1_245' title='bbox 1470 2617 1798 2673; x_wconf 89' lang='lat' dir='ltr'><strong><em>communica</em></strong></span> <span class='ocrx_word' id='word_1_246' title='bbox 1818 2614 1884 2670; x_wconf 92' lang='lat' dir='ltr'><strong><em>de</em></strong></span> <span class='ocrx_word' id='word_1_247' title='bbox 1914 2615 1977 2668; x_wconf 91' lang='lat' dir='ltr'><strong><em>iis</em></strong></span> <span class='ocrx_word' id='word_1_248' title='bbox 2002 2629 2121 2684; x_wconf 82' lang='lat' dir='ltr'><strong><em>quae</em></strong></span> 
     </span>
    </p>
   </div>
   <div class='ocr_carea' id='block_1_30' title="bbox 551 2704 2122 2784">
    <p class='ocr_par' dir='ltr' id='par_1_30' title="bbox 551 2704 2122 2784">
     <span class='ocr_line' id='line_1_30' title="bbox 551 2704 2122 2784; baseline -0.009 -12"><span class='ocrx_word' id='word_1_249' title='bbox 551 2717 745 2784; x_wconf 83' lang='lat' dir='ltr'><strong><em>scripta</em></strong></span> <span class='ocrx_word' id='word_1_250' title='bbox 773 2722 916 2779; x_wconf 88' lang='lat' dir='ltr'><strong><em>sunt,</em></strong></span> <span class='ocrx_word' id='word_1_251' title='bbox 945 2711 1158 2767; x_wconf 89' lang='lat' dir='ltr'><strong><em>deelara</em></strong></span> <span class='ocrx_word' id='word_1_252' title='bbox 1179 2710 1466 2766; x_wconf 80' lang='lat' dir='ltr'><strong><em>vehemens</em></strong></span> <span class='ocrx_word' id='word_1_253' title='bbox 1484 2707 1737 2763; x_wconf 90' lang='lat' dir='ltr'><strong><em>studium.</em></strong></span> <span class='ocrx_word' id='word_1_254' title='bbox 1767 2705 1836 2760; x_wconf 90' lang='lat' dir='ltr'><strong><em>Et</em></strong></span> <span class='ocrx_word' id='word_1_255' title='bbox 1859 2705 1905 2760; x_wconf 89' lang='lat' dir='ltr'><strong><em>si</em></strong></span> <span class='ocrx_word' id='word_1_256' title='bbox 1930 2704 2122 2759; x_wconf 89' lang='lat' dir='ltr'><strong><em>viderit</em></strong></span> 
     </span>
    </p>
   </div>
   <div class='ocr_carea' id='block_1_31' title="bbox 548 2796 2122 2866">
    <p class='ocr_par' dir='ltr' id='par_1_31' title="bbox 548 2796 2122 2866">
     <span class='ocr_line' id='line_1_31' title="bbox 548 2796 2122 2866; baseline -0.008 -3"><span class='ocrx_word' id='word_1_257' title='bbox 548 2818 600 2863; x_wconf 91' lang='lat' dir='ltr'><strong><em>te</em></strong></span> <span class='ocrx_word' id='word_1_258' title='bbox 630 2809 770 2863; x_wconf 88' lang='lat' dir='ltr'><strong><em>Deus</em></strong></span> <span class='ocrx_word' id='word_1_259' title='bbox 795 2814 994 2860; x_wconf 87' lang='lat' dir='ltr'><strong><em>tantam</em></strong></span> <span class='ocrx_word' id='word_1_260' title='bbox 1038 2802 1201 2859; x_wconf 90' lang='lat' dir='ltr'><strong><em>animi</em></strong></span> <span class='ocrx_word' id='word_1_261' title='bbox 1237 2801 1561 2858; x_wconf 84' lang='lat' dir='ltr'><strong><em>alacritatem</em></strong></span> <span class='ocrx_word' id='word_1_262' title='bbox 1597 2798 1870 2866; x_wconf 88' lang='lat' dir='ltr'><strong><em>adhibere,</em></strong></span> <span class='ocrx_word' id='word_1_263' title='bbox 1898 2812 2001 2851; x_wconf 92' lang='lat' dir='ltr'><strong><em>non</em></strong></span> <span class='ocrx_word' id='word_1_264' title='bbox 2029 2796 2122 2851; x_wconf 89' lang='lat' dir='ltr'><strong><em>de-</em></strong></span> 
     </span>
    </p>
   </div>
   <div class='ocr_carea' id='block_1_32' title="bbox 490 2888 2119 2972">
    <p class='ocr_par' dir='ltr' id='par_1_32' title="bbox 490 2888 2119 2972">
     <span class='ocr_line' id='line_1_32' title="bbox 490 2888 2119 2972; baseline -0.009 -16"><span class='ocrx_word' id='word_1_265' title='bbox 490 2945 497 2955; x_wconf 94' lang='lat'><strong>.</strong></span> <span class='ocrx_word' id='word_1_266' title='bbox 548 2900 735 2972; x_wconf 82' lang='lat' dir='ltr'><strong><em>spiciet</em></strong></span> <span class='ocrx_word' id='word_1_267' title='bbox 784 2908 925 2954; x_wconf 91' lang='lat' dir='ltr'><strong><em>tuam</em></strong></span> <span class='ocrx_word' id='word_1_268' title='bbox 968 2896 1294 2968; x_wconf 79' lang='lat' dir='ltr'><strong><em>vigilantiam</em></strong></span> <span class='ocrx_word' id='word_1_269' title='bbox 1334 2908 1398 2950; x_wconf 88' lang='lat' dir='ltr'><strong><em>ac</em></strong></span> <span class='ocrx_word' id='word_1_270' title='bbox 1442 2891 1871 2949; x_wconf 90' lang='lat' dir='ltr'><strong><em>sollicitudinem.</em></strong></span> <span class='ocrx_word' id='word_1_271' title='bbox 1922 2888 2119 2944; x_wconf 79' lang='lat' dir='ltr'><strong><em>Verum</em></strong></span> 
     </span>
    </p>
   </div>
   <div class='ocr_carea' id='block_1_33' title="bbox 547 2980 2122 3055">
    <p class='ocr_par' dir='ltr' id='par_1_33' title="bbox 547 2980 2122 3055">
     <span class='ocr_line' id='line_1_33' title="bbox 547 2980 2122 3055; baseline -0.01 -6"><span class='ocrx_word' id='word_1_272' title='bbox 547 2993 707 3049; x_wconf 89' lang='lat' dir='ltr'><strong><em>etiam</em></strong></span> <span class='ocrx_word' id='word_1_273' title='bbox 736 2992 783 3047; x_wconf 89' lang='lat' dir='ltr'><strong><em>si</em></strong></span> <span class='ocrx_word' id='word_1_274' title='bbox 824 2990 999 3047; x_wconf 92' lang='lat' dir='ltr'><strong><em>nullus</em></strong></span> <span class='ocrx_word' id='word_1_275' title='bbox 1040 2989 1200 3043; x_wconf 90' lang='lat' dir='ltr'><strong><em>homo</em></strong></span> <span class='ocrx_word' id='word_1_276' title='bbox 1225 2997 1277 3043; x_wconf 84' lang='lat' dir='ltr'><strong><em>te</em></strong></span> <span class='ocrx_word' id='word_1_277' title='bbox 1313 2985 1552 3043; x_wconf 89' lang='lat' dir='ltr'><strong><em>docuerit</em></strong></span> <span class='ocrx_word' id='word_1_278' title='bbox 1582 2982 1723 3055; x_wconf 92' lang='lat' dir='ltr'><strong><em>quod</em></strong></span> <span class='ocrx_word' id='word_1_279' title='bbox 1768 2980 1982 3052; x_wconf 64' lang='lat' dir='ltr'><strong><em>qureris,</em></strong></span> <span class='ocrx_word' id='word_1_280' title='bbox 2009 2980 2122 3049; x_wconf 89' lang='lat' dir='ltr'><strong><em>ipse</em></strong></span> 
     </span>
    </p>
   </div>
   <div class='ocr_carea' id='block_1_34' title="bbox 546 3070 2120 3144">
    <p class='ocr_par' dir='ltr' id='par_1_34' title="bbox 546 3070 2120 3144">
     <span class='ocr_line' id='line_1_34' title="bbox 546 3070 2120 3144; baseline -0.011 -3"><span class='ocrx_word' id='word_1_281' title='bbox 546 3087 662 3142; x_wconf 91' lang='lat' dir='ltr'><strong><em>sine</em></strong></span> <span class='ocrx_word' id='word_1_282' title='bbox 687 3084 848 3139; x_wconf 90' lang='lat' dir='ltr'><strong><em>dubio</em></strong></span> <span class='ocrx_word' id='word_1_283' title='bbox 866 3081 1142 3138; x_wconf 87' lang='lat' dir='ltr'><strong><em>reserabit.</em></strong></span> <span class='ocrx_word' id='word_1_284' title='bbox 1162 3079 1425 3136; x_wconf 84' lang='lat' dir='ltr'><strong><em>Memento</em></strong></span> <span class='ocrx_word' id='word_1_285' title='bbox 1443 3074 1672 3133; x_wconf 88' lang='lat' dir='ltr'><strong><em>eunuchi</em></strong></span> <span class='ocrx_word' id='word_1_286' title='bbox 1688 3075 1884 3144; x_wconf 81' lang='lat' dir='ltr'><strong><em>regina:</em></strong></span> <span class='ocrx_word' id='word_1_287' title='bbox 1909 3070 2120 3127; x_wconf 68' lang='lat' dir='ltr'><strong><em>Ethio-</em></strong></span> 
     </span>
    </p>
   </div>
   <div class='ocr_carea' id='block_1_35' title="bbox 549 3163 2121 3249">
    <p class='ocr_par' dir='ltr' id='par_1_35' title="bbox 549 3163 2121 3249">
     <span class='ocr_line' id='line_1_35' title="bbox 549 3163 2121 3249; baseline -0.01 -17"><span class='ocrx_word' id='word_1_288' title='bbox 549 3194 694 3249; x_wconf 89' lang='lat' dir='ltr'><strong><em>pum,</em></strong></span> <span class='ocrx_word' id='word_1_289' title='bbox 742 3175 835 3248; x_wconf 89' lang='lat' dir='ltr'><strong><em>qui</em></strong></span> <span class='ocrx_word' id='word_1_290' title='bbox 876 3190 996 3230; x_wconf 89' lang='lat' dir='ltr'><strong><em>cum</em></strong></span> <span class='ocrx_word' id='word_1_291' title='bbox 1041 3181 1182 3230; x_wconf 88' lang='lat' dir='ltr'><strong><em>esset</em></strong></span> <span class='ocrx_word' id='word_1_292' title='bbox 1221 3171 1382 3227; x_wconf 90' lang='lat' dir='ltr'><strong><em>homo</em></strong></span> <span class='ocrx_word' id='word_1_293' title='bbox 1408 3170 1694 3234; x_wconf 87' lang='lat' dir='ltr'><strong><em>barbarus,</em></strong></span> <span class='ocrx_word' id='word_1_294' title='bbox 1722 3163 2121 3234; x_wconf 90' lang='lat' dir='ltr'><strong><em>innumerisque</em></strong></span> 
     </span>
    </p>
   </div>
   <div class='ocr_carea' id='block_1_36' title="bbox 546 3257 2118 3330">
    <p class='ocr_par' dir='ltr' id='par_1_36' title="bbox 546 3257 2118 3330">
     <span class='ocr_line' id='line_1_36' title="bbox 546 3257 2118 3330; baseline -0.01 -5"><span class='ocrx_word' id='word_1_295' title='bbox 546 3271 809 3325; x_wconf 86' lang='lat' dir='ltr'><strong><em>distentus</em></strong></span> <span class='ocrx_word' id='word_1_296' title='bbox 869 3264 1342 3330; x_wconf 85' lang='lat' dir='ltr'><strong><em>sollicitudinibus,</em></strong></span> <span class='ocrx_word' id='word_1_297' title='bbox 1393 3270 1447 3318; x_wconf 91' lang='lat' dir='ltr'><strong><em>et</em></strong></span> <span class='ocrx_word' id='word_1_298' title='bbox 1505 3259 1838 3329; x_wconf 88' lang='lat' dir='ltr'><strong><em>undiquaque</em></strong></span> <span class='ocrx_word' id='word_1_299' title='bbox 1887 3257 2118 3311; x_wconf 90' lang='lat' dir='ltr'><strong><em>circum-</em></strong></span> 
     </span>
    </p>
   </div>
   <div class='ocr_carea' id='block_1_37' title="bbox 547 3345 2120 3431">
    <p class='ocr_par' dir='ltr' id='par_1_37' title="bbox 547 3345 2120 3431">
     <span class='ocr_line' id='line_1_37' title="bbox 547 3345 2120 3431; baseline -0.01 -15"><span class='ocrx_word' id='word_1_300' title='bbox 547 3369 728 3431; x_wconf 90' lang='lat' dir='ltr'><strong><em>septus</em></strong></span> <span class='ocrx_word' id='word_1_301' title='bbox 755 3358 979 3429; x_wconf 85' lang='lat' dir='ltr'><strong><em>negotiis</em></strong></span> <span class='ocrx_word' id='word_1_302' title='bbox 996 3398 1012 3426; x_wconf 91' lang='lat'><strong><em>,</em></strong></span> <span class='ocrx_word' id='word_1_303' title='bbox 1041 3370 1140 3410; x_wconf 89' lang='lat' dir='ltr'><strong><em>nec</em></strong></span> <span class='ocrx_word' id='word_1_304' title='bbox 1168 3354 1487 3423; x_wconf 78' lang='lat' dir='ltr'><strong><em>intelligeret</em></strong></span> <span class='ocrx_word' id='word_1_305' title='bbox 1512 3365 1630 3421; x_wconf 77' lang='lat' dir='ltr'><strong><em>quae</em></strong></span> <span class='ocrx_word' id='word_1_306' title='bbox 1655 3348 1881 3419; x_wconf 80' lang='lat' dir='ltr'><strong><em>legebat,</em></strong></span> <span class='ocrx_word' id='word_1_307' title='bbox 1914 3345 2120 3417; x_wconf 75' lang='lat' dir='ltr'><strong><em>legebat</em></strong></span> 
     </span>
    </p>
   </div>
   <div class='ocr_carea' id='block_1_38' title="bbox 549 3435 2120 3511">
    <p class='ocr_par' dir='ltr' id='par_1_38' title="bbox 549 3435 2120 3511">
     <span class='ocr_line' id='line_1_38' title="bbox 549 3435 2120 3511; baseline -0.009 -5"><span class='ocrx_word' id='word_1_308' title='bbox 549 3462 723 3506; x_wconf 86' lang='lat' dir='ltr'><strong><em>tamen</em></strong></span> <span class='ocrx_word' id='word_1_309' title='bbox 749 3450 800 3503; x_wconf 92' lang='lat' dir='ltr'><strong><em>in</em></strong></span> <span class='ocrx_word' id='word_1_310' title='bbox 822 3463 979 3503; x_wconf 91' lang='lat' dir='ltr'><strong><em>curru</em></strong></span> <span class='ocrx_word' id='word_1_311' title='bbox 998 3446 1208 3501; x_wconf 85' lang='lat' dir='ltr'><strong><em>sedens.</em></strong></span> <span class='ocrx_word' id='word_1_312' title='bbox 1228 3443 1378 3511; x_wconf 86' lang='lat' dir='ltr'><strong><em>Quod</em></strong></span> <span class='ocrx_word' id='word_1_313' title='bbox 1402 3442 1448 3497; x_wconf 88' lang='lat' dir='ltr'><strong><em>si</em></strong></span> <span class='ocrx_word' id='word_1_314' title='bbox 1477 3442 1529 3495; x_wconf 92' lang='lat' dir='ltr'><strong><em>in</em></strong></span> <span class='ocrx_word' id='word_1_315' title='bbox 1552 3440 1636 3496; x_wconf 91' lang='lat' dir='ltr'><strong><em>via</em></strong></span> <span class='ocrx_word' id='word_1_316' title='bbox 1658 3447 1854 3494; x_wconf 87' lang='lat' dir='ltr'><strong><em>tantam</em></strong></span> <span class='ocrx_word' id='word_1_317' title='bbox 1876 3435 2120 3508; x_wconf 65' lang='lat' dir='ltr'><strong><em>praestitit</em></strong></span> 
     </span>
    </p>
   </div>
   <div class='ocr_carea' id='block_1_39' title="bbox 549 3526 2119 3610">
    <p class='ocr_par' dir='ltr' id='par_1_39' title="bbox 549 3526 2119 3610">
     <span class='ocr_line' id='line_1_39' title="bbox 549 3526 2119 3610; baseline -0.008 -14"><span class='ocrx_word' id='word_1_318' title='bbox 549 3539 907 3610; x_wconf 76' lang='lat' dir='ltr'><strong><em>diligentiam,</em></strong></span> <span class='ocrx_word' id='word_1_319' title='bbox 953 3536 1124 3607; x_wconf 90' lang='lat' dir='ltr'><strong><em>cogita</em></strong></span> <span class='ocrx_word' id='word_1_320' title='bbox 1169 3534 1339 3607; x_wconf 88' lang='lat' dir='ltr'><strong><em>qualis</em></strong></span> <span class='ocrx_word' id='word_1_321' title='bbox 1378 3532 1539 3588; x_wconf 89' lang='lat' dir='ltr'><strong><em>fuerit</em></strong></span> <span class='ocrx_word' id='word_1_322' title='bbox 1576 3530 1722 3587; x_wconf 90' lang='lat' dir='ltr'><strong><em>domi</em></strong></span> <span class='ocrx_word' id='word_1_323' title='bbox 1766 3542 2027 3584; x_wconf 88' lang='lat' dir='ltr'><strong><em>versans:</em></strong></span> <span class='ocrx_word' id='word_1_324' title='bbox 2071 3526 2119 3583; x_wconf 88' lang='lat' dir='ltr'><strong><em>si</em></strong></span> 
     </span>
    </p>
   </div>
   <div class='ocr_carea' id='block_1_40' title="bbox 554 3617 2120 3701">
    <p class='ocr_par' dir='ltr' id='par_1_40' title="bbox 554 3617 2120 3701">
     <span class='ocr_line' id='line_1_40' title="bbox 554 3617 2120 3701; baseline -0.01 -16"><span class='ocrx_word' id='word_1_325' title='bbox 554 3641 792 3701; x_wconf 87' lang='lat' dir='ltr'><strong><em>tempore</em></strong></span> <span class='ocrx_word' id='word_1_326' title='bbox 831 3625 1174 3701; x_wconf 88' lang='lat' dir='ltr'><strong><em>profectionis</em></strong></span> <span class='ocrx_word' id='word_1_327' title='bbox 1218 3640 1324 3680; x_wconf 91' lang='lat' dir='ltr'><strong><em>non</em></strong></span> <span class='ocrx_word' id='word_1_328' title='bbox 1367 3622 1618 3679; x_wconf 90' lang='lat' dir='ltr'><strong><em>sustinuit</em></strong></span> <span class='ocrx_word' id='word_1_329' title='bbox 1645 3620 1846 3688; x_wconf 88' lang='lat' dir='ltr'><strong><em>absque</em></strong></span> <span class='ocrx_word' id='word_1_330' title='bbox 1892 3617 2120 3673; x_wconf 88' lang='lat' dir='ltr'><strong><em>lectione</em></strong></span> 
     </span>
    </p>
   </div>
   <div class='ocr_carea' id='block_1_41' title="bbox 551 3708 2117 3790">
    <p class='ocr_par' dir='ltr' id='par_1_41' title="bbox 551 3708 2117 3790">
     <span class='ocr_line' id='line_1_41' title="bbox 551 3708 2117 3790; baseline -0.01 -13"><span class='ocrx_word' id='word_1_331' title='bbox 551 3738 789 3790; x_wconf 87' lang='lat' dir='ltr'><strong><em>manere,</em></strong></span> <span class='ocrx_word' id='word_1_332' title='bbox 832 3721 1000 3776; x_wconf 88' lang='lat' dir='ltr'><strong><em>multo</em></strong></span> <span class='ocrx_word' id='word_1_333' title='bbox 1030 3720 1204 3775; x_wconf 90' lang='lat' dir='ltr'><strong><em>minus</em></strong></span> <span class='ocrx_word' id='word_1_334' title='bbox 1231 3717 1375 3773; x_wconf 90' lang='lat' dir='ltr'><strong><em>domi</em></strong></span> <span class='ocrx_word' id='word_1_335' title='bbox 1412 3714 1645 3771; x_wconf 89' lang='lat' dir='ltr'><strong><em>sedens:</em></strong></span> <span class='ocrx_word' id='word_1_336' title='bbox 1677 3713 1722 3770; x_wconf 90' lang='lat' dir='ltr'><strong><em>si</em></strong></span> <span class='ocrx_word' id='word_1_337' title='bbox 1748 3710 1881 3767; x_wconf 87' lang='lat' dir='ltr'><strong><em>nihil</em></strong></span> <span class='ocrx_word' id='word_1_338' title='bbox 1919 3708 2117 3765; x_wconf 88' lang='lat' dir='ltr'><strong><em>intelli-</em></strong></span> 
     </span>
    </p>
   </div>
   <div class='ocr_carea' id='block_1_42' title="bbox 548 3799 2117 3886">
    <p class='ocr_par' dir='ltr' id='par_1_42' title="bbox 548 3799 2117 3886">
     <span class='ocr_line' id='line_1_42' title="bbox 548 3799 2117 3886; baseline -0.01 -16"><span class='ocrx_word' id='word_1_339' title='bbox 548 3829 679 3886; x_wconf 87' lang='lat' dir='ltr'><strong><em>gens</em></strong></span> <span class='ocrx_word' id='word_1_340' title='bbox 723 3812 957 3883; x_wconf 85' lang='lat' dir='ltr'><strong><em>legebat,</em></strong></span> <span class='ocrx_word' id='word_1_341' title='bbox 987 3825 1085 3866; x_wconf 90' lang='lat' dir='ltr'><strong><em>nec</em></strong></span> <span class='ocrx_word' id='word_1_342' title='bbox 1126 3808 1331 3864; x_wconf 87' lang='lat' dir='ltr'><strong><em>destitit</em></strong></span> <span class='ocrx_word' id='word_1_343' title='bbox 1356 3822 1386 3860; x_wconf 90' lang='lat' dir='ltr'><strong><em>a</em></strong></span> <span class='ocrx_word' id='word_1_344' title='bbox 1431 3806 1689 3869; x_wconf 90' lang='lat' dir='ltr'><strong><em>lectione,</em></strong></span> <span class='ocrx_word' id='word_1_345' title='bbox 1731 3803 1897 3858; x_wconf 90' lang='lat' dir='ltr'><strong><em>multo</em></strong></span> <span class='ocrx_word' id='word_1_346' title='bbox 1939 3799 2117 3856; x_wconf 90' lang='lat' dir='ltr'><strong><em>minus</em></strong></span> 
     </span>
    </p>
   </div>
   <div class='ocr_carea' id='block_1_43' title="bbox 552 3890 2116 3975">
    <p class='ocr_par' dir='ltr' id='par_1_43' title="bbox 552 3890 2116 3975">
     <span class='ocr_line' id='line_1_43' title="bbox 552 3890 2116 3975; baseline -0.01 -16"><span class='ocrx_word' id='word_1_347' title='bbox 552 3914 827 3975; x_wconf 84' lang='lat' dir='ltr'><strong><em>postquam</em></strong></span> <span class='ocrx_word' id='word_1_348' title='bbox 863 3901 1141 3957; x_wconf 89' lang='lat' dir='ltr'><strong><em>didicerat.</em></strong></span> <span class='ocrx_word' id='word_1_349' title='bbox 1175 3898 1307 3954; x_wconf 87' lang='lat' dir='ltr'><strong><em>Nam</em></strong></span> <span class='ocrx_word' id='word_1_350' title='bbox 1337 3906 1396 3952; x_wconf 93' lang='lat' dir='ltr'><strong><em>ut</em></strong></span> <span class='ocrx_word' id='word_1_351' title='bbox 1422 3896 1591 3961; x_wconf 88' lang='lat' dir='ltr'><strong><em>scias,</em></strong></span> <span class='ocrx_word' id='word_1_352' title='bbox 1626 3893 1768 3965; x_wconf 91' lang='lat' dir='ltr'><strong><em>quod</em></strong></span> <span class='ocrx_word' id='word_1_353' title='bbox 1806 3907 1913 3947; x_wconf 90' lang='lat' dir='ltr'><strong><em>non</em></strong></span> <span class='ocrx_word' id='word_1_354' title='bbox 1956 3890 2116 3946; x_wconf 91' lang='lat' dir='ltr'><strong><em>intel-</em></strong></span> 
     </span>
    </p>
   </div>
   <div class='ocr_carea' id='block_1_44' title="bbox 549 3981 2116 4064">
    <p class='ocr_par' dir='ltr' id='par_1_44' title="bbox 549 3981 2116 4064">
     <span class='ocr_line' id='line_1_44' title="bbox 549 3981 2116 4064; baseline -0.01 -14"><span class='ocrx_word' id='word_1_355' title='bbox 549 3996 740 4050; x_wconf 80' lang='lat' dir='ltr'><strong><em>:exerit</em></strong></span> <span class='ocrx_word' id='word_1_356' title='bbox 763 4010 880 4064; x_wconf 76' lang='lat' dir='ltr'><strong><em>qua:</em></strong></span> <span class='ocrx_word' id='word_1_357' title='bbox 909 3993 1133 4063; x_wconf 84' lang='lat' dir='ltr'><strong><em>legebat,</em></strong></span> <span class='ocrx_word' id='word_1_358' title='bbox 1168 3990 1289 4044; x_wconf 92' lang='lat' dir='ltr'><strong><em>audi</em></strong></span> <span class='ocrx_word' id='word_1_359' title='bbox 1328 3986 1453 4059; x_wconf 90' lang='lat' dir='ltr'><strong><em>quid</em></strong></span> <span class='ocrx_word' id='word_1_360' title='bbox 1477 3986 1607 4043; x_wconf 90' lang='lat' dir='ltr'><strong><em>dicit</em></strong></span> <span class='ocrx_word' id='word_1_361' title='bbox 1632 3984 1941 4054; x_wconf 87' lang='lat' dir='ltr'><strong><em>Philippus:</em></strong></span> <span class='ocrx_word' id='word_1_362' title='bbox 1976 3981 2116 4035; x_wconf 86' lang='lat' dir='ltr'><strong><em>Num</em></strong></span> 
     </span>
    </p>
   </div>
   <div class='ocr_carea' id='block_1_45' title="bbox 548 4071 2116 4158">
    <p class='ocr_par' dir='ltr' id='par_1_45' title="bbox 548 4071 2116 4158">
     <span class='ocr_line' id='line_1_45' title="bbox 548 4071 2116 4158; baseline -0.009 -17"><span class='ocrx_word' id='word_1_363' title='bbox 548 4087 784 4158; x_wconf 84' lang='lat' dir='ltr'><strong><em>intelligis</em></strong></span> <span class='ocrx_word' id='word_1_364' title='bbox 812 4100 925 4155; x_wconf 74' lang='lat' dir='ltr'><strong><em>qua:</em></strong></span> <span class='ocrx_word' id='word_1_365' title='bbox 951 4082 1072 4153; x_wconf 88' lang='lat' dir='ltr'><strong><em>legis</em></strong></span> <span class='ocrx_word' id='word_1_366' title='bbox 1098 4079 1236 4152; x_wconf 83' lang='lat' dir='ltr'><strong><em>(Act.</em></strong></span> <span class='ocrx_word' id='word_1_367' title='bbox 1269 4078 1321 4135; x_wconf 92' lang='lat'><strong><em>8.</em></strong></span> <span class='ocrx_word' id='word_1_368' title='bbox 1344 4076 1434 4150; x_wconf 79' lang='lat'><strong><em>&#39;50)</em></strong></span> <span class='ocrx_word' id='word_1_369' title='bbox 1453 4078 1476 4131; x_wconf 83' lang='lat'><strong>?</strong></span> <span class='ocrx_word' id='word_1_370' title='bbox 1497 4079 1669 4146; x_wconf 84' lang='lat' dir='ltr'><strong><em>Atque</em></strong></span> <span class='ocrx_word' id='word_1_371' title='bbox 1699 4074 1789 4129; x_wconf 92' lang='lat' dir='ltr'><strong><em>ille</em></strong></span> <span class='ocrx_word' id='word_1_372' title='bbox 1816 4073 1898 4128; x_wconf 90' lang='lat' dir='ltr'><strong><em>his</em></strong></span> <span class='ocrx_word' id='word_1_373' title='bbox 1920 4071 2116 4127; x_wconf 90' lang='lat' dir='ltr'><strong><em>auditis</em></strong></span> 
     </span>
    </p>
   </div>
   <div class='ocr_carea' id='block_1_46' title="bbox 548 4164 2116 4247">
    <p class='ocr_par' dir='ltr' id='par_1_46' title="bbox 548 4164 2116 4247">
     <span class='ocr_line' id='line_1_46' title="bbox 548 4164 2116 4247; baseline -0.01 -15"><span class='ocrx_word' id='word_1_374' title='bbox 548 4194 653 4233; x_wconf 90' lang='lat' dir='ltr'><strong><em>non</em></strong></span> <span class='ocrx_word' id='word_1_375' title='bbox 685 4175 993 4247; x_wconf 87' lang='lat' dir='ltr'><strong><em>pudefactus</em></strong></span> <span class='ocrx_word' id='word_1_376' title='bbox 1030 4181 1132 4238; x_wconf 91' lang='lat' dir='ltr'><strong><em>est,</em></strong></span> <span class='ocrx_word' id='word_1_377' title='bbox 1166 4186 1264 4226; x_wconf 88' lang='lat' dir='ltr'><strong><em>nec</em></strong></span> <span class='ocrx_word' id='word_1_378' title='bbox 1289 4168 1529 4235; x_wconf 90' lang='lat' dir='ltr'><strong><em>erubuit,</em></strong></span> <span class='ocrx_word' id='word_1_379' title='bbox 1558 4165 1649 4222; x_wconf 90' lang='lat' dir='ltr'><strong><em>sed</em></strong></span> <span class='ocrx_word' id='word_1_380' title='bbox 1678 4164 1938 4221; x_wconf 83' lang='lat' dir='ltr'><strong><em>inscitiam</em></strong></span> <span class='ocrx_word' id='word_1_381' title='bbox 1963 4178 2116 4220; x_wconf 90' lang='lat' dir='ltr'><strong><em>suam</em></strong></span> 
     </span>
    </p>
   </div>
   <div class='ocr_carea' id='block_1_47' title="bbox 552 4254 2116 4333">
    <p class='ocr_par' dir='ltr' id='par_1_47' title="bbox 552 4254 2116 4333">
     <span class='ocr_line' id='line_1_47' title="bbox 552 4254 2116 4333; baseline -0.011 -10"><span class='ocrx_word' id='word_1_382' title='bbox 552 4267 826 4323; x_wconf 86' lang='lat' dir='ltr'><strong><em>confessus</em></strong></span> <span class='ocrx_word' id='word_1_383' title='bbox 851 4273 933 4319; x_wconf 91' lang='lat' dir='ltr'><strong><em>est</em></strong></span> <span class='ocrx_word' id='word_1_384' title='bbox 958 4264 1174 4333; x_wconf 89' lang='lat' dir='ltr'><strong><em>aitque:</em></strong></span> <span class='ocrx_word' id='word_1_385' title='bbox 1205 4260 1423 4327; x_wconf 87' lang='lat' dir='ltr'><strong><em>Quinam</em></strong></span> <span class='ocrx_word' id='word_1_386' title='bbox 1462 4258 1675 4329; x_wconf 81' lang='lat' dir='ltr'><strong><em>possint,</em></strong></span> <span class='ocrx_word' id='word_1_387' title='bbox 1716 4256 1815 4311; x_wconf 88' lang='lat' dir='ltr'><strong><em>nisi</em></strong></span> <span class='ocrx_word' id='word_1_388' title='bbox 1842 4256 1953 4328; x_wconf 87' lang='lat' dir='ltr'><strong><em>quis</em></strong></span> <span class='ocrx_word' id='word_1_389' title='bbox 1990 4254 2116 4307; x_wconf 89' lang='lat' dir='ltr'><strong><em>mihi</em></strong></span> 
     </span>
    </p>
   </div>
   <div class='ocr_carea' id='block_1_48' title="bbox 545 4344 2114 4428">
    <p class='ocr_par' dir='ltr' id='par_1_48' title="bbox 545 4344 2114 4428">
     <span class='ocr_line' id='line_1_48' title="bbox 545 4344 2114 4428; baseline -0.011 -13"><span class='ocrx_word' id='word_1_390' title='bbox 545 4358 816 4415; x_wconf 83' lang='lat' dir='ltr'><strong><em>ostenderit</em></strong></span> <span class='ocrx_word' id='word_1_391' title='bbox 845 4355 947 4428; x_wconf 89' lang='lat' dir='ltr'><strong><em>(Ib.</em></strong></span> <span class='ocrx_word' id='word_1_392' title='bbox 975 4370 1020 4409; x_wconf 84' lang='grc' dir='ltr'>υ.</span> <span class='ocrx_word' id='word_1_393' title='bbox 1053 4352 1181 4424; x_wconf 77' lang='lat' dir='ltr'><strong><em>3i)?</em></strong></span> <span class='ocrx_word' id='word_1_394' title='bbox 1208 4352 1339 4408; x_wconf 91' lang='lat' dir='ltr'><strong><em>Cum</em></strong></span> <span class='ocrx_word' id='word_1_395' title='bbox 1366 4350 1601 4406; x_wconf 91' lang='lat' dir='ltr'><strong><em>nondum</em></strong></span> <span class='ocrx_word' id='word_1_396' title='bbox 1625 4348 1844 4419; x_wconf 86' lang='lat' dir='ltr'><strong><em>haberet</em></strong></span> <span class='ocrx_word' id='word_1_397' title='bbox 1867 4344 1957 4417; x_wconf 91' lang='lat' dir='ltr'><strong><em>qui</em></strong></span> <span class='ocrx_word' id='word_1_398' title='bbox 1976 4344 2114 4400; x_wconf 86' lang='lat' dir='ltr'><strong><em>viam</em></strong></span> 
     </span>
    </p>
   </div>
   <div class='ocr_carea' id='block_1_49' title="bbox 545 4439 2116 4513">
    <p class='ocr_par' dir='ltr' id='par_1_49' title="bbox 545 4439 2116 4513">
     <span class='ocr_line' id='line_1_49' title="bbox 545 4439 2116 4513; baseline -0.008 -9"><span class='ocrx_word' id='word_1_399' title='bbox 545 4455 1022 4511; x_wconf 86' lang='lat' dir='ltr'><strong><em>commonstraret,</em></strong></span> <span class='ocrx_word' id='word_1_400' title='bbox 1070 4454 1247 4500; x_wconf 90' lang='lat' dir='ltr'><strong><em>tamen</em></strong></span> <span class='ocrx_word' id='word_1_401' title='bbox 1300 4442 1527 4513; x_wconf 87' lang='lat' dir='ltr'><strong><em>legebat,</em></strong></span> <span class='ocrx_word' id='word_1_402' title='bbox 1568 4455 1739 4510; x_wconf 88' lang='lat' dir='ltr'><strong><em>eoque</em></strong></span> <span class='ocrx_word' id='word_1_403' title='bbox 1787 4439 1893 4493; x_wconf 93' lang='lat' dir='ltr'><strong><em>cito</em></strong></span> <span class='ocrx_word' id='word_1_404' title='bbox 1928 4450 2116 4493; x_wconf 91' lang='lat' dir='ltr'><strong><em>conse-</em></strong></span> 
     </span>
    </p>
   </div>
   <div class='ocr_carea' id='block_1_50' title="bbox 545 4529 2112 4611">
    <p class='ocr_par' dir='ltr' id='par_1_50' title="bbox 545 4529 2112 4611">
     <span class='ocr_line' id='line_1_50' title="bbox 545 4529 2112 4611; baseline -0.008 -16"><span class='ocrx_word' id='word_1_405' title='bbox 545 4549 739 4611; x_wconf 88' lang='lat' dir='ltr'><strong><em>quutus</em></strong></span> <span class='ocrx_word' id='word_1_406' title='bbox 768 4547 849 4593; x_wconf 87' lang='lat' dir='ltr'><strong><em>est</em></strong></span> <span class='ocrx_word' id='word_1_407' title='bbox 871 4536 1165 4591; x_wconf 90' lang='lat' dir='ltr'><strong><em>ductorem.</em></strong></span> <span class='ocrx_word' id='word_1_408' title='bbox 1194 4533 1350 4588; x_wconf 87' lang='lat' dir='ltr'><strong><em>Novit</em></strong></span> <span class='ocrx_word' id='word_1_409' title='bbox 1371 4547 1687 4603; x_wconf 89' lang='lat' dir='ltr'><strong><em>propensam</em></strong></span> <span class='ocrx_word' id='word_1_410' title='bbox 1716 4531 1855 4586; x_wconf 91' lang='lat' dir='ltr'><strong><em>illius</em></strong></span> <span class='ocrx_word' id='word_1_411' title='bbox 1885 4529 2112 4584; x_wconf 88' lang='lat' dir='ltr'><strong><em>animam</em></strong></span> 
     </span>
    </p>
   </div>
   <div class='ocr_carea' id='block_1_51' title="bbox 547 4622 2113 4698">
    <p class='ocr_par' dir='ltr' id='par_1_51' title="bbox 547 4622 2113 4698">
     <span class='ocr_line' id='line_1_51' title="bbox 547 4622 2113 4698; baseline -0.008 -12"><span class='ocrx_word' id='word_1_412' title='bbox 547 4633 723 4698; x_wconf 87' lang='lat' dir='ltr'><strong><em>Deus,</em></strong></span> <span class='ocrx_word' id='word_1_413' title='bbox 778 4629 1008 4684; x_wconf 89' lang='lat' dir='ltr'><strong><em>studium</em></strong></span> <span class='ocrx_word' id='word_1_414' title='bbox 1054 4627 1328 4696; x_wconf 76' lang='lat' dir='ltr'><strong><em>amplexus</em></strong></span> <span class='ocrx_word' id='word_1_415' title='bbox 1370 4633 1486 4689; x_wconf 89' lang='lat' dir='ltr'><strong><em>est,</em></strong></span> <span class='ocrx_word' id='word_1_416' title='bbox 1532 4623 1675 4677; x_wconf 90' lang='lat' dir='ltr'><strong><em>misit</em></strong></span> <span class='ocrx_word' id='word_1_417' title='bbox 1712 4622 1786 4677; x_wconf 92' lang='lat' dir='ltr'><strong><em>illi</em></strong></span> <span class='ocrx_word' id='word_1_418' title='bbox 1841 4622 2113 4677; x_wconf 90' lang='lat' dir='ltr'><strong><em>doctorem</em></strong></span> 
     </span>
    </p>
   </div>
   <div class='ocr_carea' id='block_1_52' title="bbox 546 4711 2113 4783">
    <p class='ocr_par' dir='ltr' id='par_1_52' title="bbox 546 4711 2113 4783">
     <span class='ocr_line' id='line_1_52' title="bbox 546 4711 2113 4783; baseline -0.008 -6"><span class='ocrx_word' id='word_1_419' title='bbox 546 4723 706 4777; x_wconf 91' lang='lat' dir='ltr'><strong><em>illico.</em></strong></span> <span class='ocrx_word' id='word_1_420' title='bbox 738 4719 935 4775; x_wconf 81' lang='lat' dir='ltr'><strong><em>Verum</em></strong></span> <span class='ocrx_word' id='word_1_421' title='bbox 964 4732 1070 4773; x_wconf 90' lang='lat' dir='ltr'><strong><em>non</em></strong></span> <span class='ocrx_word' id='word_1_422' title='bbox 1109 4715 1259 4771; x_wconf 90' lang='lat' dir='ltr'><strong><em>adest</em></strong></span> <span class='ocrx_word' id='word_1_423' title='bbox 1285 4714 1559 4783; x_wconf 88' lang='lat' dir='ltr'><strong><em>Philippus</em></strong></span> <span class='ocrx_word' id='word_1_424' title='bbox 1590 4730 1604 4766; x_wconf 91' lang='lat'><strong><em>:</em></strong></span> <span class='ocrx_word' id='word_1_425' title='bbox 1636 4712 1731 4768; x_wconf 90' lang='lat' dir='ltr'><strong><em>sed</em></strong></span> <span class='ocrx_word' id='word_1_426' title='bbox 1774 4711 2001 4783; x_wconf 87' lang='lat' dir='ltr'><strong><em>Spiritus</em></strong></span> <span class='ocrx_word' id='word_1_427' title='bbox 2024 4711 2113 4782; x_wconf 91' lang='lat' dir='ltr'><strong><em>qui</em></strong></span> 
     </span>
    </p>
   </div>
   <div class='ocr_carea' id='block_1_53' title="bbox 545 4805 2110 4882">
    <p class='ocr_par' dir='ltr' id='par_1_53' title="bbox 545 4805 2110 4882">
     <span class='ocr_line' id='line_1_53' title="bbox 545 4805 2110 4882; baseline -0.01 -11"><span class='ocrx_word' id='word_1_428' title='bbox 545 4821 785 4872; x_wconf 87' lang='lat' dir='ltr'><strong><em>moverat</em></strong></span> <span class='ocrx_word' id='word_1_429' title='bbox 812 4811 1113 4882; x_wconf 86' lang='lat' dir='ltr'><strong><em>Philippum</em></strong></span> <span class='ocrx_word' id='word_1_430' title='bbox 1147 4808 1315 4863; x_wconf 88' lang='lat' dir='ltr'><strong><em>adest.</em></strong></span> <span class='ocrx_word' id='word_1_431' title='bbox 1346 4805 1423 4861; x_wconf 83' lang='lat' dir='ltr'><strong><em>Ne</em></strong></span> <span class='ocrx_word' id='word_1_432' title='bbox 1447 4805 1838 4876; x_wconf 81' lang='lat' dir='ltr'><strong><em>neglexerimus</em></strong></span> <span class='ocrx_word' id='word_1_433' title='bbox 1878 4811 2110 4858; x_wconf 86' lang='lat' dir='ltr'><strong><em>nostram</em></strong></span> 
     </span>
    </p>
   </div>
   <div class='ocr_carea' id='block_1_54' title="bbox 545 4897 2113 4970">
    <p class='ocr_par' dir='ltr' id='par_1_54' title="bbox 545 4897 2113 4970">
     <span class='ocr_line' id='line_1_54' title="bbox 545 4897 2113 4970; baseline -0.01 -6"><span class='ocrx_word' id='word_1_434' title='bbox 545 4909 794 4970; x_wconf 89' lang='lat' dir='ltr'><strong><em>salutem,</em></strong></span> <span class='ocrx_word' id='word_1_435' title='bbox 823 4902 1186 4960; x_wconf 88' lang='lat' dir='ltr'><strong><em>dilectissimi:</em></strong></span> <span class='ocrx_word' id='word_1_436' title='bbox 1214 4900 1328 4955; x_wconf 67' lang='lat' dir='ltr'><strong><em>haze</em></strong></span> <span class='ocrx_word' id='word_1_437' title='bbox 1347 4898 1521 4954; x_wconf 91' lang='lat' dir='ltr'><strong><em>omnia</em></strong></span> <span class='ocrx_word' id='word_1_438' title='bbox 1552 4897 1757 4965; x_wconf 85' lang='lat' dir='ltr'><strong><em>Scripta</em></strong></span> <span class='ocrx_word' id='word_1_439' title='bbox 1775 4904 1889 4950; x_wconf 89' lang='lat' dir='ltr'><strong><em>sunt</em></strong></span> <span class='ocrx_word' id='word_1_440' title='bbox 1909 4903 2113 4965; x_wconf 80' lang='lat' dir='ltr'><strong><em>propter</em></strong></span> 
     </span>
    </p>
   </div>
   <div class='ocr_carea' id='block_1_55' title="bbox 546 4985 2113 5059">
    <p class='ocr_par' dir='ltr' id='par_1_55' title="bbox 546 4985 2113 5059">
     <span class='ocr_line' id='line_1_55' title="bbox 546 4985 2113 5059; baseline -0.011 -5"><span class='ocrx_word' id='word_1_441' title='bbox 546 5016 635 5054; x_wconf 87' lang='lat' dir='ltr'><strong><em>nos</em></strong></span> <span class='ocrx_word' id='word_1_442' title='bbox 668 4997 735 5051; x_wconf 86' lang='lat' dir='ltr'><strong><em>ad</em></strong></span> <span class='ocrx_word' id='word_1_443' title='bbox 776 4995 1131 5049; x_wconf 90' lang='lat' dir='ltr'><strong><em>correctionem</em></strong></span> <span class='ocrx_word' id='word_1_444' title='bbox 1172 4991 1349 5057; x_wconf 87' lang='lat' dir='ltr'><strong><em>nostri,</em></strong></span> <span class='ocrx_word' id='word_1_445' title='bbox 1397 4990 1452 5044; x_wconf 90' lang='lat' dir='ltr'><strong><em>in</em></strong></span> <span class='ocrx_word' id='word_1_446' title='bbox 1493 5003 1616 5059; x_wconf 87' lang='lat' dir='ltr'><strong><em>quos</em></strong></span> <span class='ocrx_word' id='word_1_447' title='bbox 1647 4987 1773 5056; x_wconf 77' lang='lat' dir='ltr'><strong><em>fines</em></strong></span> <span class='ocrx_word' id='word_1_448' title='bbox 1813 4985 2113 5040; x_wconf 78' lang='lat' dir='ltr'><strong><em>steculorum</em></strong></span> 
     </span>
    </p>
   </div>
   <div class='ocr_carea' id='block_1_56' title="bbox 544 5081 1337 5156">
    <p class='ocr_par' dir='ltr' id='par_1_56' title="bbox 544 5081 1337 5156">
     <span class='ocr_line' id='line_1_56' title="bbox 544 5081 1337 5156; baseline -0.011 -12"><span class='ocrx_word' id='word_1_449' title='bbox 544 5091 842 5144; x_wconf 79' lang='lat' dir='ltr'><strong><em>devenerunt</em></strong></span> <span class='ocrx_word' id='word_1_450' title='bbox 867 5085 945 5156; x_wconf 73' lang='grc' dir='ltr'>(ι.</span> <span class='ocrx_word' id='word_1_451' title='bbox 975 5084 1091 5140; x_wconf 89' lang='lat' dir='ltr'><strong><em>Cor.</em></strong></span> <span class='ocrx_word' id='word_1_452' title='bbox 1116 5083 1202 5139; x_wconf 83' lang='grc'>10.</span> <span class='ocrx_word' id='word_1_453' title='bbox 1224 5081 1337 5153; x_wconf 79' lang='lat' dir='ltr'><strong><em>ll).</em></strong></span> 
     </span>
    </p>
   </div>
   <div class='ocr_carea' id='block_1_57' title="bbox 614 5167 2113 5251">
    <p class='ocr_par' dir='ltr' id='par_1_57' title="bbox 614 5167 2113 5251">
     <span class='ocr_line' id='line_1_57' title="bbox 614 5167 2113 5251; baseline -0.009 -17"><span class='ocrx_word' id='word_1_454' title='bbox 614 5178 875 5251; x_wconf 83' lang='lat' dir='ltr'><strong><em>Ignoratio</em></strong></span> <span class='ocrx_word' id='word_1_455' title='bbox 916 5177 1196 5247; x_wconf 74' lang='lat' dir='ltr'><strong><em>Scriptum</em></strong></span> <span class='ocrx_word' id='word_1_456' title='bbox 1237 5175 1446 5229; x_wconf 69' lang='lat' dir='ltr'><strong><em>haereses</em></strong></span> <span class='ocrx_word' id='word_1_457' title='bbox 1484 5172 1636 5243; x_wconf 89' lang='lat' dir='ltr'><strong><em>parit.</em></strong></span> <span class='ocrx_word' id='word_1_458' title='bbox 1679 5199 1751 5212; x_wconf 94' lang='lat'><strong>—</strong></span> <span class='ocrx_word' id='word_1_459' title='bbox 1796 5169 1979 5239; x_wconf 83' lang='lat' dir='ltr'><strong><em>Magna</em></strong></span> <span class='ocrx_word' id='word_1_460' title='bbox 2014 5167 2113 5222; x_wconf 88' lang='lat' dir='ltr'><strong><em>ad-</em></strong></span> 
     </span>
    </p>
   </div>
   <div class='ocr_carea' id='block_1_58' title="bbox 544 5258 2107 5340">
    <p class='ocr_par' dir='ltr' id='par_1_58' title="bbox 544 5258 2107 5340">
     <span class='ocr_line' id='line_1_58' title="bbox 544 5258 2107 5340; baseline -0.008 -16"><span class='ocrx_word' id='word_1_461' title='bbox 544 5285 731 5326; x_wconf 84' lang='lat' dir='ltr'><strong><em>versus</em></strong></span> <span class='ocrx_word' id='word_1_462' title='bbox 767 5276 1039 5340; x_wconf 89' lang='lat' dir='ltr'><strong><em>peccatum</em></strong></span> <span class='ocrx_word' id='word_1_463' title='bbox 1082 5264 1305 5320; x_wconf 90' lang='lat' dir='ltr'><strong><em>munitio</em></strong></span> <span class='ocrx_word' id='word_1_464' title='bbox 1351 5272 1431 5319; x_wconf 93' lang='lat' dir='ltr'><strong><em>est</em></strong></span> <span class='ocrx_word' id='word_1_465' title='bbox 1484 5263 1874 5332; x_wconf 88' lang='lat' dir='ltr'><strong><em>Seripturarum</em></strong></span> <span class='ocrx_word' id='word_1_466' title='bbox 1913 5258 2107 5313; x_wconf 90' lang='lat' dir='ltr'><strong><em>lectio:</em></strong></span> 
     </span>
    </p>
   </div>
   <div class='ocr_carea' id='block_1_59' title="bbox 546 5347 2113 5431">
    <p class='ocr_par' dir='ltr' id='par_1_59' title="bbox 546 5347 2113 5431">
     <span class='ocr_line' id='line_1_59' title="bbox 546 5347 2113 5431; baseline -0.008 -16"><span class='ocrx_word' id='word_1_467' title='bbox 546 5375 791 5431; x_wconf 84' lang='lat' dir='ltr'><strong><em>magnum</em></strong></span> <span class='ocrx_word' id='word_1_468' title='bbox 848 5356 1215 5428; x_wconf 64' lang='lat' dir='ltr'><strong><em>praecipitium,</em></strong></span> <span class='ocrx_word' id='word_1_469' title='bbox 1266 5353 1582 5424; x_wconf 89' lang='lat' dir='ltr'><strong><em>profundum</em></strong></span> <span class='ocrx_word' id='word_1_470' title='bbox 1625 5350 1930 5407; x_wconf 87' lang='lat' dir='ltr'><strong><em>barathrum</em></strong></span> <span class='ocrx_word' id='word_1_471' title='bbox 1968 5347 2113 5404; x_wconf 89' lang='lat' dir='ltr'><strong><em>Scri-</em></strong></span> 
     </span>
    </p>
   </div>
   <div class='ocr_carea' id='block_1_60' title="bbox 548 5441 2112 5523">
    <p class='ocr_par' dir='ltr' id='par_1_60' title="bbox 548 5441 2112 5523">
     <span class='ocr_line' id='line_1_60' title="bbox 548 5441 2112 5523; baseline -0.005 -18"><span class='ocrx_word' id='word_1_472' title='bbox 548 5463 818 5523; x_wconf 89' lang='lat' dir='ltr'><strong><em>pturarum</em></strong></span> <span class='ocrx_word' id='word_1_473' title='bbox 846 5451 1120 5521; x_wconf 80' lang='lat' dir='ltr'><strong><em>ignoratio,</em></strong></span> <span class='ocrx_word' id='word_1_474' title='bbox 1144 5462 1328 5519; x_wconf 88' lang='lat' dir='ltr'><strong><em>magna</em></strong></span> <span class='ocrx_word' id='word_1_475' title='bbox 1359 5447 1544 5502; x_wconf 88' lang='lat' dir='ltr'><strong><em>salutis</em></strong></span> <span class='ocrx_word' id='word_1_476' title='bbox 1565 5445 1790 5516; x_wconf 90' lang='lat' dir='ltr'><strong><em>perditio</em></strong></span> <span class='ocrx_word' id='word_1_477' title='bbox 1817 5442 1948 5497; x_wconf 88' lang='lat' dir='ltr'><strong><em>nihil</em></strong></span> <span class='ocrx_word' id='word_1_478' title='bbox 1974 5441 2112 5497; x_wconf 85' lang='lat' dir='ltr'><strong><em>scire</em></strong></span> 
     </span>
    </p>
   </div>
   <div class='ocr_carea' id='block_1_61' title="bbox 546 5533 2110 5610">
    <p class='ocr_par' dir='ltr' id='par_1_61' title="bbox 546 5533 2110 5610">
     <span class='ocr_line' id='line_1_61' title="bbox 546 5533 2110 5610; baseline -0.006 -16"><span class='ocrx_word' id='word_1_479' title='bbox 546 5558 611 5595; x_wconf 76' lang='lat' dir='ltr'><strong><em>ex</em></strong></span> <span class='ocrx_word' id='word_1_480' title='bbox 649 5539 842 5596; x_wconf 88' lang='lat' dir='ltr'><strong><em>divinis</em></strong></span> <span class='ocrx_word' id='word_1_481' title='bbox 880 5540 1083 5610; x_wconf 89' lang='lat' dir='ltr'><strong><em>legibus</em></strong></span> <span class='ocrx_word' id='word_1_482' title='bbox 1119 5555 1133 5593; x_wconf 94' lang='lat'><strong><em>:</em></strong></span> <span class='ocrx_word' id='word_1_483' title='bbox 1178 5553 1242 5594; x_wconf 90' lang='lat' dir='ltr'><strong><em>ea</em></strong></span> <span class='ocrx_word' id='word_1_484' title='bbox 1284 5552 1371 5592; x_wconf 90' lang='lat' dir='ltr'><strong><em>res</em></strong></span> <span class='ocrx_word' id='word_1_485' title='bbox 1409 5545 1463 5592; x_wconf 91' lang='lat' dir='ltr'><strong><em>et</em></strong></span> <span class='ocrx_word' id='word_1_486' title='bbox 1506 5536 1735 5591; x_wconf 84' lang='lat' dir='ltr'><strong><em>haereses</em></strong></span> <span class='ocrx_word' id='word_1_487' title='bbox 1770 5533 2005 5603; x_wconf 83' lang='lat' dir='ltr'><strong><em>peperit,</em></strong></span> <span class='ocrx_word' id='word_1_488' title='bbox 2046 5546 2110 5586; x_wconf 85' lang='lat' dir='ltr'><strong><em>ea</em></strong></span> 
     </span>
    </p>
   </div>
   <div class='ocr_carea' id='block_1_62' title="bbox 539 5622 2108 5711">
    <p class='ocr_par' dir='ltr' id='par_1_62' title="bbox 539 5622 2108 5711">
     <span class='ocr_line' id='line_1_62' title="bbox 539 5622 2108 5711; baseline -0.006 -26"><span class='ocrx_word' id='word_1_489' title='bbox 539 5629 1018 5711; x_wconf 84' lang='lat' dir='ltr'><strong><em>vitamcorruptam</em></strong></span> <span class='ocrx_word' id='word_1_490' title='bbox 1041 5628 1256 5694; x_wconf 76' lang='lat' dir='ltr'><strong><em>invexit,</em></strong></span> <span class='ocrx_word' id='word_1_491' title='bbox 1286 5629 1383 5682; x_wconf 81' lang='lat' dir='ltr'><strong><em>hoc</em></strong></span> <span class='ocrx_word' id='word_1_492' title='bbox 1405 5642 1612 5682; x_wconf 88' lang='lat' dir='ltr'><strong><em>sursum</em></strong></span> <span class='ocrx_word' id='word_1_493' title='bbox 1629 5627 1875 5681; x_wconf 87' lang='lat' dir='ltr'><strong><em>deorsum</em></strong></span> <span class='ocrx_word' id='word_1_494' title='bbox 1899 5622 2108 5677; x_wconf 88' lang='lat' dir='ltr'><strong><em>miscuit</em></strong></span> 
     </span>
    </p>
   </div>
   <div class='ocr_carea' id='block_1_63' title="bbox 2217 521 3674 596">
    <p class='ocr_par' dir='ltr' id='par_1_63' title="bbox 2217 521 3674 596">
     <span class='ocr_line' id='line_1_63' title="bbox 2217 521 3674 596; baseline 0.003 -17"><span class='ocrx_word' id='word_1_495' title='bbox 2217 531 2376 594; x_wconf 88' lang='lat' dir='ltr'><strong><em>taque</em></strong></span> <span class='ocrx_word' id='word_1_496' title='bbox 2399 524 2630 578; x_wconf 91' lang='lat' dir='ltr'><strong><em>lectione</em></strong></span> <span class='ocrx_word' id='word_1_497' title='bbox 2654 521 2876 577; x_wconf 79' lang='lat' dir='ltr'><strong><em>fruatur.</em></strong></span> <span class='ocrx_word' id='word_1_498' title='bbox 2899 522 3033 577; x_wconf 87' lang='lat' dir='ltr'><strong><em>Ecce</em></strong></span> <span class='ocrx_word' id='word_1_499' title='bbox 3051 536 3149 576; x_wconf 92' lang='lat' dir='ltr'><strong><em>una</em></strong></span> <span class='ocrx_word' id='word_1_500' title='bbox 3170 523 3413 591; x_wconf 84' lang='lat' dir='ltr'><strong><em>parabola,</em></strong></span> <span class='ocrx_word' id='word_1_501' title='bbox 3435 542 3561 596; x_wconf 86' lang='lat' dir='ltr'><strong><em>quam</em></strong></span> <span class='ocrx_word' id='word_1_502' title='bbox 3580 534 3674 584; x_wconf 85' lang='lat' dir='ltr'><strong><em>mul-</em></strong></span> 
     </span>
    </p>
   </div>
   <div class='ocr_carea' id='block_1_64' title="bbox 2216 612 3680 685">
    <p class='ocr_par' dir='ltr' id='par_1_64' title="bbox 2216 612 3680 685">
     <span class='ocr_line' id='line_1_64' title="bbox 2216 612 3680 685; baseline 0.002 -15"><span class='ocrx_word' id='word_1_503' title='bbox 2216 614 2452 685; x_wconf 89' lang='lat' dir='ltr'><strong><em>tiplicem</em></strong></span> <span class='ocrx_word' id='word_1_504' title='bbox 2486 614 2640 669; x_wconf 90' lang='lat' dir='ltr'><strong><em>nobis</em></strong></span> <span class='ocrx_word' id='word_1_505' title='bbox 2681 613 2856 667; x_wconf 88' lang='lat' dir='ltr'><strong><em>attulit</em></strong></span> <span class='ocrx_word' id='word_1_506' title='bbox 2894 612 3201 667; x_wconf 81' lang='lat' dir='ltr'><strong><em>utilitatem?</em></strong></span> <span class='ocrx_word' id='word_1_507' title='bbox 3241 615 3475 683; x_wconf 88' lang='lat' dir='ltr'><strong><em>quomodo</em></strong></span> <span class='ocrx_word' id='word_1_508' title='bbox 3505 619 3680 674; x_wconf 84' lang='lat' dir='ltr'><strong><em>animam</em></strong></span> 
     </span>
    </p>
   </div>
   <div class='ocr_carea' id='block_1_65' title="bbox 2220 704 3681 775">
    <p class='ocr_par' dir='ltr' id='par_1_65' title="bbox 2220 704 3681 775">
     <span class='ocr_line' id='line_1_65' title="bbox 2220 704 3681 775; baseline 0.001 -13"><span class='ocrx_word' id='word_1_509' title='bbox 2220 715 2454 762; x_wconf 91' lang='lat' dir='ltr'><strong><em>nostram</em></strong></span> <span class='ocrx_word' id='word_1_510' title='bbox 2482 706 2757 760; x_wconf 88' lang='lat' dir='ltr'><strong><em>meliorem</em></strong></span> <span class='ocrx_word' id='word_1_511' title='bbox 2778 704 3041 760; x_wconf 85' lang='lat' dir='ltr'><strong><em>reddidit?</em></strong></span> <span class='ocrx_word' id='word_1_512' title='bbox 3054 704 3182 773; x_wconf 83' lang='lat' dir='ltr'><strong><em>Nam</em></strong></span> <span class='ocrx_word' id='word_1_513' title='bbox 3196 706 3465 775; x_wconf 86' lang='lat' dir='ltr'><strong><em>complures</em></strong></span> <span class='ocrx_word' id='word_1_514' title='bbox 3478 748 3491 772; x_wconf 92' lang='lat'><strong><em>,</em></strong></span> <span class='ocrx_word' id='word_1_515' title='bbox 3504 718 3570 762; x_wconf 86' lang='lat' dir='ltr'><strong><em>sat</em></strong></span> <span class='ocrx_word' id='word_1_516' title='bbox 3585 712 3681 771; x_wconf 84' lang='lat' dir='ltr'><strong><em>scio.</em></strong></span> 
     </span>
    </p>
   </div>
   <div class='ocr_carea' id='block_1_66' title="bbox 2217 783 3683 867">
    <p class='ocr_par' dir='ltr' id='par_1_66' title="bbox 2217 783 3683 867">
     <span class='ocr_line' id='line_1_66' title="bbox 2217 783 3683 867; baseline 0.001 -16"><span class='ocrx_word' id='word_1_517' title='bbox 2217 807 2361 863; x_wconf 87' lang='lat' dir='ltr'><strong><em>sunt,</em></strong></span> <span class='ocrx_word' id='word_1_518' title='bbox 2392 796 2482 867; x_wconf 91' lang='lat' dir='ltr'><strong><em>qui</em></strong></span> <span class='ocrx_word' id='word_1_519' title='bbox 2509 811 2576 851; x_wconf 80' lang='lat' dir='ltr'><strong><em>ex</em></strong></span> <span class='ocrx_word' id='word_1_520' title='bbox 2606 783 3060 850; x_wconf 66' lang='lat' dir='ltr'><strong><em>his&#39;sermouibus</em></strong></span> <span class='ocrx_word' id='word_1_521' title='bbox 3087 795 3341 864; x_wconf 88' lang='lat' dir='ltr'><strong><em>copiosam</em></strong></span> <span class='ocrx_word' id='word_1_522' title='bbox 3372 797 3599 851; x_wconf 79' lang='lat' dir='ltr'><strong><em>utilitatem</em></strong></span> <span class='ocrx_word' id='word_1_523' title='bbox 3632 801 3683 854; x_wconf 88' lang='lat' dir='ltr'><strong><em>fe-</em></strong></span> 
     </span>
    </p>
   </div>
   <div class='ocr_carea' id='block_1_67' title="bbox 2217 886 3691 957">
    <p class='ocr_par' dir='ltr' id='par_1_67' title="bbox 2217 886 3691 957">
     <span class='ocr_line' id='line_1_67' title="bbox 2217 886 3691 957; baseline -0.001 -12"><span class='ocrx_word' id='word_1_524' title='bbox 2217 899 2399 945; x_wconf 89' lang='lat' dir='ltr'><strong><em>rentes</em></strong></span> <span class='ocrx_word' id='word_1_525' title='bbox 2437 888 2700 944; x_wconf 90' lang='lat' dir='ltr'><strong><em>abierunt.</em></strong></span> <span class='ocrx_word' id='word_1_526' title='bbox 2741 886 2892 955; x_wconf 89' lang='lat' dir='ltr'><strong><em>Quod</em></strong></span> <span class='ocrx_word' id='word_1_527' title='bbox 2919 887 2965 941; x_wconf 88' lang='lat' dir='ltr'><strong><em>si</em></strong></span> <span class='ocrx_word' id='word_1_528' title='bbox 3004 887 3091 956; x_wconf 92' lang='lat' dir='ltr'><strong><em>qui</em></strong></span> <span class='ocrx_word' id='word_1_529' title='bbox 3116 894 3252 952; x_wconf 89' lang='lat' dir='ltr'><strong><em>sunt,</em></strong></span> <span class='ocrx_word' id='word_1_530' title='bbox 3279 888 3358 956; x_wconf 91' lang='lat' dir='ltr'><strong><em>qui</em></strong></span> <span class='ocrx_word' id='word_1_531' title='bbox 3397 902 3488 941; x_wconf 89' lang='lat' dir='ltr'><strong><em>non</em></strong></span> <span class='ocrx_word' id='word_1_532' title='bbox 3525 890 3691 957; x_wconf 86' lang='lat' dir='ltr'><strong><em>perinde</em></strong></span> 
     </span>
    </p>
   </div>
   <div class='ocr_carea' id='block_1_68' title="bbox 2219 979 3689 1052">
    <p class='ocr_par' dir='ltr' id='par_1_68' title="bbox 2219 979 3689 1052">
     <span class='ocr_line' id='line_1_68' title="bbox 2219 979 3689 1052; baseline -0.002 -15"><span class='ocrx_word' id='word_1_533' title='bbox 2219 997 2467 1052; x_wconf 90' lang='lat' dir='ltr'><strong><em>magnum</em></strong></span> <span class='ocrx_word' id='word_1_534' title='bbox 2517 980 2742 1034; x_wconf 81' lang='lat' dir='ltr'><strong><em>fructum</em></strong></span> <span class='ocrx_word' id='word_1_535' title='bbox 2787 987 3144 1048; x_wconf 83' lang='lat' dir='ltr'><strong><em>repertarum,</em></strong></span> <span class='ocrx_word' id='word_1_536' title='bbox 3174 986 3387 1033; x_wconf 87' lang='lat' dir='ltr'><strong><em>attamen</em></strong></span> <span class='ocrx_word' id='word_1_537' title='bbox 3425 994 3482 1033; x_wconf 89' lang='lat' dir='ltr'><strong><em>eo</em></strong></span> <span class='ocrx_word' id='word_1_538' title='bbox 3516 979 3585 1033; x_wconf 85' lang='lat' dir='ltr'><strong><em>die</em></strong></span> <span class='ocrx_word' id='word_1_539' title='bbox 3616 996 3689 1049; x_wconf 73' lang='lat' dir='ltr'><strong><em>quo</em></strong></span> 
     </span>
    </p>
   </div>
   <div class='ocr_carea' id='block_1_69' title="bbox 2220 1063 3686 1134">
    <p class='ocr_par' dir='ltr' id='par_1_69' title="bbox 2220 1063 3686 1134">
     <span class='ocr_line' id='line_1_69' title="bbox 2220 1063 3686 1134; baseline -0.004 -6"><span class='ocrx_word' id='word_1_540' title='bbox 2220 1063 2373 1128; x_wconf 85' lang='lat' dir='ltr'><strong><em>nobis</em></strong></span> <span class='ocrx_word' id='word_1_541' title='bbox 2400 1071 2676 1127; x_wconf 88' lang='lat' dir='ltr'><strong><em>audiendis</em></strong></span> <span class='ocrx_word' id='word_1_542' title='bbox 2704 1079 2986 1134; x_wconf 89' lang='lat' dir='ltr'><strong><em>vacarunt,</em></strong></span> <span class='ocrx_word' id='word_1_543' title='bbox 3019 1070 3230 1124; x_wconf 89' lang='lat' dir='ltr'><strong><em>omnino</em></strong></span> <span class='ocrx_word' id='word_1_544' title='bbox 3257 1070 3477 1124; x_wconf 88' lang='lat' dir='ltr'><strong><em>meliores</em></strong></span> <span class='ocrx_word' id='word_1_545' title='bbox 3516 1068 3686 1122; x_wconf 71' lang='lat' dir='ltr'><strong><em>fuerunt.</em></strong></span> 
     </span>
    </p>
   </div>
   <div class='ocr_carea' id='block_1_70' title="bbox 2219 1159 3690 1231">
    <p class='ocr_par' dir='ltr' id='par_1_70' title="bbox 2219 1159 3690 1231">
     <span class='ocr_line' id='line_1_70' title="bbox 2219 1159 3690 1231; baseline -0.005 -12"><span class='ocrx_word' id='word_1_546' title='bbox 2219 1162 2332 1219; x_wconf 85' lang='lat' dir='ltr'><strong><em>Non</em></strong></span> <span class='ocrx_word' id='word_1_547' title='bbox 2352 1172 2529 1218; x_wconf 86' lang='lat' dir='ltr'><strong><em>autem</em></strong></span> <span class='ocrx_word' id='word_1_548' title='bbox 2554 1165 2799 1231; x_wconf 79' lang='lat' dir='ltr'><strong><em>exiguum</em></strong></span> <span class='ocrx_word' id='word_1_549' title='bbox 2827 1170 2910 1216; x_wconf 89' lang='lat' dir='ltr'><strong><em>est</em></strong></span> <span class='ocrx_word' id='word_1_550' title='bbox 2933 1160 3017 1215; x_wconf 88' lang='lat' dir='ltr'><strong><em>vel</em></strong></span> <span class='ocrx_word' id='word_1_551' title='bbox 3048 1160 3207 1223; x_wconf 91' lang='lat' dir='ltr'><strong><em>istud,</em></strong></span> <span class='ocrx_word' id='word_1_552' title='bbox 3231 1175 3380 1214; x_wconf 88' lang='lat' dir='ltr'><strong><em>unum</em></strong></span> <span class='ocrx_word' id='word_1_553' title='bbox 3397 1159 3519 1214; x_wconf 90' lang='lat' dir='ltr'><strong><em>diem</em></strong></span> <span class='ocrx_word' id='word_1_554' title='bbox 3540 1160 3583 1212; x_wconf 91' lang='lat' dir='ltr'><strong><em>in</em></strong></span> <span class='ocrx_word' id='word_1_555' title='bbox 3603 1175 3690 1229; x_wconf 82' lang='lat' dir='ltr'><strong><em>pec-</em></strong></span> 
     </span>
    </p>
   </div>
   <div class='ocr_carea' id='block_1_71' title="bbox 2218 1248 3692 1320">
    <p class='ocr_par' dir='ltr' id='par_1_71' title="bbox 2218 1248 3692 1320">
     <span class='ocr_line' id='line_1_71' title="bbox 2218 1248 3692 1320; baseline -0.006 -10"><span class='ocrx_word' id='word_1_556' title='bbox 2218 1263 2461 1310; x_wconf 89' lang='lat' dir='ltr'><strong><em>catorum</em></strong></span> <span class='ocrx_word' id='word_1_557' title='bbox 2486 1252 2806 1308; x_wconf 85' lang='lat' dir='ltr'><strong><em>contritione</em></strong></span> <span class='ocrx_word' id='word_1_558' title='bbox 2845 1252 3153 1320; x_wconf 88' lang='lat' dir='ltr'><strong><em>transigere,</em></strong></span> <span class='ocrx_word' id='word_1_559' title='bbox 3188 1260 3242 1304; x_wconf 89' lang='lat' dir='ltr'><strong><em>et</em></strong></span> <span class='ocrx_word' id='word_1_560' title='bbox 3265 1248 3327 1303; x_wconf 86' lang='lat' dir='ltr'><strong><em>ad</em></strong></span> <span class='ocrx_word' id='word_1_561' title='bbox 3350 1248 3577 1303; x_wconf 78' lang='lat' dir='ltr'><strong><em>caelestem</em></strong></span> <span class='ocrx_word' id='word_1_562' title='bbox 3612 1249 3692 1318; x_wconf 68' lang='lat' dir='ltr'><strong><em>plii.</em></strong></span> 
     </span>
    </p>
   </div>
   <div class='ocr_carea' id='block_1_72' title="bbox 2219 1339 3693 1413">
    <p class='ocr_par' dir='ltr' id='par_1_72' title="bbox 2219 1339 3693 1413">
     <span class='ocr_line' id='line_1_72' title="bbox 2219 1339 3693 1413; baseline -0.003 -16"><span class='ocrx_word' id='word_1_563' title='bbox 2219 1343 2516 1413; x_wconf 90' lang='lat' dir='ltr'><strong><em>losophiam</em></strong></span> <span class='ocrx_word' id='word_1_564' title='bbox 2560 1342 2846 1411; x_wconf 88' lang='lat' dir='ltr'><strong><em>respicere,</em></strong></span> <span class='ocrx_word' id='word_1_565' title='bbox 2899 1341 3192 1409; x_wconf 72' lang='lat' dir='ltr'><strong><em>animmque</em></strong></span> <span class='ocrx_word' id='word_1_566' title='bbox 3237 1339 3530 1409; x_wconf 88' lang='lat' dir='ltr'><strong><em>permittere,</em></strong></span> <span class='ocrx_word' id='word_1_567' title='bbox 3563 1348 3608 1393; x_wconf 90' lang='lat' dir='ltr'><strong><em>ut</em></strong></span> <span class='ocrx_word' id='word_1_568' title='bbox 3636 1339 3693 1394; x_wconf 74' lang='lat' dir='ltr'><strong><em>vel</em></strong></span> 
     </span>
    </p>
   </div>
   <div class='ocr_carea' id='block_1_73' title="bbox 2221 1429 3693 1522">
    <p class='ocr_par' dir='ltr' id='par_1_73' title="bbox 2221 1429 3693 1522">
     <span class='ocr_line' id='line_1_73' title="bbox 2221 1429 3693 1522; baseline -0.005 -33"><span class='ocrx_word' id='word_1_569' title='bbox 2221 1436 2557 1522; x_wconf 39' lang='lat' dir='ltr'><strong><em>paulisper}</em></strong></span> <span class='ocrx_word' id='word_1_570' title='bbox 2595 1432 2875 1488; x_wconf 88' lang='lat' dir='ltr'><strong><em>mundanis</em></strong></span> <span class='ocrx_word' id='word_1_571' title='bbox 2915 1431 3144 1499; x_wconf 75' lang='lat' dir='ltr'><strong><em>reapiret</em></strong></span> <span class='ocrx_word' id='word_1_572' title='bbox 3186 1431 3337 1484; x_wconf 90' lang='lat' dir='ltr'><strong><em>curis.</em></strong></span> <span class='ocrx_word' id='word_1_573' title='bbox 3382 1430 3559 1483; x_wconf 84' lang='lat' dir='ltr'><strong><em>Etenim</em></strong></span> <span class='ocrx_word' id='word_1_574' title='bbox 3594 1430 3627 1483; x_wconf 92' lang='lat' dir='ltr'><strong><em>si</em></strong></span> <span class='ocrx_word' id='word_1_575' title='bbox 3659 1429 3693 1482; x_wconf 88' lang='lat' dir='ltr'><strong><em>id</em></strong></span> 
     </span>
    </p>
   </div>
   <div class='ocr_carea' id='block_1_74' title="bbox 2221 1521 3698 1598">
    <p class='ocr_par' dir='ltr' id='par_1_74' title="bbox 2221 1521 3698 1598">
     <span class='ocr_line' id='line_1_74' title="bbox 2221 1521 3698 1598; baseline -0.006 -16"><span class='ocrx_word' id='word_1_576' title='bbox 2221 1527 2442 1598; x_wconf 88' lang='lat' dir='ltr'><strong><em>singulis</em></strong></span> <span class='ocrx_word' id='word_1_577' title='bbox 2469 1521 2704 1581; x_wconf 87' lang='lat' dir='ltr'><strong><em>collectis</em></strong></span> <span class='ocrx_word' id='word_1_578' title='bbox 2729 1524 3007 1579; x_wconf 86' lang='lat' dir='ltr'><strong><em>fecerimus</em></strong></span> <span class='ocrx_word' id='word_1_579' title='bbox 3037 1537 3138 1578; x_wconf 90' lang='lat' dir='ltr'><strong><em>nec</em></strong></span> <span class='ocrx_word' id='word_1_580' title='bbox 3161 1522 3505 1586; x_wconf 83' lang='lat' dir='ltr'><strong><em>defeeerimus,</em></strong></span> <span class='ocrx_word' id='word_1_581' title='bbox 3531 1521 3698 1575; x_wconf 83' lang='lat' dir='ltr'><strong><em>assidui-</em></strong></span> 
     </span>
    </p>
   </div>
   <div class='ocr_carea' id='block_1_75' title="bbox 2224 1613 3697 1689">
    <p class='ocr_par' dir='ltr' id='par_1_75' title="bbox 2224 1613 3697 1689">
     <span class='ocr_line' id='line_1_75' title="bbox 2224 1613 3697 1689; baseline -0.007 -14"><span class='ocrx_word' id='word_1_582' title='bbox 2224 1628 2306 1675; x_wconf 90' lang='lat' dir='ltr'><strong><em>tas</em></strong></span> <span class='ocrx_word' id='word_1_583' title='bbox 2332 1617 2582 1675; x_wconf 89' lang='lat' dir='ltr'><strong><em>audiendi</em></strong></span> <span class='ocrx_word' id='word_1_584' title='bbox 2602 1632 2849 1689; x_wconf 87' lang='lat' dir='ltr'><strong><em>magnum</em></strong></span> <span class='ocrx_word' id='word_1_585' title='bbox 2874 1615 3138 1688; x_wconf 84' lang='lat' dir='ltr'><strong><em>quoddam</em></strong></span> <span class='ocrx_word' id='word_1_586' title='bbox 3160 1614 3534 1686; x_wconf 76' lang='lat' dir='ltr'><strong><em>praeclarumque</em></strong></span> <span class='ocrx_word' id='word_1_587' title='bbox 3555 1613 3697 1667; x_wconf 80' lang='lat' dir='ltr'><strong><em>bonum</em></strong></span> 
     </span>
    </p>
   </div>
   <div class='ocr_carea' id='block_1_76' title="bbox 2194 1711 2689 1785">
    <p class='ocr_par' dir='ltr' id='par_1_76' title="bbox 2194 1711 2689 1785">
     <span class='ocr_line' id='line_1_76' title="bbox 2194 1711 2689 1785; baseline -0.01 -16"><span class='ocrx_word' id='word_1_588' title='bbox 2194 1780 2199 1785; x_wconf 91' lang='lat'>_</span> <span class='ocrx_word' id='word_1_589' title='bbox 2222 1711 2378 1768; x_wconf 89' lang='lat' dir='ltr'><strong><em>nobis</em></strong></span> <span class='ocrx_word' id='word_1_590' title='bbox 2407 1711 2598 1782; x_wconf 88' lang='lat' dir='ltr'><strong><em>pariet.</em></strong></span> <span class='ocrx_word' id='word_1_591' title='bbox 2684 1738 2689 1743; x_wconf 64' lang='grc' dir='ltr'><strong><em>ο</em></strong></span> 
     </span>
    </p>
   </div>
   <div class='ocr_carea' id='block_1_77' title="bbox 2291 1794 3699 1874">
    <p class='ocr_par' dir='ltr' id='par_1_77' title="bbox 2291 1794 3699 1874">
     <span class='ocr_line' id='line_1_77' title="bbox 2291 1794 3699 1874; baseline -0.009 -15"><span class='ocrx_word' id='word_1_592' title='bbox 2291 1804 2347 1859; x_wconf 72' lang='grc'>4.</span> <span class='ocrx_word' id='word_1_593' title='bbox 2375 1803 2530 1874; x_wconf 90' lang='lat' dir='ltr'><strong><em>Agite</em></strong></span> <span class='ocrx_word' id='word_1_594' title='bbox 2558 1801 2750 1873; x_wconf 90' lang='lat' dir='ltr'><strong><em>igitur,</em></strong></span> <span class='ocrx_word' id='word_1_595' title='bbox 2774 1809 2831 1856; x_wconf 92' lang='lat' dir='ltr'><strong><em>et</em></strong></span> <span class='ocrx_word' id='word_1_596' title='bbox 2855 1814 2916 1855; x_wconf 88' lang='lat' dir='ltr'><strong><em>ea</em></strong></span> <span class='ocrx_word' id='word_1_597' title='bbox 2954 1814 3073 1869; x_wconf 81' lang='lat' dir='ltr'><strong><em>qua:</em></strong></span> <span class='ocrx_word' id='word_1_598' title='bbox 3121 1805 3398 1869; x_wconf 86' lang='lat' dir='ltr'><strong><em>sequuntur</em></strong></span> <span class='ocrx_word' id='word_1_599' title='bbox 3431 1795 3477 1849; x_wconf 91' lang='lat' dir='ltr'><strong>in</strong></span> <span class='ocrx_word' id='word_1_600' title='bbox 3512 1794 3699 1866; x_wconf 79' lang='lat' dir='ltr'><strong><em>parabula</em></strong></span> 
     </span>
    </p>
   </div>
   <div class='ocr_carea' id='block_1_78' title="bbox 2196 1874 3701 1975">
    <p class='ocr_par' dir='ltr' id='par_1_78' title="bbox 2196 1874 3701 1975">
     <span class='ocr_line' id='line_1_78' title="bbox 2196 1874 3701 1975; baseline -0.009 -25"><span class='ocrx_word' id='word_1_601' title='bbox 2196 1874 2372 1975; x_wconf 31' lang='lat' dir='ltr'><strong><em>:vobis</em></strong></span> <span class='ocrx_word' id='word_1_602' title='bbox 2397 1894 2779 1963; x_wconf 87' lang='lat' dir='ltr'><strong><em>persolvamus.</em></strong></span> <span class='ocrx_word' id='word_1_603' title='bbox 2806 1891 2934 1959; x_wconf 64' lang='lat' dir='ltr'><strong><em>Quae</em></strong></span> <span class='ocrx_word' id='word_1_604' title='bbox 2959 1898 3081 1945; x_wconf 91' lang='lat' dir='ltr'><strong><em>sunt</em></strong></span> <span class='ocrx_word' id='word_1_605' title='bbox 3109 1899 3281 1944; x_wconf 88' lang='lat' dir='ltr'><strong><em>autem</em></strong></span> <span class='ocrx_word' id='word_1_606' title='bbox 3316 1902 3425 1958; x_wconf 83' lang='lat' dir='ltr'><strong><em>qua:</em></strong></span> <span class='ocrx_word' id='word_1_607' title='bbox 3448 1886 3701 1956; x_wconf 80' lang='lat' dir='ltr'><strong><em>sequuntur?</em></strong></span> 
     </span>
    </p>
   </div>
   <div class='ocr_carea' id='block_1_79' title="bbox 2223 1979 3704 2049">
    <p class='ocr_par' dir='ltr' id='par_1_79' title="bbox 2223 1979 3704 2049">
     <span class='ocr_line' id='line_1_79' title="bbox 2223 1979 3704 2049; baseline -0.008 -9"><span class='ocrx_word' id='word_1_608' title='bbox 2223 1985 2355 2041; x_wconf 90' lang='lat' dir='ltr'><strong><em>Cum</em></strong></span> <span class='ocrx_word' id='word_1_609' title='bbox 2380 1985 2602 2042; x_wconf 84' lang='lat' dir='ltr'><strong><em>dixisset</em></strong></span> <span class='ocrx_word' id='word_1_610' title='bbox 2626 1985 2793 2049; x_wconf 91' lang='lat' dir='ltr'><strong><em>dives,</em></strong></span> <span class='ocrx_word' id='word_1_611' title='bbox 2825 1982 2971 2037; x_wconf 72' lang='lat' dir='ltr'><strong><em>Mitte</em></strong></span> <span class='ocrx_word' id='word_1_612' title='bbox 2998 1980 3269 2048; x_wconf 79' lang='lat' dir='ltr'><strong><em>Lazarum,</em></strong></span> <span class='ocrx_word' id='word_1_613' title='bbox 3296 1991 3347 2034; x_wconf 86' lang='lat' dir='ltr'><strong><em>ut</em></strong></span> <span class='ocrx_word' id='word_1_614' title='bbox 3366 1979 3542 2034; x_wconf 86' lang='lat' dir='ltr'><strong><em>institlet</em></strong></span> <span class='ocrx_word' id='word_1_615' title='bbox 3562 1994 3704 2031; x_wconf 79' lang='lat' dir='ltr'><strong><em>summa</em></strong></span> 
     </span>
    </p>
   </div>
   <div class='ocr_carea' id='block_1_80' title="bbox 2224 2067 3700 2147">
    <p class='ocr_par' dir='ltr' id='par_1_80' title="bbox 2224 2067 3700 2147">
     <span class='ocr_line' id='line_1_80' title="bbox 2224 2067 3700 2147; baseline -0.009 -17"><span class='ocrx_word' id='word_1_616' title='bbox 2224 2077 2402 2147; x_wconf 88' lang='lat' dir='ltr'><strong><em>digito,</em></strong></span> <span class='ocrx_word' id='word_1_617' title='bbox 2429 2092 2490 2130; x_wconf 89' lang='lat' dir='ltr'><strong><em>ac</em></strong></span> <span class='ocrx_word' id='word_1_618' title='bbox 2514 2076 2769 2147; x_wconf 77' lang='lat' dir='ltr'><strong><em>refrigeret</em></strong></span> <span class='ocrx_word' id='word_1_619' title='bbox 2794 2075 3021 2145; x_wconf 90' lang='lat' dir='ltr'><strong><em>linguam</em></strong></span> <span class='ocrx_word' id='word_1_620' title='bbox 3053 2089 3216 2126; x_wconf 88' lang='lat' dir='ltr'><strong><em>meam</em></strong></span> <span class='ocrx_word' id='word_1_621' title='bbox 3240 2070 3382 2139; x_wconf 88' lang='lat' dir='ltr'><strong><em>(Luc.</em></strong></span> <span class='ocrx_word' id='word_1_622' title='bbox 3414 2067 3581 2138; x_wconf 60' lang='lat'><strong><em>16.24)</em></strong></span> <span class='ocrx_word' id='word_1_623' title='bbox 3602 2085 3611 2119; x_wconf 92' lang='lat'><strong><em>:</em></strong></span> <span class='ocrx_word' id='word_1_624' title='bbox 3634 2082 3700 2118; x_wconf 82' lang='lat' dir='ltr'><strong><em>au—</em></strong></span> 
     </span>
    </p>
   </div>
   <div class='ocr_carea' id='block_1_81' title="bbox 2224 2142 3781 2238">
    <p class='ocr_par' dir='ltr' id='par_1_81' title="bbox 2224 2142 3781 2238">
     <span class='ocr_line' id='line_1_81' title="bbox 2224 2142 3781 2238; baseline -0.012 -13"><span class='ocrx_word' id='word_1_625' title='bbox 2224 2142 2515 2225; x_wconf 76' lang='lat' dir='ltr'><strong><em>scultemus</em></strong></span> <span class='ocrx_word' id='word_1_626' title='bbox 2553 2142 2677 2238; x_wconf 76' lang='lat' dir='ltr'><strong><em>quid</em></strong></span> <span class='ocrx_word' id='word_1_627' title='bbox 2716 2142 3198 2231; x_wconf 36' lang='lat' dir='ltr'><strong><em>dicat&#39;Abraham,</em></strong></span> <span class='ocrx_word' id='word_1_628' title='bbox 3228 2163 3346 2228; x_wconf 87' lang='lat' dir='ltr'><strong><em>Fili,</em></strong></span> <span class='ocrx_word' id='word_1_629' title='bbox 3383 2170 3590 2216; x_wconf 84' lang='lat' dir='ltr'><strong><em>memento</em></strong></span> <span class='ocrx_word' id='word_1_630' title='bbox 3615 2159 3708 2227; x_wconf 79' lang='lat' dir='ltr'><strong><em>quod</em></strong></span> <span class='ocrx_word' id='word_1_631' title='bbox 3776 2142 3781 2147; x_wconf 55' lang='grc'><em>”</em></span> 
     </span>
    </p>
   </div>
   <div class='ocr_carea' id='block_1_82' title="bbox 2227 2250 3707 2330">
    <p class='ocr_par' dir='ltr' id='par_1_82' title="bbox 2227 2250 3707 2330">
     <span class='ocr_line' id='line_1_82' title="bbox 2227 2250 3707 2330; baseline -0.009 -16"><span class='ocrx_word' id='word_1_632' title='bbox 2227 2260 2455 2330; x_wconf 86' lang='lat' dir='ltr'><strong><em>recepisti</em></strong></span> <span class='ocrx_word' id='word_1_633' title='bbox 2480 2268 2532 2312; x_wconf 87' lang='lat' dir='ltr'><strong><em>tu</em></strong></span> <span class='ocrx_word' id='word_1_634' title='bbox 2556 2259 2687 2313; x_wconf 84' lang='lat' dir='ltr'><strong><em>bona</em></strong></span> <span class='ocrx_word' id='word_1_635' title='bbox 2716 2258 2767 2311; x_wconf 91' lang='lat' dir='ltr'><strong><em>in</em></strong></span> <span class='ocrx_word' id='word_1_636' title='bbox 2787 2259 2887 2310; x_wconf 82' lang='lat' dir='ltr'><strong><em>vita</em></strong></span> <span class='ocrx_word' id='word_1_637' title='bbox 2915 2266 3002 2309; x_wconf 88' lang='lat' dir='ltr'><strong><em>tua</em></strong></span> <span class='ocrx_word' id='word_1_638' title='bbox 3020 2298 3034 2322; x_wconf 94' lang='lat'><strong><em>,</em></strong></span> <span class='ocrx_word' id='word_1_639' title='bbox 3062 2264 3109 2309; x_wconf 88' lang='lat' dir='ltr'><strong><em>et</em></strong></span> <span class='ocrx_word' id='word_1_640' title='bbox 3134 2255 3348 2307; x_wconf 80' lang='lat' dir='ltr'><strong><em>Lazarus</em></strong></span> <span class='ocrx_word' id='word_1_641' title='bbox 3371 2252 3568 2308; x_wconf 86' lang='lat' dir='ltr'><strong><em>similiter</em></strong></span> <span class='ocrx_word' id='word_1_642' title='bbox 3591 2250 3707 2308; x_wconf 84' lang='lat' dir='ltr'><strong><em>mala.</em></strong></span> 
     </span>
    </p>
   </div>
   <div class='ocr_carea' id='block_1_83' title="bbox 2226 2337 3710 2416">
    <p class='ocr_par' dir='ltr' id='par_1_83' title="bbox 2226 2337 3710 2416">
     <span class='ocr_line' id='line_1_83' title="bbox 2226 2337 3710 2416; baseline -0.012 -12"><span class='ocrx_word' id='word_1_643' title='bbox 2226 2359 2271 2405; x_wconf 88' lang='lat' dir='ltr'><strong><em>et</em></strong></span> <span class='ocrx_word' id='word_1_644' title='bbox 2303 2365 2436 2403; x_wconf 90' lang='lat' dir='ltr'><strong><em>nunc</em></strong></span> <span class='ocrx_word' id='word_1_645' title='bbox 2460 2349 2553 2403; x_wconf 86' lang='lat' dir='ltr'><strong><em>iste</em></strong></span> <span class='ocrx_word' id='word_1_646' title='bbox 2580 2349 2813 2403; x_wconf 87' lang='lat' dir='ltr'><strong><em>solatium</em></strong></span> <span class='ocrx_word' id='word_1_647' title='bbox 2846 2346 3058 2416; x_wconf 85' lang='lat' dir='ltr'><strong><em>accipit,</em></strong></span> <span class='ocrx_word' id='word_1_648' title='bbox 3088 2355 3146 2398; x_wconf 90' lang='lat' dir='ltr'><strong><em>tu</em></strong></span> <span class='ocrx_word' id='word_1_649' title='bbox 3180 2360 3290 2398; x_wconf 76' lang='lat' dir='ltr'><strong><em>vero</em></strong></span> <span class='ocrx_word' id='word_1_650' title='bbox 3324 2341 3553 2396; x_wconf 82' lang='lat' dir='ltr'><strong><em>cruciaris.</em></strong></span> <span class='ocrx_word' id='word_1_651' title='bbox 3590 2337 3710 2405; x_wconf 68' lang='lat' dir='ltr'><strong><em>Supn</em></strong></span> 
     </span>
    </p>
   </div>
   <div class='ocr_carea' id='block_1_84' title="bbox 2226 2429 3713 2506">
    <p class='ocr_par' dir='ltr' id='par_1_84' title="bbox 2226 2429 3713 2506">
     <span class='ocr_line' id='line_1_84' title="bbox 2226 2429 3713 2506; baseline -0.012 -12"><span class='ocrx_word' id='word_1_652' title='bbox 2226 2440 2395 2494; x_wconf 88' lang='lat' dir='ltr'><strong><em>omnia</em></strong></span> <span class='ocrx_word' id='word_1_653' title='bbox 2420 2448 2584 2493; x_wconf 87' lang='lat' dir='ltr'><strong><em>autem</em></strong></span> <span class='ocrx_word' id='word_1_654' title='bbox 2610 2439 2715 2493; x_wconf 72' lang='lat' dir='ltr'><strong><em>ha’c</em></strong></span> <span class='ocrx_word' id='word_1_655' title='bbox 2742 2437 2894 2490; x_wconf 88' lang='lat' dir='ltr'><strong><em>chaos</em></strong></span> <span class='ocrx_word' id='word_1_656' title='bbox 2918 2452 3161 2506; x_wconf 87' lang='lat' dir='ltr'><strong><em>magnum</em></strong></span> <span class='ocrx_word' id='word_1_657' title='bbox 3190 2434 3509 2502; x_wconf 82' lang='lat' dir='ltr'><strong><em>conﬁrmatum</em></strong></span> <span class='ocrx_word' id='word_1_658' title='bbox 3538 2436 3594 2482; x_wconf 88' lang='lat' dir='ltr'><strong><em>est</em></strong></span> <span class='ocrx_word' id='word_1_659' title='bbox 3621 2429 3713 2478; x_wconf 57' lang='lat' dir='ltr'><strong><em>inter</em></strong></span> 
     </span>
    </p>
   </div>
   <div class='ocr_carea' id='block_1_85' title="bbox 2227 2521 3713 2599">
    <p class='ocr_par' dir='ltr' id='par_1_85' title="bbox 2227 2521 3713 2599">
     <span class='ocr_line' id='line_1_85' title="bbox 2227 2521 3713 2599; baseline -0.011 -14"><span class='ocrx_word' id='word_1_660' title='bbox 2227 2546 2319 2585; x_wconf 79' lang='lat' dir='ltr'><strong><em>nos</em></strong></span> <span class='ocrx_word' id='word_1_661' title='bbox 2361 2540 2409 2585; x_wconf 88' lang='lat' dir='ltr'><strong><em>et</em></strong></span> <span class='ocrx_word' id='word_1_662' title='bbox 2434 2546 2550 2598; x_wconf 87' lang='lat' dir='ltr'><strong><em>vos,</em></strong></span> <span class='ocrx_word' id='word_1_663' title='bbox 2584 2539 2636 2582; x_wconf 89' lang='lat' dir='ltr'><strong><em>ut</em></strong></span> <span class='ocrx_word' id='word_1_664' title='bbox 2681 2528 2766 2599; x_wconf 89' lang='lat' dir='ltr'><strong><em>qui</em></strong></span> <span class='ocrx_word' id='word_1_665' title='bbox 2809 2527 2982 2581; x_wconf 84' lang='lat' dir='ltr'><strong><em>volunt</em></strong></span> <span class='ocrx_word' id='word_1_666' title='bbox 3022 2527 3176 2580; x_wconf 88' lang='lat' dir='ltr'><strong><em>istinc</em></strong></span> <span class='ocrx_word' id='word_1_667' title='bbox 3206 2524 3408 2578; x_wconf 86' lang='lat' dir='ltr'><strong><em>transire</em></strong></span> <span class='ocrx_word' id='word_1_668' title='bbox 3442 2521 3501 2575; x_wconf 83' lang='lat' dir='ltr'><strong><em>ad</em></strong></span> <span class='ocrx_word' id='word_1_669' title='bbox 3534 2532 3713 2583; x_wconf 84' lang='lat' dir='ltr'><strong><em>nos,non</em></strong></span> 
     </span>
    </p>
   </div>
   <div class='ocr_carea' id='block_1_86' title="bbox 2226 2605 3711 2690">
    <p class='ocr_par' dir='ltr' id='par_1_86' title="bbox 2226 2605 3711 2690">
     <span class='ocr_line' id='line_1_86' title="bbox 2226 2605 3711 2690; baseline -0.011 -15"><span class='ocrx_word' id='word_1_670' title='bbox 2226 2621 2439 2690; x_wconf 88' lang='lat' dir='ltr'><strong><em>possint,</em></strong></span> <span class='ocrx_word' id='word_1_671' title='bbox 2468 2636 2626 2690; x_wconf 86' lang='lat' dir='ltr'><strong><em>neque</em></strong></span> <span class='ocrx_word' id='word_1_672' title='bbox 2665 2620 2752 2689; x_wconf 88' lang='lat' dir='ltr'><strong><em>qui</em></strong></span> <span class='ocrx_word' id='word_1_673' title='bbox 2775 2619 2891 2671; x_wconf 87' lang='lat' dir='ltr'><strong><em>hinc</em></strong></span> <span class='ocrx_word' id='word_1_674' title='bbox 2930 2618 3058 2672; x_wconf 88' lang='lat' dir='ltr'><strong><em>istuc</em></strong></span> <span class='ocrx_word' id='word_1_675' title='bbox 3088 2616 3302 2670; x_wconf 86' lang='lat' dir='ltr'><strong><em>transire</em></strong></span> <span class='ocrx_word' id='word_1_676' title='bbox 3339 2612 3435 2685; x_wconf 87' lang='lat' dir='ltr'><strong><em>(Ib.</em></strong></span> <span class='ocrx_word' id='word_1_677' title='bbox 3464 2627 3506 2664; x_wconf 75' lang='grc' dir='ltr'>υ.</span> <span class='ocrx_word' id='word_1_678' title='bbox 3534 2609 3606 2663; x_wconf 75' lang='lat'><strong><em>25.</em></strong></span> <span class='ocrx_word' id='word_1_679' title='bbox 3627 2605 3711 2675; x_wconf 73' lang='lat'><strong><em>26).</em></strong></span> 
     </span>
    </p>
   </div>
   <div class='ocr_carea' id='block_1_87' title="bbox 2225 2698 3715 2782">
    <p class='ocr_par' dir='ltr' id='par_1_87' title="bbox 2225 2698 3715 2782">
     <span class='ocr_line' id='line_1_87' title="bbox 2225 2698 3715 2782; baseline -0.009 -15"><span class='ocrx_word' id='word_1_680' title='bbox 2225 2711 2417 2769; x_wconf 86' lang='lat' dir='ltr'><strong><em>Gravia</em></strong></span> <span class='ocrx_word' id='word_1_681' title='bbox 2447 2721 2570 2766; x_wconf 90' lang='lat' dir='ltr'><strong><em>sunt</em></strong></span> <span class='ocrx_word' id='word_1_682' title='bbox 2594 2727 2712 2782; x_wconf 73' lang='lat' dir='ltr'><strong><em>qua:</em></strong></span> <span class='ocrx_word' id='word_1_683' title='bbox 2739 2710 3008 2777; x_wconf 88' lang='lat' dir='ltr'><strong><em>dicuntur,</em></strong></span> <span class='ocrx_word' id='word_1_684' title='bbox 3034 2709 3418 2780; x_wconf 86' lang='lat' dir='ltr'><strong><em>plurimumque</em></strong></span> <span class='ocrx_word' id='word_1_685' title='bbox 3440 2704 3567 2758; x_wconf 88' lang='lat' dir='ltr'><strong><em>nobis</em></strong></span> <span class='ocrx_word' id='word_1_686' title='bbox 3587 2698 3715 2755; x_wconf 85' lang='lat' dir='ltr'><strong><em>offun-</em></strong></span> 
     </span>
    </p>
   </div>
   <div class='ocr_carea' id='block_1_88' title="bbox 2224 2791 3715 2871">
    <p class='ocr_par' dir='ltr' id='par_1_88' title="bbox 2224 2791 3715 2871">
     <span class='ocr_line' id='line_1_88' title="bbox 2224 2791 3715 2871; baseline -0.011 -12"><span class='ocrx_word' id='word_1_687' title='bbox 2224 2802 2358 2859; x_wconf 87' lang='lat' dir='ltr'><strong><em>dunt</em></strong></span> <span class='ocrx_word' id='word_1_688' title='bbox 2401 2802 2662 2858; x_wconf 87' lang='lat' dir='ltr'><strong><em>dolorem.</em></strong></span> <span class='ocrx_word' id='word_1_689' title='bbox 2705 2802 2817 2857; x_wconf 90' lang='lat' dir='ltr'><strong><em>lloc</em></strong></span> <span class='ocrx_word' id='word_1_690' title='bbox 2864 2802 2975 2871; x_wconf 91' lang='lat' dir='ltr'><strong><em>ipse</em></strong></span> <span class='ocrx_word' id='word_1_691' title='bbox 3021 2800 3189 2854; x_wconf 92' lang='lat' dir='ltr'><strong><em>novi:</em></strong></span> <span class='ocrx_word' id='word_1_692' title='bbox 3234 2798 3325 2853; x_wconf 91' lang='lat' dir='ltr'><strong><em>sed</em></strong></span> <span class='ocrx_word' id='word_1_693' title='bbox 3353 2791 3715 2867; x_wconf 82' lang='lat' dir='ltr'><strong><em>quemadmodum</em></strong></span> 
     </span>
    </p>
   </div>
   <div class='ocr_carea' id='block_1_89' title="bbox 2225 2885 3717 2963">
    <p class='ocr_par' dir='ltr' id='par_1_89' title="bbox 2225 2885 3717 2963">
     <span class='ocr_line' id='line_1_89' title="bbox 2225 2885 3717 2963; baseline -0.009 -11"><span class='ocrx_word' id='word_1_694' title='bbox 2225 2895 2475 2954; x_wconf 88' lang='lat' dir='ltr'><strong><em>mordent</em></strong></span> <span class='ocrx_word' id='word_1_695' title='bbox 2512 2895 2913 2963; x_wconf 87' lang='lat' dir='ltr'><strong><em>conscientiam,</em></strong></span> <span class='ocrx_word' id='word_1_696' title='bbox 2965 2896 3036 2953; x_wconf 88' lang='lat' dir='ltr'><strong><em>ita</em></strong></span> <span class='ocrx_word' id='word_1_697' title='bbox 3062 2909 3172 2948; x_wconf 89' lang='lat' dir='ltr'><strong><em>non</em></strong></span> <span class='ocrx_word' id='word_1_698' title='bbox 3216 2907 3393 2963; x_wconf 89' lang='lat' dir='ltr'><strong><em>parum</em></strong></span> <span class='ocrx_word' id='word_1_699' title='bbox 3430 2890 3622 2944; x_wconf 80' lang='lat' dir='ltr'><strong><em>afferunt</em></strong></span> <span class='ocrx_word' id='word_1_700' title='bbox 3642 2885 3717 2939; x_wconf 87' lang='lat' dir='ltr'><strong><em>uti-</em></strong></span> 
     </span>
    </p>
   </div>
   <div class='ocr_carea' id='block_1_90' title="bbox 2226 2979 3718 3058">
    <p class='ocr_par' dir='ltr' id='par_1_90' title="bbox 2226 2979 3718 3058">
     <span class='ocr_line' id='line_1_90' title="bbox 2226 2979 3718 3058; baseline -0.009 -13"><span class='ocrx_word' id='word_1_701' title='bbox 2226 2989 2389 3045; x_wconf 88' lang='lat' dir='ltr'><strong><em>litatis</em></strong></span> <span class='ocrx_word' id='word_1_702' title='bbox 2413 2988 2604 3045; x_wconf 85' lang='lat' dir='ltr'><strong><em>animis</em></strong></span> <span class='ocrx_word' id='word_1_703' title='bbox 2642 3003 2827 3044; x_wconf 90' lang='lat' dir='ltr'><strong><em>eorum</em></strong></span> <span class='ocrx_word' id='word_1_704' title='bbox 2857 2988 2945 3058; x_wconf 92' lang='lat' dir='ltr'><strong><em>qui</em></strong></span> <span class='ocrx_word' id='word_1_705' title='bbox 2987 2985 3318 3041; x_wconf 85' lang='lat' dir='ltr'><strong><em>mordentur.</em></strong></span> <span class='ocrx_word' id='word_1_706' title='bbox 3346 2984 3530 3039; x_wconf 84' lang='lat' dir='ltr'><strong><em>Etenim</em></strong></span> <span class='ocrx_word' id='word_1_707' title='bbox 3564 2981 3599 3034; x_wconf 94' lang='lat' dir='ltr'><strong><em>si</em></strong></span> <span class='ocrx_word' id='word_1_708' title='bbox 3637 2979 3718 3031; x_wconf 70' lang='lat' dir='ltr'><strong><em>lucc</em></strong></span> 
     </span>
    </p>
   </div>
   <div class='ocr_carea' id='block_1_91' title="bbox 2223 3066 3718 3149">
    <p class='ocr_par' dir='ltr' id='par_1_91' title="bbox 2223 3066 3718 3149">
     <span class='ocr_line' id='line_1_91' title="bbox 2223 3066 3718 3149; baseline -0.013 -12"><span class='ocrx_word' id='word_1_709' title='bbox 2223 3081 2376 3137; x_wconf 90' lang='lat' dir='ltr'><strong><em>nobis</em></strong></span> <span class='ocrx_word' id='word_1_710' title='bbox 2402 3081 2508 3136; x_wconf 91' lang='lat' dir='ltr'><strong><em>illic</em></strong></span> <span class='ocrx_word' id='word_1_711' title='bbox 2548 3080 2883 3147; x_wconf 89' lang='lat' dir='ltr'><strong><em>dicerentur,</em></strong></span> <span class='ocrx_word' id='word_1_712' title='bbox 2911 3077 3356 3149; x_wconf 90' lang='lat' dir='ltr'><strong><em>quemadmodum</em></strong></span> <span class='ocrx_word' id='word_1_713' title='bbox 3392 3073 3517 3128; x_wconf 89' lang='lat' dir='ltr'><strong><em>dicta</em></strong></span> <span class='ocrx_word' id='word_1_714' title='bbox 3539 3077 3639 3125; x_wconf 89' lang='lat' dir='ltr'><strong><em>sunt</em></strong></span> <span class='ocrx_word' id='word_1_715' title='bbox 3655 3066 3718 3119; x_wconf 80' lang='lat' dir='ltr'><strong><em>tlt-</em></strong></span> 
     </span>
    </p>
   </div>
   <div class='ocr_carea' id='block_1_92' title="bbox 2223 3159 3717 3240">
    <p class='ocr_par' dir='ltr' id='par_1_92' title="bbox 2223 3159 3717 3240">
     <span class='ocr_line' id='line_1_92' title="bbox 2223 3159 3717 3240; baseline -0.006 -14"><span class='ocrx_word' id='word_1_716' title='bbox 2223 3171 2338 3237; x_wconf 88' lang='lat' dir='ltr'><strong><em>viti,</em></strong></span> <span class='ocrx_word' id='word_1_717' title='bbox 2361 3184 2546 3227; x_wconf 87' lang='lat' dir='ltr'><strong><em>revera</em></strong></span> <span class='ocrx_word' id='word_1_718' title='bbox 2576 3168 2887 3240; x_wconf 91' lang='lat' dir='ltr'><strong><em>plorandum</em></strong></span> <span class='ocrx_word' id='word_1_719' title='bbox 2906 3175 3068 3233; x_wconf 88' lang='lat' dir='ltr'><strong><em>esset,</em></strong></span> <span class='ocrx_word' id='word_1_720' title='bbox 3091 3166 3375 3224; x_wconf 89' lang='lat' dir='ltr'><strong><em>dolendum</em></strong></span> <span class='ocrx_word' id='word_1_721' title='bbox 3397 3178 3455 3219; x_wconf 93' lang='lat' dir='ltr'><strong><em>ac</em></strong></span> <span class='ocrx_word' id='word_1_722' title='bbox 3479 3159 3717 3231; x_wconf 85' lang='lat' dir='ltr'><strong><em>lugendum.</em></strong></span> 
     </span>
    </p>
   </div>
   <div class='ocr_carea' id='block_1_93' title="bbox 2224 3251 3718 3332">
    <p class='ocr_par' dir='ltr' id='par_1_93' title="bbox 2224 3251 3718 3332">
     <span class='ocr_line' id='line_1_93' title="bbox 2224 3251 3718 3332; baseline -0.013 -15"><span class='ocrx_word' id='word_1_723' title='bbox 2224 3260 2365 3332; x_wconf 91' lang='lat' dir='ltr'><strong><em>quod</em></strong></span> <span class='ocrx_word' id='word_1_724' title='bbox 2409 3276 2509 3315; x_wconf 89' lang='lat' dir='ltr'><strong><em>nos</em></strong></span> <span class='ocrx_word' id='word_1_725' title='bbox 2557 3260 2882 3330; x_wconf 64' lang='lat' dir='ltr'><strong><em>poenitentia:</em></strong></span> <span class='ocrx_word' id='word_1_726' title='bbox 2929 3267 3141 3327; x_wconf 88' lang='lat' dir='ltr'><strong><em>tempus</em></strong></span> <span class='ocrx_word' id='word_1_727' title='bbox 3188 3256 3474 3312; x_wconf 85' lang='lat' dir='ltr'><strong><em>defecisset.</em></strong></span> <span class='ocrx_word' id='word_1_728' title='bbox 3516 3251 3718 3306; x_wconf 63' lang='lat' dir='ltr'><strong><em>Ceterum</em></strong></span> 
     </span>
    </p>
   </div>
   <div class='ocr_carea' id='block_1_94' title="bbox 2223 3338 3722 3423">
    <p class='ocr_par' dir='ltr' id='par_1_94' title="bbox 2223 3338 3722 3423">
     <span class='ocr_line' id='line_1_94' title="bbox 2223 3338 3722 3423; baseline -0.013 -16"><span class='ocrx_word' id='word_1_729' title='bbox 2223 3350 2472 3423; x_wconf 88' lang='lat' dir='ltr'><strong><em>quoniam</em></strong></span> <span class='ocrx_word' id='word_1_730' title='bbox 2496 3348 2585 3405; x_wconf 93' lang='lat' dir='ltr'><strong><em>hic</em></strong></span> <span class='ocrx_word' id='word_1_731' title='bbox 2611 3357 2828 3421; x_wconf 81' lang='lat' dir='ltr'><strong><em>agentes</em></strong></span> <span class='ocrx_word' id='word_1_732' title='bbox 2852 3348 2966 3402; x_wconf 84' lang='lat' dir='ltr'><strong><em>haec</em></strong></span> <span class='ocrx_word' id='word_1_733' title='bbox 2993 3345 3262 3413; x_wconf 88' lang='lat' dir='ltr'><strong><em>audimus,</em></strong></span> <span class='ocrx_word' id='word_1_734' title='bbox 3292 3344 3378 3400; x_wconf 88' lang='lat' dir='ltr'><strong><em>ubi</em></strong></span> <span class='ocrx_word' id='word_1_735' title='bbox 3406 3351 3453 3398; x_wconf 92' lang='lat' dir='ltr'><strong><em>et</em></strong></span> <span class='ocrx_word' id='word_1_736' title='bbox 3477 3338 3722 3408; x_wconf 81' lang='lat' dir='ltr'><strong><em>resipiscere</em></strong></span> 
     </span>
    </p>
   </div>
   <div class='ocr_carea' id='block_1_95' title="bbox 2222 3432 3723 3507">
    <p class='ocr_par' dir='ltr' id='par_1_95' title="bbox 2222 3432 3723 3507">
     <span class='ocr_line' id='line_1_95' title="bbox 2222 3432 3723 3507; baseline -0.009 -10"><span class='ocrx_word' id='word_1_737' title='bbox 2222 3440 2364 3506; x_wconf 88' lang='lat' dir='ltr'><strong><em>licet,</em></strong></span> <span class='ocrx_word' id='word_1_738' title='bbox 2397 3449 2452 3495; x_wconf 91' lang='lat' dir='ltr'><strong><em>et</em></strong></span> <span class='ocrx_word' id='word_1_739' title='bbox 2477 3442 2760 3496; x_wconf 89' lang='lat' dir='ltr'><strong><em>commissa</em></strong></span> <span class='ocrx_word' id='word_1_740' title='bbox 2807 3438 3029 3502; x_wconf 88' lang='lat' dir='ltr'><strong><em>diluere,</em></strong></span> <span class='ocrx_word' id='word_1_741' title='bbox 3076 3436 3311 3507; x_wconf 88' lang='lat' dir='ltr'><strong><em>denique</em></strong></span> <span class='ocrx_word' id='word_1_742' title='bbox 3351 3432 3550 3489; x_wconf 86' lang='lat' dir='ltr'><strong><em>multam</em></strong></span> <span class='ocrx_word' id='word_1_743' title='bbox 3585 3436 3723 3497; x_wconf 75' lang='lat' dir='ltr'><strong><em>parare</em></strong></span> 
     </span>
    </p>
   </div>
   <div class='ocr_carea' id='block_1_96' title="bbox 2222 3524 3725 3603">
    <p class='ocr_par' dir='ltr' id='par_1_96' title="bbox 2222 3524 3725 3603">
     <span class='ocr_line' id='line_1_96' title="bbox 2222 3524 3725 3603; baseline -0.012 -16"><span class='ocrx_word' id='word_1_744' title='bbox 2222 3531 2492 3601; x_wconf 85' lang='lat' dir='ltr'><strong><em>ﬁduciam,</em></strong></span> <span class='ocrx_word' id='word_1_745' title='bbox 2521 3540 2682 3603; x_wconf 90' lang='lat' dir='ltr'><strong><em>atque</em></strong></span> <span class='ocrx_word' id='word_1_746' title='bbox 2701 3546 2767 3588; x_wconf 81' lang='lat' dir='ltr'><strong><em>ex</em></strong></span> <span class='ocrx_word' id='word_1_747' title='bbox 2792 3530 2980 3586; x_wconf 90' lang='lat' dir='ltr'><strong><em>alienis</em></strong></span> <span class='ocrx_word' id='word_1_748' title='bbox 3009 3530 3161 3584; x_wconf 88' lang='lat' dir='ltr'><strong><em>malis</em></strong></span> <span class='ocrx_word' id='word_1_749' title='bbox 3189 3533 3441 3598; x_wconf 87' lang='lat' dir='ltr'><strong><em>concepto</em></strong></span> <span class='ocrx_word' id='word_1_750' title='bbox 3467 3524 3626 3579; x_wconf 90' lang='lat' dir='ltr'><strong><em>timore</em></strong></span> <span class='ocrx_word' id='word_1_751' title='bbox 3641 3531 3725 3572; x_wconf 81' lang='lat' dir='ltr'><strong><em>mu—</em></strong></span> 
     </span>
    </p>
   </div>
   <div class='ocr_carea' id='block_1_97' title="bbox 2222 3611 3721 3694">
    <p class='ocr_par' dir='ltr' id='par_1_97' title="bbox 2222 3611 3721 3694">
     <span class='ocr_line' id='line_1_97' title="bbox 2222 3611 3721 3694; baseline -0.013 -15"><span class='ocrx_word' id='word_1_752' title='bbox 2222 3623 2343 3691; x_wconf 82' lang='lat' dir='ltr'><strong><em>tari,</em></strong></span> <span class='ocrx_word' id='word_1_753' title='bbox 2376 3638 2593 3694; x_wconf 89' lang='lat' dir='ltr'><strong><em>agamus</em></strong></span> <span class='ocrx_word' id='word_1_754' title='bbox 2634 3622 2831 3693; x_wconf 74' lang='lat' dir='ltr'><strong><em>gratias</em></strong></span> <span class='ocrx_word' id='word_1_755' title='bbox 2851 3621 3097 3677; x_wconf 89' lang='lat' dir='ltr'><strong><em>elementi</em></strong></span> <span class='ocrx_word' id='word_1_756' title='bbox 3128 3621 3267 3685; x_wconf 84' lang='lat' dir='ltr'><strong><em>Deo,</em></strong></span> <span class='ocrx_word' id='word_1_757' title='bbox 3315 3619 3403 3689; x_wconf 92' lang='lat' dir='ltr'><strong><em>qui</em></strong></span> <span class='ocrx_word' id='word_1_758' title='bbox 3428 3630 3513 3686; x_wconf 89' lang='lat' dir='ltr'><strong><em>per</em></strong></span> <span class='ocrx_word' id='word_1_759' title='bbox 3549 3611 3721 3666; x_wconf 88' lang='lat' dir='ltr'><strong><em>aliorum</em></strong></span> 
     </span>
    </p>
   </div>
   <div class='ocr_carea' id='block_1_98' title="bbox 2221 3702 3725 3785">
    <p class='ocr_par' dir='ltr' id='par_1_98' title="bbox 2221 3702 3725 3785">
     <span class='ocr_line' id='line_1_98' title="bbox 2221 3702 3725 3785; baseline -0.009 -15"><span class='ocrx_word' id='word_1_760' title='bbox 2221 3715 2481 3785; x_wconf 87' lang='lat' dir='ltr'><strong><em>supplicia</em></strong></span> <span class='ocrx_word' id='word_1_761' title='bbox 2534 3723 2771 3770; x_wconf 88' lang='lat' dir='ltr'><strong><em>nostram</em></strong></span> <span class='ocrx_word' id='word_1_762' title='bbox 2814 3712 3165 3784; x_wconf 84' lang='lat' dir='ltr'><strong><em>expergefacit</em></strong></span> <span class='ocrx_word' id='word_1_763' title='bbox 3211 3702 3725 3782; x_wconf 82' lang='lat' dir='ltr'><strong><em>segnitiem,nobisquc</em></strong></span> 
     </span>
    </p>
   </div>
   <div class='ocr_carea' id='block_1_99' title="bbox 2219 3791 3721 3872">
    <p class='ocr_par' dir='ltr' id='par_1_99' title="bbox 2219 3791 3721 3872">
     <span class='ocr_line' id='line_1_99' title="bbox 2219 3791 3721 3872; baseline -0.008 -11"><span class='ocrx_word' id='word_1_764' title='bbox 2219 3803 2629 3861; x_wconf 90' lang='lat' dir='ltr'><strong><em>dormitantibus</em></strong></span> <span class='ocrx_word' id='word_1_765' title='bbox 2662 3819 2906 3860; x_wconf 90' lang='lat' dir='ltr'><strong><em>somnum</em></strong></span> <span class='ocrx_word' id='word_1_766' title='bbox 2951 3803 3170 3859; x_wconf 80' lang='lat' dir='ltr'><strong><em>excutit.</em></strong></span> <span class='ocrx_word' id='word_1_767' title='bbox 3227 3801 3487 3872; x_wconf 88' lang='lat' dir='ltr'><strong><em>Siquidem</em></strong></span> <span class='ocrx_word' id='word_1_768' title='bbox 3522 3796 3619 3852; x_wconf 87' lang='lat' dir='ltr'><strong><em>ideo</em></strong></span> <span class='ocrx_word' id='word_1_769' title='bbox 3640 3791 3721 3845; x_wconf 62' lang='lat' dir='ltr'><strong><em>hec</em></strong></span> 
     </span>
    </p>
   </div>
   <div class='ocr_carea' id='block_1_100' title="bbox 2220 3886 3725 3965">
    <p class='ocr_par' dir='ltr' id='par_1_100' title="bbox 2220 3886 3725 3965">
     <span class='ocr_line' id='line_1_100' title="bbox 2220 3886 3725 3965; baseline -0.009 -15"><span class='ocrx_word' id='word_1_770' title='bbox 2220 3904 2344 3952; x_wconf 90' lang='lat' dir='ltr'><strong><em>ante</em></strong></span> <span class='ocrx_word' id='word_1_771' title='bbox 2369 3896 2508 3951; x_wconf 90' lang='lat' dir='ltr'><strong><em>dicta</em></strong></span> <span class='ocrx_word' id='word_1_772' title='bbox 2536 3903 2679 3964; x_wconf 91' lang='lat' dir='ltr'><strong><em>sunt,</em></strong></span> <span class='ocrx_word' id='word_1_773' title='bbox 2710 3912 2777 3952; x_wconf 91' lang='lat' dir='ltr'><strong><em>ne</em></strong></span> <span class='ocrx_word' id='word_1_774' title='bbox 2800 3896 2919 3951; x_wconf 88' lang='lat' dir='ltr'><strong><em>talia</em></strong></span> <span class='ocrx_word' id='word_1_775' title='bbox 2946 3897 3225 3965; x_wconf 87' lang='lat' dir='ltr'><strong><em>patiamur.</em></strong></span> <span class='ocrx_word' id='word_1_776' title='bbox 3252 3893 3450 3950; x_wconf 88' lang='lat' dir='ltr'><strong><em>Etenim</em></strong></span> <span class='ocrx_word' id='word_1_777' title='bbox 3476 3889 3514 3945; x_wconf 89' lang='lat' dir='ltr'><strong><em>si</em></strong></span> <span class='ocrx_word' id='word_1_778' title='bbox 3534 3886 3725 3943; x_wconf 84' lang='lat' dir='ltr'><strong><em>voluisset</em></strong></span> 
     </span>
    </p>
   </div>
   <div class='ocr_carea' id='block_1_101' title="bbox 2203 3975 3721 4058">
    <p class='ocr_par' dir='ltr' id='par_1_101' title="bbox 2203 3975 3721 4058">
     <span class='ocr_line' id='line_1_101' title="bbox 2203 3975 3721 4058; baseline -0.013 -16"><span class='ocrx_word' id='word_1_779' title='bbox 2203 3986 2406 4058; x_wconf 84' lang='lat' dir='ltr'><strong><em>punire</em></strong></span> <span class='ocrx_word' id='word_1_780' title='bbox 2443 3987 2603 4053; x_wconf 88' lang='lat' dir='ltr'><strong><em>Deus,</em></strong></span> <span class='ocrx_word' id='word_1_781' title='bbox 2637 4001 2743 4042; x_wconf 91' lang='lat' dir='ltr'><strong><em>non</em></strong></span> <span class='ocrx_word' id='word_1_782' title='bbox 2781 3987 2880 4041; x_wconf 88' lang='lat' dir='ltr'><strong><em>ista</em></strong></span> <span class='ocrx_word' id='word_1_783' title='bbox 2918 3984 3295 4056; x_wconf 83' lang='lat' dir='ltr'><strong><em>praedixisset:</em></strong></span> <span class='ocrx_word' id='word_1_784' title='bbox 3326 3996 3498 4039; x_wconf 90' lang='lat' dir='ltr'><strong><em>verum</em></strong></span> <span class='ocrx_word' id='word_1_785' title='bbox 3531 3975 3721 4049; x_wconf 89' lang='lat' dir='ltr'><strong><em>quoniam</em></strong></span> 
     </span>
    </p>
   </div>
   <div class='ocr_carea' id='block_1_102' title="bbox 2218 4065 3725 4146">
    <p class='ocr_par' dir='ltr' id='par_1_102' title="bbox 2218 4065 3725 4146">
     <span class='ocr_line' id='line_1_102' title="bbox 2218 4065 3725 4146; baseline -0.011 -15"><span class='ocrx_word' id='word_1_786' title='bbox 2218 4077 2388 4131; x_wconf 88' lang='lat' dir='ltr'><strong><em>noluit</em></strong></span> <span class='ocrx_word' id='word_1_787' title='bbox 2411 4090 2507 4131; x_wconf 90' lang='lat' dir='ltr'><strong><em>nos</em></strong></span> <span class='ocrx_word' id='word_1_788' title='bbox 2534 4076 2748 4146; x_wconf 87' lang='lat' dir='ltr'><strong><em>adigere</em></strong></span> <span class='ocrx_word' id='word_1_789' title='bbox 2774 4075 2841 4131; x_wconf 90' lang='lat' dir='ltr'><strong><em>ad</em></strong></span> <span class='ocrx_word' id='word_1_790' title='bbox 2868 4075 3185 4146; x_wconf 87' lang='lat' dir='ltr'><strong><em>supplicium</em></strong></span> <span class='ocrx_word' id='word_1_791' title='bbox 3209 4117 3227 4144; x_wconf 94' lang='lat'><strong><em>,</em></strong></span> <span class='ocrx_word' id='word_1_792' title='bbox 3254 4074 3447 4130; x_wconf 89' lang='lat' dir='ltr'><strong><em>idcirco</em></strong></span> <span class='ocrx_word' id='word_1_793' title='bbox 3464 4065 3664 4142; x_wconf 65' lang='lat' dir='ltr'><strong><em>przcdieit</em></strong></span> <span class='ocrx_word' id='word_1_794' title='bbox 3685 4069 3725 4114; x_wconf 87' lang='lat' dir='ltr'><strong><em>ut</em></strong></span> 
     </span>
    </p>
   </div>
   <div class='ocr_carea' id='block_1_103' title="bbox 2221 4162 3675 4236">
    <p class='ocr_par' dir='ltr' id='par_1_103' title="bbox 2221 4162 3675 4236">
     <span class='ocr_line' id='line_1_103' title="bbox 2221 4162 3675 4236; baseline -0.01 -16"><span class='ocrx_word' id='word_1_795' title='bbox 2221 4165 2565 4236; x_wconf 72' lang='lat' dir='ltr'><strong><em>prmdictione</em></strong></span> <span class='ocrx_word' id='word_1_796' title='bbox 2589 4165 2848 4236; x_wconf 85' lang='lat' dir='ltr'><strong><em>castigati,</em></strong></span> <span class='ocrx_word' id='word_1_797' title='bbox 2883 4166 3110 4221; x_wconf 87' lang='lat' dir='ltr'><strong><em>vitemus</em></strong></span> <span class='ocrx_word' id='word_1_798' title='bbox 3128 4181 3312 4220; x_wconf 90' lang='lat' dir='ltr'><strong><em>rerum</em></strong></span> <span class='ocrx_word' id='word_1_799' title='bbox 3334 4162 3675 4232; x_wconf 78' lang='lat' dir='ltr'><strong><em>experimenta.</em></strong></span> 
     </span>
    </p>
   </div>
   <div class='ocr_carea' id='block_1_104' title="bbox 2292 4250 3727 4327">
    <p class='ocr_par' dir='ltr' id='par_1_104' title="bbox 2292 4250 3727 4327">
     <span class='ocr_line' id='line_1_104' title="bbox 2292 4250 3727 4327; baseline -0.008 -17"><span class='ocrx_word' id='word_1_800' title='bbox 2292 4256 2448 4311; x_wconf 79' lang='lat' dir='ltr'><strong><em>Malis</em></strong></span> <span class='ocrx_word' id='word_1_801' title='bbox 2469 4271 2661 4325; x_wconf 87' lang='lat' dir='ltr'><strong><em>quoque</em></strong></span> <span class='ocrx_word' id='word_1_802' title='bbox 2685 4256 2834 4310; x_wconf 86' lang='lat' dir='ltr'><strong><em>datur</em></strong></span> <span class='ocrx_word' id='word_1_803' title='bbox 2858 4272 2950 4326; x_wconf 91' lang='lat' dir='ltr'><strong><em>pro</em></strong></span> <span class='ocrx_word' id='word_1_804' title='bbox 2988 4256 3265 4327; x_wconf 80' lang='lat' dir='ltr'><strong><em>benefactis</em></strong></span> <span class='ocrx_word' id='word_1_805' title='bbox 3287 4269 3465 4308; x_wconf 87' lang='lat' dir='ltr'><strong><em>merces</em></strong></span> <span class='ocrx_word' id='word_1_806' title='bbox 3497 4250 3657 4318; x_wconf 81' lang='lat' dir='ltr'><strong><em>aliqua.</em></strong></span> <span class='ocrx_word' id='word_1_807' title='bbox 3677 4269 3727 4282; x_wconf 90' lang='lat'><strong>-</strong></span> 
     </span>
    </p>
   </div>
   <div class='ocr_carea' id='block_1_105' title="bbox 2220 4342 3722 4417">
    <p class='ocr_par' dir='ltr' id='par_1_105' title="bbox 2220 4342 3722 4417">
     <span class='ocr_line' id='line_1_105' title="bbox 2220 4342 3722 4417; baseline -0.009 -15"><span class='ocrx_word' id='word_1_808' title='bbox 2220 4348 2290 4402; x_wconf 84' lang='lat' dir='ltr'><strong><em>At</em></strong></span> <span class='ocrx_word' id='word_1_809' title='bbox 2325 4347 2478 4417; x_wconf 87' lang='lat' dir='ltr'><strong><em>cujus</em></strong></span> <span class='ocrx_word' id='word_1_810' title='bbox 2507 4346 2719 4402; x_wconf 89' lang='lat' dir='ltr'><strong><em>tandem</em></strong></span> <span class='ocrx_word' id='word_1_811' title='bbox 2747 4346 2915 4416; x_wconf 88' lang='lat' dir='ltr'><strong><em>gratia</em></strong></span> <span class='ocrx_word' id='word_1_812' title='bbox 2952 4360 3058 4400; x_wconf 93' lang='lat' dir='ltr'><strong><em>non</em></strong></span> <span class='ocrx_word' id='word_1_813' title='bbox 3085 4345 3248 4410; x_wconf 81' lang='lat' dir='ltr'><strong><em>dixit,</em></strong></span> <span class='ocrx_word' id='word_1_814' title='bbox 3276 4344 3456 4414; x_wconf 85' lang='lat' dir='ltr'><strong><em>cepisti</em></strong></span> <span class='ocrx_word' id='word_1_815' title='bbox 3489 4342 3605 4396; x_wconf 81' lang='lat' dir='ltr'><strong><em>bona</em></strong></span> <span class='ocrx_word' id='word_1_816' title='bbox 3636 4344 3722 4389; x_wconf 77' lang='lat' dir='ltr'><strong><em>tua.</em></strong></span> 
     </span>
    </p>
   </div>
   <div class='ocr_carea' id='block_1_106' title="bbox 2220 4426 3727 4506">
    <p class='ocr_par' dir='ltr' id='par_1_106' title="bbox 2220 4426 3727 4506">
     <span class='ocr_line' id='line_1_106' title="bbox 2220 4426 3727 4506; baseline -0.011 -15"><span class='ocrx_word' id='word_1_817' title='bbox 2220 4436 2313 4491; x_wconf 91' lang='lat' dir='ltr'><strong><em>sed</em></strong></span> <span class='ocrx_word' id='word_1_818' title='bbox 2340 4437 2570 4506; x_wconf 76' lang='lat' dir='ltr'><strong><em>recepisti</em></strong></span> <span class='ocrx_word' id='word_1_819' title='bbox 2592 4437 2618 4490; x_wconf 63' lang='grc' dir='ltr'><em>ν</em></span> <span class='ocrx_word' id='word_1_820' title='bbox 2643 4435 2953 4492; x_wconf 81' lang='lat' dir='ltr'><strong><em>Meministis</em></strong></span> <span class='ocrx_word' id='word_1_821' title='bbox 2991 4435 3152 4503; x_wconf 91' lang='lat' dir='ltr'><strong><em>enim,</em></strong></span> <span class='ocrx_word' id='word_1_822' title='bbox 3198 4444 3283 4490; x_wconf 90' lang='lat' dir='ltr'><strong><em>sat</em></strong></span> <span class='ocrx_word' id='word_1_823' title='bbox 3321 4435 3429 4489; x_wconf 92' lang='lat' dir='ltr'><strong><em>scio</em></strong></span> <span class='ocrx_word' id='word_1_824' title='bbox 3446 4473 3460 4498; x_wconf 88' lang='lat'><strong><em>,</em></strong></span> <span class='ocrx_word' id='word_1_825' title='bbox 3486 4444 3562 4485; x_wconf 88' lang='lat' dir='ltr'><strong><em>me</em></strong></span> <span class='ocrx_word' id='word_1_826' title='bbox 3590 4426 3727 4481; x_wconf 84' lang='lat' dir='ltr'><strong><em>dicere</em></strong></span> 
     </span>
    </p>
   </div>
   <div class='ocr_carea' id='block_1_107' title="bbox 2220 4520 3729 4596">
    <p class='ocr_par' dir='ltr' id='par_1_107' title="bbox 2220 4520 3729 4596">
     <span class='ocr_line' id='line_1_107' title="bbox 2220 4520 3729 4596; baseline -0.011 -14"><span class='ocrx_word' id='word_1_827' title='bbox 2220 4527 2344 4584; x_wconf 89' lang='lat' dir='ltr'><strong><em>hinc</em></strong></span> <span class='ocrx_word' id='word_1_828' title='bbox 2372 4528 2527 4583; x_wconf 92' lang='lat' dir='ltr'><strong><em>nobis</em></strong></span> <span class='ocrx_word' id='word_1_829' title='bbox 2553 4542 2699 4583; x_wconf 87' lang='lat' dir='ltr'><strong><em>mare</em></strong></span> <span class='ocrx_word' id='word_1_830' title='bbox 2718 4527 3201 4583; x_wconf 86' lang='lat' dir='ltr'><strong><em>eousiderationum</em></strong></span> <span class='ocrx_word' id='word_1_831' title='bbox 3226 4538 3469 4596; x_wconf 89' lang='lat' dir='ltr'><strong><em>magnum</em></strong></span> <span class='ocrx_word' id='word_1_832' title='bbox 3491 4529 3538 4575; x_wconf 90' lang='lat' dir='ltr'><strong><em>et</em></strong></span> <span class='ocrx_word' id='word_1_833' title='bbox 3557 4520 3729 4573; x_wconf 63' lang='lat' dir='ltr'><strong><em>immune</em></strong></span> 
     </span>
    </p>
   </div>
   <div class='ocr_carea' id='block_1_108' title="bbox 2217 4605 3724 4691">
    <p class='ocr_par' dir='ltr' id='par_1_108' title="bbox 2217 4605 3724 4691">
     <span class='ocr_line' id='line_1_108' title="bbox 2217 4605 3724 4691; baseline -0.011 -15"><span class='ocrx_word' id='word_1_834' title='bbox 2217 4635 2336 4676; x_wconf 89' lang='lat' dir='ltr'><strong><em>sum</em></strong></span> <span class='ocrx_word' id='word_1_835' title='bbox 2359 4621 2573 4691; x_wconf 90' lang='lat' dir='ltr'><strong><em>aperiri.</em></strong></span> <span class='ocrx_word' id='word_1_836' title='bbox 2603 4618 2737 4675; x_wconf 85' lang='lat' dir='ltr'><strong><em>Nam</em></strong></span> <span class='ocrx_word' id='word_1_837' title='bbox 2764 4619 2880 4674; x_wconf 80' lang='lat' dir='ltr'><strong><em>haec</em></strong></span> <span class='ocrx_word' id='word_1_838' title='bbox 2905 4634 3028 4685; x_wconf 84' lang='lat' dir='ltr'><strong><em>vox,</em></strong></span> <span class='ocrx_word' id='word_1_839' title='bbox 3049 4618 3304 4688; x_wconf 83' lang='lat' dir='ltr'><strong><em>recepisti,</em></strong></span> <span class='ocrx_word' id='word_1_840' title='bbox 3328 4613 3483 4671; x_wconf 89' lang='lat' dir='ltr'><strong><em>debiti</em></strong></span> <span class='ocrx_word' id='word_1_841' title='bbox 3507 4605 3724 4679; x_wconf 79' lang='lat' dir='ltr'><strong><em>cujusdam</em></strong></span> 
     </span>
    </p>
   </div>
   <div class='ocr_carea' id='block_1_109' title="bbox 2216 4702 3728 4782">
    <p class='ocr_par' dir='ltr' id='par_1_109' title="bbox 2216 4702 3728 4782">
     <span class='ocr_line' id='line_1_109' title="bbox 2216 4702 3728 4782; baseline -0.002 -16"><span class='ocrx_word' id='word_1_842' title='bbox 2216 4711 2654 4782; x_wconf 84' lang='lat' dir='ltr'><strong><em>significationem</em></strong></span> <span class='ocrx_word' id='word_1_843' title='bbox 2681 4708 2874 4773; x_wconf 87' lang='lat' dir='ltr'><strong><em>habet,</em></strong></span> <span class='ocrx_word' id='word_1_844' title='bbox 2901 4723 2966 4763; x_wconf 92' lang='lat' dir='ltr'><strong><em>eo</em></strong></span> <span class='ocrx_word' id='word_1_845' title='bbox 2992 4707 3134 4779; x_wconf 92' lang='lat' dir='ltr'><strong><em>quod</em></strong></span> <span class='ocrx_word' id='word_1_846' title='bbox 3173 4706 3394 4777; x_wconf 88' lang='lat' dir='ltr'><strong><em>recipiat</em></strong></span> <span class='ocrx_word' id='word_1_847' title='bbox 3425 4702 3619 4771; x_wconf 83' lang='lat' dir='ltr'><strong><em>aliquis,</em></strong></span> <span class='ocrx_word' id='word_1_848' title='bbox 3639 4705 3728 4763; x_wconf 65' lang='grc' dir='ltr'><strong><em>(ἰυε</em></strong></span> 
     </span>
    </p>
   </div>
   <div class='ocr_carea' id='block_1_110' title="bbox 2217 4786 3732 4859">
    <p class='ocr_par' dir='ltr' id='par_1_110' title="bbox 2217 4786 3732 4859">
     <span class='ocr_line' id='line_1_110' title="bbox 2217 4786 3732 4859; baseline -0.015 0"><span class='ocrx_word' id='word_1_849' title='bbox 2217 4803 2565 4859; x_wconf 89' lang='lat' dir='ltr'><strong><em>debebantur.</em></strong></span> <span class='ocrx_word' id='word_1_850' title='bbox 2594 4800 2827 4855; x_wconf 90' lang='lat' dir='ltr'><strong><em>Proinde</em></strong></span> <span class='ocrx_word' id='word_1_851' title='bbox 2854 4801 2897 4855; x_wconf 92' lang='lat' dir='ltr'><strong><em>si</em></strong></span> <span class='ocrx_word' id='word_1_852' title='bbox 2928 4799 3077 4855; x_wconf 89' lang='lat' dir='ltr'><strong><em>dives</em></strong></span> <span class='ocrx_word' id='word_1_853' title='bbox 3118 4799 3221 4856; x_wconf 90' lang='lat' dir='ltr'><strong><em>iste</em></strong></span> <span class='ocrx_word' id='word_1_854' title='bbox 3255 4797 3508 4852; x_wconf 90' lang='lat' dir='ltr'><strong><em>scelestus</em></strong></span> <span class='ocrx_word' id='word_1_855' title='bbox 3528 4804 3583 4844; x_wconf 91' lang='lat' dir='ltr'><strong><em>ac</em></strong></span> <span class='ocrx_word' id='word_1_856' title='bbox 3599 4786 3732 4840; x_wconf 82' lang='lat' dir='ltr'><strong><em>sce&#39;c-</em></strong></span> 
     </span>
    </p>
   </div>
   <div class='ocr_carea' id='block_1_111' title="bbox 2216 4868 3727 4960">
    <p class='ocr_par' dir='ltr' id='par_1_111' title="bbox 2216 4868 3727 4960">
     <span class='ocr_line' id='line_1_111' title="bbox 2216 4868 3727 4960; baseline -0.01 -12"><span class='ocrx_word' id='word_1_857' title='bbox 2216 4908 2371 4950; x_wconf 89' lang='lat' dir='ltr'><strong><em>rosus</em></strong></span> <span class='ocrx_word' id='word_1_858' title='bbox 2396 4901 2450 4949; x_wconf 91' lang='lat' dir='ltr'><strong><em>et</em></strong></span> <span class='ocrx_word' id='word_1_859' title='bbox 2495 4892 2813 4946; x_wconf 88' lang='lat' dir='ltr'><strong><em>inhumanus</em></strong></span> <span class='ocrx_word' id='word_1_860' title='bbox 2838 4889 2955 4958; x_wconf 84' lang='lat' dir='ltr'><strong><em>fuit,</em></strong></span> <span class='ocrx_word' id='word_1_861' title='bbox 2993 4888 3341 4960; x_wconf 87' lang='lat' dir='ltr'><strong><em>quamobrem</em></strong></span> <span class='ocrx_word' id='word_1_862' title='bbox 3387 4899 3489 4940; x_wconf 89' lang='lat' dir='ltr'><strong><em>non</em></strong></span> <span class='ocrx_word' id='word_1_863' title='bbox 3519 4878 3628 4936; x_wconf 87' lang='lat' dir='ltr'><strong><em>dicit</em></strong></span> <span class='ocrx_word' id='word_1_864' title='bbox 3648 4868 3727 4933; x_wconf 60' lang='lat' dir='ltr'><strong><em>illi.</em></strong></span> 
     </span>
    </p>
   </div>
   <div class='ocr_carea' id='block_1_112' title="bbox 2215 4971 3720 5054">
    <p class='ocr_par' dir='ltr' id='par_1_112' title="bbox 2215 4971 3720 5054">
     <span class='ocr_line' id='line_1_112' title="bbox 2215 4971 3720 5054; baseline -0.013 -14"><span class='ocrx_word' id='word_1_865' title='bbox 2215 4984 2424 5054; x_wconf 91' lang='lat' dir='ltr'><strong><em>cepisti,</em></strong></span> <span class='ocrx_word' id='word_1_866' title='bbox 2468 4983 2584 5046; x_wconf 90' lang='lat' dir='ltr'><strong><em>sed,</em></strong></span> <span class='ocrx_word' id='word_1_867' title='bbox 2616 4982 2845 5052; x_wconf 88' lang='lat' dir='ltr'><strong><em>recepisti</em></strong></span> <span class='ocrx_word' id='word_1_868' title='bbox 2884 4981 3014 5035; x_wconf 88' lang='lat' dir='ltr'><strong><em>bona</em></strong></span> <span class='ocrx_word' id='word_1_869' title='bbox 3051 4989 3170 5046; x_wconf 87' lang='lat' dir='ltr'><strong><em>tua,</em></strong></span> <span class='ocrx_word' id='word_1_870' title='bbox 3198 4978 3351 5050; x_wconf 88' lang='lat' dir='ltr'><strong><em>quasi</em></strong></span> <span class='ocrx_word' id='word_1_871' title='bbox 3375 4977 3492 5047; x_wconf 87' lang='lat' dir='ltr'><strong><em>jure</em></strong></span> <span class='ocrx_word' id='word_1_872' title='bbox 3517 4971 3582 5026; x_wconf 89' lang='lat' dir='ltr'><strong><em>illi</em></strong></span> <span class='ocrx_word' id='word_1_873' title='bbox 3616 4974 3720 5054; x_wconf 60' lang='lat' dir='ltr'><strong><em>cont:</em></strong></span> 
     </span>
    </p>
   </div>
   <div class='ocr_carea' id='block_1_113' title="bbox 2215 5051 3726 5148">
    <p class='ocr_par' dir='ltr' id='par_1_113' title="bbox 2215 5051 3726 5148">
     <span class='ocr_line' id='line_1_113' title="bbox 2215 5051 3726 5148; baseline -0.017 -15"><span class='ocrx_word' id='word_1_874' title='bbox 2215 5051 2483 5148; x_wconf 77' lang='lat' dir='ltr'><strong><em>petierint,</em></strong></span> <span class='ocrx_word' id='word_1_875' title='bbox 2522 5051 2781 5145; x_wconf 90' lang='lat' dir='ltr'><strong><em>quasique</em></strong></span> <span class='ocrx_word' id='word_1_876' title='bbox 2812 5071 3175 5128; x_wconf 81' lang='lat' dir='ltr'><strong><em>deberentur&#39;l</em></strong></span> <span class='ocrx_word' id='word_1_877' title='bbox 3202 5069 3343 5138; x_wconf 90' lang='lat' dir='ltr'><strong><em>Quid</em></strong></span> <span class='ocrx_word' id='word_1_878' title='bbox 3378 5067 3528 5138; x_wconf 92' lang='lat' dir='ltr'><strong><em>igitur</em></strong></span> <span class='ocrx_word' id='word_1_879' title='bbox 3548 5060 3650 5116; x_wconf 87' lang='lat' dir='ltr'><strong><em>hinc</em></strong></span> <span class='ocrx_word' id='word_1_880' title='bbox 3670 5051 3726 5107; x_wconf 84' lang='lat' dir='ltr'><strong><em>di-</em></strong></span> 
     </span>
    </p>
   </div>
   <div class='ocr_carea' id='block_1_114' title="bbox 2223 5157 3722 5235">
    <p class='ocr_par' dir='ltr' id='par_1_114' title="bbox 2223 5157 3722 5235">
     <span class='ocr_line' id='line_1_114' title="bbox 2223 5157 3722 5235; baseline -0.011 -12"><span class='ocrx_word' id='word_1_881' title='bbox 2223 5169 2460 5223; x_wconf 81' lang='lat' dir='ltr'><strong><em>scimus?</em></strong></span> <span class='ocrx_word' id='word_1_882' title='bbox 2484 5166 2636 5232; x_wconf 86' lang='lat' dir='ltr'><strong><em>Quod</em></strong></span> <span class='ocrx_word' id='word_1_883' title='bbox 2662 5165 2868 5221; x_wconf 89' lang='lat' dir='ltr'><strong><em>etiamsi</em></strong></span> <span class='ocrx_word' id='word_1_884' title='bbox 2883 5166 2972 5235; x_wconf 89' lang='lat' dir='ltr'><strong><em>qui</em></strong></span> <span class='ocrx_word' id='word_1_885' title='bbox 2992 5165 3098 5219; x_wconf 89' lang='lat' dir='ltr'><strong><em>sint</em></strong></span> <span class='ocrx_word' id='word_1_886' title='bbox 3118 5162 3390 5226; x_wconf 87' lang='lat' dir='ltr'><strong><em>scelerosi,</em></strong></span> <span class='ocrx_word' id='word_1_887' title='bbox 3412 5158 3476 5213; x_wconf 89' lang='lat' dir='ltr'><strong><em>ad</em></strong></span> <span class='ocrx_word' id='word_1_888' title='bbox 3495 5157 3722 5211; x_wconf 75' lang='lat' dir='ltr'><strong><em>extremam</em></strong></span> 
     </span>
    </p>
   </div>
   <div class='ocr_carea' id='block_1_115' title="bbox 2219 5248 3721 5327">
    <p class='ocr_par' dir='ltr' id='par_1_115' title="bbox 2219 5248 3721 5327">
     <span class='ocr_line' id='line_1_115' title="bbox 2219 5248 3721 5327; baseline -0.017 -15"><span class='ocrx_word' id='word_1_889' title='bbox 2219 5254 2584 5327; x_wconf 89' lang='lat' dir='ltr'><strong><em>improbitatis</em></strong></span> <span class='ocrx_word' id='word_1_890' title='bbox 2616 5256 2807 5311; x_wconf 89' lang='lat' dir='ltr'><strong><em>lineam</em></strong></span> <span class='ocrx_word' id='word_1_891' title='bbox 2837 5255 3063 5319; x_wconf 88' lang='lat' dir='ltr'><strong><em>devecti,</em></strong></span> <span class='ocrx_word' id='word_1_892' title='bbox 3094 5262 3269 5308; x_wconf 89' lang='lat' dir='ltr'><strong><em>tamen</em></strong></span> <span class='ocrx_word' id='word_1_893' title='bbox 3294 5250 3586 5319; x_wconf 86' lang='lat' dir='ltr'><strong><em>frequenter</em></strong></span> <span class='ocrx_word' id='word_1_894' title='bbox 3607 5248 3721 5327; x_wconf 72' lang='lat' dir='ltr'><strong><em>unum</em></strong></span> 
     </span>
    </p>
   </div>
   <div class='ocr_carea' id='block_1_116' title="bbox 2215 5320 3721 5418">
    <p class='ocr_par' dir='ltr' id='par_1_116' title="bbox 2215 5320 3721 5418">
     <span class='ocr_line' id='line_1_116' title="bbox 2215 5320 3721 5418; baseline -0.019 -15"><span class='ocrx_word' id='word_1_895' title='bbox 2215 5320 2452 5418; x_wconf 82' lang='lat' dir='ltr'><strong><em>aliquod,</em></strong></span> <span class='ocrx_word' id='word_1_896' title='bbox 2482 5346 2653 5403; x_wconf 92' lang='lat' dir='ltr'><strong><em>duove</em></strong></span> <span class='ocrx_word' id='word_1_897' title='bbox 2677 5356 2767 5401; x_wconf 91' lang='lat' dir='ltr'><strong><em>aut</em></strong></span> <span class='ocrx_word' id='word_1_898' title='bbox 2793 5347 2889 5401; x_wconf 89' lang='lat' dir='ltr'><strong><em>tria</em></strong></span> <span class='ocrx_word' id='word_1_899' title='bbox 2921 5344 3191 5402; x_wconf 85' lang='lat' dir='ltr'><strong><em>benefacta</em></strong></span> <span class='ocrx_word' id='word_1_900' title='bbox 3229 5350 3355 5397; x_wconf 91' lang='lat' dir='ltr'><strong><em>sunt</em></strong></span> <span class='ocrx_word' id='word_1_901' title='bbox 3380 5335 3587 5409; x_wconf 86' lang='lat' dir='ltr'><strong><em>operati.</em></strong></span> <span class='ocrx_word' id='word_1_902' title='bbox 3612 5320 3721 5393; x_wconf 85' lang='lat' dir='ltr'><strong><em>Quod</em></strong></span> 
     </span>
    </p>
   </div>
   <div class='ocr_carea' id='block_1_117' title="bbox 2217 5421 3724 5507">
    <p class='ocr_par' dir='ltr' id='par_1_117' title="bbox 2217 5421 3724 5507">
     <span class='ocr_line' id='line_1_117' title="bbox 2217 5421 3724 5507; baseline -0.012 -12"><span class='ocrx_word' id='word_1_903' title='bbox 2217 5449 2395 5495; x_wconf 89' lang='lat' dir='ltr'><strong><em>autem</em></strong></span> <span class='ocrx_word' id='word_1_904' title='bbox 2423 5441 2537 5494; x_wconf 74' lang='lat' dir='ltr'><strong><em>lucc</em></strong></span> <span class='ocrx_word' id='word_1_905' title='bbox 2561 5453 2664 5494; x_wconf 91' lang='lat' dir='ltr'><strong><em>non</em></strong></span> <span class='ocrx_word' id='word_1_906' title='bbox 2687 5439 2873 5507; x_wconf 88' lang='lat' dir='ltr'><strong><em>loquar</em></strong></span> <span class='ocrx_word' id='word_1_907' title='bbox 2896 5452 2926 5492; x_wconf 88' lang='lat' dir='ltr'><strong><em>e</em></strong></span> <span class='ocrx_word' id='word_1_908' title='bbox 2945 5434 3280 5505; x_wconf 87' lang='lat' dir='ltr'><strong><em>conjecturis,</em></strong></span> <span class='ocrx_word' id='word_1_909' title='bbox 3303 5432 3426 5486; x_wconf 89' lang='lat' dir='ltr'><strong><em>hinc</em></strong></span> <span class='ocrx_word' id='word_1_910' title='bbox 3450 5421 3724 5507; x_wconf 72' lang='lat' dir='ltr'><strong><em>perspictlllm</em></strong></span> 
     </span>
    </p>
   </div>
   <div class='ocr_carea' id='block_1_118' title="bbox 2216 5503 3729 5598">
    <p class='ocr_par' dir='ltr' id='par_1_118' title="bbox 2216 5503 3729 5598">
     <span class='ocr_line' id='line_1_118' title="bbox 2216 5503 3729 5598; baseline -0.02 -13"><span class='ocrx_word' id='word_1_911' title='bbox 2216 5538 2317 5586; x_wconf 87' lang='lat' dir='ltr'><strong><em>est.</em></strong></span> <span class='ocrx_word' id='word_1_912' title='bbox 2348 5529 2483 5598; x_wconf 87' lang='lat' dir='ltr'><strong><em>Quid</em></strong></span> <span class='ocrx_word' id='word_1_913' title='bbox 2510 5530 2650 5583; x_wconf 89' lang='lat' dir='ltr'><strong><em>enim</em></strong></span> <span class='ocrx_word' id='word_1_914' title='bbox 2686 5503 2782 5582; x_wconf 79' lang='lat' dir='ltr'><strong><em>fuit</em></strong></span> <span class='ocrx_word' id='word_1_915' title='bbox 2805 5528 2894 5581; x_wconf 90' lang='lat' dir='ltr'><strong><em>illo</em></strong></span> <span class='ocrx_word' id='word_1_916' title='bbox 2920 5503 3207 5597; x_wconf 85' lang='lat' dir='ltr'><strong><em>iniquitatis</em></strong></span> <span class='ocrx_word' id='word_1_917' title='bbox 3238 5522 3418 5592; x_wconf 87' lang='lat' dir='ltr'><strong><em>judice</em></strong></span> <span class='ocrx_word' id='word_1_918' title='bbox 3438 5503 3729 5573; x_wconf 81' lang='lat' dir='ltr'><strong><em>sceleratiuS.</em></strong></span> 
     </span>
    </p>
   </div>
   <div class='ocr_carea' id='block_1_119' title="bbox 2218 5602 3724 5694">
    <p class='ocr_par' dir='ltr' id='par_1_119' title="bbox 2218 5602 3724 5694">
     <span class='ocr_line' id='line_1_119' title="bbox 2218 5602 3724 5694; baseline -0.013 -19"><span class='ocrx_word' id='word_1_919' title='bbox 2218 5618 2341 5694; x_wconf 86' lang='lat' dir='ltr'><strong><em>quid</em></strong></span> <span class='ocrx_word' id='word_1_920' title='bbox 2397 5619 2767 5684; x_wconf 84' lang='lat' dir='ltr'><strong><em>inhumanius,</em></strong></span> <span class='ocrx_word' id='word_1_921' title='bbox 2824 5616 2947 5690; x_wconf 87' lang='lat' dir='ltr'><strong><em>quid</em></strong></span> <span class='ocrx_word' id='word_1_922' title='bbox 2999 5615 3162 5691; x_wconf 79' lang='lat' dir='ltr'><strong><em>magis</em></strong></span> <span class='ocrx_word' id='word_1_923' title='bbox 3215 5607 3465 5682; x_wconf 81' lang='lat' dir='ltr'><strong><em>impium?</em></strong></span> <span class='ocrx_word' id='word_1_924' title='bbox 3509 5605 3554 5660; x_wconf 90' lang='lat' dir='ltr'><strong><em>Is</em></strong></span> <span class='ocrx_word' id='word_1_925' title='bbox 3587 5602 3724 5666; x_wconf 70' lang='lat' dir='ltr'><strong><em>neque</em></strong></span> 
     </span>
    </p>
   </div>
  </div>
