4018 6190
266 263 370 319 995

267 383 339 437 οὐ
353 380 444 451 μὴ
480 381 628 452 slain
640 380 905 452 ἕκαστος
921 384 1002 452 τῷ
1024 386 1294 456 πλησίον
1316 388 1525 454 αὐτοῦ,
1547 387 1740 444 Γνῶθι
1756 388 1865 443 τὸν

268 468 511 537 Κύριον,
544 464 635 520 ὅτι
665 466 891 534 πάντες
920 469 1246 537 εἱδήσουσί
1261 489 1340 542 με
1370 472 1490 527 ἀπὸ
1515 472 1732 543 μικροῦ
1752 471 1865 539 ἕως

267 543 537 621 μεγάλου
574 548 795 605 αὐτῶν.
846 553 959 605 Καὶ
985 554 1014 607 ὁ
1040 552 1254 618 Παῦλός
1295 572 1447 625 φησι·
1476 555 1672 627 Κάγὼ,
1695 555 1864 611 (268.1-

268 633 396 706 φοι,
430 629 624 704 ἦλθον
660 635 812 703 πρὸς
836 634 1014 705 ὑμᾶς,
1054 640 1127 691 οὐ
1161 640 1293 694 καθ’
1336 638 1648 707 ὑπεροχὴν
1670 640 1860 708 λόγου

271 717 306 786 ἢ
335 718 584 787 σοφίας,
609 719 1038 789 καταγγέλλων
1071 721 1216 791 ὑμῖν
1242 722 1309 777 τὸ
1335 722 1679 792 μυστήριον
1705 721 1858 795 [740]

270 800 377 855 τοῦ
396 801 565 854 Θεοῦ.
595 800 706 854 Καὶ
730 801 912 855 πάλιν⁸
944 803 997 854 '0
1018 806 1203 874 λόγος
1213 823 1333 875 μου
1357 806 1456 859 καὶ
1492 805 1558 858 τὸ
1585 803 1860 875 κήρυγμὰ

261 901 385 955 μου
423 886 535 938 οὐκ
556 883 628 937 ἐν
657 885 885 952 πειθοῖς
906 897 932 927 ι
963 887 1345 956 ἀνθρωπίνης
1386 890 1609 958 σοφίας
1630 889 1856 958 λόγοις,

261 966 408 1021 ἀλλ’
441 966 513 1020 ἐν
538 965 845 1032 ἀποδείξει
877 970 1220 1040 πνεύματος
1244 970 1345 1029 καὶ
1382 970 1709 1042 δυνάμεως.
1746 971 1857 1024 Καὶ

263 1051 452 1105 πάλιν·
485 1051 809 1121 Λαλοῦμεν
831 1052 943 1122 γὰρ
981 1055 1231 1124 σοφίαν,
1268 1056 1456 1127 φησὶν,
1485 1058 1557 1110 οὐ
1593 1055 1700 1110 τοῦ
1725 1054 1858 1109 αἰῶ-

261 1152 375 1201 νος
405 1135 646 1201 τούτου,
684 1134 829 1189 οὐδὲ
853 1134 973 1190 τῶν
1000 1137 1313 1207 ἀρχόντων
1343 1138 1452 1193 τοῦ
1481 1136 1698 1204 αἰῶνος
1722 1138 1858 1193 τού-

260 1233 374 1273 του
389 1217 509 1272 τῶν
537 1218 1053 1288 καταργουμένων.
1084 1221 1327 1294 Τίνιγὰρ
1359 1222 1459 1276 οὐκ
1480 1222 1594 1276 ἔστι
1629 1222 1766 1293 δῆλα
1787 1222 1857 1276 τά

258 1304 373 1357 τῶν
411 1304 763 1374 Εὐαγγελίων
810 1304 1059 1372 ἂπαντα;
1093 1306 1179 1371 τίς
1220 1306 1276 1359 δὲ
1304 1306 1540 1376 ἀκούων,
1561 1309 1643 1362 ὄτι
1675 1309 1857 1379 μακά-

260 1403 374 1459 ριοι
424 1388 474 1441 οἰ
505 1389 721 1459 πραεῖς,
763 1387 1026 1460 μακάριοι
1054 1389 1104 1441 οἰ
1134 1388 1446 1461 ἐλεήμονες,
1494 1392 1753 1462 μακάριοι
1807 1395 1856 1446 οἱ

259 1472 497 1544 καθαροὶ
526 1474 592 1542 τῇ
625 1471 844 1542 καρδίᾳ,
866 1472 961 1524 καὶ
988 1471 1089 1525 ὅσα
1120 1472 1366 1539 τοιαῦτα,
1391 1473 1711 1528 διδασκάλου
1734 1475 1858 1544 δεήκ

260 1572 440 1620 σεται,
481 1554 557 1619 ὥς
581 1573 633 1608 τι
670 1554 864 1625 μαθεῖν
885 1554 994 1609 τῶν
1018 1554 1327 1626 λεγομένων
1354 1557 1415 1622 1ῖι;
1462 1557 1623 1611 Ἀλλά
1655 1557 1725 1612 τά
1747 1557 1855 1611 τῶν

260 1639 506 1710 σημείων
536 1640 632 1693 καὶ
661 1639 955 1711 θαυμάτων
994 1639 1088 1693 καὶ
1120 1639 1369 1711 ἱστοριῶν
1393 1641 1514 1712 οὐχὶ
1539 1642 1633 1695 καὶ
1659 1641 1738 1713 τῷ
1761 1659 1856 1695 τυ-

256 1725 412 1793 χόντι
440 1723 690 1794 γνώριμα
712 1724 807 1777 καὶ
835 1723 1014 1795 σαφῆ;
1043 1722 1248 1795 Σκῆψις
1269 1724 1439 1780 ταῦτα
1465 1726 1558 1779 κα)⁸
1585 1726 1855 1798 πρόφασις

257 1806 358 1859 καὶ
377 1806 604 1871 νωθείας
633 1806 1141 1879 παρακαλύμματα.

332 1937 411 1991 Οὐ
454 1938 596 1999 νοεῖς
641 1934 712 1989 τὰ
755 1934 1083 2006 ἐγκείμενα;
1119 1933 1238 1999 πῶς
1263 1934 1373 2008 γὰρ
1404 1936 1609 2009 δυνήσῃ
1659 1937 1851 2009 νοῆσαί

258 2036 418 2086 ποτε,
453 2018 585 2091 μηδὲ
611 2018 797 2083 ἁπλῶς
843 2017 1080 2088 ἐγκύψαι
1130 2016 1483 2091 βουλόμενος;
1515 2020 1661 2073 Λάϐε
1714 2019 1854 2092 μετά

256 2105 455 2174 χεῖρας
502 2102 564 2155 τὸ
616 2100 838 2173 βιϐλίον’
886 2100 1161 2169 ἀνάγνωθι
1198 2101 1297 2173 τὴν
1325 2101 1569 2173 ἱστορίαν
1609 2102 1849 2168 ἅπασαν,

260 2186 363 2240 καὶ
390 2186 457 2240 τά
488 2183 743 2257 γνώριμα
771 2183 1081 2255 κατασχὼν,
1125 2183 1197 2238 τά
1225 2185 1394 2256 ἄδηλα
1422 2186 1519 2239 καὶ
1567 2185 1636 2240 τὰ
1663 2187 1849 2259 ἀσαφῆ

258 2270 527 2333 πολλάκις
559 2268 775 2322 ἐπελθεο
821 2268 929 2323 κᾶν
973 2269 1048 2341 μὴ
1079 2268 1317 2341 δυνηθῇς
1349 2272 1414 2341 τῇ
1448 2270 1699 2341 συνεχείᾳ
1752 2272 1850 2341 τῆς

254 2353 629 2423 ἀναγνώσεως
653 2353 831 2425 εὑρεῖν
875 2353 935 2406 τὺ
972 2353 1282 2424 λεγόμενον,
1327 2353 1545 2424 βάδισον
1576 2353 1712 2425 πρὸς
1758 2354 1850 2406 τὸν

258 2437 596 2509 σοφώτερον,
627 2436 747 2491 ἐλθὲ
792 2437 929 2510 πρὸς
976 2438 1067 2491 τὸν
1114 2437 1447 2503 διδάσκαλον,
1488 2438 1849 2493 ἀνακοίνωσαι

258 2521 530 2595 περὶτῶν
563 2520 890 2593 εἰρημένων,
926 2519 1126 2592 πολλὴν
1150 2521 1414 2588 ἐπίδειξαι
1455 2522 1552 2594 τὴν
1588 2523 1847 2597 σπουδήν·

255 2606 370 2660 κᾶν
390 2604 479 2679 ἴδῃ
507 2622 566 2657 σε
594 2606 623 2656 ὁ
656 2603 791 2670 Θεὸς
818 2603 1056 2677 τοσαύτῃ
1078 2606 1415 2676 κεχρημένον
1443 2609 1508 2678 τῇ
1546 2607 1847 2680 προθυμίᾳ,

253 2691 325 2744 οὐ
362 2687 684 2758 περιόψεταί
719 2704 813 2741 σου
850 2688 950 2759 τὴν
983 2689 1293 2760 ἀγρυπνίαν
1328 2689 1423 2745 καὶ
1446 2690 1543 2763 τὴν
1571 2692 1846 2765 φροντίδα,

255 2772 403 2826 ἀλλὰ
436 2772 542 2826 κᾶν
570 2770 858 2842 ἄνθρωπος
889 2771 965 2842 μὴ
1000 2770 1186 2846 διδάξῃ
1206 2772 1265 2825 τὸ
1294 2770 1646 2845 ζητούμενον,
1688 2774 1848 2837 αὐτὸς

254 2853 607 2925 ἀποκαλύψει
633 2854 873 2917 πάντως.
916 2854 1318 2927 ’Δναμνήσθητι
1350 2856 1444 2910 τοῦ
1466 2856 1724 2928 εὐνούχου
1749 2858 1849 2928 τῆς

257 2937 539 3011 βασιλίδος
569 2937 868 3004 Αἰθιόπων,
908 2937 967 3001 ὃς
999 2938 1286 3008 ἄνθρωπος
1317 2937 1594 3011 βάρϐαρος
1622 2940 1719 3005 ὢν,
1753 2942 1849 2994 καὶ¹

259 3021 494 3093 μυρίαις
528 3021 890 3091 συνεχόμενος
918 3021 1189 3092 φροντίσι,
1216 3022 1316 3075 καὶ
1351 3023 1690 3093 πανταχόθεν
1720 3023 1849 3077 πολ-

253 3103 377 3168 λοῖς
427 3102 934 3175 περικυκλούμενος
967 3104 1290 3177 πράγμασιν
1310 3145 1327 3169 ,
1375 3106 1478 3160 οὐκ
1511 3107 1670 3171 εἰδὼς
1702 3107 1847 3178 άπερ

253 3186 654 3256 ἀνεγίνωσκεν,
688 3187 843 3258 ὅμως
888 3186 1378 3256 ἀνεγίνωσκενέπί
1422 3189 1515 3243 τοῦ
1569 3191 1848 3263 ὀχήματος

254 3271 596 3343 καθήμενος.
629 3272 694 3324 Εἰ
721 3271 778 3324 δέ
802 3273 860 3324 ἐν
894 3270 999 3343 ὁδῷ
1036 3272 1309 3345 τοσαύτην
1362 3273 1597 3345 σπουδὴν
1633 3275 1848 3329 ἐπεδεί-

254 3372 450 3420 κνυτο,
469 3354 721 3425 ἐννόησον
744 3354 829 3418 τίς
856 3350 926 3425 ἦν
953 3356 1091 3409 οἴκοι
1122 3356 1420 3428 διατρίϐων
1437 3375 1451 3389 ’
1474 3360 1523 3412 εἰ
1545 3358 1634 3413 τὸν
1656 3358 1848 3430 καιρὸν

252 3439 361 3509 τῆς
385 3438 694 3510 ὁδοιπορίας
718 3438 818 3491 οὐκ
851 3438 1100 3508 ἠνείχετο
1129 3442 1300 3511 χωρὶς
1345 3441 1707 3511 ἀναγνώσεως
1746 3442 1845 3513 μέ-

253 3539 397 3584 νειν,
428 3520 613 3598 πολλῷ
645 3521 846 3592 μᾶλλον
875 3522 934 3575 ἐν
955 3524 1021 3593 τῇ
1048 3523 1197 3595 οἰκίᾳ
1226 3524 1368 3598 καθὴ
1379 3541 1567 3597 μενοςο
1605 3528 1654 3579 εἰ
1682 3526 1846 3597 μηδὲν

252 3603 419 3669 εἰδὼς
440 3597 519 3658 ὧν
534 3604 921 3674 ἀνεγίνωσκεν,
934 3607 1037 3659 οὐκ
1058 3607 1326 3677 ἀφίστατο
1341 3610 1439 3679 τῆς
1461 3610 1844 3679 ἀναγνώσεως,

253 3688 446 3759 πολλῷ
496 3687 699 3759 μᾶλλον
768 3689 910 3761 μετὰ
955 3689 1019 3743 τὸ
1081 3691 1295 3762 μαθεῖν.
1357 3693 1481 3747 Ὀτι
1535 3693 1646 3765 γάρ
1700 3693 1846 3766 ἀπερ

254 3772 636 3841 ἀνεγίνωσκεν
683 3773 785 3827 οὐκ
828 3772 976 3845 ᾔδει,
1028 3775 1263 3830 ἄκουσον
1319 3777 1373 3830 τί
1409 3794 1576 3849 φησιν
1613 3776 1764 3850 αὐτῷ
1816 3781 1846 3833 ὁ

252 3856 562 3920 ⁴Μλιππος*
596 3850 753 3925 Ἀρά
801 3872 868 3927 τε
914 3858 1231 3929 γινώσκεις
1281 3860 1321 3915 ἀ
1362 3862 1844 3932 ἀναγινώσκεις;
1931 3872 1937 3884 '

254 3943 530 4005 Κάκεῖνος
542 3941 716 3996 ταῦτα
731 3941 866 3995 ἀκού
874 3959 972 4007 σας
983 3944 1084 3998 οὐκ
1100 3944 1238 4016 ὴρυθ
1248 3946 1431 4019 ρίασεν
1444 3948 1564 4002 οὐδὲ
1576 3947 1817 4021 ᾐσχύνθη
1826 3988 1842 4013 ,

251 4026 373 4080 ἀλλ’
401 4023 723 4096 ὡμολόγησε
751 4025 851 4095 τὴν
879 4027 1120 4095 ἄγνοιαν,
1147 4028 1241 4082 καί
1274 4047 1410 4101 φησι
1433 4047 1446 4061 ·
1465 4030 1602 4098 Πῶς
1627 4032 1739 4102 γὰρ
1766 4033 1846 4087 ἂν

250 4109 582 4177 δυναίμην,
615 4107 725 4162 ἐὰν
747 4107 833 4178 μή
861 4125 953 4175 τις
975 4110 1252 4181 ὀδηγήσῃ
1271 4129 1389 4183 με;
1424 4114 1579 4168 Ἐπεὶ
1609 4112 1722 4181 οὖν,
1750 4118 1844 4171 ού-

250 4190 407 4245 δέπω
444 4191 539 4244 τὸν
595 4191 892 4263 ὁδηγοῦντα
925 4191 1092 4263 ἔχων,
1129 4194 1303 4257 οὔτως
1341 4198 1709 4266 ἀνεγίνωσκε,
1755 4200 1843 4255 διὰ

252 4272 421 4328 τοῦτο
448 4273 663 4345 ταχέως
713 4273 1012 4328 ἐπελάϐετο
1048 4274 1143 4328 τοῦ
1171 4280 1661 4349 χειραγωγοῦντος.
1688 4279 1844 4337 Είδεν

250 4357 426 4413 αὑτοῦ
453 4359 552 4428 τὴν
577 4356 889 4429 προθυμίαν
909 4359 1106 4423 ὸΘεδς,
1135 4360 1433 4427 ἀπεδέξατο
1453 4363 1551 4435 τὴν
1582 4366 1840 4439 σπουδὴν,

252 4441 356 4495 καὶ
406 4439 654 4511 επεμψεν
699 4442 849 4513 αὐτῷ
903 4442 1226 4497 διδάσκαλον
1280 4444 1509 4510 εὐθέως.
1566 4448 1727 4502 Ἀλλά
1778 4451 1841 4503 οὐ

251 4523 526 4595 πάρεστιν
540 4526 569 4576 ὁ
581 4524 846 4588 Φίλιππος
862 4524 959 4579 νῦν
978 4543 992 4590 ;
1034 4526 1195 4581 Ἀλλά
1218 4527 1278 4582 τὸ
1292 4528 1519 4601 Πνεῦμα
1533 4530 1597 4584 τὸ
1615 4533 1842 4604 κινῆσαν

245 4608 347 4661 τὸν
372 4606 640 4661 Φίλιππον
671 4607 926 4680 πάρεστι.
975 4611 1067 4683 Μὴ
1117 4614 1553 4685 καταφρονῶμεν
1594 4619 1694 4687 τῆς
1735 4634 1843 4671 σω-

244 4690 453 4762 τηρίας
497 4691 677 4762 ἡμῶν,
718 4693 1029 4765 ἀγαπητοί·
1066 4694 1251 4749 Ταῦτα
1306 4697 1486 4751 πάντα
1510 4698 1738 4770 ἐτράφη
1765 4702 1840 4755 δι’

243 4773 416 4844 ἡμᾶς
440 4775 593 4844 πρὸς
618 4778 951 4834 νουθεσίαν
973 4778 1162 4849 ἡμῶν,
1196 4781 1284 4847 εἰς
1309 4780 1419 4848 οὓς
1448 4782 1518 4836 τὰ
1544 4783 1689 4853 τέλη
1722 4786 1842 4841 τῶν

243 4856 487 4912 αἰώνων
508 4858 877 4931 κατήντησε.

323 4986 557 5060 Μεγάλη
613 4989 887 5058 ἀσφάλεια
918 4991 1056 5063 πρὸς
1089 4991 1152 5045 τὸ
1212 4993 1287 5063 μὴ
1338 4992 1679 5066 ἁμαρτάνειν
1731 4998 1840 5055 τῶν

243 5070 497 5156 Γραφῶν
521 5074 554 5143 ἡ
586 5073 917 5142 ἀνάγνωσις,
948 5075 1123 5146 μέγας
1161 5077 1408 5148 κρημνὸς
1437 5081 1533 5133 καὶ
1565 5081 1840 5156 βάραθρον

245 5154 397 5226 βαθὺ
431 5154 539 5208 τῶν
568 5156 803 5230 Γραφῶν
855 5160 888 5229 ὴ
938 5159 1153 5228 ἄγνοια,
1192 5161 1405 5233 μεγάλη
1436 5164 1694 5235 προδοσία
1731 5154 1841 5221 σω-

243 5237 451 5311 τηρίας
477 5239 538 5293 τὺ
563 5242 731 5312 μηδὲν
755 5242 864 5296 ἀπὸ
884 5242 992 5296 τῶν
1020 5242 1181 5298 θείων
1210 5246 1407 5300 εἰδέναι
1433 5249 1613 5319 νόμων
1634 5267 1647 5281 ·
1680 5252 1840 5307 τοῦτο

244 5325 363 5409 καὶ,
404 5325 645 5397 αἱρέσεις
693 5327 869 5395 ἔτεκε,
921 5327 1081 5382 τοῦτο
1134 5331 1229 5384 καὶ
1282 5330 1396 5402 βίον
1440 5333 1839 5409 διεφθαρμένον

244 5408 540 5494 εἰσήγαγε,
560 5410 719 5465 τοῦτο
740 5411 809 5466 τὰ
838 5412 950 5466 ἀνω
980 5413 1130 5467 κάτω
1162 5416 1485 5488 πεποίηκεν.
1534 5420 1838 5494 Ἀμήχανον

244 5489 386 5564 γάρ,
420 5493 702 5565 ἀμήχανον
734 5496 988 5569 ἄκαρπον
1032 5499 1386 5572 ἀναχωρῆσαι
1435 5519 1556 5558 τινα
1598 5489 1840 5577 συνεχῶς

316 5660 343 5729 ξ
375 5657 462 5729 δίε
483 5661 953 5729 [θεοτὶρείηίυθριιο
973 5667 1222 5729 πειθανοῖς,
1247 5681 1278 5718 e
1305 5665 1454 5719 Savil.
1479 5675 1532 5721 et
1551 5669 1678 5723 Bibl.
1699 5672 1833 5725 Εοιτ.

316 5709 344 5747 δ
367 5722 465 5773 Anu
483 5709 610 5773 ὥστε
625 5709 1156 5790 ⁷ιὶᾱι6έῒῖἐὸτ>ζὲγόᾇὲὶὦνζ

560 5822 825 5881 l’A'nmL.
880 5822 995 5881 Gn.
1048 5826 1099 5884 Χ
1116 5824 1266 5883 LVII
1282 5824 1323 5883 ί.

1498 270 1586 325 DE
1622 270 1903 327 LAZARO
1943 271 2194 331 CONCIO
2232 277 2318 333 Ill.

3446 291 3546 349 996

1968 394 2332 465 ἀναγνώσεως
2387 399 2735 456 ἀπολαύοντα
2806 403 2947 473 μετὰ
3001 402 3350 468 ἐπιστασίας.
3420 403 3551 458 ’1δοῦ

1966 480 2101 546 γοῦν
2128 482 2229 553 μία
2256 484 2544 557 παραϐολὴ
2572 484 2717 540 πόσα
2740 489 2891 559 ἡμᾶς
2918 487 3207 559 ὠφέλησες
3245 487 3365 550 πῶς
3394 486 3553 558 ἡμῶν

1967 563 2163 634 βελτίω
2195 567 2294 640 τὴν
2335 568 2516 641 ψυχὴν
2560 572 2901 643 εἰργάσατο;
2934 571 3130 625 Πολλοὶ
3175 572 3277 642 μὲν
3303 571 3444 643 γὰρ,
3490 568 3551 627 εὗ

1962 646 2058 703 οἶδ’
2099 653 2205 717 ὅτι,
2253 653 2450 726 διαρκῆ
2504 657 2604 728 τὴν
2653 658 2924 729 ὠφέλειαν
2972 660 3038 712 ἐκ
3085 657 3189 729 τῆς
3229 659 3553 731 ἀκροάσεως

1962 734 2221 801 λαϐόντες
2268 738 2550 808 ἀπῆλθον⁹
2612 742 2662 794 εἰ
2708 741 2765 794 δὲ
2804 741 2911 795 εἰσί
2960 741 3113 814 [741]
3149 759 3318 807 τινες,
3366 742 3416 796 οἳ
3476 743 3553 815 μὴ

1960 820 2217 875 τοσοῦτον
2248 823 2663 897 ἐκαρπώσαντο,
2717 825 2834 880 ἀλλ’
2864 827 3017 898 ὅμως
3044 826 3144 899 τὴν
3172 827 3305 897 γοῦν
3332 828 3552 900 ἡμέραν

1960 905 2167 978 αὐτὴν,
2205 907 2327 961 καθ’
2357 909 2423 979 ἢν
2452 909 2716 979 ἤκουσαν,
2753 910 2999 981 βελτίους
3028 912 3281 980 ἐγένοντο
3304 910 3547 978 πάντως.

1959 990 2034 1042 Οὐ
2082 991 2278 1062 μικρὸν
2319 992 2377 1045 δέ
2410 993 2592 1047 καὶτὸ
2622 994 2841 1065 ἡμέραν
2874 994 3002 1065 μίαν
3046 996 3103 1048 ἐν
3133 994 3551 1067 ἁμαρτημάτων

1958 1075 2254 1142 κατανύξει
2301 1077 2609 1147 διαγαγεῖν,
2641 1080 2737 1132 καὶ
2779 1078 3067 1149 διαϐλέψαι
3110 1080 3250 1151 πρὸς
3292 1081 3392 1151 τὴν
3435 1082 3550 1135 ἄνω

1960 1157 2304 1229 φιλοσοφίαν,
2334 1159 2432 1215 καὶ
2461 1166 2772 1234 παρασχεῖν
2792 1166 2856 1235 τῇ
2887 1164 3032 1236 ψυχῇ
3073 1162 3268 1235 μικρὸν
3288 1162 3419 1233 γοῦν
3441 1164 3549 1218 ἀπὸ

1958 1241 2068 1296 τῶν
2109 1242 2383 1313 βιωτικῶν
2426 1245 2764 1301 ἀναπνεῦσαι
2807 1247 3131 1321 φροντίδων.
3177 1249 3275 1300 Ἂν
3321 1247 3379 1301 δέ
3422 1248 3546 1301 καθ’

1958 1325 2199 1398 ἑκάστην
2224 1326 2383 1382 τοῦτο
2413 1328 2665 1401 ποιῶμεν
2698 1330 2938 1397 σύναξιν,
2977 1333 3073 1385 καὶ
3124 1331 3198 1402 μὴ
3245 1331 3551 1401 διαλιμπάν

1956 1428 2159 1482 νωμεν,
2191 1412 2498 1484 ήσυνέχεια
2519 1415 2619 1487 τῆς
2650 1416 2973 1487 ἀκροάσεως
3000 1415 3296 1488 ἐργάσεταί
3314 1433 3368 1470 τι
3402 1416 3547 1487 μέγα

1956 1495 2050 1547 καὶ
2072 1499 2319 1563 γενναῖον
2350 1498 2407 1551 ἐν
2446 1499 2578 1569 ἡμῖν
2602 1493 2828 1568 ἀγαθόν.

2026 1584 2089 1638 δ’.
2114 1585 2251 1658 Φέρε
2287 1582 2381 1641 οὖν
2413 1589 2507 1641 καὶ
2525 1588 2595 1642 τὰ
2622 1589 2750 1661 ἑξῆς
2785 1589 2948 1644 πάλιν
2981 1589 3272 1662 ἀποδῶμεν
3300 1592 3429 1662 ὑμῖν
3444 1592 3547 1662 τῆς

1956 1676 2296 1748 παραϐολῆς.
2318 1677 2451 1732 Τίνα
2471 1678 2528 1731 δέ
2557 1678 2763 1733 ἐστιτὰ
2788 1679 2947 1751 ἐξῆς;
2970 1681 3229 1745 Εἰπόντος
3243 1680 3336 1734 τοῦ
3366 1681 3533 1735 πλου-

1957 1769 2356 1841 σίου,Πέμψον
2371 1770 2654 1841 Λάζαρον,
2685 1774 2787 1829 ἵνα
2799 1773 3098 1843 ἐπιστάξῃ
3133 1771 3213 1839 τῷ
3232 1774 3394 1842 ἄκρῳ
3421 1773 3534 1829 τοῦ

1953 1864 2260 1920 δακτύλου
2284 1866 2495 1930 αὐτοῦ,
2522 1867 2622 1922 καὶ
2639 1869 2961 1943 καταψύξῃ
2984 1870 3094 1941 τήν
3104 1888 3225 1940 μου
3245 1868 3542 1940 γλῶτταν,

1954 1957 2278 2029 ἀκούσωμεν
2312 1958 2365 2012 τί
2395 1977 2563 2030 φησιν
2604 1961 2885 2033 Ἀϐραάμ*
2919 1963 3164 2025 Τέκνον,
3195 1963 3542 2031 μνήσθητι,

1953 2050 2043 2105 ὅτι
2076 2051 2377 2119 ἀπέλαϐες
2418 2051 2502 2107 σὺ
2534 2054 2609 2107 τὰ
2644 2053 2838 2124 ἀγαθά
2863 2070 2980 2111 σου
3011 2056 3083 2110 ἐν
3130 2055 3207 2124 τῇ
3239 2055 3353 2125 ζ’ωῇ
3399 2074 3539 2122 σου,

1953 2138 2053 2193 καὶ
2080 2139 2344 2210 Λάζαρος
2364 2142 2440 2197 τὰ
2464 2142 2623 2197 κακά
2641 2159 2656 2176 ο
2697 2144 2794 2199 καὶ
2823 2145 2942 2200 νῦν
2967 2142 3149 2214 οὗτος
3177 2148 3565 2217 παριικαλεῖο.

1952 2246 2067 2295 ται,
2112 2230 2195 2285 σὺ
2242 2230 2312 2285 δὲ
2360 2231 2682 2289 ὀδυνᾶσαι.
2737 2235 2846 2291 Καὶ
2881 2236 2981 2291 ἐπὶ
3013 2237 3166 2292 πᾶσι
3206 2238 3276 2292 δὲ
3305 2241 3541 2308 τούτοις

1952 2323 2158 2394 χάσμα
2165 2324 2320 2395 μέγα
2331 2328 2562 2396 μεταξὺ
2581 2328 2752 2399 ἡμῶν
2771 2347 2836 2385 τε
2861 2334 2961 2387 καὶ
2980 2330 3151 2401 ὑμῶν
3166 2332 3536 2402 ἐστήρικται,

1952 2412 2113 2480 ὅπως
2133 2417 2189 2469 οί
2212 2416 2497 2485 θέλοντες
2524 2418 2759 2475 ἐκεῖθεν
2782 2421 3064 2491 διαϐῆναι
3091 2422 3245 2493 πρὸς
3260 2422 3437 2495 ἡμᾶς,
3449 2424 3538 2494 μὴ

1949 2504 2248 2563 δύνωνται
2272 2549 2287 2573 ,
2338 2509 2493 2579 μήτε
2555 2516 2611 2567 οἱ
2662 2498 2949 2570 ἐντεῦθεν
2999 2515 3130 2570 ἐκεῖ
3189 2515 3538 2585 διαπερῶσι.

1949 2600 2189 2673 Φορτικά
2215 2602 2284 2658 τά
2316 2605 2608 2678 εἰρημένα,
2647 2612 2742 2665 καὶ
2768 2609 2974 2682 πολλὴν
2994 2611 3152 2684 ἡμῶν
3186 2611 3412 2684 κατέχεε
3438 2612 3540 2686 τὴν

1948 2694 2161 2766 ὀδύνην.
2222 2694 2355 2754 Οῐδα
2387 2700 2581 2769 κάγώ’
2616 2703 2734 2757 ἀλλ’
2776 2704 2902 2759 ὅσον
2946 2705 3132 2759 δάκνει
3166 2706 3230 2760 τὸ
3271 2707 3537 2775 συνειδδς,

1948 2786 2207 2844 τοσοῦτον
2261 2791 2355 2846 καὶ
2387 2792 2593 2862 ὠφελεῖ
2618 2793 2720 2866 τὴν
2753 2794 2993 2852 διάνοιαν
3026 2796 3137 2851 τῶν
3165 2797 3534 2870 δακνομένων.

1949 2883 2013 2936 Εἰ
2058 2883 2159 2954 μὲν
2195 2886 2304 2959 γάρ
2330 2889 2452 2942 ἐκεῖ
2482 2887 2658 2944 ταῦτα
2706 2890 2928 2960 ἐλέγετο
2974 2892 3129 2963 ἡμῖν,
3166 2893 3421 2967 καθάπερ
3457 2895 3539 2966 τῷ

1952 2975 2192 3047 πλουσίῳ
2222 3018 2238 3043 ,
2296 2978 2466 3044 ὅντως
2515 2980 2738 3053 θρηνεῖν
2789 2982 2899 3037 ἔδει
2950 2985 3047 3038 καὶ
3096 2983 3386 3057 ὀδύρεσθαι
3441 2988 3540 3042 καὶ

1952 3066 2193 3135 πενθεῖν,
2231 3069 2315 3122 ὅτι
2349 3072 2643 3141 μετανοίας
2682 3074 2876 3145 καιρὸς
2905 3075 3114 3130 οὐκέτι
3158 3080 3293 3149 ἡμῖν
3341 3080 3538 3134 ὑπελέ-

1947 3155 2169 3213 λειπτοο
2211 3160 2401 3233 ἐπειδὴ
2453 3162 2512 3215 δέ
2565 3164 2803 3219 ἐνταῦθα
2854 3166 3007 3232 ὄντες
3035 3169 3210 3225 ταῦτα
3239 3171 3533 3243 ἀκούομεν,

1946 3246 2085 3301 ὅπου
2135 3250 2232 3304 καί¹
2290 3251 2566 3323 ἀνανῆψαι
2618 3254 2869 3322 δυνατὸν,
2922 3258 3019 3313 καὶ
3054 3261 3123 3314 τὰ
3168 3265 3538 3337 ἡμαρτημένα

1947 3337 2319 3409 ἀπονίψασθαι
2351 3342 2446 3395 καὶ
2476 3342 2680 3416 πολλὴν
2724 3346 3032 3418 κτήσασθαι
3060 3350 3160 3422 τὴν
3197 3353 3535 3425 παρρησίαν,

1948 3428 2043 3483 καὶ
2080 3430 2146 3483 ἐκ
2190 3431 2299 3485 τῶν
2344 3432 2557 3505 ἑτέροις
2598 3437 2930 3509 συμϐάντων
2971 3442 3159 3496 κακῶν
3197 3444 3539 3515 φοϐηθέντας

1951 3518 2379 3612 μεταϐαλέσθαι,
2414 3525 2835 3601 εὐχαριστῶμεν
2863 3529 2942 3603 τῷ
2990 3532 3359 3608 φιλανθρώπῳ
3391 3538 3534 3612 Θεῷ,

1947 3607 2127 3702 τῷ
2142 3611 2239 3682 τῆς
2256 3612 2342 3665 ἑτέ
2349 3631 2459 3684 ρων
2485 3617 2761 3684 κολάσεως
2785 3622 2883 3693 τὴν
2908 3624 3187 3698 ἡμετέραν
3210 3607 3534 3702 διεγείροντι

1947 3698 2195 3765 νωθείαν,
2213 3702 2309 3755 καὶ
2337 3704 2697 3774 ἀφυπνίζοντι
2724 3712 3087 3781 καθεύδοντας
3105 3720 3279 3790 ἡμᾶς.
3425 3724 3534 3798 γὰρ

1945 3789 2111 3845 τοῦτο
2135 3793 2312 3848 ταῦτα
2346 3798 2697 3871 προείρηται,
2725 3803 2812 3857 ἵνα
2842 3804 2917 3877 μὴ
2948 3807 3123 3862 ταῦτα
3157 3811 3441 3886 πάθωμεν.
3470 3789 3533 3872 Ιέί

1946 3882 2058 3956 γὰρ
2108 3885 2364 3943 ἐϐούλετο
2415 3890 2665 3962 κολάσαι,
2722 3896 2824 3951 οὐκ
2873 3897 2941 3954 ἂν
2996 3901 3172 3957 ταῦτα
3234 3909 3530 3979 προεῖπενο

1946 3977 2225 4070 ἐπειδὴδὲ
2271 3983 2332 4035 οὐ
2387 3982 2638 4054 βούλεται
2685 3985 2946 4061 ἐμϐαλεῖν
2993 3994 3077 4060 εἰς
3115 3977 3411 4070 τιμωρίαν,
3441 4002 3532 4056 διὰ

1944 4068 2106 4123 τοῦτο
2161 4073 2419 4144 προλέγει
2472 4077 2572 4150 τὴν
2620 4081 2912 4153 τιμωρίαν,
2965 4085 3053 4139 ῖνα
3108 4090 3176 4159 τῇ
3227 4068 3534 4163 προρρήσει

1948 4164 2411 4237 σωφρονισθέντες
2433 4168 2532 4242 τὴν
2564 4171 2655 4226 διά
2686 4173 2795 4228 τῶν
2829 4177 3174 4249 πραγμάτων
3199 4182 3533 4252 ὲκφύγωμεν

1945 4256 2165 4326 πεῖραν.

2031 4348 2191 4442 Ἀλλά
2218 4351 2365 4417 τίνος
2404 4352 2592 4411 ἕνεκεν
2636 4361 2735 4414 ούκ
2764 4356 2940 4430 εἷπεν,
2988 4366 3221 4435 Ἐλαϐες
3251 4370 3320 4425 τὰ
3350 4374 3533 4442 ἀγαθά

1948 4456 2063 4504 σου,
2099 4440 2237 4505 ἀλλ’,
2279 4444 2594 4514 Ἀπέλαϐες
2612 4464 2632 4513 ;
2651 4451 2949 4524 Μέμνησθε
2975 4456 3085 4529 γάρ
3118 4455 3178 4514 εὖ
3212 4456 3306 4515 οἷδ’
3337 4440 3418 4519 ὅτι
3442 4467 3527 4518 ἐν·

1949 4532 2161 4627 τεῦθενᾼ
2188 4534 2324 4627 ἔφην
2374 4537 2609 4608 πέλαγος
2648 4543 2849 4614 ἀχανὲς
2897 4549 2991 4603 καὶ
3044 4551 3193 4623 μέγα
3240 4557 3532 4627 νοημάτων

1893 4691 1903 4699 1
1944 4625 2078 4694 ἡμῖν
2115 4624 2454 4722 ,ἀνοίγεσθαι
2490 4646 2504 4659 ο
2552 4631 2615 4684 τὸ
2664 4634 2775 4708 γὰρ
2807 4677 2823 4703 ,
2889 4640 3235 4711 Ἀπέλαϐες,
3308 4624 3532 4722 δφειλήν

1953 4734 2077 4771 τινα
2111 4719 2525 4793 ἐνδεικνυμένου
2574 4727 2668 4782 καὶ
2706 4729 2992 4801 δηλοῦντός
3045 4738 3223 4791 ἐστιν’
3277 4719 3530 4815 ἀπολαμ-

1947 4808 2102 4866 ϐάνει
2158 4813 2268 4886 γάρ
2314 4832 2400 4881 τις
2429 4818 2499 4873 τά
2545 4822 2890 4894 ὀφειλόμενα.
2949 4827 3014 4881 Εἰ
3070 4830 3249 4886 τοίνυν
3300 4808 3525 4905 μιαρδς,

1944 4904 2039 4959 καὶ
2086 4907 2431 4982 παμμίαρος,
2470 4913 2564 4966 καὶ
2598 4915 2755 4985 ὠμὸς
2803 4920 2899 4972 καὶ
2952 4919 3320 4995 ἀπάνθρωπος
3371 4904 3530 4995 οὗτος

1941 4997 1971 5049 ό
1999 4996 2254 5063 πλούσιος
2273 4996 2361 5072 ἦν,
2396 5004 2542 5067 τίνος
2573 5006 2759 5061 ἕνεκεν
2784 5009 2885 5063 οὐκ
2922 5007 3076 5067 εἶπεν
3096 5015 3265 5087 αὐτῷ,
3294 5018 3527 5086 ’Ἑλαϐες

1942 5093 2016 5147 τὰ
2047 5094 2239 5165 ἀγαθά
2267 5114 2407 5162 σου,
2445 5100 2586 5163 ἀλλ’,
2629 5103 2977 5173 Ἀπέλαϐες,
2996 5109 3073 5173 ὡς
3100 5115 3525 5188 χρεωστούμενα

1942 5186 2037 5240 καὶ
2065 5189 2425 5259 δφειλόμενα;
2463 5192 2529 5277 Τί
2554 5189 2647 5248 οὖν
2687 5197 2939 5253 ἐντεῦθεν
2974 5203 3362 5277 μανθάνομεν;
3392 5186 3525 5266 ἽὍτι

1943 5276 2045 5332 κάν
2075 5281 2260 5352 μιαροί
2294 5298 2438 5346 τινες
2463 5276 2563 5337 ὦσι
2604 5287 2701 5340 καί
2724 5289 2804 5353 εἰς
2838 5288 3065 5360 ἔσχατον
3096 5276 3298 5361 κακίας
3332 5299 3524 5372 ἐληλα-

1951 5370 2130 5433 κότες,
2163 5372 2425 5438 πολλάκις
2468 5376 2527 5428 ἓν
2573 5394 2625 5430 τι
2663 5379 2759 5432 καὶ
2802 5380 2896 5435 δύο
2926 5385 3021 5438 καὶ
3043 5386 3170 5457 τρία
3201 5370 3525 5459 εἰργάσαντο

1942 5460 2139 5531 ἀγαθά.
2193 5464 2304 5517 Καὶ
2338 5466 2419 5519 ὅτι
2451 5467 2513 5520 οὐ
2547 5471 2944 5544 στοχαζόμενος
2988 5477 3164 5532 ταῦτα
3218 5478 3315 5535 νῦν
3355 5482 3520 5552 λέγω,

1940 5551 2097 5623 δῆλον
2121 5554 2349 5611 ἐκεῖθεν.
2381 5557 2447 5610 Τί
2466 5559 2575 5632 γὰρ
2597 5561 2691 5615 τοῦ
2723 5566 2913 5635 κριτοῦ
2938 5568 3036 5638 τῆς
3065 5570 3278 5637 ἀδικίας
3306 5551 3520 5631 ἐκείνου

1948 5643 2291 5736 μιαρώτερον
2324 5649 2550 5736 γέγονε;
2604 5653 2657 5706 τί
2705 5656 2762 5710 δὲ
2797 5658 3325 5736 ἀπανθρωπότεροι);
3379 5668 3433 5723 τί
3461 5670 3523 5725 δὲ

1945 5734 2342 5810 ἀσεϐέστερονς
2375 5734 2545 5808 Οὗτος
2591 5743 2715 5800 οὔτε
2768 5748 2857 5805 τὸν
2890 5749 3024 5807 Θεὸν
3059 5734 3335 5829 ἐφοϐεῖτο,
3391 5758 3528 5823 οὔτε,

3131 5854 3210 5910 30
