4018 6190
609 280 711 335 997

613 394 935 466 ἀνθρώπους
987 392 1251 467 ᾐσχύνετο
1278 410 1291 423 ·
1341 394 1456 447 ἀλλ’
1489 395 1640 464 ὅμως
1678 392 1916 464 τοσαύτῃ
1956 388 2195 462 πονηρία

613 479 815 545 συζῶν,
854 477 1150 550 εἰργάσατό
1174 495 1228 531 τι
1259 477 1444 542 καλὸν,
1475 478 1572 549 τὴν
1597 478 1839 548 συνεχῶς
1870 473 2195 546 ἐνοχλοῦσαν

611 561 763 633 αὑτῷ
800 561 1027 633 ἐλεήσας
1055 562 1253 633 χήραν,
1286 562 1381 615 καὶ
1425 560 1718 623 ἐπινεύσας
1746 562 1813 631 τῇ
1850 559 2057 631 χάριτι,
2104 557 2198 610 καὶ

610 641 742 707 δοὺς
762 643 861 715 τὴν
883 646 1119 716 αἴτησιν,
1144 645 1239 699 καὶ
1267 641 1420 716 [742]
1451 642 1756 709 ἐπεξελθὼν
1785 645 1897 706 τοῖς
1921 639 2197 696 ἀδικοῦσιν

612 725 807 798 αὑτήν.
844 726 1004 782 Οὐτω
1038 728 1333 799 συμϐαίνει
1382 728 1507 782 τινὰ
1550 726 1849 781 ἀκόλαστον
1903 725 2003 797 μὲν
2034 718 2195 784 εἶναι,

611 811 884 882 ἐλεήμονα
913 813 971 867 δέ
1004 812 1266 876 πολλάκις
1287 828 1302 844 ·
1337 810 1371 883 ἢ
1407 811 1774 883 ἀπάνθρωπον
1806 809 1923 881 μὲν,
1948 806 2198 879 σώφρονα

610 894 700 949 δέ·
730 896 787 949 εἰς
819 897 876 951 δέ
904 897 1001 950 καὶ
1030 896 1334 958 ἀκόλαστος
1362 896 1459 949 καὶ
1491 895 1644 966 ὠμὸς
1672 895 1779 966 εἴη,
1813 892 1930 947 ἀλλ’
1959 893 2107 963 ὅμως
2139 889 2199 943 ἐν

611 995 666 1033 τι
694 979 840 1034 κατά
869 980 958 1034 τὸν
988 979 1102 1050 βίον
1140 979 1401 1042 πολλάκις
1431 977 1670 1050 ἔπραξεν
1710 976 1939 1046 ἀγαθόν.
1967 974 2041 1028 T6
2068 974 2200 1028 αὑτὸ

616 1062 677 1134 δὴ
735 1063 899 1117 πάλιν
932 1065 1026 1117 καὶ
1070 1064 1165 1117 ἐπὶ
1196 1062 1305 1117 τῶν
1340 1076 1365 1104 ο
1404 1061 1657 1135 χρηστῶν
1689 1059 2018 1115 ὑποπτεύειν
2067 1059 2197 1130 χρή.

617 1146 883 1219 Καθάπερ
904 1147 1013 1220 γάρ
1037 1149 1089 1201 οἰ
1133 1147 1459 1225 φαυλότατοι
1495 1143 1823 1217 ἐργάζονταί
1855 1160 1909 1197 τι
1937 1140 2200 1225 πολλάκις

614 1232 879 1302 χρηστὸν,
924 1231 1066 1285 οὑτω
1105 1224 1200 1285 καὶ
1251 1233 1301 1285 οἰ
1354 1230 1634 1284 σπουδαῖοι
1685 1228 1784 1283 καὶ
1827 1227 2075 1299 ἐνάρετοι
2122 1224 2198 1277 διο

612 1313 989 1384 αμαρτάνουσί
1040 1331 1094 1369 τι
1144 1313 1426 1377 πολλάκις.
1491 1314 1588 1379 Τίς
1640 1310 1753 1383 γὰρ
1802 1309 2198 1379 καυχήσεται,

611 1398 800 1469 φησὶν,
827 1397 1026 1468 ἁγνὴν
1056 1399 1222 1467 ἔχειν
1248 1397 1363 1466 τὴν
1378 1396 1654 1466 καρδίαν.
1685 1396 1725 1465 ἢ
1752 1395 1844 1462 τις
1872 1391 2200 1463 παρρησιά-

611 1494 785 1534 σεται
817 1481 1075 1550 καθαρὸς
1106 1477 1258 1536 εἶναι
1282 1481 1402 1536 ἀπὸ
1428 1480 1720 1550 ἁμαρτίας
1745 1494 1760 1544 ;

697 1565 851 1619 Ἐπεὶ
881 1561 973 1618 οὑν
1019 1564 1166 1628 εἰκὸς
1186 1560 1256 1635 ἦν
1292 1565 1388 1618 καὶ
1418 1564 1509 1618 τὸν
1550 1562 1830 1627 πλούσιον,
1861 1562 1910 1615 εί
1940 1560 2038 1614 καὶ
2062 1559 2198 1630 πρὸς

613 1646 839 1717 ἔσχατον
873 1647 1128 1719 ἐληλάκει
1161 1646 1448 1721 πονηρίας,
1478 1645 1820 1718 ἐργάσασθαί
1872 1661 1925 1698 τι
1970 1642 2195 1713 ἀγαθὸν,

615 1733 710 1785 καὶ
749 1732 841 1786 τὸν
876 1732 1148 1801 Λάζαρον,
1195 1734 1244 1785 εί
1286 1731 1382 1786 καὶ
1428 1731 1566 1803 πρὸς
1602 1730 1772 1802 ἀκρον
1809 1729 2039 1799 ἀφίκετο
2072 1728 2200 1800 ἀρε-

615 1813 713 1884 τῆς
739 1812 790 1878 b,
821 1815 1202 1885 ἡμαρτηκέναι
1235 1830 1290 1867 τι
1345 1814 1563 1885 μικρὸν,
1605 1814 1706 1883 ὅρα
1750 1811 1870 1876 πῶς
1912 1810 2199 1882 ἀμφότερα

614 1896 786 1949 ταῦτα
818 1896 1040 1967 ⁴ᾐνίξατο
1065 1901 1093 1950 6
1130 1897 1497 1969 πατριάρχης,
1529 1897 1719 1963 εἰπὼν,
1748 1897 1828 1951 ὅτι
1860 1896 1970 1950 Καὶ
1987 1894 2068 1949 σὺ
2087 1895 2201 1949 ἁπ-

613 1982 827 2048 ἐλαϐες
855 1979 927 2034 τὰ
956 1980 1148 2051 ἀγαθά
1183 1997 1300 2036 σου
1325 1982 1395 2035 ἐν
1418 1981 1492 2049 τῇ
1528 1979 1642 2050 ζωῇ
1671 1996 1812 2046 σου,
1834 1980 1933 2034 καὶ
1961 1982 1994 2034 ό
2017 1974 2201 2039 Λάζα-

611 2083 719 2136 ρος
749 2065 964 2135 όμοίως
1002 2066 1072 2119 τὰ
1100 2064 1276 2119 κακά.
1311 2066 1377 2119 Ὃ
1406 2065 1464 2120 δέ
1492 2064 1642 2134 λέγει
1667 2063 1826 2119 τοῦτό
1854 2066 2024 2117 ἐστιν·
2058 2061 2126 2116 Εἰ
2146 2079 2199 2115 τι

615 2148 712 2203 καί⁹
752 2148 816 2201 σὺ
849 2148 1056 2217 ἀγαθὸν
1080 2149 1341 2222 εἰργάσω,
1384 2148 1481 2202 καὶ
1518 2147 1783 2219 ὠφείλετό
1823 2162 1906 2200 σοι
1945 2144 2137 2198 τούτου
2170 2146 2200 2198 6

619 2231 832 2304 μισθὸς,
864 2234 1042 2288 πάντα
1069 2232 1245 2288 ταῦτα
1266 2235 1324 2288 ἐν
1352 2233 1547 2305 ἐκείνῳ
1574 2231 1653 2304 τῷ
1678 2232 1871 2303 κόσμῳ
1903 2229 2197 2297 ἀπέλαϐες,

613 2316 857 2388 τρυφῶν,
888 2316 1156 2383 πλουτῶν,
1199 2318 1501 2390 εὐημερίας
1532 2316 1823 2372 ἀπολαύων
1863 2317 1957 2370 καὶ
1994 2316 2197 2385 εὐπρα-

615 2401 742 2469 γίας
776 2399 995 2471 πολλῆς·
1024 2401 1119 2455 καὶ
1146 2395 1301 2465 οῦτος
1330 2400 1454 2454 εῐτι
1481 2399 1650 2456 κακὸν
1682 2397 1998 2477 εἰργάσατο,
2024 2400 2201 2454 πάντα

616 2483 892 2538 ἀπέλαϐεν
937 2487 995 2537 ἐν
1030 2483 1193 2553 πενίᾳ
1233 2484 1329 2538 καὶ
1353 2481 1497 2555 λιμῷ
1540 2483 1635 2539 καὶ
1665 2486 1780 2546 τοῖς
1814 2483 2066 2553 ἐσχάτοις
2100 2499 2200 2537 τα-

616 2565 1066 2638 λαιπωρούμενος
1096 2569 1304 2631 κακοῖς·
1355 2568 1450 2621 καὶ
1494 2565 1702 2637 γυμνὸς
1742 2567 2003 2637 ἑκάτερος
2047 2564 2200 2637 ὑμῶν

615 2649 848 2703 ἐνταῦθα
900 2651 1148 2719 ἀφῖκται,
1195 2649 1402 2714 ἐκεῖνος
1443 2650 1542 2721 μὲν
1580 2648 2017 2721 ἁμαρτημάτων,
2050 2648 2115 2702 σὺ
2144 2647 2201 2702 δέ

615 2732 963 2803 δικαιοσύνης
1019 2732 1483 2805 κατορθωμάτων.
1545 2732 1644 2785 Διά
1692 2731 1849 2785 τοῦτο
1895 2732 1990 2785 καὶ
2046 2725 2201 2794 οὗτος

617 2813 866 2887 καθαρὰν
889 2815 1000 2886 ἔχει
1029 2816 1127 2886 τὴν
1154 2814 1518 2886 παράκλησιν,
1542 2814 1637 2869 καὶ
1664 2815 1727 2868 σὺ
1764 2812 2200 2885 ἀπαραμύθητον

617 2898 915 2969 ὑπομένεις
941 2898 1041 2970 τὴν
1068 2899 1362 2971 τιμωρίαν.
1399 2899 1570 2952 Ὅταν
1591 2897 1702 2969 γὰρ
1726 2896 1900 2969 μικρά
1933 2897 2027 2951 καὶ
2048 2897 2201 2949 εὐτε-

617 2983 687 3054 λῆ
714 2982 781 3036 τά
809 2981 1211 3053 κατορθώματα
1235 2975 1463 3055 ὴμῶνῇ,
1488 2982 1582 3035 καὶ
1609 2981 1776 3044 πολὺς
1809 2981 1902 3034 καὶ
1936 2979 2142 3050 ἁφατος
2172 2980 2201 3032 6

616 3067 727 3119 τῶν
783 3063 1197 3137 ἁμαρτημάτων
1246 3065 1432 3134 ϐγκος,
1470 3059 1590 3119 εἶτα
1635 3062 1868 3119 ἐνταῦθα
1894 3062 2202 3135 εὐπραγίας

616 3149 1037 3221 ἀπολαύσωμεν,
1069 3148 1167 3202 καὶ
1200 3148 1366 3220 μηδὲν
1392 3148 1656 3220 πάθωμεν
1683 3148 1876 3214 δεινὸν,
1906 3149 2001 3201 καὶ
2029 3149 2201 3220 αὐτῆς

616 3232 725 3288 τῶν
754 3231 977 3302 ἀγαθῶν
998 3232 1098 3302 τῆς
1126 3230 1362 3302 ἀμοιϐῆς
1394 3230 1590 3304 ἔρημοι
1624 3232 1718 3286 καὶ
1743 3233 1943 3303 γυμνοὶ
1980 3232 2200 3296 πάντως

616 3314 1053 3386 ἀπελευσόμεθα,
1085 3315 1262 3369 πάντα
1285 3325 1308 3354 α
1342 3314 1576 3369 ἐνταῦθα
1597 3314 1986 3379 ἀπολαϐόντες·
2008 3314 2199 3386 ῶσπερ

617 3398 712 3455 οὑν
733 3401 859 3455 ὅταν
889 3398 1104 3470 μεγάλα
1144 3398 1244 3468 μὲν
1341 3397 1408 3451 τά
1446 3398 1845 3469 κατορθώματα
1873 3398 1966 3454 καὶ
2002 3398 2196 3464 πολλὰ,

622 3481 795 3553 μικρὰ
833 3482 890 3535 δὲ
921 3482 1013 3535 καὶ
1044 3480 1238 3552 εὐτελῆ
1267 3480 1335 3534 τὰ
1369 3481 1762 3553 ἁμαρτήματα,
1787 3478 1908 3536 εἶτα
1937 3483 2199 3554 πάθωμεν

617 3584 670 3619 τι
705 3565 898 3632 δεινὸν,
942 3565 1032 3620 καὶ
1067 3565 1209 3619 αὑτά
1251 3564 1321 3619 τά
1363 3563 1537 3637 μικρά
1575 3564 1811 3619 ἐνταῦθα
1849 3566 2197 3638 ἀποθέμενοι,

622 3647 867 3720 καθαρὰν
892 3647 985 3702 καὶ
1012 3647 1430 3721 ἀπηρτισμένην
1458 3649 1571 3702 ἐκεῖ
1600 3649 1701 3719 τὴν
1730 3650 1836 3703 τῶν
1860 3649 2080 3718 ἀγαθῶν
2105 3650 2198 3721 ἐρ-

617 3748 730 3802 γων
763 3731 1221 3804 ἀπολαμϐάνομεν
1262 3732 1548 3789 ἀντίδοσιν.
1582 3733 1751 3787 Ὅταν
1788 3728 1882 3788 οὑν
1917 3735 2032 3807 ίδῃς
2075 3732 2201 3787 τινὰ

619 3814 799 3879 ζῶντα
831 3815 930 3886 μέν
973 3817 1032 3868 ἐν
1073 3814 1329 3888 πονηρία.
1363 3816 1531 3888 μηδὲν
1568 3816 1626 3870 δέ
1653 3816 1888 3871 ἐνταῦθα
1922 3814 2199 3888 πάσχοντα

616 3898 811 3963 δεινὸν,
849 3898 923 3970 μὴ
949 3899 1281 3972 μακαρίσῃς,
1318 3900 1455 3955 άλλά
1492 3901 1762 3972 δάκρυσον
1785 3900 1881 3954 καὶ
1907 3900 2195 3972 θρήνησον,

616 3983 694 4047 ὡς
743 3983 920 4037 πάντα
966 3986 1083 4038 ἐκεῖ
1131 3984 1201 4037 τὰ
1247 3984 1397 4039 δεινά
1432 3985 1893 4057 ὑποστησόμενον·
1945 3985 2198 4059 καθάπερ

615 4063 710 4120 οὖν
769 4068 863 4121 καὶ
918 4068 947 4120 6
996 4067 1250 4132 πλούσιος
1298 4061 1473 4132 οὗτος.
1523 4069 1695 4123 Πάλιν
1732 4070 1861 4124 ὅταν
1907 4069 2024 4143 ἴδῃς
2076 4070 2199 4125 τινά

614 4150 818 4226 ἀρετῆς
841 4151 1288 4224 ἐπιμελούμενον,
1320 4152 1412 4206 καὶ
1446 4153 1675 4225 μυρίους
1703 4153 2044 4225 ὑπομένοντα
2078 4171 2199 4209 πει-

621 4237 886 4307 ρασμούς,
922 4237 1247 4308 μακάρισον,
1284 4235 1549 4308 ζήλωσον,
1580 4237 1655 4302 ὡς
1680 4240 1776 4292 καὶ
1805 4237 1915 4293 τῶν
1945 4239 2197 4312 ἁμαρτη-

623 4320 806 4390 μάτων
840 4320 987 4391 αὑτῷ
1016 4323 1233 4376 πάντων
1254 4321 1489 4376 ἐνταῦθα
1516 4321 1904 4394 διαλυομένων,
1946 4324 2044 4379 καὶ
2072 4324 2198 4378 πολ-

617 4402 725 4457 λῶν
749 4403 848 4475 τῆς
880 4405 1160 4476 ὑπομονῆς
1204 4406 1642 4479 ἐτοιμαζομένων
1679 4408 1798 4461 ἐκεῖ
1825 4407 1934 4461 τῶν
1963 4407 2194 4479 μισθῶν·

618 4488 806 4557 ῶσπερ
829 4482 922 4539 οὖν
946 4489 1036 4541 καὶ
1059 4487 1152 4541 ἐπὶ
1174 4488 1268 4542 τοῦ
1299 4490 1550 4561 Λαζάρου
1575 4489 1767 4544 τούτου
1796 4490 2008 4560 γέγονε.

687 4566 745 4622 ε’.
767 4568 887 4622 Τῶν
912 4568 1018 4640 γάρ
1055 4569 1356 4642 ἀνθρώπων
1382 4573 1430 4626 οί
1461 4572 1559 4643 μέν
1574 4572 1808 4629 ἐνταῦθα
1827 4575 2195 4647 τιμωροῦνται

627 4652 804 4717 μόνον,
835 4653 883 4705 οἰ
913 4651 967 4706 δὲ
998 4652 1234 4706 ἐνταῦθα
1268 4655 1366 4725 μὲν
1388 4657 1538 4710 οὐδὲν
1564 4657 1834 4729 πάσχουσι
1870 4659 2062 4721 δεινὸν,
2090 4662 2196 4715 πᾶ-

625 4751 721 4793 δαν
755 4735 810 4789 δὲ
843 4737 961 4789 ἐκεῖ
984 4739 1084 4807 τὴν
1110 4737 1379 4808 τιμωρίαν
1409 4738 1909 4810 ἀπολαμϐάνουσιν,
1945 4746 1992 4798 οἰ
2021 4744 2075 4798 δὲ
2102 4746 2197 4800 καὶ

617 4819 851 4875 ἐνταῦθα
873 4819 968 4874 καὶ
988 4821 1105 4874 ἐκεῖ
1124 4819 1463 4883 κολάζονται.
1499 4821 1665 4887 Τίνας
1684 4820 1775 4878 οὖν
1799 4828 1863 4878 ἐκ
1886 4826 1996 4879 τῶν
2027 4828 2195 4898 τριῶν

620 4904 953 4976 μακαρίζετε
984 4904 1227 4971 τούτων;
1285 4904 1543 4977 Πρώτους
1577 4906 1675 4975 μέν
1711 4904 1771 4962 εὖ
1820 4905 1918 4963 οἷδ’
1949 4911 2032 4963 ὅτι
2068 4912 2196 4976 τοὺς

617 4989 850 5043 ἐνταῦθα
886 4988 1282 5059 κολαζομένους
1308 4990 1404 5042 καὶ
1432 4988 1864 5061 ἀποτιθεμένους
1909 4992 1976 5046 τά
2014 4994 2195 5067 ἁμαρ-

615 5073 859 5144 τήματα.
896 5073 1193 5144 Δευτέρους
1228 5073 1286 5127 δὲ
1335 5073 1452 5145 μετ’
1494 5072 1737 5141 ἐκείνους
1770 5076 1953 5143 τίνας;
2004 5079 2194 5150 Ὑμεῖς

620 5155 720 5226 μὲν
758 5156 889 5219 ἴσως
928 5156 1054 5220 τοὺς
1093 5156 1244 5210 οὐδὲν
1278 5156 1511 5213 ἐνταῦθα
1549 5159 1880 5232 πάσχοντας,
1925 5161 2040 5216 ἀλλ’
2075 5164 2195 5218 ἐκεῖ

619 5236 769 5310 [745]
811 5239 991 5291 πᾶσαν
1025 5239 1395 5309 ὑπομένοντας
1436 5241 1536 5315 τὴν
1573 5243 1866 5315 τιμωρίαν·
1902 5244 2014 5315 ἐγὼ
2040 5245 2097 5299 δὲ
2129 5248 2191 5300 οὑ

615 5321 858 5385 τούτους,
891 5322 1026 5376 ἀλλά
1058 5324 1183 5387 τοὺς
1213 5324 1308 5377 καὶ
1337 5326 1567 5380 ἐνταῦθα
1603 5329 1696 5382 καὶ
1730 5330 1846 5383 ἐκεῖ
1893 5328 2192 5402 κολαζομέ-

619 5422 759 5469 νους.
796 5407 853 5460 '0
885 5407 983 5476 μὲν
1002 5408 1112 5479 γὰρ
1137 5406 1367 5462 ἐνταῦθα
1393 5411 1658 5484 τιμωρίαν
1683 5412 1827 5479 δοὺς,
1859 5415 2193 5487 κουφοτέρας

679 5589 705 5653 _‘
734 5588 828 5653 Alii
852 5591 933 5637 καὶ
955 5593 1058 5653 περὶ
1078 5594 1188 5639 τῶν.

678 5646 828 5714 {muli
852 5653 989 5714 algu!
1014 5646 1160 5714 aiva
1182 5654 1350 5714 ἀρετὴν
1374 5654 1650 5712 ἐπεδείξατο.

675 5712 700 5741 ε
728 5709 826 5759 Atii
845 5711 1015 5769 πάντα,
1035 5709 1115 5759 alii
1138 5709 1350 5759 πάντων.
1510 5748 1515 5753 .
1537 5709 1545 5712 ⁷
1572 5740 1577 5747 ι

1285 276 1346 330 S.
1388 272 1681 330 JOANNIS
1717 267 2212 329 CIIRYSOSTOMI
2253 267 2571 326 ARCIIIEP.
2612 268 3159 325 CONSTANTINOP.

3659 288 3744 348 998

2299 387 2619 460 αἰσθήσεται
2654 388 2754 460 τῆς
2786 388 2905 442 ἐκεῖ
2936 387 3221 453 κολάσεως·
3252 392 3278 443 6
3312 390 3362 444 δέ
3395 395 3544 449 πᾶσαν
3567 399 3745 471 hum.

2299 470 2524 557 ςόμενος
2571 474 2690 557 ἐκεῖ
2734 472 3425 557 τὴνῃτιόλασινᾲὺπομεῖναι,
3467 470 3747 557 ἀπαραίτητον

2298 556 2409 620 ἕξει
2436 556 2537 627 τὴν
2566 555 2742 626 δίκην·
2771 554 3023 627 καθάπερ
3045 555 3138 608 καὶ
3167 550 3313 620 οὗτος
3332 560 3359 611 6
3380 550 3589 627 πλούσιος
3612 550 3748 623 ἐνίας).

2299 640 2370 694 θα
2404 640 2574 711 μηδὲν
2598 639 2990 711 διαλυσάμενος
3035 639 3144 693 τῶν
3183 641 3386 694 οἰκείων
3416 645 3752 718 ἁμαρτημάτων,

2299 723 2443 777 οὑτω
2494 724 2750 795 χαλεπῶς
2775 723 3083 790 ἐκολάζετο,
3108 724 3182 788 ὡς
3213 725 3337 794 μηδὲ
3365 730 3584 797 σταγόνος
3610 738 3756 806 μικρᾶς

2296 807 2591 880 δυνηθῆναι
2656 810 2957 879 ἐπιτυχεῖν.
3010 808 3118 861 Καὶ
3169 807 3365 862 τούτων
3409 810 3460 864 δέ
3498 814 3640 869 αὐτῶν
3682 820 3756 874 τῶν

2297 892 2725 964 ἁμαρτανόντων
2781 893 2902 965 μὲν,
2955 891 3117 963 μηδὲν
3170 892 3224 946 δέ
3270 892 3481 948 ἐνταῦθα
3526 899 3756 969 πασχόντων

2298 977 2493 1041 δεινὸν,
2530 975 2711 1048 πολλῷ
2752 976 2952 1047 μᾶλλον
2993 976 3230 1041 ἐκείνους
3260 976 3504 1043 ταλανίζω
3533 982 3633 1046 τοὺς
3664 985 3760 1053 μετὰ

2298 1061 2393 1115 τοῦ
2434 1061 2508 1133 μὴ
2545 1061 2905 1135 τιμωρεῖσθαι
2943 1059 3174 1115 ἐνταῦθα
3205 1060 3296 1114 καὶ
3321 1062 3509 1132 τρυφῆς
3536 1066 3612 1118 καί
3632 1066 3759 1131 ἁδείας

2298 1145 2693 1211 ἀπολαύοντας.
2731 1146 2904 1200 ’Ὥσπε
2909 1163 2944 1218 ρ
2965 1144 3077 1217 7&9
3102 1144 3163 1198 τὸ
3196 1143 3267 1216 μὴ
3292 1144 3458 1199 δοῦναι
3482 1146 3610 1219 δίκην
3633 1149 3761 1203 ἐνταῦ-

2299 1232 2368 1286 θα
2409 1230 2518 1287 τῶν
2564 1231 2982 1303 ἁμαρτημάτων
3025 1229 3398 1302 χαλεπωτέραν
3432 1232 3534 1284 ἐκεῖ
3558 1236 3669 1285 ποιεί
3694 1236 3760 1306 τὴν

2296 1316 2591 1388 τιμωρίαν·
2643 1315 2785 1369 οὕτω
2839 1314 2904 1388 δὴ
2956 1313 3018 1368 τὸ
3063 1314 3261 1384 πολλῆς
3306 1313 3519 1378 ἀνέσεως
3552 1315 3762 1371 ἀπολαύειν

2298 1401 2426 1464 τοὺς
2469 1400 2882 1472 ἁμαρτάνοντας
2929 1399 3023 1453 καὶ
3071 1396 3279 1470 τρυφῆς
3317 1399 3404 1451 καὶ
3433 1400 3661 1470 εὐπορίας,
3697 1404 3761 1471 ἐῳ-

2297 1484 2438 1537 όδιον
2474 1484 2657 1546 αὐτοῖς
2707 1483 2804 1537 καὶ
2847 1481 3107 1547 ὑπόθεσις
3158 1480 3419 1544 κολάσεως
3455 1484 3537 1534 καὶ
3569 1485 3760 1555 τιμωρίας

2301 1569 2420 1622 ἐκεῖ
2450 1567 2659 1636 γίνεται
2700 1565 2962 1637 μείζονος.
3000 1565 3171 1619 Ὅταν
3207 1563 3312 1635 7&9
3352 1564 3688 1635 ἁμαρτάνοντες
3707 1583 3761 1620 τις

2303 1649 2531 1722 μώμεθα
2581 1648 2686 1701 ὑπὸ
2711 1647 2805 1702 τοῦ
2838 1646 2972 1701 Θεοῦ
2997 1646 3048 1713 ἀ,
3097 1645 3228 1700 αὐτὸ
3262 1645 3410 1700 τοῦτο
3445 1648 3570 1719 ἡμᾶς
3600 1648 3763 1718 μάλιστα

2299 1737 2381 1800 εἰς
2404 1734 2466 1788 τὺ
2496 1734 2608 1803 πῦρ
2640 1732 2901 1806 μειζόνως
2923 1730 3183 1803 ἐμϐαλεῖν
3213 1731 3498 1801 δυνήσεται.

2368 1832 2433 1885 Εἰ
2467 1829 2575 1902 γάρ
2608 1829 2990 1902 μακροθυμίας
3021 1845 3111 1893 τις
3145 1827 3420 1882 ἀπολαύων
3461 1828 3611 1898 μόνον,
3635 1827 3684 1883 ἂν
3715 1829 3769 1892 εἰς

2297 1913 2415 1969 δέον
2440 1914 2577 1985 αὐτῇ
2608 1913 2680 1984 μὴ
2706 1914 2999 1985 χρήσηται,
3024 1910 3406 1983 χαλεπωτέραν
3441 1907 3537 1976 ἕξει
3555 1910 3633 1982 τὴν
3651 1926 3769 1981 τιμω-

2304 1999 2445 2071 ρίαν·
2477 2000 2607 2054 ὂταν
2637 1998 2774 2069 μετά
2803 1998 2902 2068 τῆς
2929 1995 3312 2068 μακροθυμίας
3337 1995 3426 2049 καὶ
3450 1995 3592 2067 τιμὰς
3609 1995 3685 2068 ἔχῃ
3708 2012 3771 2066 μισ

2298 2084 2514 2154 γίστας,
2550 2076 2668 2136 εἶτα
2705 2080 2939 2152 ἐπιμένῃ
2972 2083 3039 2152 τῇ
3072 2078 3329 2151 πονηρίᾳ,
3361 2078 3438 2141 τίς
3465 2077 3603 2132 αὑτὸν
3631 2076 3771 2142 ἐξελεῖ-

2298 2185 2389 2221 ται
2416 2167 2518 2236 τῆς
2550 2164 2825 2230 κολάσεως
2853 2163 3106 2234 ἐκείνης;
3132 2164 3257 2217 Ὅτι
3283 2162 3387 2234 γὰρ
3412 2163 3457 2215 οἱ
3487 2160 3771 2233 μακροθυμίας

2300 2249 2537 2305 ἐνταῦθα
2577 2245 2943 2309 ἀπολαύοντες
2976 2246 3304 2315 συνάγουσιν
3338 2247 3531 2309 ἑαυτοῖς
3564 2244 3771 2314 ὁλόκληρον

2301 2334 2420 2386 ἐκεῖ
2447 2332 2508 2385 τὸ
2537 2332 2728 2397 κακὸν,
2752 2329 2848 2383 ἐὰν
2871 2328 2947 2401 μὴ
2979 2329 3420 2399 μετανοήσωμεν,
3451 2328 3644 2382 ἄκουσον
3660 2325 3775 2395 τίφηο

2302 2434 2387 2471 σιν
2406 2417 2435 2469 6
2455 2413 2686 2479 Παῦλος·
2725 2411 2937 2484 Λογίζῃ
2961 2411 3031 2466 δὲ
3056 2413 3261 2478 τοῦτο,
3290 2407 3337 2467 ὦ
3358 2412 3613 2480 ἄνθρωπε,
3644 2414 3670 2464 ό
3690 2409 3774 2478 κρί-

2299 2517 2424 2555 νων
2450 2498 2594 2565 τοὺς
2621 2499 2695 2552 τὰ
2718 2497 2964 2553 τοιαῦτα
3002 2496 3411 2565 πράσσοντας,
3440 2494 3527 2549 καί
3549 2490 3695 2547 ποιῶν
3705 2493 3775 2545 αὺ-

2300 2583 2391 2649 τὰ,
2428 2581 2518 2637 ὅτι
2552 2582 2635 2637 σὺ
2675 2580 2943 2651 ἐκφεύξῃ
2976 2580 3044 2634 τὸ
3082 2580 3266 2651 κρῖμα
3314 2578 3416 2634 τοῦ
3444 2579 3603 2643 Θεοῦ;
3632 2580 3690 2631 Ἦ
3708 2573 3776 2630 τοῦ

2300 2667 2570 2721 πλούτου
2596 2663 2702 2733 τῆς
2725 2667 3140 2734 χρηστότητος
3166 2663 3370 2729 αὑτοῦ,
3393 2663 3484 2718 καί
3507 2660 3598 2730 τῆς
3617 2659 3778 2731 ἀνοχῆς

2300 2750 2400 2804 καὶ
2439 2747 2551 2818 τῆς
2584 2750 2994 2819 μακροθυμίας
3045 2748 3459 2819 καταφρονεῖς,
3502 2744 3691 2817 ἀγνοῶν
3721 2744 3778 2797 ὅτι

2298 2834 2367 2888 τὸ
2400 2832 2671 2902 χρηστὸν
2701 2831 2811 2886 τοῦ
2842 2832 2991 2886 Θεοῦ
3014 2834 3103 2898 εἰς
3126 2831 3449 2902 μετάνοιάν
3475 2847 3540 2885 σε
3555 2831 3681 2898 ἄνευ
3706 2830 3779 2881 Ka-

2299 2915 2374 2972 τὰ
2404 2916 2473 2971 δὲ
2496 2915 2612 2985 τὴν
2630 2913 3022 2984 σκληρότητά
3047 2932 3171 2971 σου
3190 2917 3290 2970 καὶ
3317 2916 3673 2986 ἀμετανόητον
3688 2926 3781 2978 ulp-

2300 3003 2441 3057 δίαν
2469 2998 2845 3070 θησαυρίζεις
2875 2998 3116 3066 σεαυτῷ
3147 3001 3340 3070 ὁρτὴν
3372 2999 3439 3053 ἐν
3476 2998 3637 3068 ἡμέρᾳ
3661 2992 3783 3064 ὀργῆς

2300 3086 2402 3143 καί
2435 3085 2877 3153 ἀποκαλύψεως
2926 3084 3026 3138 καὶ
3072 3082 3505 3153 δικαιοκρισίας
3552 3080 3639 3135 τοῦ
3672 3076 3784 3134 Θεοῦ.

2304 3170 2471 3224 Ὅταν
2524 3164 2619 3222 οὖν
2662 3167 2860 3239 ἴδωμέν
2913 3183 3066 3230 τινας
3117 3166 3501 3233 πλουτοῦντας,
3534 3163 3783 3235 τρυφῶντας,

2304 3254 2494 3325 μύρων
2523 3251 2766 3317 ὄζοντας,
2791 3251 2851 3304 ἐν
2873 3248 3011 3321 μέθῃ
3032 3248 3480 3321 διημερεύοντας,
3509 3250 3561 3303 ἐν
3578 3243 3785 3313 δυναστείᾳ

2300 3335 2458 3416 βντας
2487 3335 2581 3389 καὶ
2611 3334 2737 3407 δόξῃ
2767 3333 2935 3404 πολλῇ
2971 3334 3063 3387 καὶ
3089 3334 3266 3407 πολλῇ
3298 3338 3363 3406 τῇ
3390 3332 3628 3404 φαντασίᾳ
3651 3331 3785 3383 καὶπ-

2305 3418 2573 3490 ριφανείᾳ,
2606 3420 2702 3472 καὶ
2742 3417 3178 3489 ἁμαρτάνοντας,
3233 3421 3329 3473 καὶ
3373 3419 3528 3491 μηδὲν
3566 3418 3784 3486 πάσχοντα
3904 3417 3905 3485 1

2299 3502 2493 3568 δεινὸν,
2538 3501 2607 3556 δι’
2638 3502 2769 3555 αὐτὸ
2813 3501 2974 3555 τοῦτο
3028 3502 3235 3568 αὐτοὺς
3285 3503 3511 3576 μάλιστα
3551 3500 3785 3573 δακρύωμεν
3904 3504 3905 3576 ί

2302 3586 2397 3641 καὶ
2457 3584 2766 3659 θρηνῶμεν,
2826 3586 2909 3639 ὃτι
2974 3585 3389 3655 ἁμαρτάνοντες
3433 3590 3489 3640 οὐ
3538 3584 3783 3647 κολάζονται.
3904 3586 3905 3659 ᾗ

2304 3671 2515 3743 Ὥσπερ
2545 3670 2654 3741 γάρ
2688 3670 2741 3723 εί
2766 3685 2888 3725 τινα
2918 3664 3057 3731 εἶδες
3089 3681 3113 3709 θ
3145 3671 3329 3744 ὑδέρῳ
3361 3672 3393 3744 ἢ
3424 3669 3602 3742 σπληνὶ
3632 3662 3788 3735 κατεχό-

2303 3757 2486 3826 μενον,
2520 3754 2555 3825 ἢ
2585 3753 2854 3824 σηπεδόνα
2878 3753 3000 3807 τινά
3025 3752 3223 3824 ἔχοντα
3253 3757 3348 3809 καί⁵
3381 3754 3504 3825 ἐλκη
3539 3751 3678 3825 μυρία
3700 3749 3785 3801 πάις

2297 3838 2474 3903 τοθεν,
2506 3832 2625 3890 εἶτα
2667 3835 2762 3890 ἐπὶ
2807 3837 2941 3889 πᾶσι
2987 3837 3203 3903 τούτοις
3253 3838 3531 3911 μεθύοντα,
3563 3832 3789 3907 τρυφῶντα,

2300 3922 2397 3976 καὶ
2437 3922 2500 3974 τὸ
2528 3920 2741 3991 νόσημα
2784 3920 3143 3987 ἐπιτείνοντα,
3172 3923 3239 3975 οὐ
3271 3923 3431 3995 μόνον
3466 3922 3522 3976 οὐ
3554 3918 3789 3990 θαυμάζεις.

2299 4004 2420 4058 οὐδέ
2457 4003 2783 4076 μακαρίζεις
2804 4003 2894 4057 διά
2925 4004 3025 4076 τὴν
3048 4005 3285 4078 τρυφὴν,
3311 4006 3446 4061 ἀλλὰ
3469 4007 3531 4060 δι’
3555 4003 3664 4059 αὑτὸ
3685 3998 3790 4053 τοῦτο

2302 4086 2539 4159 μάλιστα
2559 4086 2865 4152 ταλανίζεις
2911 4089 3074 4143 αὐτόν
3095 4105 3110 4121 ·
3151 4089 3299 4144 οὑτω
3331 4092 3426 4145 καὶ
3458 4089 3544 4144 ἐπὶ
3570 4089 3653 4160 τῆς
3672 4083 3791 4155 ψυχῆς

2297 4170 2532 4240 λογίζου.
2568 4170 2737 4223 Ὅταν
2768 4169 2884 4242 ἴδῃς
2907 4171 3190 4244 ἄνθρωπον
3226 4175 3463 4245 πονηρία
3493 4171 3712 4237 συζῶντα,
3733 4164 3791 4219 καὶ

2299 4252 2501 4325 πολλῆς
2545 4252 2889 4308 ἀπολαύοντα
2937 4254 3038 4325 τῆς
3082 4255 3413 4332 εὐημερίας,
3454 4257 3544 4311 καὶ
3573 4253 3694 4309 οὐδὲν
3726 4247 3793 4302 τάο

2300 4353 2500 4408 σχοντα
2537 4335 2731 4402 δεινὸν,
2754 4334 2843 4390 διὰ
2868 4335 3026 4390 τοῦτο
3059 4338 3262 4409 μᾶλλον
3295 4340 3575 4412 θρήνησον,
3600 4339 3667 4391 ὃτι
3689 4332 3793 4400 νοσή-

2301 4438 2434 4492 ματι
2456 4420 2820 4491 κατεχόμενος
2848 4422 2943 4476 καὶ
2964 4423 3219 4494 σηπεδόνι
3250 4425 3619 4495 χαλεπωτάτῃ,
3642 4421 3717 4493 τὴν
3731 4420 3792 4488 ἀρ-

2299 4503 2534 4576 ρωστίαν
2581 4506 2861 4571 ἐπιτείνει,
2900 4505 2990 4561 διὰ
3014 4507 3113 4578 τῆς
3141 4513 3360 4581 τρυφῆς
3391 4509 3484 4564 καὶ
3508 4510 3597 4579 τῆς
3627 4507 3792 4562 ἀνέσεως

2296 4591 2496 4664 χείρων
2524 4591 2828 4665 γινόμενος.
2872 4592 2948 4645 Οὐ
2988 4592 3099 4666 γὰρ
3140 4596 3173 4666 ἡ
3209 4596 3437 4662 κόλασις
3470 4596 3639 4660 κακὸν,
3663 4588 3790 4655 ἀλλ’ἢ

2297 4676 2543 4748 ἁμαρτία
2585 4676 2774 4731 κακόν.
2810 4674 2957 4750 Αὑτη
2996 4678 3095 4749 μὲν
3136 4681 3248 4752 γὰρ
3280 4681 3381 4735 τοῦ
3411 4680 3541 4736 Θεοῦ
3582 4680 3789 4752 διίστησιν,

2295 4759 2479 4831 ἐκείνη
2501 4759 2558 4813 δὲ
2584 4760 2806 4828 συνάγει
2828 4761 2977 4832 ἡμᾶς
3001 4762 3139 4834 πρὸς
3157 4749 3251 4818 τὸν
3276 4764 3434 4829 Θεὸν,
3462 4764 3551 4818 καὶ
3568 4749 3787 4817 καταλύειί

2294 4842 2394 4914 τὴν
2430 4842 2622 4915 ὀργήν.
2660 4841 2831 4896 Πόθεν
2869 4842 3025 4898 τοῦτο
3054 4846 3252 4918 δῆλονς
3287 4851 3554 4905 ’Ἄκουσον
3600 4845 3680 4902 τοῦ
3710 4856 3789 4912 τρο

2296 4926 2468 4996 φήτου
2510 4924 2777 4995 λέγοντος·
2840 4930 3263 5000 Παρακαλεῐτε,
3311 4932 3685 5005 παρακαλεῖτε
3727 4924 3786 4978 τόν

2293 5009 2450 5062 λαόν
2470 5026 2612 5077 μου,
2644 5009 2838 5078 ἱερεῖς,
2875 5012 3191 5081 λαλήσατε
3218 5016 3318 5070 ἐπὶ
3352 5018 3470 5087 τὴν
3502 5007 3786 5087 καρδίαν

2286 5089 2635 5162 ρουσαλὴμ,
2674 5092 2764 5147 ὅτι
2806 5093 3055 5160 ἐδέξατο
3083 5099 3152 5153 ἐκ
3190 5084 3641 5170 χειρὸς-Κυρίου
3672 5084 3785 5150 διιειᾶ

2293 5174 2366 5229 τὰ
2400 5172 2789 5244 ἁμαρτήματα
2825 5179 3036 5248 αὐτῆς.
3068 5182 3180 5236 Καὶ
3210 5183 3395 5239 πάλιν·
3423 5169 3625 5253 Κύριος
3647 5182 3674 5235 δ
3699 5169 3785 5233 Θεέ(

2291 5254 2483 5326 ἡμῶν,
2523 5256 2777 5327 εἰρήνην
2816 5260 2923 5328 δὸς
2958 5263 3120 5332 ἡμῖν·
3165 5265 3366 5321 πάντα
3406 5267 3516 5338 γὰρ
3563 5260 3788 5338 ἀαέὸωειές

2291 5339 2457 5409 ἡμῖν.
2487 5341 2598 5394 Καὶ
2627 5342 2716 5396 ἵνα
2742 5344 2948 5416 μάθητε
2971 5348 3054 5401 ὅτι
3077 5350 3127 5402 οἰ
3151 5350 3250 5420 μὲν
3275 5334 3536 5416 ἐνταῦθα,
3561 5349 3608 5401 οἰ
3629 5345 3674 5398 δὲ
3693 5334 3788 5413 [7M1

2293 5426 2411 5478 ἐκεῖ
2432 5423 2775 5494 κολάζονται,
2801 5429 2924 5483 οἰδέ
2944 5432 3037 5485 καὶ
3062 5432 3293 5487 ἐνταῦθα
3312 5434 3411 5487 καὶ
3438 5434 3570 5500 ἐκεῖ,
3600 5425 3789 5485 ἀκούσατε

2354 5608 2379 5648 (ἴ
2516 5614 2647 5676 παρὰ
2670 5613 2755 5663 τοῦ
2776 5614 2921 5663 Θεοῦ.

2358 5675 2382 5701 θ
2403 5670 2498 5719 Alii
2519 5670 2656 5728 ίδόις.

2364 5731 2381 5770 τ
2411 5733 2491 5781 Sic
2530 5731 2675 5785 Sam.
2697 5742 2750 5786 et
2772 5751 2885 5787 mss.
2917 5738 3085 5789 Morel.
3114 5751 3229 5790 vero
3251 5738 3446 5790 κωλύοι.
