4018 6190
222 301 321 362 ςοτ
1386 297 1472 355 DE
1515 297 1787 354 LAZARO
1812 297 2050 355 CONCI’O
2090 296 2173 353 lll.
3392 292 3490 348 998

219 419 389 474 Deum
438 413 740 481 metuebat,
770 428 941 485 neque
982 412 1224 468 homines
1269 412 1610 467 reverebantur
1646 409 1794 483 (Luc.

217 508 308 566 18,
332 507 371 561 ‘2
388 534 415 548 ο
431 505 513 576 5),
533 514 768 560 attamen
810 519 931 560 cum
954 511 1061 560 tam
1088 502 1344 573 improbis
1375 514 1515 558 esset
1543 502 1801 569 moribus,

214 598 349 654 fecit
370 596 499 653 boni
520 593 794 668 quiddam,
822 596 1107 651 miseratus
1130 595 1342 650 viduam
1372 594 1470 665 ipsi
1498 593 1805 665 frequenter

212 689 489 762 negotium
519 690 868 745 lacessentem
889 728 904 755 ,
932 702 1172 743 annuens
1210 687 1495 762 postulanti
1537 685 1802 750 ofﬁcium,

212 793 588 855 prtestansque
615 782 756 854 quod
790 781 1087 851 petebatur,
1126 780 1375 836 cohibitis
1407 779 1496 850 qui
1523 779 1663 832 illam
1688 776 1806 832 alii-

210 878 435 932 ciebant
465 875 677 946 injuria.
708 873 784 928 lta
802 872 1107 943 frequenter
1142 872 1333 928 accidit
1358 881 1416 927 ut
1458 871 1649 942 aliquis
1682 872 1803 925 vita:

213 969 293 1023 sit
337 966 778 1037 intemperantis,
809 973 866 1020 et
904 974 1082 1020 tamen
1122 965 1193 1019 sit
1231 964 1575 1019 misericors:
1615 972 1707 1017 ant
1749 970 1806 1016 ut

210 1058 342 1128 quis
367 1057 437 1112 sit
466 1057 809 1122 inhumanus,
848 1056 1072 1126 pudicus
1115 1064 1313 1110 tamen.
1353 1053 1505 1122 Quod
1535 1054 1580 1108 si
1608 1053 1802 1108 intem-

215 1163 419 1218 perans
444 1146 602 1203 fuerit
628 1156 684 1202 et
722 1146 862 1202 idem
886 1146 1117 1201 crudelis
1135 1187 1151 1213 ,
1181 1154 1359 1200 tamen
1401 1159 1561 1200 unum
1589 1143 1802 1214 aliquod

214 1239 367 1294 aliud
395 1239 592 1294 bonum
623 1253 759 1308 Opus
787 1236 913 1294 fecit
942 1239 993 1292 in
1029 1238 1158 1293 vita.
1190 1237 1395 1292 Rursus
1423 1236 1523 1291 hoc
1552 1234 1691 1290 idem
1713 1250 1801 1289 ar-

211 1330 527 1385 bitrantium
565 1340 644 1384 est
692 1330 762 1385 de
812 1329 985 1383 bonis.
1027 1326 1481 1396 Quemadmodum
1517 1326 1657 1382 enim
1713 1325 1802 1395 qui

216 1419 443 1489 pessimi
469 1426 617 1485 sunt,
642 1418 841 1473 faciunt
869 1417 1172 1488 frequenter
1192 1417 1315 1471 boni
1336 1415 1583 1487 quiddam
1610 1432 1624 1469 :
1652 1414 1731 1469 sic
1750 1422 1805 1468 et

211 1507 351 1564 boni
382 1510 689 1578 virtuteque
726 1507 936 1577 praediti
968 1521 1337 1579 saepenumero
1383 1514 1624 1576 peccant.
1676 1503 1804 1569 Quis

212 1600 378 1668 enim,
408 1601 600 1672 inquit,
628 1600 931 1672 gloriabitur;
951 1614 1004 1653 se
1031 1607 1224 1652 castum
1249 1597 1430 1651 habere
1448 1612 1556 1663 cor,
1588 1603 1675 1649 aut
1693 1595 1804 1666 quis

216 1692 445 1762 confidet
466 1708 521 1747 se
545 1708 728 1761 purum
751 1707 857 1745 esse
874 1708 906 1744 a
937 1700 1142 1761 peccato
1167 1689 1352 1760 (Prov.
1376 1688 1467 1744 20.
1499 1686 1595 1759 9)?

290 1780 428 1836 Boni
455 1798 555 1836 non
583 1790 754 1835 carent
780 1780 1016 1851 peccatis.
1044 1809 1117 1820 —
1139 1778 1401 1847 Quoniam
1427 1778 1588 1848 igitur
1616 1775 1805 1832 verisi-

216 1873 349 1927 mile
384 1879 469 1927 est
509 1870 728 1926 divitem
759 1871 937 1936 illum,
980 1870 1104 1924 licet
1141 1868 1207 1923 ad
1244 1877 1543 1923 extremum
1586 1863 1802 1920 malitiae

218 1973 562 2035 provectum,
592 1961 791 2032 aliquid
816 1960 1007 2017 fecisse
1030 1959 1154 2015 boni
1185 1976 1200 2013 :
1224 1967 1408 2013 contra
1431 1957 1685 2011 Lazarum
1720 1963 1801 2009 ta-

218 2051 382 2105 metsi
412 2056 619 2106 summa
646 2051 842 2105 virtute
865 2049 1220 2120 praestitisset,
1252 2045 1450 2117 aliquid
1479 2056 1655 2100 tamen
1687 2044 1802 2099 leve

213 2141 551 2212 deliquisse:
581 2140 700 2196 vide
737 2139 1006 2211 quomodo
1046 2137 1335 2194 declaravit
1380 2145 1663 2207 utrumque
1709 2148 1803 2204 pa-

216 2232 481 2298 triarcha,
503 2232 687 2288 dicens
717 2250 732 2286 :
770 2228 1024 2304 Recepisti
1065 2231 1194 2286 bona
1233 2239 1320 2284 tua
1363 2230 1417 2284 in
1463 2229 1565 2284 vita
1604 2237 1721 2292 tua,
1755 2236 1802 2280 et

215 2320 450 2378 Lazarus
489 2324 724 2379 similiter
754 2324 913 2377 mala.
957 2322 1021 2377 Et
1061 2331 1134 2387 tu,
1165 2320 1355 2392 inquit,
1403 2321 1564 2375 etiam
1604 2317 1799 2389 siquid

214 2413 347 2469 boni
370 2413 559 2479 fecisti,
589 2414 636 2469 si
658 2429 763 2486 qua
790 2428 998 2469 merces
1027 2413 1121 2469 tibi
1147 2412 1457 2477 debebatur,
1488 2410 1602 2465 haec
1620 2410 1800 2466 omnia

213 2504 272 2559 in
321 2504 416 2560 illo
445 2505 644 2561 mundo
675 2506 943 2575 recepisti,
975 2504 1178 2561 deliciis
1227 2503 1442 2570 fruens,
1484 2502 1682 2558 divitiis
1719 2501 1800 2556 af-

214 2597 413 2663 ﬂuens,
445 2598 603 2653 rebus
628 2598 898 2667 proSperis
927 2606 1110 2664 utens,
1144 2596 1418 2667 multoque
1454 2609 1634 2650 rerum
1674 2608 1796 2650 suc-

211 2701 375 2742 cessu
404 2687 662 2758 gaudens.
704 2687 780 2742 Et
810 2688 895 2743 bie
922 2688 965 2743 si
993 2687 1119 2758 quid
1154 2687 1277 2742 mali
1316 2685 1476 2752 fecit;
1506 2684 1685 2741 omnia
1711 2700 1798 2741 re-

211 2780 382 2848 cep't,
409 2794 530 2834 etim
557 2780 724 2847 fame,
758 2780 955 2851 impia,
985 2780 1237 2835 extremis
1264 2779 1418 2835 malis
1446 2777 1795 2849 affligeretur.

212 2868 403 2940 Itaque
448 2880 687 2926 vestrum
744 2880 966 2940 uterque
1006 2870 1181 2925 nudus
1231 2870 1333 2925 huc
1382 2869 1654 2939 pervenit,
1710 2869 1800 2925 ille

212 2961 479 3029 peccatis,
515 2969 569 3016 tu
596 2961 837 3032 iustitia:
880 2961 1225 3032 quamobrem
1257 2971 1311 3017 et
1352 2962 1440 3016 hic
1469 2977 1673 3017 merum
1704 2961 1798 3016 ha-

212 3050 311 3107 bet
334 3052 609 3120 solatium,
635 3062 690 3109 tu
747 3053 1184 3109 inconsolabilem
1229 3054 1460 3109 sustines
1481 3056 1793 3110 cruciatum.

210 3144 428 3200 Etenim
466 3160 590 3200 eum
629 3147 816 3217 exigua
857 3155 980 3201 sunt
1023 3146 1264 3216 leviaque
1307 3144 1584 3201 benefacta
1620 3145 1793 3211 nobis,

211 3233 404 3305 ingens
432 3237 1015 3291 autemetimmensum
1047 3244 1380 3305 peccatorum
1410 3250 1546 3292 onus
1566 3254 1580 3290 :
1603 3236 1797 3292 deinde

209 3324 303 3379 hic
345 3326 713 3395 prosperitate.
748 3326 995 3393 fruimur,
1038 3342 1209 3397 neque
1241 3326 1529 3397 quidquam
1569 3328 1797 3397 patimur

207 3417 414 3480 acerbi,
445 3432 664 3487 prorsus
699 3418 824 3473 nudi
851 3418 1196 3489 destitutique
1233 3418 1631 3474 benefactorum
1655 3436 1797 3490 pm:-

204 3507 335 3562 miis
397 3507 522 3564 hinc
583 3509 946 3575 discedimus,
1012 3510 1204 3580 utqui
1283 3510 1370 3566 hic
1432 3510 1795 3581 receperimus

206 3598 419 3652 omnia.
466 3599 831 3671 Similiterque
878 3615 1001 3655 cum
1044 3600 1209 3655 multa
1252 3616 1546 3672 magnaque
1586 3603 1796 3657 luerunt

206 3688 369 3743 nobis
406 3689 702 3755 benefacta,
755 3690 847 3746 sed
899 3692 1089 3761 exigua
1140 3705 1416 3761 paucaque
1456 3691 1679 3756 delicta,
1740 3701 1794 3748 et

206 3790 333 3849 post
389 3782 503 3837 haec
554 3785 785 3853 patimur
846 3784 1045 3854 aliquid
1112 3784 1289 3839 acerbi
1336 3801 1352 3840 :
1399 3785 1485 3839 hic
1538 3785 1794 3856 depositis

206 3871 498 3928 levioribus
530 3875 641 3930 illis
676 3875 883 3931 delictis
922 3890 1109 3946 puram
1153 3876 1260 3930 illie
1298 3884 1351 3930 et
1380 3875 1667 3946 perfeetam
1698 3878 1794 3934 bo-

204 3978 396 4019 norum
420 3980 641 4034 operum
672 3950 1150 4021 remunerationem
1176 3967 1484 4038 accipimus.
1507 3967 1610 4024 Ubi
1632 3984 1791 4040 quem

202 4055 369 4124 igitur
398 4056 592 4111 videris
615 4098 631 4123 ,
676 4058 970 4127 improbam
1006 4066 1250 4128 agentem
1283 4059 1444 4113 vitam
1469 4102 1484 4127 ,
1513 4074 1613 4115 nec
1636 4060 1791 4131 quid-

198 4159 366 4214 quam
394 4144 484 4200 hic
507 4146 683 4201 acerbi
707 4148 994 4216 patientem
1020 4164 1034 4200 :
1063 4162 1129 4201 ne
1154 4148 1356 4216 putaris
1380 4147 1528 4203 illum
1555 4149 1786 4215 beatum,

197 4238 301 4296 sed
327 4238 463 4295 delle
490 4242 663 4310 potius
700 4256 764 4296 ac
791 4240 1007 4309 deploro
1032 4280 1047 4306 ,
1076 4240 1221 4295 velut
1259 4240 1368 4296 illic
1405 4241 1580 4296 omnia
1622 4243 1791 4297 tristia

200 4345 606 4402 perpessurum,
634 4331 1082 4403 quemadmodum
1135 4332 1286 4386 dives
1312 4332 1420 4387 ille.
1464 4332 1665 4387 Rursus
1702 4333 1790 4389 ubi

194 4438 365 4495 quem
393 4422 591 4478 videris
614 4423 826 4479 virtutis
850 4422 1171 4489 studiosum,
1197 4430 1254 4479 et
1270 4421 1517 4478 eumdem
1550 4424 1791 4479 inmune-

197 4518 282 4572 ris
304 4515 467 4587 afﬂigi
496 4516 777 4585 molestiis,
805 4518 1017 4574 beatum
1047 4516 1310 4581 existima,
1344 4513 1551 4570 felicem
1572 4515 1748 4586 judica
1774 4534 1787 4570 :

196 4620 257 4664 ut
288 4610 381 4679 qui
407 4619 464 4664 et
490 4609 578 4665 hic
601 4609 780 4665 omnia
808 4624 902 4665 sua
932 4618 1145 4679 peccata
1172 4608 1408 4673 diluerit,
1435 4616 1489 4662 et
1513 4608 1622 4661 illic
1651 4608 1788 4663 mul-

194 4713 311 4757 tam
344 4701 538 4757 habeat
560 4710 797 4772 paratam
821 4702 1086 4772 patientia:
1107 4699 1429 4766 mercedem,
1453 4701 1793 4770 quemadmo-

188 4795 329 4851 dum
361 4794 486 4850 huic
512 4793 687 4852 evenit
716 4795 934 4848 Lazaro.

268 4887 330 4941 5.
377 4887 510 4943 Nam
551 4903 617 4943 ex
669 4886 973 4942 honlinibus
1021 4886 1109 4939 alii
1147 4885 1358 4955 quidem
1401 4885 1486 4941 hic
1518 4885 1791 4942 dumtaxat

184 4980 532 5053 puniuntur,
579 4979 666 5034 alii
709 4993 892 5033 rursus
934 4978 1064 5033 nihil
1103 4978 1190 5032 hic
1220 4978 1323 5034 tale
1365 4980 1653 5049 patiuntur,
1695 4981 1788 5036 sed

182 5087 421 5128 omnem
467 5070 751 5127 vindictam
799 5072 904 5127 illic
946 5072 1209 5141 rccipiunt
1239 5087 1252 5124 :
1281 5070 1369 5125 alii
1397 5086 1524 5126 vero
1552 5080 1663 5127 tum
1704 5071 1789 5128 hic

184 5176 315 5219 tum
342 5162 452 5218 illic
476 5163 783 5233 puniuntur.
816 5162 1015 5218 Horum
1044 5164 1201 5233 igitur
1222 5162 1401 5230 trium,
1421 5178 1553 5233 quos
1577 5164 1787 5220 tandem

180 5254 454 5328 iudicatis
481 5256 704 5311 beatos?
728 5255 840 5311 Non
870 5255 1071 5320 dubito,
1092 5255 1215 5326 quin
1234 5256 1434 5325 primus
1457 5256 1570 5310 illos
1591 5258 1677 5327 qui
1706 5259 1789 5312 hic

186 5346 499 5420 puniuntur
522 5390 535 5413 ,
567 5357 726 5419 atque
755 5351 824 5403 ita
855 5357 1070 5418 peccata
1116 5347 1409 5417 deponunt.
1447 5347 1639 5403 Verum
1672 5360 1790 5419 post

192 5441 328 5496 illos
358 5452 497 5511 quos
532 5439 775 5510 proximo
806 5438 1073 5495 felicitatis
1109 5439 1228 5494 loco
1272 5439 1464 5508 ponitis
1488 5438 1635 5494 ?Vos
1674 5437 1787 5494 for-

191 5531 367 5589 tassis
390 5548 507 5599 eos,
533 5532 622 5603 qui
651 5531 779 5586 nihil
805 5530 891 5586 hic
911 5532 1062 5586 triste
1088 5531 1381 5601 patiuntur,
1413 5528 1504 5585 sed
1533 5530 1640 5586 illic
1669 5545 1785 5587 om-

196 5640 335 5682 nem
366 5626 522 5680 luunt
552 5639 799 5695 pinnam:
828 5632 883 5679 at
907 5636 1005 5692 ego
1032 5640 1140 5678 non
1167 5624 1318 5689 istos,
1344 5623 1436 5679 sed
1465 5623 1560 5678 hos
1587 5625 1783 5695 potius,

196 5718 297 5787 qui
334 5716 421 5773 hic
453 5714 615 5772 simul
644 5723 698 5770 et
727 5714 831 5769 illic.
862 5714 1167 5784 puniuntur.
1200 5715 1330 5770 Nam
1373 5715 1457 5769 hic
1484 5714 1571 5786 qui
1600 5730 1787 5785 poenas

1913 410 2139 477 dederit,
2164 411 2360 466 sentiet
2387 411 2492 467 illic
2522 424 2729 482 pmnam
2776 409 3179 482 levioremzqui
3226 426 3355 468 vero
3397 425 3490 466 co.

1911 510 2064 571 getur
2091 500 2199 557 illic
2230 510 2389 557 totam
2421 517 2630 573 pmnam
2662 503 2957 571 sustinere,
2988 504 3345 561 inevitabilem
3379 504 3491 557 Vin-

1910 590 2103 646 dictam
2129 604 2142 642 :
2168 593 2613 662 quemadmodum
2659 594 2809 651 dives
2847 592 2964 661 hic,
2992 595 3085 667 qui
3125 596 3323 652 nullam
3361 612 3489 668 pec-

1912 690 2150 735 catorum
2187 674 2388 752 partem
2422 684 2610 752 abluit,
2642 684 2777 740 adeo
2814 698 3001 741 severe
3034 683 3248 756 punitus
3274 695 3392 755 est,
3435 698 3492 743 ut

1912 788 1981 828 ne
2021 774 2294 829 minimam
2321 776 2533 845 quidem
2560 786 2757 847 guttam
2790 777 3170 847 impetraverit.
3200 776 3397 834 Verum
3428 779 3494 835 iis

1911 880 2142 935 quoque,
2173 867 2261 937 qui
2289 866 2376 922 hic
2402 883 2522 923 cum
2554 876 2812 938 peccant,
2841 867 2971 926 nihil
3002 880 3176 927 tamen
3202 886 3364 941 grave
3395 886 3491 941 pa-

1912 957 2150 1024 tiuntur,
2183 957 2301 1013 illos
2329 958 2488 1029 longe
2527 959 2848 1018 infeliciores
2870 960 3080 1031 judico,
3107 962 3197 1033 qui
3238 976 3359 1016 eum
3407 961 3493 1015 hic

1912 1063 2017 1103 non
2058 1050 2379 1118 puniantur,
2427 1051 2583 1105 simul
2632 1060 2807 1106 tamen
2854 1052 3060 1107 deliciis
3100 1068 3163 1108 ac
3204 1053 3492 1107 securitate

1912 1137 2177 1193 fruuntur.
2207 1139 2662 1206 Quemadmodum
2691 1142 2831 1196 enim
2876 1142 2962 1196 hic
2986 1156 3094 1197 non
3133 1141 3262 1197 dare
3302 1157 3490 1211 ptenas

1912 1244 2009 1299 pro
2030 1231 2352 1297 commissis,
2378 1230 2488 1285 illic
2512 1232 2803 1286 cruciatum
2829 1231 3005 1287 reddit
3029 1233 3347 1288 atrociorem
3376 1251 3388 1287 :
3420 1233 3487 1288 ita

1911 1318 2037 1374 dum
2081 1328 2333 1389 peccant,
2362 1321 2655 1392 voluptati,
2691 1321 2931 1387 deliciis,
2978 1323 3265 1392 multoque
3312 1339 3486 1377 rerum

1909 1408 2197 1465 allluentite
2226 1411 2498 1480 indulgere
2517 1453 2533 1478 ,
2567 1412 2783 1480 majoris
2809 1427 2979 1482 pecua:
3007 1413 3261 1467 viaticum
3298 1412 3401 1466 illis
3427 1426 3489 1465 ac

1910 1500 2186 1554 materiam
2218 1500 2329 1556 illic
2356 1501 2579 1573 colligit.
2608 1501 2740 1557 Nam
2767 1518 2887 1557 cum
2917 1511 3199 1574 peccantes
3221 1518 3318 1557 nos
3351 1502 3488 1557 Deus

1910 1589 2075 1644 afﬁcit
2115 1592 2427 1660 honoribus,
2467 1608 2531 1648 ea
2556 1608 2642 1649 res
2686 1594 3021 1664 potissimum
3060 1606 3160 1648 nos
3187 1592 3239 1647 in
3275 1592 3487 1663 gravius

1911 1681 2211 1736 incendium
2236 1682 2455 1753 injicere
2480 1685 2695 1754 poterit.

1981 1769 2225 1842 Impietas
2267 1773 2394 1844 felix
2435 1773 2881 1845 periculosissima.
2922 1803 2995 1815 —
3039 1770 3248 1828 Etenim
3288 1773 3333 1827 si
3370 1772 3488 1842 quis

1911 1863 2003 1918 Dei
2032 1864 2251 1921 lenitate
2271 1864 2479 1920 fruatur
2507 1875 2710 1921 tantum
2733 1908 2747 1932 ,
2779 1880 2878 1921 nec
2898 1878 2962 1921 ea
2995 1864 3062 1920 ad
3089 1864 3140 1919 id
3165 1863 3305 1934 quod
3332 1877 3489 1933 oper.

1910 1957 2009 2011 tuit
2030 1968 2228 2025 utatur,
2251 1960 2485 2014 atrocius
2506 1959 2822 2030 supplicium
2851 1958 2952 2015 sibi
2977 1968 3148 2030 parat.
3170 1956 3269 2014 Ubi
3297 1964 3488 2027 prmter

1910 2047 2003 2103 Dei
2029 2048 2296 2104 lenitatem
2318 2049 2478 2104 etiam
2502 2049 2795 2104 honoribus
2815 2049 3013 2118 potitur
3033 2048 3300 2114 maximis,
3319 2045 3486 2099 nihilo

1908 2140 2083 2195 secius
2113 2148 2291 2196 tamen
2334 2142 2572 2212 persistit
2592 2141 2645 2196 in
2691 2141 2959 2212 nequitia:
2987 2140 3107 2211 quis
3146 2153 3268 2194 eum
3300 2137 3487 2206 eripiet

1908 2232 1976 2286 ab
2025 2232 2117 2287 illo
2166 2232 2464 2302 supplicio?
2512 2232 2722 2288 Etenim
2768 2243 2825 2287 ut
2864 2232 3162 2303 intelligas,
3210 2230 3349 2301 quod
3393 2228 3484 2299 qui

1910 2322 2002 2377 Dei
2053 2322 2324 2379 lenitatem
2371 2323 2459 2379 hic
2510 2324 2888 2394 experiuntur,
2939 2311 3137 2379 malum
3178 2320 3485 2376 universum

1908 2413 2017 2469 illic
2068 2414 2169 2469 sibi
2240 2426 2590 2482 eoacervant,
2641 2415 2698 2470 ni
2767 2413 3119 2484 resipuerint,
3170 2411 3292 2467 audi
3357 2409 3484 2480 quid

1905 2505 2048 2562 dicat
2084 2507 2319 2562 Paulus:
2366 2506 2642 2563 Existimas
2686 2516 2871 2574 autem,
2900 2522 2931 2560 o
2973 2506 3150 2570 homo,
3182 2506 3265 2575 qui
3306 2501 3488 2556 conde-

1905 2614 2049 2654 mnas
2093 2615 2180 2654 eos
2222 2600 2308 2670 qui
2356 2601 2478 2655 talia
2527 2599 2750 2670 faciunt,
2779 2608 2825 2653 et
2869 2598 2995 2671 facis
3036 2596 3210 2652 eadem
3232 2636 3247 2660 ,
3279 2591 3413 2663 quod
3432 2599 3484 2646 tu

1905 2692 2115 2764 eﬁ'ngies
2170 2693 2424 2764 judicium
2457 2691 2593 2747 Dei.’
2634 2691 2715 2746 An
2753 2691 2952 2745 divitias
2981 2688 3213 2748 bonitatis
3248 2686 3387 2743 illius
3428 2698 3488 2739 ac

1904 2787 2177 2858 patientiae,
2204 2785 2517 2856 lenitatisqtte
2541 2784 2831 2849 contemnis,
2860 2784 3100 2855 ignorans
3125 2778 3260 2852 quod
3285 2777 3487 2833 bonitas

1908 2878 2000 2933 Dei
2055 2878 2123 2932 ad
2172 2878 2512 2947 pamitentiam
2560 2887 2607 2931 te
2642 2876 2861 2931 invitat?
2905 2874 3013 2930 Sed
3038 2874 3195 2944 juxta
3250 2870 3486 2925 duritiem

1905 2979 2077 3035 tuam,
2117 2976 2163 3022 et
2207 2984 2295 3021 cor
2343 2968 2681 3037 impoznitens;
2729 2965 2959 3021 recondis
3008 2963 3096 3017 tibi
3128 2962 3228 3033 ipsi
3274 2961 3403 3015 iram
3433 2958 3487 3014 in

1904 3060 1985 3114 die
2031 3060 2121 3113 ira!
2169 3075 2229 3111 ac
2275 3057 2590 3112 reuelationis
2631 3067 2676 3109 et
2702 3056 2833 3127 justi
2861 3055 3046 3126 judicii
3090 3051 3182 3106 Dei
3210 3051 3386 3122 (Rom.
3424 3047 3481 3104 Ξ.

1903 3151 1955 3206 ὅ.
1987 3147 2067 3223 5).
2101 3149 2240 3218 Ergo
2269 3163 2388 3203 eum
2415 3146 2706 3203 viderimus
2735 3146 2940 3216 aliquos
2960 3143 3149 3215 opibus
3179 3141 3479 3208 affluentes,

1902 3243 2105 3298 deliciis
2132 3242 2388 3309 fruentes,
2431 3250 2702 3313 unguenta
2733 3239 2957 3305 olentes,
2989 3238 3040 3293 in
3071 3233 3377 3293 temulentis
3403 3240 3485 3288 to-

1905 3343 1986 3390 tos
2031 3335 2147 3391 dies
2188 3334 2557 3400 traducentes,
2607 3332 2659 3387 in
2702 3331 3013 3403 magistratu
3053 3338 3108 3385 et
3144 3327 3382 3394 honore,
3428 3325 3482 3380 in

1903 3428 2064 3483 multa
2090 3442 2280 3498 pompa
2325 3435 2378 3482 et
2401 3425 2749 3487 claritudine,
2779 3432 3092 3494 peccantes,
3134 3434 3303 3491 neque
3337 3415 3483 3489 quiti-

1900 3535 2057 3589 quam
2081 3518 2232 3574 triste
2258 3519 2517 3589 patientes
2534 3559 2548 3582 ,
2594 3516 2693 3570 hac
2731 3516 2842 3586 ipsa
2869 3514 2935 3569 de
2959 3528 3116 3569 causa
3142 3512 3370 3566 maxime
3398 3508 3484 3564 de-

1900 3611 2125 3665 ﬂeamus
2152 3623 2215 3664 ac.
2238 3608 2576 3678 deploremus
2606 3607 2726 3661 illos
2750 3647 2763 3670 ,
2793 3605 2932 3675 quod
2960 3603 3085 3658 dum
3126 3609 3346 3673 peccant
3377 3613 3479 3654 non

1901 3702 2207 3771 puniuntur.
2238 3699 2307 3755 Ut
2332 3699 2474 3755 enim
2502 3698 2546 3752 si
2573 3713 2729 3767 quem
2762 3695 2958 3749 videris
2986 3693 3211 3764 hydrOpi
3239 3699 3329 3746 aut
3354 3689 3482 3744 vitio

1899 3791 2101 3861 splenis
2125 3789 2433 3853 obnoxium,
2468 3797 2558 3842 aut
2584 3786 2706 3840 tabo
2747 3784 2993 3855 quopiam
3030 3787 3442 3836 marcescentem
3464 3819 3479 3842 ,

1900 3884 2195 3939 innumeris
2233 3881 2465 3952 undique
2511 3879 2722 3950 plenum
2767 3876 3066 3940 ulceribus,
3101 3873 3268 3928 nihilo
3307 3869 3481 3925 secius

1900 3987 2077 4032 tamen
2121 3990 2241 4030 eum
2272 3970 2354 4028 his
2381 3971 2660 4037 omnibus,
2709 3967 3031 4025 temulentiac
3060 3980 3121 4019 ac
3147 3963 3353 4019 deliciis
3396 3962 3475 4015 in-

1900 4068 2229 4139 dulgentem,
2249 4064 2474 4122 reddere
2501 4062 2745 4118 morbum
2775 4059 3061 4123 acriorem,
3092 4057 3226 4111 adeo
3252 4069 3357 4109 non
3384 4052 3482 4106 mi-

1901 4160 2033 4214 raris
2060 4167 2151 4214 aut
2173 4158 2384 4214 beatum
2407 4156 2613 4226 judicas
2652 4168 2772 4208 eum
2800 4151 2868 4207 ob
2894 4148 3111 4205 delicias
3130 4189 3145 4213 ,
3175 4154 3233 4200 ut
3270 4145 3339 4200 ob
3378 4142 3482 4198 hcc

1899 4251 2071 4320 ipsum
2096 4249 2254 4304 etiam
2295 4247 2523 4302 maxime
2548 4245 2801 4299 miserum
2825 4242 3134 4297 existimes:
3162 4236 3407 4292 similiter
3428 4243 3480 4288 et

1898 4342 1965 4399 de
1995 4343 2171 4396 anima
2193 4340 2440 4412 cogitato.
2474 4339 2573 4394 Ubi
2602 4337 2797 4393 videris
2830 4334 3098 4391 hominem
3130 4345 3382 4404 perverse
3404 4328 3482 4384 vi-

1898 4446 2150 4502 ventem,
2205 4426 2477 4503 multaque
2543 4431 2802 4487 fruentem
2869 4427 3259 4499 prosperitate,
3310 4439 3482 4495 neque

1897 4525 2049 4581 triste
2074 4522 2363 4595 quidquam
2392 4522 2677 4592 patientem
2699 4562 2713 4586 ,
2750 4519 2821 4575 ob
2847 4519 2947 4573 hoe
2977 4518 3149 4588 ipsum
3192 4515 3361 4586 magis
3388 4512 3483 4569 de-

1899 4616 2064 4686 plora,
2098 4613 2238 4685 quod
2283 4628 2405 4668 cum
2449 4611 2637 4667 morbo
2670 4610 3093 4682 gravissimoque
3135 4606 3259 4663 tabo
3285 4606 3357 4661 sit
3396 4604 3484 4660 ob-

1898 4706 2127 4770 noxius,
2176 4713 2352 4758 tamen
2392 4702 2628 4758 deterior
2669 4702 2769 4763 sit,
2823 4700 3067 4756 morbum
3098 4698 3303 4754 deliciis
3348 4698 3483 4752 vita-

1899 4813 2003 4868 que
2027 4795 2282 4851 dissoluta
2313 4809 2654 4866 exasperatis.
2686 4793 2799 4849 Non
2827 4794 2966 4848 enim
2996 4791 3165 4862 puniri
3188 4832 3204 4856 ,
3244 4789 3336 4845 sed
3367 4803 3483 4860 pec-

1897 4904 2021 4945 care
2050 4888 2245 4943 malum
2268 4897 2368 4943 est.
2392 4885 2524 4941 Nam
2548 4885 2652 4941 hoc
2672 4884 2884 4957 quidem
2909 4898 2938 4937 a
2964 4883 3072 4938 Deo
3095 4888 3327 4951 separat,
3351 4878 3478 4934 illud

1897 4995 2024 5035 vero
2044 4994 2144 5034 nos
2164 4978 2227 5033 ad
2252 4978 2418 5033 Deum
2441 4976 2721 5046 recolligit,
2757 4976 2997 5043 iramque
3027 4971 3288 5026 dissolvit.
3330 4968 3480 5026 Unde

1898 5070 2001 5124 hoc
2017 5069 2221 5140 liquet?
2256 5068 2393 5123 Audi
2434 5066 2747 5138 prophetam
2783 5064 3047 5120 dicentem
3074 5081 3086 5116 :
3113 5061 3476 5125 Consolamini,

1896 5162 2225 5218 consolamini
2249 5158 2492 5231 populum
2513 5172 2675 5211 meum
2696 5155 3000 5218 sacerdotes,
3016 5153 3278 5226 loquimini
3302 5152 3371 5206 ad
3392 5168 3480 5206 cor

1895 5254 2200 5319 Jerusalem,
2234 5252 2473 5324 quoniam
2520 5249 2711 5317 accepit
2736 5249 2800 5305 de
2831 5265 2985 5302 manu
3020 5246 3228 5302 Domini
3255 5246 3478 5317 duplicia

1896 5354 2099 5418 peccata
2117 5360 2211 5400 sua
2234 5342 2389 5415 (Isai.
2414 5343 2503 5399 40.
2530 5343 2582 5398 l.
2605 5340 2685 5413 2).
2706 5343 2781 5397 Ac
2806 5354 3023 5395 rursus:
3045 5336 3282 5403 Domine,
3304 5354 3477 5409 pacem

1896 5439 1966 5494 da
2005 5438 2148 5493 nobis
2176 5455 2194 5492 :
2223 5454 2343 5492 nam
2364 5437 2532 5491 omnia
2559 5436 2824 5491 reddidisti
2850 5435 2991 5489 nobis
3020 5432 3129 5503 (Id.
3148 5433 3239 5488 26.
3272 5432 3382 5504 12).
3408 5432 3477 5489 Ut

1895 5542 2071 5587 autem
2089 5530 2391 5602 intclligatis
2417 5529 2550 5585 alios
2578 5529 2685 5595 hic,
2717 5528 2851 5583 alios
2875 5527 2980 5583 illic
3001 5525 3192 5597 puniri,
3212 5525 3345 5580 alios
3362 5535 3472 5581 tum

1897 5624 1982 5679 hic
2010 5634 2118 5679 tum
2152 5608 2278 5691 illic,
2309 5622 2487 5678 audite
2516 5621 2639 5693 quid
2677 5621 2803 5676 dicit
2826 5619 3038 5686 Paulus,
3080 5617 3475 5688 reprehendens

1896 5730 1988 5772 eos
2015 5716 2103 5787 qui
2133 5715 2345 5787 indigne
2372 5713 2830 5772 commnnicabant
2857 5712 3141 5785 mysteriis.
3172 5709 3305 5766 Cum
3326 5709 3415 5766 eni
