4018 6190
595 216 713 271 ’939

610 339 858 403 dixissel,
897 337 996 404 Qui
1021 335 1120 390 edit
1147 351 1206 389 ac
1232 334 1352 389 bibit
1382 334 1588 404 indigne
1615 349 1795 402 corpus
1819 344 1864 388 et
1889 330 2184 402 sanguinem

615 431 845 498 Domini,
877 446 989 483 reus
1014 429 1103 482 erit
1135 427 1360 496 corporis
1385 436 1430 480 et
1456 427 1714 497 sanguinis
1745 424 1930 480 Christi
1958 425 2038 494 (1.
2066 422 2184 477 Cor.

618 522 702 576 11.
726 519 842 590 9.7),
872 519 1094 588 subjecit
1124 518 1298 572 illico:
1329 515 1454 571 Ideo
1491 518 1623 570 inter
1651 533 1737 571 vos
1766 516 1910 569 multi
1930 515 2120 584 inﬁrmi
2145 521 2190 567 et

615 610 903 674 imbecilles,
936 619 982 663 et
1012 609 1265 662 dormiunt
1288 608 1455 662 multi.
1485 607 1687 662 Etenim
1709 607 1750 661 si
1781 623 1871 661 nos
1895 607 2031 676 ipsos
2053 605 2191 669 diiu-

614 704 915 766 dicaremus,
944 718 1045 756 non
1076 702 1245 772 utique
1276 701 1646 772 judicaremur.
1679 699 1831 753 Nunc
1874 709 2040 754 autem
2079 715 2192 752 cum

613 791 922 860 iudicamur,
949 809 980 845 α
1013 791 1232 845 Domino
1261 791 1582 862 corripimur,
1629 807 1692 844 ne
1720 806 1833 842 cum
1858 788 2044 842 mundo
2067 804 2190 842 con-

613 881 908 938 demnemur
928 879 1032 951 ('Ib.
1065 900 1112 936 υ.
1144 881 1358 953 50-52).
1395 882 1550 937 Vides
1576 881 1842 952 quomodo
1869 881 1955 935 hic
1991 879 2188 934 inﬂicta

617 991 771 1047 poena
803 992 898 1032 nos
925 973 1112 1031 liberat
1139 992 1167 1030 a
1201 992 1352 1046 poena
1378 991 1496 1046 quae
1542 976 1648 1030 illic
1684 975 1797 1029 est?
1825 975 1890 1028 Et
1917 975 1983 1028 de
2008 989 2075 1030 eo
2104 974 2192 1044 qui

615 1077 857 1140 stuprum
885 1070 1243 1135 commiserat,
1273 1069 1440 1139 inquit
1464 1087 1476 1123 :
1505 1065 1714 1121 Tradite
1737 1066 1984 1138 ejusmodi
2031 1066 2195 1120 homi-

615 1180 730 1216 nem
755 1171 947 1217 satana:
974 1163 1026 1215 in
1053 1161 1308 1222 interitum
1333 1161 1523 1226 carnis,
1550 1169 1603 1214 ut
1624 1160 1831 1230 spiritus
1854 1160 2020 1214 salvus
2049 1158 2113 1212 sit
2141 1159 2194 1212 in

615 1255 696 1308 die
724 1252 931 1307 Domini
959 1254 1118 1308 nostri
1140 1252 1266 1306 Jesu
1289 1252 1477 1307 Christi
1517 1252 1594 1323 (1.
1628 1250 1749 1305 Cor.
1778 1251 1831 1306 5.
1861 1249 1936 1320 5).
1976 1249 2113 1317 Quin
2141 1257 2194 1304 et

612 1362 676 1401 ex
712 1347 824 1416 ipso
849 1345 1048 1400 Lazaro
1073 1345 1172 1400 hoc
1190 1346 1523 1415 perSpicuum
1543 1353 1643 1409 est,
1667 1343 1806 1415 quod
1824 1345 1982 1398 etiam
2008 1344 2052 1397 si
2069 1341 2194 1413 quid

616 1439 739 1492 mali
767 1439 1123 1502 commiserat,
1156 1437 1242 1492 hic
1268 1439 1514 1504 abluerit,
1535 1439 1710 1507 itaque
1738 1437 1860 1492 illuc
1877 1452 2036 1506 purus
2052 1435 2197 1491 abie-

618 1531 706 1582 rit.
742 1529 895 1584 idem
929 1546 1054 1584 vero
1091 1540 1144 1584 et
1173 1545 1241 1584 ex
1277 1530 1365 1584 illo
1392 1530 1680 1601 paralytico
1707 1527 2044 1584 manifestum
2089 1537 2191 1594 est,

617 1621 705 1690 qui
733 1621 942 1692 triginta
965 1629 1086 1676 octo
1106 1635 1272 1674 annos
1301 1620 1548 1675 laborans
1576 1619 1901 1684 infirmitate,
1931 1634 2024 1689 per
2049 1634 2195 1672 mor-

617 1711 742 1765 hum
785 1711 1088 1766 diuturnum
1116 1721 1330 1780 peccata
1367 1710 1631 1780 deposuit.
1680 1709 1944 1765 Czeterum
1975 1717 2033 1764 ut
2059 1710 2195 1763 scias

619 1803 766 1857 illum
795 1803 864 1858 ob
891 1813 1102 1872 peccata
1150 1803 1226 1857 sic
1253 1802 1504 1856 afﬂictum
1534 1801 1716 1867 fuisse,
1747 1802 1867 1856 audi
1894 1802 2018 1872 quid
2070 1802 2196 1856 dicit

618 1890 896 1946 Christus:
922 1891 1056 1946 Ecce
1081 1909 1234 1947 sanus
1264 1893 1429 1962 factus
1458 1909 1543 1959 es;
1582 1909 1644 1946 ne
1674 1893 1883 1963 posthac
1919 1910 2106 1962 pecces,
2135 1910 2196 1947 ne

617 1982 738 2049 quid
762 1983 1020 2054 contingat
1045 1983 1131 2036 tibi
1159 1983 1377 2038 deterius
1401 1983 1577 2052 (Joan.
1608 1984 1661 2039 5.
1693 1982 1800 2055 14).
1834 1985 1910 2038 Ex
1933 1985 2015 2038 his
2039 1985 2197 2054 igitur

616 2072 817 2127 clarum
848 2082 950 2139 est,
974 2088 1093 2129 esse
1120 2073 1377 2144 quosdam
1401 2073 1492 2144 qui
1530 2073 1614 2128 hic
1638 2075 1949 2144 puniuntur,
1979 2089 2042 2130 ac
2069 2091 2195 2146 pec-

618 2175 733 2218 cata
754 2163 1045 2236 deponunt.

689 2255 744 2310 6.
768 2255 988 2322 Quidam
1003 2259 1114 2311 etin
1140 2257 1234 2311 hoc
1259 2266 1307 2312 et
1327 2258 1378 2312 in
1404 2257 1563 2312 altero
1584 2259 1768 2313 sceculo
1801 2260 2099 2330 puniuntur.
2126 2291 2199 2300 —

618 2345 770 2414 Quod
798 2356 974 2402 autem
1005 2348 1170 2417 aliqui
1210 2357 1320 2403 tum
1361 2349 1444 2402 hic
1468 2389 1484 2414 ,
1516 2357 1626 2403 tum
1657 2349 1766 2404 illic
1806 2351 2088 2420 puniantur
2108 2391 2123 2414 ,
2154 2350 2199 2404 si

623 2437 796 2490 minus
832 2452 929 2507 pro
964 2447 1298 2506 peccatorum
1337 2439 1703 2515 magnitudine
1731 2438 1817 2495 hic
1860 2441 2056 2496 luerint
2085 2455 2171 2510 pm

621 2542 717 2582 uas
739 2569 755 2594 ,
777 2528 900 2582 audi
941 2529 1064 2598 quid
1095 2529 1162 2584 de
1190 2529 1478 2585 Sodomitis
1509 2531 1650 2586 dicat
1688 2533 1926 2587 Christus
1959 2550 1973 2587 :
2004 2535 2199 2588 etenim

611 2633 739 2671 cum
769 2617 1014 2686 dixisset,
1047 2619 1357 2688 Quicumque
1382 2638 1481 2674 non
1504 2624 1742 2692 receperit
1773 2640 1876 2688 vos,
1906 2625 2054 2678 etiam
2082 2626 2200 2695 pul-

619 2723 779 2761 verem
811 2709 992 2777 pedmn
1012 2719 1284 2764 uestrorum
1306 2711 1358 2766 in
1388 2728 1471 2766 eos
1497 2715 1710 2768 excutite
1736 2714 1884 2785 (Luc.
1910 2716 1961 2770 9.
1987 2717 2063 2786 5),
2087 2718 2204 2772 sub-

612 2797 828 2865 junxit:
850 2795 1182 2852 Tolerabilius
1218 2801 1312 2852 erit
1355 2810 1499 2855 terra:
1540 2800 1878 2857 Sodomorum
1913 2815 1958 2859 et
1985 2804 2198 2860 Gomor-

621 2888 749 2952 rlne,
777 2905 926 2959 quam
945 2891 1139 2944 civitati
1180 2890 1257 2945 illi
1291 2891 1401 2963 (Id.
1429 2894 1514 2950 l0.
1549 2893 1658 2966 12).
1688 2896 1840 2962 Quod
1865 2907 2039 2954 autem
2069 2900 2204 2956 dixit

624 2978 949 3044 tolerabilius,
977 2979 1119 3036 hunc
1143 2980 1303 3037 habet
1322 2999 1558 3052 sensum,
1581 2987 1721 3056 quod
1749 2987 1821 3042 illi
1845 2996 1953 3042 tum
1971 3005 2200 3060 quoque,

623 3072 832 3126 tametsi
874 3071 1082 3136 levius.
1134 3074 1307 3130 forent
1359 3079 2109 3152 puniendi,quaudoquidem
2149 3085 2203 3140 in

621 3159 726 3214 hac
758 3161 861 3215 vita
891 3161 1153 3220 dederunt
1175 3181 1385 3236 Apenas.
1421 3167 1592 3223 Porro
1634 3171 1918 3227 nonnullos
1961 3188 2080 3230 esse
2115 3177 2202 3245 qui

627 3250 712 3304 hic
736 3251 948 3320 quidem
990 3255 1121 3309 nihil
1167 3258 1378 3312 molesti
1421 3259 1692 3327 patiuntur
1717 3300 1732 3323 ,
1764 3262 1855 3316 sed
1902 3263 2008 3318 illic
2041 3273 2202 3320 totam

625 3352 932 3411 exspectant
960 3345 1243 3418 ultionem,
1276 3346 1565 3402 declaravit
1607 3350 1760 3406 nobis
1788 3352 1872 3406 hic
1907 3354 2090 3422 dives,
2126 3359 2204 3412 in-

626 3432 928 3487 evitabilem
959 3435 1066 3489 illic
1093 3438 1362 3505 perferens
1403 3440 1717 3507 crueiatum,
1745 3457 1805 3496 ac
1831 3458 1898 3498 ne
1929 3446 2202 3503 minimum

626 3526 841 3595 quidem
893 3528 1152 3600 refrigerii
1205 3547 1536 3604 consequens
1566 3576 1580 3601 ,
1606 3551 1671 3590 eo
1697 3537 1837 3607 quod
1868 3538 1974 3592 illic
2002 3541 2051 3594 ei
2098 3550 2205 3598 tota

629 3615 858 3672 vindicta
881 3617 1037 3674 fuerit
1065 3631 1355 3676 reservata.
1382 3624 1839 3689 Quemadmodum
1871 3628 2032 3699 igitur
2061 3630 2112 3684 in
2141 3631 2206 3686 iis

627 3709 714 3779 qui
738 3720 976 3780 peccant,
1009 3712 1044 3766 ii
1071 3713 1160 3782 qui
1189 3713 1318 3768 nihil
1349 3714 1435 3770 hic
1453 3717 1632 3771 acerbi
1656 3718 1942 3788 patiuntur,
1971 3721 2077 3776 illic
2095 3738 2206 3776 ma-

628 3801 802 3870 jorem
832 3804 1094 3858 sustinent
1135 3806 1424 3861 crueiatum
1450 3825 1463 3861 :
1488 3809 1565 3863 sic
1607 3809 1746 3865 inter
1788 3826 1880 3868 eos
1924 3814 2012 3883 qui
2064 3822 2206 3869 recte

629 3893 849 3960 faciunt,
876 3895 963 3964 qui
993 3897 1157 3951 multa
1189 3898 1458 3966 patiuntur
1485 3901 1539 3954 in
1568 3900 1669 3956 hac
1693 3902 1800 3957 vita
1826 3905 2070 3972 molesta,
2102 3906 2208 3961 illic

633 3983 798 4039 multo
825 3987 1095 4055 potientur
1119 3988 1341 4043 honore.
1373 3989 1439 4044 Et
1468 3991 1912 4060 quemadmodum
1942 3995 1987 4049 si
2013 4010 2042 4049 e
2070 3995 2206 4050 duo-

641 4074 739 4129 bus
765 4078 1130 4146 peccatoribus
1150 4095 1286 4134 unus
1309 4079 1395 4135 hic
1421 4081 1692 4151 puniatur,
1720 4083 1857 4138 alter
1882 4099 1986 4139 non
2013 4086 2207 4154 punia-

629 4173 734 4231 tur,
757 4166 962 4224 beatior
977 4179 1060 4225 est
1089 4171 1178 4226 ille
1198 4172 1413 4242 punitus
1432 4187 1496 4228 eo
1521 4174 1606 4243 qui
1636 4174 1847 4243 punitus
1862 4189 1966 4230 non
1995 4186 2077 4231 est
2102 4177 2209 4232 :sic

638 4271 767 4313 sane
813 4259 952 4315 inter
993 4260 1130 4315 duos
1151 4262 1345 4330 justos,
1369 4263 1413 4318 si
1439 4264 1575 4319 alter
1594 4263 1680 4318 hic
1707 4265 1846 4336 plus,
1878 4265 2014 4322 alter
2033 4267 2209 4323 minus

633 4350 908 4416 pertulerit
928 4349 1294 4417 afﬂictionum,
1325 4353 1527 4408 beatior
1552 4355 1654 4408 erit
1697 4354 1789 4409 ille
1834 4355 1921 4426 qui
1952 4357 2070 4426 plus
2093 4372 2210 4412 sus-

632 4441 866 4507 tinuerit,
911 4443 1121 4512 quando
1155 4444 1436 4516 unicuique
1475 4445 1659 4502 reddet
1700 4447 1850 4516 juxta
1903 4463 2067 4518 opera
2115 4464 2210 4505 sua

631 4529 844 4599 (Matth.
872 4533 959 4588 ιδ.
981 4533 1094 4605 e7).

701 4619 800 4672 Aut
845 4620 926 4674 hic
971 4632 1058 4676 aut
1109 4623 1161 4677 in
1203 4629 1374 4696 futuro
1412 4627 1722 4696 patiendum.
1746 4658 1817 4668 —
1845 4629 1981 4697 Quid
2013 4631 2210 4702 igitur?

635 4714 750 4771 Non
780 4727 862 4772 est
887 4718 1146 4788 quispiam
1168 4759 1183 4786 ,
1215 4719 1421 4789 inquies
1446 4761 1460 4786 ,
1485 4721 1574 4790 qui
1605 4730 1659 4776 et
1683 4722 1768 4776 hic
1805 4732 1860 4778 et
1897 4724 2001 4778 illic
2030 4726 2212 4795 requie

633 4809 1042 4865 fruatur?lstud
1090 4811 1415 4881 impossibile
1473 4822 1651 4877 est,o
1702 4813 1860 4869 homo
1890 4856 1906 4881 ,
1937 4823 2094 4886 atque
2143 4831 2211 4871 ex

630 4913 813 4954 eorum
831 4915 1052 4955 numero
1078 4916 1194 4971 qua:
1215 4899 1411 4956 frustra
1438 4916 1639 4970 speres.
1666 4901 1803 4957 Fieri
1825 4904 1964 4961 enim
1987 4921 2090 4958 non
2112 4920 2212 4974 po-

632 5000 756 5058 test,
784 5006 890 5047 non
923 5001 1098 5062 potest
1125 4994 1338 5063 inquam
1358 5033 1372 5058 ,
1401 5002 1457 5048 ut
1478 4995 1565 5062 qui
1591 4993 1676 5049 hic
1702 4995 1754 5048 iu
1785 4995 2025 5050 socordia
2056 5010 2212 5050 secu-

631 5086 895 5155 ritateque
920 5084 1128 5152 vixerit,
1160 5087 1252 5156 qui
1279 5087 1329 5141 in
1360 5086 1564 5142 deliciis
1591 5086 1839 5142 omnibus
1859 5087 2069 5142 assidue
2095 5087 2210 5144 dies

632 5177 1040 5247 consumpserit,
1055 5178 1142 5248 qui
1170 5186 1371 5234 temere
1392 5179 1732 5249 neglecteque
1755 5182 2070 5249 transegerit
2085 5189 2211 5236 teta-

637 5277 742 5321 tem
768 5308 784 5334 ,
813 5267 918 5322 illic
944 5267 1200 5323 honorem
1224 5281 1597 5340 consequatur.
1628 5272 1757 5326 Nam
1798 5271 1897 5325 etsi
1928 5281 2210 5342 paupertas

633 5361 680 5413 ei
708 5376 813 5414 non
833 5363 901 5416 sit
932 5363 1171 5429 molesta,
1200 5362 1458 5431 cupiditas
1489 5371 1662 5418 tamen
1686 5363 1906 5418 molesta
1925 5373 2026 5426 est,
2055 5373 2212 5432 atque

637 5449 759 5507 huic
782 5452 1043 5508 obnoxius
1072 5461 1154 5508 est
1180 5472 1193 5508 :
1222 5469 1322 5509 nec
1345 5453 1468 5508 hinc
1488 5454 1769 5509 mediocris
1796 5455 1967 5509 labor.
1990 5454 2140 5519 Quod
2167 5454 2212 5508 si

637 5544 851 5597 morbus
882 5560 987 5598 non
1010 5543 1244 5612 infestat,
1269 5543 1362 5600 scd
1389 5544 1679 5598 inﬂammat
1703 5546 1776 5598 ira
1801 5585 1815 5610 ,
1840 5559 1907 5598 ne
1933 5543 1976 5597 is
2000 5543 2212 5612 quidem

637 5634 920 5691 mediocris
946 5635 1097 5691 dolor
1131 5632 1694 5694 vincere’iracundiam
1721 5653 1733 5692 :
1759 5636 1858 5693 etsi
1897 5633 2211 5693 afﬂictiones

1322 219 1378 275 S.
1418 217 1696 274 JOANNIS
1732 213 2207 273 οιιῐιγδοετοω
2245 213 2568 274 ARClllEP.
2607 220 2909 280 CONSTAN

1546 217 1696 273 NNIS
1732 213 2207 273 οιιῐιγδοετοω
2245 213 2568 274 ARClllEP.
2607 220 3133 283 CONSTANTINOP.

3646 250 3760 307 imo

2294 346 2397 386 non
2427 333 2728 404 irruperint,
2756 348 2931 396 tamen
2965 345 3302 414 cogitationes
3325 349 3459 407 mala:
3481 353 3760 423 indesinenter

2296 420 2586 495 insurgunt.
2616 428 2728 484 Non
2773 441 2852 486 est
2889 444 3060 488 autem
3092 438 3319 508 vulgaris
3355 447 3522 514 negotii
3557 420 3759 514 refrenare

2292 514 2576 573 absurdam
2602 521 2940 590 cupiditatem
2959 566 2974 590 ,
2997 527 3244 584 cohibere
3277 530 3408 586 sitim
3435 535 3580 593 iuanis
3598 543 3762 615 gloriae,

2293 621 2543 666 coercere
2573 612 2762 668 fastum
2784 658 2798 680 ,
2834 631 2864 670 a
2891 617 3094 676 deliciis
3117 631 3400 692 temperare
3418 668 3432 692 ,
3459 629 3503 682 iu
3526 647 3674 701 aspera
3695 612 3758 694 de;

2293 712 2419 766 gere
2458 699 2759 771 disciplina.
2789 705 2919 760 Nam
2947 710 3033 778 qui
3069 711 3166 765 ista
3217 728 3318 767 non
3356 699 3660 785 fecerit,lieri
3693 743 3765 782 non

2295 798 2470 857 potest
2500 801 2556 845 ut
2581 810 2827 864 umquam
2855 799 3033 854 salvus
3060 800 3167 855 fiat.
3193 802 3259 859 Ut
3283 814 3447 860 autem
3473 809 3686 881 intelligas
3711 818 3765 867 vi-

2295 889 2478 934 ventes
2504 881 2556 935 in
2579 883 2800 949 deliciis,
2823 903 2926 942 non
2946 889 3056 944 fieri
3078 891 3271 957 salvos,
3296 894 3410 948 audi
3436 897 3545 966 quid
3563 898 3617 953 de
3634 903 3768 958 mulie-

2295 983 2354 1024 re
2378 970 2538 1027 vidua
2567 973 2695 1029 dicit
2720 976 2914 1033 Paulus
2942 997 2957 1035 :
2990 980 3114 1045 Qua:
3133 999 3242 1036 vero
3263 984 3311 1037 in
3341 986 3514 1040 deliciis
3533 991 3768 1058 vieit,oitens

2295 1071 2494 1115 mortua
2523 1074 2592 1118 est
2617 1067 2693 1136 (1.
2726 1066 2860 1122 Tim.
2889 1071 2940 1124 5.
2972 1070 3049 1142 6).
3079 1071 3228 1139 Quod
3266 1075 3308 1127 si
3337 1074 3400 1129 de
3423 1077 3612 1134 muliere
3627 1081 3700 1134 hoc
3717 1083 3768 1136 di-

2296 1160 2438 1206 ctum
2467 1162 2586 1223 est,
2611 1158 2776 1213 multo
2802 1162 2968 1231 magis
3008 1162 3075 1217 de
3100 1163 3212 1218 viro
3237 1163 3501 1220 dicendum
3528 1210 3541 1233 ,
3568 1180 3766 1238 propterea

2297 1259 2402 1298 non
2426 1262 2584 1319 posse
2616 1249 2731 1302 ﬁeri
2761 1261 2816 1304 ut
2838 1251 2996 1308 homo
3031 1254 3120 1322 qui
3152 1256 3306 1309 talem
3331 1256 3450 1310 vivit
3475 1257 3768 1329 vitam,adipio

2297 1346 2474 1392 scatur
2501 1340 2680 1394 eiulos.
2716 1341 2826 1396 Hoc
2870 1344 3041 1411 ipsum
3070 1353 3126 1399 et
3162 1345 3396 1402 Christus
3418 1347 3655 1404 declaravit
3674 1352 3768 1406 hunc

2298 1426 2349 1480 in
2369 1428 2583 1483 modum
2605 1431 2826 1500 loquens
2852 1450 2865 1486 :
2890 1433 3116 1504 Angusta
3148 1444 3193 1489 et
3219 1448 3357 1489 arcta
3381 1447 3448 1491 est
3473 1439 3660 1508 uia,qu¢
3678 1443 3769 1494 dicit

2295 1519 2364 1572 ad
2387 1521 2557 1585 vitam,
2573 1530 2619 1575 et
2633 1525 2783 1592 pauci
2807 1535 2922 1578 sunt
2946 1526 3030 1592 qui
3059 1527 3312 1581 inveniunt
3338 1544 3440 1581 eam
3456 1527 3630 1600 (Matth.
3644 1531 3766 1600 λη).

2379 1609 2471 1664 Via
2498 1610 2705 1666 Domini
2742 1616 2990 1681 quomodo
3016 1633 3198 1686 aspera
3217 1627 3262 1671 et
3291 1635 3387 1672 non
3410 1635 3584 1688 aspera.
3608 1620 3769 1685 -Ουῡς

2299 1701 2459 1756 modo
2509 1703 2703 1774 igitur,
2734 1705 2928 1761 dixerit
2951 1708 3164 1777 aliquis,
3194 1709 3386 1763 dictum
3409 1718 3482 1764 est
3499 1710 3622 1777 illud,
3640 1709 3768 1780 lugent

2298 1808 2462 1846 meum
2498 1811 2647 1848 suave
2670 1805 2743 1849 est
2765 1838 2779 1860 ,
2801 1806 2847 1849 et
2874 1813 3000 1851 onus
3028 1814 3194 1852 meum
3222 1799 3323 1853 leve
3347 1799 3548 1869 (Matth.
3573 1802 3640 1855 ll.
3671 1801 3770 1869 '50)?

2297 1883 2427 1938 Nam
2466 1887 2510 1939 si
2541 1895 2760 1956 angusta
2784 1897 2868 1942 est
2905 1890 2985 1942 via
3020 1897 3074 1943 et
3120 1905 3336 1960 aspera,
3364 1890 3598 1960 quomodo
3625 1906 3768 1945 rursum

2297 1989 2414 2029 eam
2463 1975 2632 2030 levem
2679 1977 2995 2049 facilemque
3026 1981 3220 2035 vocat?
3249 1981 3376 2035 lllud
3421 1981 3602 2051 quidem
3632 1981 3769 2035 dictum

2299 2073 2382 2120 est
2428 2077 2644 2136 propter
2689 2077 2930 2123 naturam
2972 2070 3354 2136 afllictionum,
3383 2070 3480 2126 hoe
3499 2085 3604 2125 vero
3628 2079 3770 2139 propter

2301 2168 2648 2228 spoutaneam
2681 2161 3011 2216 voluntatem
3042 2163 3371 2218 adeuntium.
3402 2163 3520 2218 Nam
3545 2161 3637 2217 ﬁeri
3658 2170 3770 2230 potest

2302 2257 2360 2304 ut
2381 2250 2520 2320 quod
2545 2259 2731 2305 natura
2757 2263 2840 2307 est
2864 2253 3225 2318 intolerabile,
3247 2254 3455 2320 sitleve,
3470 2254 3508 2308 si
3526 2268 3622 2308 cum
3644 2251 3771 2305 alacri-

2305 2351 2410 2398 tate
2454 2343 2619 2397 animi
2663 2345 3016 2416 suscipiamus
3042 2364 3054 2399 :
3085 2346 3514 2417 quemadmodum
3544 2355 3588 2399 et
3619 2341 3771 2413 apostoli

2303 2437 2480 2507 ﬂagris
2505 2438 2626 2492 caasi
2651 2438 2852 2492 reversi
2879 2447 3006 2492 sunt
3031 2438 3345 2508 gaudentes,
3373 2436 3500 2507 quod
3521 2435 3633 2506 digni
3653 2441 3773 2488 essent

2304 2530 2468 2585 habiti
2495 2546 2588 2601 pro
2608 2531 2822 2586 nomine
2840 2531 3049 2586 Domini
3074 2531 3360 2602 ignominia
3375 2531 3501 2586 affici
3520 2528 3628 2599 (Act.
3642 2528 3682 2581 5.
3699 2526 3772 2593 ll).

2303 2621 2633 2691 Quamquam
2661 2630 2846 2676 natura
2873 2621 3209 2676 cruciatuum
3251 2621 3560 2676 alﬂictionem
3589 2616 3775 2671 dolorem-

2303 2727 2406 2782 que
2425 2713 2561 2767 solet
2575 2714 2814 2784 gignere,
2830 2729 3012 2769 verum
3034 2714 3250 2770 animus
3275 2723 3528 2784 promptus
3549 2706 3774 2774 eorum,qu

2307 2803 2728 2874 ﬂagellabantur,
2759 2820 2936 2859 rerum
2969 2814 3217 2859 naturam
3250 2806 3386 2860 vicit.
3414 2802 3610 2859 Proinde
3629 2809 3671 2854 et
3689 2797 3775 2851 Pau-

2307 2892 2390 2948 lus
2415 2893 2541 2948 dicit
2562 2934 2578 2961 ,
2606 2893 2791 2949 Omnes
2829 2897 2915 2966 qui
2941 2895 3113 2949 volunt
3145 2897 3227 2964 pie
3254 2897 3404 2949 uiuere
3438 2896 3485 2948 in
3521 2891 3675 2947 Christo
3693 2886 3776 2940 luit

2307 2993 2737 3058 persequultonem
2768 2987 3023 3056 patientur
3048 2986 3126 3060 (2.
3159 2987 3298 3041 Tim.
3323 2988 3375 3042 ὅ.
3402 2983 3503 3056 η).
3520 2983 3580 3037 Et
3609 2983 3646 3036 si
3673 2980 3778 3033 homo

2307 3093 2413 3132 non
2459 3089 2806 3148 persequatur
2829 3120 2844 3146 ,
2898 3079 3144 3134 diabolus
3203 3089 3374 3135 tamen
3416 3083 3658 3146 oppugnat.
3684 3068 3781 3126 Unde

2308 3169 2471 3223 multa
2499 3169 2652 3224 nobis
2677 3185 2810 3240 opus
2834 3180 2918 3226 est
2944 3171 3288 3241 philosophia
3313 3213 3329 3239 ,
3360 3169 3506 3224 multa
3529 3162 3778 3221 fortitudine,

2307 3267 2366 3312 ut
2395 3259 2448 3312 in
2478 3260 2726 3329 precibus
2750 3260 3025 3331 vigilemus
3044 3304 3060 3330 ,
3088 3278 3200 3318 nec
3229 3276 3464 3332 umquam
3487 3257 3779 3315 dormitemus,

2307 3364 2376 3404 ne
2429 3364 2516 3405 res
2561 3351 2762 3406 alienas
2804 3353 3252 3423 concupiscamus
3281 3363 3372 3409 :ut
3406 3366 3513 3422 quas
3559 3342 3779 3406 adsunt,il

2307 3455 2504 3510 egenos
2543 3441 2924 3497 distribuamus
2943 3486 2958 3511 ,
2983 3452 3042 3498 ut
3082 3445 3335 3500 omnibus
3359 3441 3542 3498 deliciis
3559 3438 3654 3494 vale
3683 3433 3780 3488 dica-

2308 3544 2448 3597 mus,
2478 3546 2543 3586 ac
2562 3532 2803 3586 nuntium
2825 3534 3177 3600 remittamus,
3218 3544 3324 3589 tum
3350 3534 3409 3588 iis
3432 3546 3535 3602 quae
3554 3525 3702 3584 suntin
3722 3536 3779 3573 ve-

2309 3621 2499 3688 stibus,
2530 3631 2638 3677 tum
2667 3623 2732 3677 iis
2749 3640 2866 3694 qua:
2891 3635 3014 3679 sunt
3035 3625 3085 3678 in
3116 3641 3326 3693 mensa,
3346 3632 3401 3679 ut
3423 3621 3654 3678 avaritiam
3672 3611 3780 3682 fugia-

2309 3730 2429 3770 mus
2453 3757 2468 3781 ,
2500 3724 2558 3769 ut
2605 3715 2915 3772 ebrietatem
2944 3758 2959 3784 ,
2988 3727 3044 3771 ut
3091 3716 3506 3772 maledicentiam
3528 3712 3727 3766 vitemus,
3747 3709 3782 3754 ut

2310 3806 2502 3876 linguae
2533 3815 2910 3876 temperemus,
2940 3824 3114 3878 neque
3139 3809 3485 3864 vociferamur
3507 3796 3782 3869 incomposite.

2313 3898 2516 3968 (Omnis
2540 3901 2672 3953 enim
2697 3901 3031 3954 anwrulentia
3059 3943 3073 3966 ,
3106 3903 3372 3957 commotio
3391 3941 3406 3967 ,
3437 3910 3479 3954 et
3500 3892 3735 3954 iracundia.
3757 3895 3785 3938 ¢‘

2311 3990 2502 4044 clamor
2523 4031 2539 4057 ,
2561 4000 2607 4045 et
2645 3991 2956 4063 blasphemia
2993 3994 3198 4048 tollatur
3229 4012 3260 4048 a
3280 3993 3410 4048 vobis
3431 3989 3615 4063 [Ephes.
3633 3977 3782 4049 4.311)-

2311 4081 2388 4136 Ne
2414 4083 2641 4138 obscena
2669 4083 2946 4153 loquamur
2966 4125 2980 4149 ,
3005 4101 3070 4140 ne
3102 4085 3261 4141 dictis
3295 4083 3498 4139 urbanis
3527 4079 3784 4134 delectemur.

2312 4173 2426 4228 Non
2469 4183 2550 4229 est
2589 4175 2876 4230 mediocris
2907 4175 3100 4230 laboris
3128 4175 3179 4229 in
3210 4175 3295 4230 his
3320 4167 3579 4244 perfectam
3604 4170 3782 4234 pra-stare

2313 4265 2622 4320 custodiam.
2648 4267 2822 4336 Atque
2844 4274 2899 4320 ut
2927 4267 3188 4336 intelligas
3215 4274 3406 4337 quanta
3432 4278 3515 4317 res
3545 4261 3600 4314 sit
3629 4252 3784 4324 ριιὶιοεο·

2316 4356 2465 4425 phari
2492 4397 2504 4422 ,
2532 4372 2799 4427 quamque
2825 4372 2927 4411 non
2953 4357 3148 4413 habeat
3166 4358 3530 4413 relaxatiouem
3549 4393 3562 4418 ,
3585 4346 3681 4402 audi
3705 4337 3784 4410 quid

2314 4445 2442 4501 dicit
2466 4447 2658 4502 Paulus
2681 4466 2694 4500 :
2717 4447 2917 4518 Castigo
2933 4465 3115 4518 corpus
3133 4466 3320 4514 meum,
3339 4457 3383 4502 et
3401 4447 3451 4500 in
3469 4442 3700 4532 servitute?!
3713 4428 3785 4532 rol-

2313 4530 2395 4601 igo
2413 4531 2486 4601 (1.
2511 4529 2629 4584 Cor.
2674 4531 2724 4586 9.
2747 4530 2841 4601 27)
2867 4549 2879 4584 :
2904 4531 3005 4586 hoc
3030 4531 3212 4586 dicens
3237 4531 3455 4601 aperuit,
3473 4533 3638 4598 quanta
3649 4527 3701 4575 sit
3713 4527 3784 4568 νιο⁴

2315 4623 2494 4688 lentia,
2522 4632 2851 4694 quantusque
2881 4623 3051 4690 labor,
3075 4639 3232 4693 quem
3254 4629 3459 4692 oportet
3482 4616 3698 4672 sustinere
3713 4615 3782 4663 eos»

2315 4715 2402 4784 qui
2425 4714 2606 4768 volunt
2645 4729 2837 4782 corpus
2867 4715 3090 4769 reddere
3136 4715 3187 4768 in
3219 4714 3459 4769 omnibus
3481 4707 3720 4776 subjectum
3747 4706 3782 4746 ac

2316 4782 2608 4860 tractabile.
2651 4806 2790 4872 Quin
2829 4804 3148 4860 etCltristus
3177 4805 3442 4875 discipulis
3465 4802 3531 4855 ait
3555 4817 3568 4854 :
3591 4795 3642 4850 In
3662 4782 3780 4844 vitam

2315 4912 2599 4965 pressuram
2652 4897 2889 4950 habebitis
2919 4938 2935 4963 ,
2971 4897 3059 4950 sed
3099 4897 3355 4965 conﬁdite,
3381 4910 3467 4966 ego
3505 4890 3588 4946 vici
3622 4879 3778 4972 tuend-If

2316 4987 2370 5057 (·1
2375 5003 2492 5041 0‘1"-
2522 4988 2607 5042 16-
2655 4990 2768 5059 55).
2797 4989 2942 5053 Πωε,
2972 4989 3172 5059 inquit,
3201 4987 3417 5042 afﬂictio
3462 4980 3663 5052 requiem
3691 4966 3778 5022 vobis

2314 5078 2636 5135 conciliabit.
2660 5080 3019 5136 Certaminum
3036 5089 3118 5133 est
3133 5094 3289 5134 arena
3310 5089 3530 5147 prtesens
3548 5070 3635 5123 vita
3657 5065 3779 5130 ενθπθ

2316 5172 2368 5224 in
2399 5171 2772 5227 certaminibus
2801 5188 2956 5227 nemo
2976 5180 3151 5241 potest
3177 5170 3277 5224 frui
3299 5167 3474 5237 requie
3491 5161 3572 5233 (ιυί
3606 5159 3780 5247 coloni”

2317 5262 2416 5316 dus
2443 5263 2527 5315 sit.
2558 5263 2737 5333 Itaque
2757 5264 2846 5333 qui
2871 5264 2995 5317 velit
3021 5262 3284 5325 coronari,
3308 5271 3538 5329 asperam
3557 5267 3610 5305 ac
3625 5246 3778 5303 laborio-

2317 5366 2429 5406 sam
2447 5354 2606 5406 vitam
2631 5353 2902 5421 suscipiat,
2923 5361 2979 5406 ut
3000 5361 3274 5422 postquam
3303 5349 3384 5402 hic
3412 5347 3602 5400 brevem
3626 5333 3781 5390 ιευοκιιι

2319 5445 2649 5512 sustinuerit,
2674 5445 2781 5499 illic
2805 5446 3074 5515 perpetuis
3102 5443 3385 5500 honoribus
3406 5439 3604 5494 fruatur.
3741 5504 3761 5515 __

2386 5538 2440 5590 7-
2482 5537 2618 5606 Ωιιοι
2635 5507 2645 5512 ⁷
2663 5507 2880 5608 singulis
2902 5507 3095 5593 diebus
3121 5536 3358 5592 accidunt
3382 5521 3642 5586 molestiae?
3659 5507 3782 5608 Qualis

2319 5643 2495 5690 autem
2532 5639 2614 5687 est
2641 5625 2802 5684 animi
2827 5669 2843 5694 ,
2871 5643 2974 5684 nou
3005 5626 3297 5698 indignari,
3327 5636 3427 5678 non
3455 5616 3645 5674 molem
3670 5599 3778 5654 ferre.
