4018 6190
192 237 295 297 909

191 364 238 400 τι
281 364 449 418 φησιν
485 348 515 402 6
554 349 1124 429 Παῦλοςηκατηγορῖὑν
1167 357 1278 411 τῶν
1311 356 1546 424 ἀναξίως
1588 376 1776 414 κοινω-

186 430 427 488 νούντων
457 437 568 499 τοῖς
594 439 934 510 μυστηρίοις·
972 440 1143 495 είπὼν
1167 441 1296 513 γὰρ,
1330 443 1411 497 ὅτι
1455 444 1520 497 '0
1554 443 1777 498 ἐσθίων

183 516 286 570 καί
321 518 517 572 πίνων
543 518 609 573 τὸ
636 519 810 590 σῶμα
829 522 928 576 καί
957 519 1102 594 αἷμα
1119 525 1383 592 ἀναξίως
1416 526 1523 581 τοῦ
1550 528 1776 595 Κυρίου

184 599 408 670 ἔνοχος
442 600 617 656 ἔσται
656 603 762 658 τοῦ
791 604 1070 675 σώματος
1107 607 1206 662 καί
1236 608 1343 664 τοῦ
1379 610 1628 679 αἵματος
1670 609 1776 663 τοῦ

182 683 473 752 Χριστοῦ,
532 687 811 756 ἐπήγαγεν
862 689 1084 754 εὐθέως⁸
1136 691 1242 746 Διά
1292 692 1469 747 τοῦτο
1520 693 1592 747 ἐν
1632 693 1778 763 ὑμῖν

184 766 412 821 ,πολλοὶ
452 768 730 836 ἀσθενεῖς
779 771 875 824 καί
924 771 1239 841 ἄρρωστοι,
1298 766 1400 830 καί
1458 776 1777 845 κοιμῶνται

184 850 409 904 ἱκανοί.
443 854 512 905 Εί
536 851 647 921 γὰρ
669 852 925 921 ἑαυτοὺς
942 856 1279 927 ἐκρίνομεν,
1308 860 1419 913 οὐκ
1445 858 1523 913 ἂν
1540 859 1774 929 ἐκρινό-

180 935 359 1002 μεθα·
416 934 534 989 νῦν
573 934 642 988 δὲ
679 939 1020 1006 κρινόμενοι
1064 940 1184 995 ὑπὸ
1223 941 1331 995 τοῦ
1365 942 1611 1010 Κυρίου,
1640 959 1774 997 παις

182 1016 500 1087 δευόμεθα.
543 1018 644 1072 ἵνα
681 1018 768 1090 μὴ
811 1020 934 1075 σὺν
966 1024 1045 1089 τῷ
1075 1025 1279 1094 κόσμῳ
1308 1024 1771 1095 κατακριθῶμεν.

194 1101 365 1173 Ὁρᾷς
402 1100 520 1164 πῶς
565 1104 598 1173 ἡ
641 1103 879 1157 ἐνταῦθα
923 1104 1145 1171 κόλασις
1182 1108 1480 1180 ἐξαρπάζει
1515 1110 1615 1180 τῆς
1657 1111 1776 1163 ἐκεῖ

182 1186 457 1256 τιμωρίας
486 1187 668 1256 ήμᾶς;
709 1189 819 1241 Kal
848 1189 976 1260 περὶ⁵
1001 1189 1094 1243 τοῦ
1119 1194 1554 1265 πεπορνευκότος
1578 1194 1634 1247 δέ
1669 1211 1772 1266 φη-

182 1285 262 1322 σιν
277 1269 584 1339 Παράδοτε
603 1270 711 1325 τόν
734 1272 1011 1328 τοιοῦτον
1036 1274 1116 1341 τῷ
1140 1276 1379 1345 Σατανᾷ
1401 1281 1489 1346 είς
1522 1279 1773 1348 ὄλεθρον

181 1349 295 1419 τῆς
328 1351 580 1420 σαρκὸς,
621 1354 723 1408 ἵνα
762 1355 831 1409 τὸ
866 1357 1104 1427 πνεῦμα
1151 1360 1321 1430 σωθῇ
1365 1362 1436 1415 ἐν
1477 1361 1554 1431 τῇ
1578 1361 1771 1431 ἡμέρᾳ

180 1434 289 1488 τοῦ
334 1437 555 1503 Κυρίου
603 1436 774 1507 ἡμῶν
815 1437 1021 1507 Ἰησοῦ
1062 1444 1341 1511 Χριστοῦ.
1379 1445 1488 1499 Kal
1526 1444 1636 1500 ἀπὸ
1672 1444 1768 1499 106

181 1519 439 1590 Λαζάρου
484 1520 541 1577 δὲ
585 1523 743 1577 τοῦτο
773 1522 951 1593 δῆλον,
994 1524 1076 1579 ὅτι
1117 1527 1253 1581 εἴτι
1281 1529 1452 1583 κακὸν
1489 1529 1766 1600 ἐποίησεν,

179 1602 417 1657 ἐνταῦθα
461 1602 621 1657 τοῦτο
664 1605 1092 1677 ἀπονιψάμενος,
1151 1609 1326 1675 οὕτως
1374 1612 1614 1680 ἀπῆλθεν
1653 1615 1770 1667 ἐκεῖ

179 1684 441 1758 καθαρός·
477 1688 570 1742 καὶ
600 1689 712 1742 ἀπὸ
749 1689 845 1744 1.06
891 1691 1336 1765 παραλελυμένου
1373 1695 1432 1750 δὲ
1464 1696 1622 1750 τοῦτό
1649 1698 1765 1750 ἐστι

175 1769 358 1853 δῆλον,
374 1770 446 1853 ὃς
482 1775 779 1845 τριάκοντα
809 1775 905 1829 καὶ
928 1775 1073 1829 ὀκτὼ
1107 1776 1202 1848 ἐτη
1237 1778 1376 1849 ἔχων
1411 1781 1470 1833 ὲν
1499 1784 1565 1853 τῇ
1603 1781 1765 1835 ἀσθε»

174 1852 315 1937 νείᾳ,
363 1852 452 1907 διὰ
485 1853 580 1907 τοῦ
615 1857 825 1927 μήκους
855 1859 955 1931 τῆς
994 1860 1308 1933 ἀρρωστίας
1353 1864 1446 1916 καὶ
1478 1864 1547 1917 τὰ
1586 1865 1765 1937 ἀμαρο

174 1936 398 2007 τήματα
454 1939 707 1996 ἀπέθετο.
770 1941 892 1996 Ὅτι
955 1943 1011 1998 δὲ
1056 1944 1116 2010 ἐξ
1163 1944 1576 2018 ἁμαρτημάτων
1620 1936 1765 2001 οὕτω

169 2018 429 2084 διέκειτο,
468 2021 697 2077 ἄκουσον
741 2024 794 2079 τί
832 2043 997 2098 φησιν
1033 2030 1062 2082 6
1103 2029 1359 2099 Χριστός·
1411 2029 1555 2093 Ἴδε,
1585 2030 1764 2101 ὑγιὴς

168 2100 449 2172 γέπυναςο
474 2106 691 2175 μηκέτι
730 2107 1050 2179 ἁμάρτανε,
1086 2112 1189 2166 ἵνα
1213 2112 1300 2183 μὴ
1329 2113 1534 2183 χεῖρόν
1571 2100 1641 2168 τί
1664 2129 1763 2168 σοι

170 2186 440 2256 γένηται.
472 2190 594 2245 Ὀτι
635 2192 733 2262 μὲν
772 2188 865 2246 οὖν
916 2211 1064 2259 τινες
1115 2195 1352 2251 ἐνταῦθα
1417 2197 1758 2264 κολάζονται,

171 2271 271 2324 καὶ
294 2271 369 2325 τὰ
394 2273 764 2347 ἁμαρτήματα
787 2276 1156 2345 ἀποτίθενται,
1182 2279 1341 2352 δῆλον
1366 2281 1431 2335 ἐκ
1457 2280 1690 2337 τούτων.

242 2360 323 2419 ς’.
360 2356 482 2410 Ὅτι
515 2356 571 2410 δέ
598 2375 742 2423 τινες
768 2361 859 2414 καὶ
884 2361 1121 2416 ἐνταῦθα
1159 2363 1253 2417 καὶ
1275 2365 1392 2417 ἐκεῖ
1416 2362 1758 2430 κολάζονται,

167 2436 301 2491 ὅταν
337 2441 414 2510 μὴ
449 2440 547 2512 τὴν
572 2440 729 2506 ἀξίαν
758 2445 853 2497 106
894 2446 1158 2516 μεγέθους
1199 2446 1309 2499 τῶν
1343 2448 1759 2520 ἁμαρτημάτων

168 2521 410 2577 ἐνταῦθα
433 2525 749 2581 ἀπολάϐωσι
775 2530 1070 2601 τιμωρίαν,
1100 2531 1332 2585 ἄκουσον
1367 2533 1496 2604 περὶ
1525 2532 1633 2587 τῶν
1663 2534 1759 2587 2b-

167 2604 409 2674 δομιτῶν
448 2607 500 2661 τί
535 2626 700 2679 φησιν
729 2613 758 2665 6
786 2612 1044 2684 Χριστός·
1077 2612 1249 2668 εἰπὼν
1281 2613 1411 2685 γὰρ,
1446 2616 1529 2669 ὅτι
1555 2618 1652 2683 Ὃς
1681 2615 1760 2670 ἂν

169 2687 252 2757 μὴ
313 2688 558 2757 δέξηται
610 2693 787 2762 ὑμᾶς,
841 2694 1235 2761 ἀποτινάξετε
1291 2699 1400 2752 τόν
1444 2698 1760 2768 κονιορτόν

167 2771 292 2824 τῶν
323 2771 528 2828 ποδῶν
557 2776 744 2844 ὑμῶν,
796 2778 1044 2848 ἐπήγαγε
1095 2781 1288 2850 λέγων·
1342 2782 1759 2853 Ἀνεκτότερον

167 2854 345 2908 ἔσται
378 2853 460 2925 τῇ
489 2857 769 2928 Σοδόμων
804 2861 905 2915 καὶ
940 2866 1250 2933 Γομόρρας
1282 2867 1353 2920 ἐν
1395 2866 1584 2937 ἡμέρᾳ
1633 2868 1759 2936 κρί-

168 2953 348 3004 σεως,
380 2938 417 3007 ἢ
444 2938 519 3009 τῇ
542 2943 715 2997 πόλει
740 2943 967 3014 ἐκείνῃ.
992 2946 1083 3018 Τῷ
1113 2947 1222 3019 γὰρ
1252 2949 1426 3004 εἰπεῖν
1450 2951 1759 3004 ἀνεκτότε-

166 3039 298 3107 ρον,
353 3023 512 3078 10610
553 3025 840 3099 ἐδήλωσεν,
887 3029 970 3083 ὄτι
1021 3032 1264 3085 κάκεῖνοι
1325 3033 1756 3107 κολασθήσονται

170 3105 293 3175 μὲν,
328 3107 659 3182 κουφότερον
685 3110 763 3177 δὲ,
800 3112 990 3184 ἐπειδὴ
1038 3114 1131 3168 xal
1159 3114 1391 3170 ἐνταῦθα
1434 3105 1640 3172 ἔδωκαν
1676 3117 1755 3171 δί-

169 3206 294 3261 κην.
316 3191 449 3274 7'011
476 3191 534 3244 δέ
567 3194 674 3247 εἰσί
706 3212 854 3260 τινες
885 3198 934 3250 οἱ
958 3198 1192 3252 ἐνταῦθα
1224 3199 1324 3271 μὲν
1350 3199 1504 3254 οὐδὲν
1530 3203 1757 3274 πάσχον-

167 3290 277 3358 τες
305 3273 502 3339 δεινὸν,
537 3277 655 3330 ἐκεῖ
703 3278 762 3332 δὲ
813 3281 995 3334 πᾶσαν
1048 3282 1411 3353 ὑπομένοντες
1463 3286 1754 3358 τιμωρίαν,

167 3356 442 3442 ἐδήλωσεν
476 3360 607 3430 ἡμῖν
650 3364 679 3415 6
713 3362 968 3427 πλούσιος
1006 3358 1182 3431 0610;,
1227 3356 1758 3442 dmpahntov'éxs!

168 3440 395 3527 κόλασιν
417 3442 732 3527 ὑπομένων,
760 3446 854 3500 καὶ
886 3447 1022 3519 μηδὲ
1053 3452 1256 3521 μικρᾶς
1279 3440 1565 3507 ἀπολαύων
1587 3470 1757 3527 παρα-

173 3524 374 3610 μυθίας
408 3525 495 3580 διὰ
530 3527 591 3581 16
625 3530 807 3610 πᾶσαν
847 3531 965 3585 ἐκεῖ
998 3534 1303 3607 τηρηθῆναι
1351 3537 1500 3609 αὑτῷ
1533 3538 1631 3610 τὴν
1669 3524 1752 3592 τι·

172 3609 410 3693 μωρίαν.
448 3610 659 3683 Ὠσπερ
682 3608 776 3667 οὖν
804 3614 1027 3668 ἐπὶτῶν
1060 3608 1480 3688 ἁμαρτανόντων
1505 3622 1554 3674 οἱ
1585 3608 1753 3693 μηδὲν

168 3692 438 3757 παθόντες
470 3696 703 3751 ἐνταῦθα
733 3696 924 3763 δεινὸν,
953 3698 1176 3777 μείζονα
1199 3702 1519 3771 ὑφίστανται
1550 3692 1656 3777 τὴν
1675 3724 1756 3759 τι-

174 3779 387 3850 μωρίαν
428 3781 563 3842 ἐκεῖ,
597 3780 771 3846 οὑτως
803 3784 898 3836 ἐπὶ
929 3770 1040 3837 τῶν
1073 3770 1483 3856 κατορθούντων
1510 3790 1560 3842 οἱ
1586 3770 1757 3844 πολλά

170 3862 440 3926 παθόντες
467 3864 701 3918 ἐνταῦθα
727 3864 898 3929 δεινὰ,
922 3866 1127 3937 πολλῆς
1162 3869 1557 3926 ἀπολαύσονται
1591 3874 1757 3945 τιμῆς

168 3948 310 4002 ἐκεῖ.
342 3948 454 4000 Kal
484 3947 736 4021 καθάπερ
775 3951 1116 4023 ἁμαρτωλῶν
1153 3954 1322 4009 ὄντων
1351 3957 1463 4023 δύο,
1497 3958 1564 4013 ἂν
1602 3961 1632 4013 6
1658 3961 1757 4032 μὲν

166 4033 411 4087 ἐνταῦθα
454 4032 713 4105 κολασθῇ,
750 4035 779 4087 6
830 4034 888 4088 δὲ
926 4034 1001 4105 μὴ
1037 4036 1297 4109 κολασθῇ,
1340 4042 1757 4115 μακαριώτερος

163 4119 319 4169 ἐστιν
363 4117 392 4169 6
426 4116 711 4181 κολασθεὶς
742 4115 835 4171 τοῦ
870 4118 945 4188 μὴ
981 4118 1354 4184 κολασθέντος
1391 4123 1535 4178 οὑτω
1563 4126 1627 4198 δὴ
1662 4128 1756 4181 καὶ

161 4199 394 4253 δικαίων
441 4199 675 4254 ἐνταῦθα
724 4201 892 4255 ὅντων
922 4201 1035 4269 δύο,
1059 4202 1126 4257 ἂν
1164 4206 1193 4257 6
1232 4205 1330 4275 μὲν
1368 4207 1607 4275 πλείους,
1642 4213 1671 4264 6
1698 4211 1756 4266 δὲ

164 4282 431 4347 ἐλάττους
465 4283 731 4355 ὑπομείνῃ
759 4282 856 4348 τὰς
884 4284 1112 4354 θλίψεις,
1147 4288 1562 4362 μακαριώτερος
1595 4293 1624 4345 6
1657 4294 1758 4359 τὰς

164 4367 391 4432 πλείους
441 4369 728 4440 ὑπομένων
780 4368 948 4437 ἐστὶν,
992 4370 1182 4442 ἐπειδὴ
1227 4374 1443 4446 ἑκάστῳ
1487 4377 1758 4434 ἀποδώσει

162 4450 317 4505 κατά
337 4451 407 4505 τά
437 4451 576 4523 ἔργα
601 4451 786 4508 αὑτοῦ.

240 4580 309 4633 Τί
333 4576 463 4647 06v;
508 4583 608 4636 οὑκ
638 4583 752 4637 ἔστι
794 4601 879 4648 τις
913 4584 1006 4638 καὶ
1037 4586 1291 4651 ἐνταῦθα,
1324 4590 1477 4661 φησὶ,
1515 4591 1609 4645 καὶ
1642 4592 1761 4646 ἐκεῖ

156 4662 414 4728 ἀνέσεως
454 4666 772 4748 ἀπολαύων;
813 4668 1119 4739 Ἀμήχανον
1148 4671 1305 4726 τοῦτό
1337 4673 1506 4741 ἐστιν,
1550 4674 1759 4748 ἄνθρω-

160 4764 262 4812 πε,
296 4748 394 4800 καὶ
420 4747 530 4802 τῶν
562 4750 839 4805 ἀδυνάτων
864 4750 943 4804 ἓν.
969 4753 1046 4806 Οὐ
1066 4751 1175 4825 γὰρ
1200 4753 1367 4821 ἔστιν,
1397 4757 1497 4811 οὑκ
1526 4758 1642 4811 ἔστι
1665 4760 1759 4815 τὸν

159 4830 410 4886 ἐνταῦθα
448 4832 720 4904 ῥᾳθυμίας
755 4835 850 4887 καὶ
877 4833 1060 4900 ἁδείας
1092 4836 1454 4904 ἀπολαύοντα,
1496 4842 1590 4897 καὶ
1626 4861 1760 4914 τρυ-

159 4914 365 4985 φῶντα
419 4916 659 4987 συνεχῶς
699 4918 758 4972 ὲν
808 4920 963 4982 πᾶσι,
1009 4920 1103 4973 καὶ
1138 4920 1229 4974 τὸν
1261 4924 1384 4994 εἰκῆ
1434 4926 1529 4980 καὶ
1572 4928 1759 4994 ἁπλῶς

162 4998 356 5063 ζῶντα
405 4996 541 5081 βίον,
584 5000 751 5071 τιμῆς
792 5000 1096 5055 ἀπολαῦσαι
1132 5004 1267 5057 ἐκεῖ.
1312 5006 1431 5060 Κᾶν
1459 5008 1569 5081 γὰρ
1601 5011 1760 5065 πενία

164 5081 246 5151 μὴ
282 5079 502 5166 ενοχλῇ,
552 5082 967 5166 ἁλλ’ᾼὲπιθυμία
1017 5085 1240 5156 ἐνοχλεῖ,
1284 5088 1377 5142 καὶ
1426 5079 1759 5166 διὰταύτης

164 5161 486 5232 κατέχεται,
516 5166 609 5218 καὶ
635 5164 695 5218 οὐ
719 5166 916 5239 μικρὸς
942 5167 999 5222 ὲν
1024 5168 1200 5240 τούτῳ
1222 5172 1251 5224 6
1274 5172 1453 5237 πόνος*
1485 5175 1587 5230 κᾶν
1608 5161 1760 5241 νόσος

168 5246 249 5318 μὴ
280 5246 591 5331 ἐπηρεάζῃ,
626 5247 762 5301 ἀλλά
792 5248 961 5320 θυμὸς
990 5252 1223 5320 ἐκκαίει,
1255 5256 1346 5308 καὶ
1368 5257 1467 5328 οὑχ
1496 5261 1528 5329 ή
1562 5261 1759 5331 τυχοῦ-

165 5347 240 5385 σα
275 5329 442 5401 ὀδύνη
485 5329 633 5416 [745]
672 5333 1051 5404 περιγενέσθαι
1089 5338 1279 5409 ὀργῆς·
1326 5339 1429 5394 κᾶν
1464 5329 1760 5416 πειρασμοὶ

168 5415 249 5487 μὴ
278 5414 673 5484 ἐπενεχθῶσιν,
704 5417 840 5470 ἁλλά
871 5417 1122 5491 λογισμοὶ
1152 5425 1374 5495 πονηροὶ
1404 5414 1643 5498 συνεχῶς
1670 5414 1761 5485 επ·

161 5497 515 5551 ανίστανται.
549 5498 663 5551 Οὐκ
704 5498 818 5553 ἔστι
863 5501 920 5555 δὲ
952 5502 1013 5555 16
1039 5505 1199 5575 τυχὸν
1232 5497 1539 5577 χαλινῶσαι
1573 5513 1762 5566 ἐπιθυ-

167 5581 308 5651 μίαν
342 5583 569 5646 ἄτοπον,
608 5582 812 5637 παῦσαι
855 5586 1181 5652 κενοδοξίαν,
1231 5593 1579 5650 καταστεῖλαι
1626 5598 1761 5653 ἀπό-

164 5681 344 5732 νοιαν,
394 5666 605 5736 τρυφῆς
650 5667 973 5739 ἀποστῆναι,
1016 5672 1071 5725 ἐν
1102 5673 1491 5747 σκληραγωγίᾳ
1529 5679 1756 5750 διάγειν·

1474 245 1564 300 DE
1605 245 1883 303 [ΑΖΕΒο
1917 248 2185 307 ΟΟΝΟιο
2204 251 2291 307 Ill:

3331 259 3348 311 l
3360 259 3494 315 00m

1888 360 1978 417 τὸν
2011 365 2121 439 γὰρ
2159 367 2232 439 μὴ
2255 365 2428 421 ταῦτα
2471 367 2564 421 καὶ
2596 368 2664 422 τὰ
2693 368 2914 424 τοιαῦτα
2957 368 3210 425 ποιοῦντα
3244 372 3466 445 ἀμήχα-
3518 360 3532 472 ἵ

1885 474 1974 510 νον
2001 456 2243 528 σωθῆναί
2266 476 2415 512 ποτε.
2443 461 2555 513 Kal
2579 461 2659 514 ὅτι
2687 462 2736 514 οί
2762 462 3077 533 τρυφῶντες
3096 462 3156 515 οὐ
3181 463 3466 530 σώζονται,

1885 546 2114 603 ἄκουσον
2146 549 2199 603 τί
2233 568 2397 622 φησιν
2425 553 2452 604 6
2475 553 2687 618 Παῦλος
2715 554 2843 627 περὶ
2871 556 3128 624 γυναικὸς
3157 557 3352 629 χήρας·
3397 559 3467 617 Ἥ

1883 638 1953 693 δὲ
1983 642 2381 707 σπαταλῶσα,
2409 642 2565 704 ζῶσα
2585 644 2897 711 τέθνηκεν.
2931 648 2995 700 Εἰ
3025 647 3083 701 δὲ
3116 648 3465 719 περὶμγυναι-

1884 732 1980 797 κὸς
2019 734 2178 792 τοῦτο
2218 736 2452 809 είρηται,
2491 737 2673 811 πο).λῴ
2702 739 2903 810 μᾶλλον
2937 740 3065 814 περὶ
3106 741 3319 814 ἀνδρός.
3357 742 3469 798 Kal

1883 827 1965 879 611
2006 827 2108 880 οὐκ
2154 828 2270 882 ἔστι
2309 829 2431 883 τινὰ
2473 828 2660 884 ἄνετον
2695 829 2874 895 ζῶντα
2905 832 3328 905 βίονὲπιτυχεῖν
3356 835 3491 891 τῶν.

1881 917 2146 988 οὐρανῶν,
2180 921 2274 973 καὶ
2311 921 2339 974 6
2364 921 2599 993 Χριστὸς
2628 922 2787 976 τοῦτο
2814 922 2947 977 αὐτὸ
2993 923 3168 996 δῆλον·
3189 924 3460 995 ἐποίησεν,

1881 1007 2056 1073 οὑτως
2076 1010 2264 1064 εἰπών·
2309 1014 2500 1083 Στενὴ
2523 1015 2620 1069 καί
2653 1015 3014 1086 τεθλιμμένη
3044 1019 3083 1086 ἡ
3114 1016 3255 1084 ὁδός
3283 1019 3320 1087 τι
3351 1019 3494 1072 dx»

1879 1098 2125 1170 drovaa
2169 1105 2258 1169 είς
2308 1102 2424 1172 τὴν
2461 1103 2634 1174 ζωὴν,
2691 1105 2791 1160 καί
2843 1107 3037 1178 ὀλίγοι
3079 1107 3240 1163 εἰσὶν
3280 1110 3336 1162 οἱ
3362 1110 3481 1171 sire

1875 1195 2200 1263 ρίσκοντες
2231 1197 2446 1265 αὑτήν.

1948 1349 2074 1414 Πῶς
2116 1344 2210 1404 οὖν
2252 1350 2422 1419 λέγει,
2457 1352 2643 1423 φησὶν,
2701 1352 2756 1405 Ὁ
2805 1349 2979 1421 ζυγός
3022 1368 3142 1421 μου
3194 1350 3462 1419 χρηστός

1874 1440 2030 1503 ἐστι,
2056 1441 2154 1495 καὶ
2187 1441 2255 1496 τὸ
2281 1443 2530 1512 φορτίον
2552 1461 2673 1513 μου
2708 1444 2977 1513 ἐλαφρόν
2989 1459 3009 1507 ;
3047 1444 3111 1496 Εί
3153 1443 3263 1515 γὰρ
3299 1444 3457 1510 στενὴ

1874 1532 1907 1602 ὴ
1945 1531 2065 1596 ὁδὸς
2106 1533 2202 1587 καὶ
2232 1534 2593 1606 τεθλιμμένη,
2626 1534 2747 1599 πῶς
2790 1535 2951 1589 πάλιν
2997 1534 3167 1606 αὐτὴν
3217 1533 3461 1606 ἐλαφρὰν

1874 1625 1970 1679 καί⁵
2008 1626 2218 1698 κούφην
2246 1626 2431 1692 καλεῖς
2462 1628 2538 1681 T6
2587 1628 2686 1698 μὲν
2717 1627 2808 1682 διὰ
2853 1626 2952 1698 τὴν
2999 1626 3162 1697 φύσιν
3187 1626 3299 1681 τῶν
3339 1644 3461 1681 πει-

1875 1716 2120 1788 ρασμιῖιν,
2153 1719 2215 1771 τὸ
2246 1718 2304 1772 δὲ
2346 1718 2435 1772 διὰ
2466 1718 2566 1790 τὴν
2615 1717 2938 1790 προαίρεσιν
2986 1717 3096 1771 τῶν
3138 1717 3455 1789 μετιόντων.

1875 1809 2032 1861 Ἔστι
2067 1808 2175 1882 γάρ
2208 1827 2258 1864 τι
2318 1809 2413 1863 καὶ
2460 1809 2523 1864 16
2565 1809 2841 1881 ἀφόρητον
2884 1812 2951 1881 τῇ
3003 1809 3164 1880 φύσει
3201 1809 3457 1878 γενέσθαι

1871 1898 2092 1968 κοῦφον,
2114 1901 2245 1954 ὅταν
2271 1901 2411 1972 μετά
2432 1901 2744 1973 προθυμίας
2766 1901 2898 1955 αὐτὸ
2922 1899 3209 1973 δεχώμεθα
3228 1918 3243 1932 ⁸
3267 1901 3470 1974 ῶσπερ,

1869 1986 1963 2046 οὗν
2015 1992 2111 2048 καὶ
2163 1995 2213 2047 οί
2269 1993 2559 2048 ἀπόστολοι
2624 1993 3063 2065 μαστιγωθέντες
3114 1994 3465 2066 ὑπέστρεφον

1870 2081 2156 2153 χαίροντες
2192 2082 2275 2136 611
2306 2083 2727 2155 κατηξιώθησαν
2757 2083 2897 2156 ὑπὲρ
2935 2083 3030 2138 τοῦ
3063 2082 3331 2155 ὀνόματος
3358 2081 3473 2137 106.

1869 2176 2080 2249 Κυρίου
2129 2177 2531 2249 ἀτιμασθῆναι·
2565 2178 2808 2250 καίτοιή
2847 2179 3009 2248 φύσις
3052 2177 3163 2231 τῶν
3205 2177 3454 2249 βασάνων

1870 2266 2049 2338 θλῖψιν
2095 2267 2290 2323 εἴωθεν
2334 2271 2586 2341 ἐμποιεῖν
2631 2270 2725 2325 καὶ
2774 2269 2995 2342 ὀδύνην,
3044 2270 3223 2340 ἁλλ’ή
3258 2271 3456 2341 προαί-

1870 2377 2020 2430 ρεσις
2049 2360 2161 2414 τῶν
2192 2360 2651 2432 μαστιγωθέντων
2692 2362 2788 2416 καὶ
2819 2362 2920 2432 τὴν
2961 2360 3126 2431 φύσιν
3161 2360 3270 2416 τῶν
3309 2379 3454 2433 πρα-

1867 2453 2096 2523 γμάτων
2147 2451 2387 2524 ἐνίκησε.
2436 2451 2539 2506 Διά
2589 2451 2748 2507 τοῦτο
2803 2453 2900 2507 xal
2941 2453 2971 2504 6
3017 2452 3232 2517 Παῦλός
3279 2468 3461 2524 φησι*

1864 2544 2097 2610 Πάντες
2138 2543 2208 2598 δὲ
2243 2547 2299 2599 οί
2329 2543 2612 2611 θέλοντες
2647 2543 2757 2614 ζῇν
2785 2542 3052 2612 εὐσεϐῶς
3096 2543 3168 2598 ἐν
3217 2544 3455 2613 Χριστῷ

1879 2636 2075 2704 Ἰησοῦ
2127 2635 2591 2706 διωχθήσονται.
2638 2637 2802 2690 Ὥστε
2869 2637 2974 2691 κᾶν
3034 2635 3323 2708 ἄνθρωπος
3376 2638 3453 2709 μὴ

1864 2726 2058 2801 διώκῃ,
2084 2727 2200 2782 ἀλλ’
2224 2730 2252 2782 6
2281 2728 2530 2793 διάϐολος
2558 2730 2788 2801 πολεμεῖ
2804 2745 2821 2760 ⁶
2853 2729 2950 2783 καὶ
2977 2729 3181 2800 πολλῆς
3214 2731 3347 2802 ημῖν
3373 2730 3459 2786 δεῖ

1862 2823 1963 2893 τῆς
1996 2821 2316 2892 φιλοσοφίας
2359 2821 2452 2875 καὶ
2488 2822 2733 2893 μεγάλης
2758 2821 2860 2893 τῆς
2894 2822 3223 2894 καρτερίας,
3261 2823 3351 2877 ῖνα
3393 2823 3469 2877 ἐν.

1862 2915 1984 2976 ταῖς
2042 2914 2227 2984 εὐχαῖς
2276 2914 2540 2983 νήφωμεν
2598 2913 2694 2966 καὶ
2751 2912 3144 2984 ἀγρυπνῶμεν,
3198 2913 3288 2968 ἵνα
3340 2912 3465 2972 τῶν.

1862 3005 2161 3078 ἀλλοτρίων
2206 3005 2282 3075 μὴ
2331 3003 2712 3075 ὲπιθυμῶμεν,
2745 3004 2832 3058 ἵνα
2878 3004 2948 3058 τὰ
2979 3005 3111 3059 ὄντα
3154 3005 3291 3076 πρὸς
3323 3005 3452 3071 τοὺς

1862 3098 2154 3169 δεομένους
2182 3095 2588 3169 διανεμώμεθα,
2619 3096 2706 3151 ῐνα
2734 3096 2884 3169 πάσῃ
2908 3099 3089 3168 τρυφῇ
3119 3096 3327 3151 στένειν
3353 3097 3451 3153 καὶ

1862 3186 2121 3260 οἰμώζειν
2154 3187 2421 3258 εἴπωμεν,
2453 3185 2549 3242 κα)⁵
2583 3189 2651 3259 τῇ
2684 3185 2773 3243 διὰ
2806 3185 2915 3240 τῶν
2952 3187 3205 3258 ἱματίων,
3244 3189 3341 3243 καὶ
3378 3192 3446 3260 τῇ

1861 3279 1950 3334 διὰ
1982 3280 2083 3351 τῆς
2117 3276 2421 3351 τραπέζης,
2450 3277 2538 3330 ἵνα
2567 3275 2881 3342 πλεονεξίαν
2913 3276 3199 3349 φύγωμεν,
3233 3278 3323 3333 ῖνα
3354 3280 3452 3350 μέ-

1864 3372 1985 3443 θην,
2011 3372 2100 3426 ἵνα
2122 3372 2412 3442 λοιδορίαν,
2441 3370 2530 3424 ῑνα
2562 3368 2812 3440 γλώττης
2842 3369 3159 3441 κρατῶμεν.
3188 3370 3278 3423 ἵνα
3315 3370 3463 3442 μηδὲ·

1865 3463 2081 3536 βοῶμεν
2103 3462 2355 3527 ἀτάκτως
2389 3461 2585 3535 (Πᾶσα
2618 3465 2728 3533 γὰρ
2760 3463 2968 3532 πικρία
2999 3463 3097 3518 καὶ
3125 3462 3319 3532 θυμὸς
3351 3461 3467 3517 καί

1864 3556 2010 3628 ὀργὴ
2067 3556 2168 3611 καὶ
2209 3555 2468 3626 κραυγὴ.
2496 3555 2597 3610 καί
2646 3555 3017 3625 βλασφημία
3068 3553 3303 3622 ἀρθήτω
3350 3552 3452 3623 dp?

1862 3646 2076 3718 ὑμῶν),
2110 3648 2198 3700 ἴνα
2236 3646 2311 3719 μὴ
2357 3645 2827 3717 αἱσχρολογῶμεν,
2878 3645 2967 3698 ἵνα
3001 3644 3077 3716 μὴ
3123 3646 3317 3698 ἀστεῖα
3359 3644 3451 3697 λέ-

1863 3756 2071 3811 γωμεν.
2103 3740 2179 3793 Οὐ
2224 3738 2419 3809 μικρὸς
2455 3738 2512 3792 δὲ
2551 3736 2714 3799 πόνος
2739 3728 2917 3803 οὗτος,
2958 3734 3163 3808 ἀκριϐῆ
3201 3736 3301 3806 τὴν
3325 3734 3451 3788 τοὺ-

1862 3849 1971 3885 των
2022 3830 2410 3902 παρατήρησιν
2468 3828 2897 3883 ἐπιδείκνυσθαι.
2961 3829 3072 3881 Kal
3127 3828 3215 3881 ἵνα
3271 3826 3451 3898 μάθῃς

1866 3923 2029 3977 πόσον
2052 3923 2171 3975 ἐστὶ
2191 3921 2252 3974 τὸ
2275 3921 2607 3991 φιλοσοφεῖν,
2640 3922 2735 3975 καὶ
2757 3919 2834 3985 ὡς
2856 3919 2959 3975 οὐκ
2989 3919 3105 3991 ἔχει
3125 3920 3187 3974 16
3216 3922 3450 3993 πρᾶγμα

1863 4016 2066 4083 ἄνεσιν,
2102 4015 2334 4070 ἄκουσον
2366 4015 2419 4069 τί
2452 4031 2617 4086 φησιν
2645 4016 2675 4068 6
2705 4012 2945 4077 Παῦλος*
2978 4011 3308 4072 Ὑπωπιὰζω
3328 4030 3450 4081 μου

1862 4104 1931 4158 τὸ
1963 4105 2136 4175 σῶμα
2186 4104 2287 4159 καί
2322 4101 2715 4173 δουλαγω-ρῶσ
2752 4102 2912 4156 τοῦτο
2953 4100 3065 4173 γὰρ
3107 4100 3301 4167 εἰπὼν,
3332 4102 3451 4172 ᾐνί-

1866 4196 1994 4261 ξατο
2036 4195 2134 4268 τὴν
2185 4195 2310 4267 βίαν
2354 4195 2575 4250 καὶτὸν
2625 4195 2792 4250 πολὺν
2838 4194 3024 4259 πόνον,
3063 4193 3122 4246 ὃν
3155 4193 3459 4263 ὑπομένειν

1864 4289 2080 4361 ἀνάγκη
2122 4290 2252 4352 τοὺς
2294 4286 2652 4359 βουλομένους
2682 4289 2739 4340 ὲν
2780 4286 2984 4341 ἅπασιν
3022 4285 3238 4355 εὐήνιον
3276 4301 3448 4339 κατα-

1865 4380 2151 4444 σκευάζειν
2177 4379 2239 4431 τὸ
2264 4378 2445 4449 σῶμα.
2479 4377 2590 4430 Kal
2616 4378 2645 4430 6
2676 4375 2912 4448 Χριστὸς
2940 4375 2998 4428 δὲ
3030 4377 3145 4439 τοῖς
3178 4374 3448 4448 μαθηταῖς

1865 4475 2078 4543 ἔλεγενο
2123 4473 2220 4526 Ἐν
2264 4471 2346 4537 τῷ
2389 4471 2598 4541 κόσμῳ
2646 4469 2860 4538 θλῖψιν
2885 4468 3082 4534 ἕξετε·
3116 4468 3280 4523 ἀλλὰ
3312 4473 3449 4537 θαρ-

1864 4563 2047 4627 σεῖτε,
2072 4562 2188 4635 ἐγὼ
2229 4562 2521 4628 νενίκηκα
2552 4560 2662 4614 τὸν
2692 4560 2945 4629 κόσμον.
2983 4558 3155 4629 Αὕτη,
3182 4560 3369 4632 φησὶν,
3415 4561 3449 4629 ἡ

1866 4653 2044 4723 θλίψις
2068 4652 2254 4707 ἄνεσιν
2290 4651 2419 4722 ὑμῖν
2445 4648 2732 4721 προξενεῖ·
2759 4649 2992 4720 σκάμμα
3026 4650 3174 4703 ἐστὶν
3204 4652 3232 4703 6
3260 4649 3451 4722 παρὼν

1868 4745 2010 4815 βίος·
2038 4745 2097 4798 ὲν
2123 4742 2180 4797 δὲ
2207 4741 2286 4814 τῷ
2319 4742 2606 4815 σκάμματι
2640 4743 2734 4795 καὶ
2773 4743 2832 4794 ὲν
2858 4743 2972 4804 τοῖς
3009 4739 3215 4809 ἀγῶσιν
3239 4740 3339 4792 οὐκ
3383 4739 3451 4792 ἂν

1863 4839 2063 4893 δύναιτ’
2107 4836 2398 4893 ἀπολαύειν
2449 4836 2686 4900 ἀνέσεως
2722 4837 2750 4888 6
2786 4833 3181 4905 στεφανοῦσθαι
3218 4832 3445 4903 μέλλων.

1867 4933 2032 4986 Ὥστε
2075 4932 2129 4985 εί
2175 4949 2258 4996 τις
2299 4930 2541 5001 βούλοιτο
2586 4927 3025 5000 στεφανωθῆναι,
3075 4925 3167 4979 16v
3213 4924 3450 4997 σκληρὸν

1867 5022 1960 5076 καὶ
2010 5022 2267 5075 ἐπίπονον
2324 5019 2585 5091 αἱρείσθω
2631 5017 2764 5087 βίον,
2812 5016 2900 5070 ἵνα
2954 5014 3160 5086 βραχὺν
3216 5013 3452 5069 ἐνταῦθα

1868 5116 2110 5185 πονήσας
2187 5113 2399 5185 χρόνον,
2475 5108 2761 5181 διηνεκοῦς
2839 5106 3124 5179 ἀπολαύσῃ
3185 5119 3212 5147 ι
3280 5106 3449 5177 τιμῆς

1866 5207 2000 5260 ἐκεῖ.

1964 5337 2090 5410 766]
2113 5339 2175 5403 ξ’.
2206 5339 2377 5393 Πόσαι
2402 5336 2807 5409 προσπίπτουσι
2832 5335 2953 5390 καθ’
2974 5335 3461 5407 ἑκάστηνήμέραν.

1868 5431 2127 5503 ἁθυμίαι;
2155 5432 2352 5502 ἡλίκης
2393 5430 2451 5485 δέ
2498 5431 2615 5485 ἐστι
2640 5429 2820 5502 ψυχῆς
2863 5430 2938 5502 μὴ
2974 5430 3448 5502 ἀποδυσπετῆσαι,

1930 5647 1954 5674 ⁸
1981 5645 2074 5710 Alii
2098 5646 2386 5710 πονήσαντες
2404 5647 2568 5710 χρόνον
2593 5646 2833 5706 διηνεκοῦς
2854 5648 3176 5709 ἀπολαύοητε,
3221 5645 3373 5699 Sam.
3404 5650 3472 5703 ia.

1870 5721 2024 5768 marg.
2050 5706 2432 5761 ἀπολαύσωνταιζ
