4018 6190
572 236 699 290 ίθθὶ

570 355 705 424 μηδὲ
728 354 1075 427 δυσχερᾶναι,
1101 360 1238 413 ἀλλά
1269 360 1685 432 εύχαριστῆσαι,
1705 358 1949 427 δοξάσαι,
1979 378 2154 433 προσο

567 439 801 509 κυνῆσαι
851 442 940 494 τὸν
973 445 1362 517 συγχωροῦντα
1390 446 1517 509 τοὺς
1566 446 1905 517 πειρασμούς
1934 445 2159 509 τούτους

569 523 963 595 ἐπενεχθῆναι;
1024 530 1165 583 πόσα
1219 531 1501 603 ἀδόκητοι,
1554 533 1720 586 πόσαι
1770 531 2158 603 στενοχωρίαι;

550 607 682 685 ⁸Καὶ
725 608 808 661 δεῖ
858 609 1066 666 θλίϐειν
1094 615 1222 678 τοὺς
1268 617 1543 688 πονηροὺς
1586 616 1915 687 λογισμοὺς,
1946 615 2040 668 καὶ
2085 613 2161 686 μὴ

571 696 876 763 συγχωρεῖν
906 698 972 767 τῇ
1010 696 1226 772 γλώττῃ
1274 698 1613 768 φθέγγεσθαί
1661 717 1717 754 τι
1753 699 1863 754 τῶν
1907 699 2157 752 ἀτόπων·

572 775 825 849 καθάπερ
865 781 960 832 καὶ
1008 783 1036 834 ὁ
1071 784 1343 855 μακάριος
1380 783 1500 837 Ἰὼϐ
1539 784 1711 857 μυρία
1741 782 1927 837 παθὼν
1968 782 2163 854 ἔμενεν

571 860 915 932 εὐχαριστῶν
940 863 1019 935 τῷ
1054 866 1194 938 Θεῷ.

643 946 766 1000 Είσὶ
816 947 875 1001 δέ
918 966 1066 1014 τινες
1106 951 1187 1014 οἳ,
1239 953 1334 1006 ἐάν
1377 953 1829 1025 προσπταίσωσιν
1866 954 1923 1006 ἐν
1959 951 2161 1022 τινὶ,ἢ

571 1028 725 1100 παρά
751 1031 897 1095 τινὸς
937 1032 1348 1107 λοιδορηθῶσιν,
1384 1037 1418 1109 ἢ
1451 1038 1735 1111 ἀρρωστία
1770 1036 2161 1109 περιπέσωσιν,

572 1113 606 1184 ἢ
654 1115 923 1188 ποδαλγίᾳ
944 1159 960 1182 ,
992 1118 1023 1190 ἢ
1057 1120 1436 1193 κεφαλαλγίᾳ,
1490 1123 1524 1193 ἢ
1575 1121 1721 1193 άλλῳ
1762 1123 1871 1175 τινὶ
1903 1119 2163 1174 τοιούτων

574 1199 863 1268 νοσήματι,
900 1200 1318 1273 βλασφημοῦσιν
1348 1204 1583 1268 εὐθέως·
1617 1205 1715 1259 καὶ
1748 1204 1841 1258 τὸν
1874 1203 1975 1275 μὲν
2005 1203 2165 1257 πόνον

577 1282 901 1350 ὑφίστανται
933 1285 1026 1339 τοῦ
1072 1289 1408 1358 νοσήματος,
1441 1288 1535 1343 τοῦ
1565 1289 1789 1361 κέρδους
1832 1289 1889 1342 δὲ
1929 1290 2164 1343 ἀποστε-

580 1365 819 1437 ροῦνται.
847 1369 912 1421 Τί
942 1374 1137 1435 ποιεῖς,
1170 1371 1446 1443 ἄνθρωπε,
1482 1372 1573 1427 τὸν
1600 1372 1901 1445 εὐεργέτην
1930 1373 2028 1426 καὶ
2051 1372 2164 1425 Σω⁹

574 1451 721 1521 τῆρα
762 1454 859 1506 καὶ
901 1455 1216 1528 προστάτην
1245 1457 1340 1509 καὶ
1387 1456 1664 1529 κηδεμόνα
1701 1455 2078 1528 βλασφημῶν;
2127 1453 2161 1524 ἢ

576 1533 677 1588 οὐκ
715 1535 947 1608 αἰσθάνῃ
982 1538 1125 1593 κατὰ
1166 1539 1414 1611 κρημνοῦ
1451 1540 1773 1611 φερόμενος,
1805 1542 1900 1594 καλ⁵
1941 1541 2024 1603 είς
2072 1538 2166 1610 βά-

581 1618 681 1691 ραο
689 1636 781 1690 ρον
808 1621 999 1676 σαυτὸν
1022 1622 1308 1692 ἐμϐάλλων
1334 1622 1610 1687 ἀπωλείας
1630 1624 1896 1695 ἐσχάτης;
1933 1623 2010 1695 μὴ
2033 1622 2166 1693 γάρ,

578 1703 675 1757 ἐὰν
726 1705 1165 1780 βλασφημήσῃς.
1219 1706 1551 1776 κουφότερον
1601 1706 1663 1758 τὸ
1724 1706 1897 1770 πάθος
1956 1707 2165 1772 ποιεῖς;

580 1788 874 1854 ἐπιτείνεις
921 1790 1019 1860 μὲν
1046 1785 1140 1842 οὖν
1192 1790 1346 1855 αὐτὸ,
1377 1791 1469 1843 καὶ
1517 1789 1907 1861 χαλεπωτέραν
1958 1784 2169 1862 ἐργάζῃ

579 1871 678 1942 τὴν
723 1873 937 1943 ὀδύνην.
965 1872 1064 1925 Διά
1089 1872 1198 1943 γάρ
1231 1871 1391 1925 τοῦτο
1430 1872 1458 1925 ὁ
1489 1871 1735 1937 διάϐολος
1768 1873 1939 1945 μυρία
1970 1873 2171 1941 ἐπάγει

580 1954 750 2018 δεινά,
778 1955 865 2010 ἵνα
903 1958 983 2019 εἰς
1019 1957 1197 2009 ἐκεῖνό
1232 1973 1291 2009 σε
1322 1956 1614 2029 καταγάγῃ
1641 1956 1701 2010 τὸ
1727 1956 2004 2029 βάραθρον
2023 1974 2039 1991 ο
2067 1957 2173 2012 κᾶν

585 2038 686 2110 μὲν
728 2038 813 2113 ῖδῃ
860 2038 1313 2110 βλασφημοῦντα,
1345 2039 1544 2111 ῥαδίως
1572 2038 1728 2106 αὐξέι
1772 2039 1870 2112 τὴν
1903 2038 2173 2111 ἀλγηδόνα

582 2122 679 2177 καὶ
720 2122 941 2195 μείζονα
970 2127 1143 2189 ποιεῖ,
1194 2124 1283 2178 ἵνα
1326 2123 1686 2195 κεντούμενος
1716 2124 2175 2197 ἀποδυσπετήσῃς

583 2207 746 2261 πάλιν
766 2223 782 2240 ’
815 2208 882 2262 ἂν
923 2208 980 2261 δὲ
1018 2208 1101 2282 ίδῃ
1131 2225 1189 2262 σε
1237 2209 1502 2278 γενναίως
1533 2210 1801 2279 φέροντα,
1847 2210 1942 2263 καὶ
1973 2212 2084 2281 ὅσῳ
2114 2209 2176 2263 τὸ

584 2291 756 2355 πάθος
804 2292 1171 2359 ἐπιτείνεται,
1220 2295 1463 2365 τοσούτῳ
1498 2293 1701 2365 μᾶλλον
1749 2294 2176 2367 εὐχαριστοῦντα

584 2373 662 2445 τῷ
694 2374 832 2446 Θεῷ,
859 2376 1151 2447 ἀφίσταται
1181 2377 1403 2441 εὐθέως,
1428 2377 1505 2441 ὡς
1532 2378 1655 2449 είκῆ
1681 2380 1775 2432 καὶ
1805 2379 1983 2449 μάτην
2014 2393 2178 2450 προσ-

585 2458 823 2529 εδρεύων
860 2459 1068 2514 λοιπόν.
1108 2461 1219 2513 Καὶ
1263 2459 1518 2531 καθάπερ
1548 2460 1696 2515 κύων
1741 2461 1989 2533 τραπέζῃ
2036 2477 2179 2532 παρ-

586 2545 777 2605 εστὼς,
810 2542 878 2597 ἀν
916 2543 1016 2614 μὲν
1056 2544 1139 2614 ῖδῃ
1170 2544 1263 2598 τδν
1309 2544 1558 2598 ἐσθίοντα
1596 2544 1885 2615 ἄνθρωπον
1939 2545 2178 2616 συνεχῶς

588 2626 740 2696 αὐτῷ
777 2626 1037 2698 ῥίπτοντα
1083 2626 1191 2679 τῶν
1224 2626 1317 2680 ἐπὶ
1351 2626 1453 2697 τῆς
1483 2627 1767 2699 τραπέζης
1797 2646 1851 2682 τι
1886 2627 2176 2700 κειμένων,

592 2708 741 2778 μένει
775 2708 1065 2778 διηνεκῶς·
1102 2709 1167 2763 ἂν
1199 2709 1257 2763 δὲ
1295 2709 1441 2775 ἅπαξ
1481 2711 1576 2764 καὶ
1607 2710 1864 2784 δεύτερον
1892 2710 2180 2783 παραστάς

593 2792 760 2863 μηδὲν
813 2792 1026 2866 ἀπέλθῃ
1058 2792 1267 2858 λαϐὼν,
1301 2793 1600 2862 ἀφίσταται
1650 2794 1859 2860 λοιπὸν,
1903 2793 2000 2848 ἆτε
2052 2794 2178 2867 είκῆ

590 2877 969 2950 προσεδρεύων
1000 2879 1092 2932 καὶ
1126 2877 1335 2949 μάτηνσ
1377 2876 1523 2932 οῦτω
1572 2878 1667 2931 καὶ
1703 2880 1732 2932 ὁ
1774 2878 2024 2943 διάϐολος
2053 2897 2181 2933 συν-

592 2960 732 3032 εχῶς
766 2962 963 3033 κέχηνε
993 2963 1130 3034 πρὸς
1163 2963 1340 3033 ἡμᾶς·
1377 2962 1443 3016 ἂν
1475 2963 1575 3033 μὲν
1611 2961 1775 3034 ῥίψῃς
1809 2961 1979 3033 αὐτῷ,
2007 2962 2183 3017 καθά-

592 3061 697 3115 περ
744 3046 891 3112 κυνὶ,
942 3046 1096 3118 ῥῆμα
1157 3045 1498 3117 βλάσφημον,
1532 3044 1827 3115 δεξάμενος
1861 3046 2026 3101 πάλιν
2058 3048 2181 3101 ἐπι-

594 3128 821 3200 θήσεται
841 3147 856 3161 ’
889 3130 955 3185 ἀν
988 3130 1044 3183 δὲ
1077 3130 1268 3203 μείνῃς
1296 3130 1657 3201 εὐχαριστῶν,
1685 3130 1991 3198 ἀπέπνιξας
2017 3131 2183 3186 αὐτὸν

593 3213 670 3285 τῷ
720 3213 885 3286 λιμῷ,
937 3213 1031 3268 κα)⁸
1066 3215 1279 3285 ταχέως
1327 3214 1650 3285 ἀπήγαγες,
1703 3215 1797 3267 καὶ
1829 3213 2183 3284 ἀποπηδῆσαι

596 3298 881 3368 ἐποίησας.
920 3298 1061 3351 Ἀλλ’
1106 3300 1169 3351 οὐ
1203 3297 1428 3351 δύνασαι
1481 3300 1641 3369 σιγᾷν
1692 3298 1799 3351 ὑπὸ
1849 3298 1952 3369 τῆς
1988 3298 2184 3371 ὀδύνης

598 3380 978 3449 κεντούμενος.
1005 3379 1141 3434 Οὐδὲ
1172 3378 1284 3448 ἐγὼ
1334 3378 1533 3433 κωλύω
1580 3397 1640 3434 σε
1676 3380 2035 3450 φθέγγεσθαι,
2064 3382 2182 3435 ἀλλ’

596 3464 718 3518 ἀντὶ
747 3464 847 3535 τῆς
882 3462 1233 3534 βλασφημίας
1266 3463 1641 3535 εὐχαριστίαν,
1670 3465 1791 3518 ἀντὶ
1827 3465 1926 3536 τῆς
1957 3465 2186 3521 ἀποδυσ-

597 3548 880 3617 πετήσεως
951 3548 1246 3618 εὐφημίαν.
1289 3547 1715 3621 Ἐξομολόγησαι
1780 3547 1859 3619 τῷ
1902 3550 2183 3622 Δεσπότῃ,

600 3630 700 3701 βόα
742 3630 952 3701 μεγάλα
1006 3631 1333 3703 εὐχόμενος,
1393 3631 1490 3702 βόα
1540 3631 1754 3704 μεγάλα
1804 3631 2044 3697 δοξάζων
2092 3634 2185 3688 τὸν

598 3714 765 3768 Θεόν·
812 3714 957 3768 οὐτω
997 3732 1080 3768 σοι
1130 3716 1224 3769 καὶ
1262 3715 1325 3768 τὸ
1377 3714 1548 3779 πάθος
1599 3715 2050 3787 ἐπικουφίζεται,
2091 3718 2184 3770 τοῦ

598 3798 847 3852 διαϐόλου
881 3799 980 3869 μὲν
1020 3798 1392 3870 ἀφισταμένου
1428 3798 1518 3853 διὰ
1554 3799 1655 3870 τῆς
1684 3800 2057 3873 εὐχαριστίας,
2086 3800 2187 3872 τῆς

600 3881 693 3934 τοῦ
730 3880 865 3934 Θεοῦ
903 3880 960 3934 δὲ
1001 3881 1253 3952 βοηθείας
1305 3882 1768 3955 παραγινομένης.
1798 3883 1897 3937 “Av
1933 3884 2030 3955 μὲν
2078 3885 2187 3957 γάρ

603 3963 1033 4038 βλασφημήσῃς,
1078 3966 1173 4019 καὶ
1217 3965 1315 4038 τὴν
1364 3966 1458 4020 τοῦ
1507 3965 1643 4020 Θεοῦ
1706 3968 2025 4038 συμμαχίαν
2084 3970 2190 4021 άπ-

601 4048 875 4121 εκρούσω,
906 4050 1000 4103 καὶ
1033 4049 1392 4122 σφοδρότερον
1422 4050 1667 4122 εἰργάσω
1698 4051 1841 4104 κατὰ
1872 4051 2071 4105 σαυτοῦ
2098 4053 2188 4105 τὸν

602 4132 867 4196 διάϐολον,
915 4134 1009 4187 καὶ
1062 4134 1263 4204 μᾶλλον
1325 4134 1523 4188 σαυτὸν
1577 4132 1877 4205 ἐνέπληξας
1921 4137 2042 4198 ταῖς
2094 4136 2190 4189 άλ-

603 4218 855 4289 γηδόσινσ
896 4216 962 4271 ἂν
1016 4217 1075 4271 δὲ
1125 4218 1561 4291 εὐχαριστήσῃς,
1615 4217 1716 4282 τάς
1770 4235 1832 4271 τε
1893 4218 2189 4283 ἐπιϐουλάς

606 4301 934 4375 ἁπεκρούσω
991 4304 1090 4366 τὰς
1147 4302 1241 4357 τοῦ
1296 4302 1536 4375 πονηροῦ
1601 4302 1891 4374 δαίμονος,
1938 4303 2037 4357 καὶ
2088 4304 2191 4374 τὴν

604 4386 700 4440 τοῦ
762 4387 1061 4458 κηδεμόνος
1119 4386 1255 4440 Θεοῦ
1324 4386 1621 4459 θεραπείαν
1693 4387 1995 4442 ἐπεσπάσω
2054 4388 2190 4459 πρὸς

609 4487 858 4525 σεαυτον.

688 4552 826 4605 Ἀλλ’
851 4552 955 4606 ὐπὺ
984 4552 1086 4622 τῆς
1122 4554 1411 4624 συνηθείας
1432 4554 1581 4625 ὁρμᾷ
1615 4553 1876 4618 πολλάκις
1912 4556 1945 4625 ἡ
1978 4551 2194 4621 γλῶττα

609 4637 668 4691 τὸ
699 4635 934 4708 πονηρὸν
986 4636 1163 4689 ἐκεῖνο
1196 4636 1534 4707 φθέγξασθαι
1586 4637 1758 4709 ῥῆμα.
1803 4636 1942 4690 Ἀλλ’
1973 4637 2195 4693 ἐπειδάν

608 4722 846 4794 ὁρμήσῃ,
894 4720 1082 4792 πρὶνῆ
1118 4719 1180 4772 τὸ
1216 4721 1367 4791 ῥῆμα
1400 4719 1731 4790 ἐξενεγκεῖν,
1768 4720 2044 4776 κατάδακε
2080 4725 2195 4787 τοῖς

608 4807 819 4861 ὀδοῦσιν
885 4802 1055 4877 αὐτὴν
1104 4802 1371 4857 πάντοθεν
1431 4804 1699 4875 σφοδρῶς.
1752 4804 1970 4858 Βέλτιον
2023 4804 2195 4878 αὐτὴν

611 4885 750 4962 αἷμα
790 4889 933 4961 ρέειν
983 4888 1101 4953 νῦν,
1130 4888 1162 4958 ἢ
1193 4887 1315 4941 τότε
1371 4887 1632 4956 σταγόνος
1685 4887 2061 4960 ἐπιθυμοῦσαν
2121 4891 2196 4963 μὴ

610 4973 907 5045 δυνηθῆναι
951 4975 1051 5045 τῆς
1090 4972 1448 5044 παραμυθίας
1479 4972 1683 5045 ταύτης
1725 4975 1941 5043 τυχεῖν·
1988 4973 2197 5044 βέλτιον

613 5059 784 5130 αὐτὴν
824 5058 1159 5130 πρόσκαιρον
1224 5058 1514 5129 ὑπομεῖναι
1579 5057 1768 5121 πόνον,
1816 5058 1849 5129 ἢ
1914 5057 2199 5131 διηνεκοῦς

613 5142 890 5205 κολάσεως
938 5144 1238 5212 ὑποστῆναι
1285 5144 1386 5215 τὴν
1432 5143 1700 5215 τιμωρίαν
1743 5142 1887 5209 τότε,
1944 5145 2200 5219 καθάπερ

615 5226 709 5279 καὶ
738 5225 889 5298 [74η
919 5227 949 5297 ἡ
977 5226 1074 5278 τοῦ
1121 5226 1378 5280 πλουσίου
1414 5227 1536 5280 τότε
1579 5226 1794 5297 γλῶττα
1827 5239 1853 5268 ι
1890 5229 2198 5303 φλεγομένη

617 5311 967 5382 παραμυθίας
1036 5310 1225 5380 ἔτυχεν
1291 5311 1571 5382 οὐδεμιᾶς.
1621 5312 1760 5377 Τοὺς
1819 5314 2048 5385 ἐχθρούς
2108 5331 2200 5368 σου

617 5392 950 5465 προσέταξεν
979 5396 1008 5447 ὁ
1049 5394 1181 5458 Θεὸς
1219 5392 1425 5463 φιλεῖν*
1462 5397 1525 5448 σύ
1570 5396 1627 5448 δὲ
1685 5399 1775 5451 τὸν
1822 5398 2082 5467 φιλοῦντά
2141 5416 2200 5451 σε

662 5625 703 5699 »⁷³
733 5637 899 5701 Alii}?!
921 5637 1070 5686 Savil.
1100 5637 1146 5701 i9
1170 5650 1322 5699 marg.
1338 5638 1526 5695 διηνεκῆ
1553 5638 1632 5685 καὶ
1652 5637 1857 5688 ἀθάνατα
1878 5638 2203 5701 τηγανίζεσθαι

619 5702 744 5754 τοτε,
770 5699 978 5760 καῆιζπερ
1001 5703 1028 5755 ἡ
1064 5697 1147 5747 τοῦ
1170 5697 1398 5748 πλουσίου
1423 5700 1627 5753 γλῶττα.

1286 240 1342 297 S.
1384 238 1672 296 JOANNIS
1709 238 2204 296 CIIRYSOSTOMI
2246 237 2569 295 ARCIlllil‘.
2603 238 2873 295 CONSTA

1565 239 1672 295 ΜΞ
1709 238 2204 296 CIIRYSOSTOMI
2246 237 2569 295 ARCHIZ'J‘.
2603 238 3152 295 CONSTANTINOP.

3608 245 3726 302 ιοοίι

2267 360 2587 434 ἀποστρέφῃ
2611 361 2780 425 Θεόν;
2806 360 2933 423 τοὺς
2960 360 3350 432 ἐπηρεάζοντας
3379 358 3612 431 εὐφημεῖν,
3632 364 3728 429 τοὺς

2263 452 2638 525 λοιδοροῦντας
2688 452 2932 523 εὐλογεῖν
2953 469 2968 484 ·
3018 453 3081 506 σὺ
3122 452 3180 505 δὲ
3222 450 3310 505 τὸν
3367 452 3613 523 εὐεργέτην
3658 456 3729 508 παῖ

2268 547 2581 619 προστάτην
2635 544 2814 615 λέγεις
2870 544 3054 609 κακῶς
3110 543 3271 616 μηδὲν
3325 542 3631 614 ἠδικημένος
3667 545 3739 617 ὶίὴ

2267 639 2508 711 γάρούκ
2539 639 2771 710 ἠδύνατο
2816 639 2975 693 λῦσαι
3019 638 3111 692 τὸν
3159 638 3478 709 πειρασμόνς
3514 636 3623 690 ἀλλά
3650 654 3743 691 σνν-

2268 729 2569 803 εχὼρησεν,
2604 732 2692 786 ἵνα
2739 731 2872 803 γένῃ
2915 729 3294 803 δοκιμώτερος.
3341 728 3466 781 Ἀλλ’
3492 728 3604 796 ίδού,
3632 728 3746 801 φησὶ.

2268 824 2597 878 καταπίπτω
2637 824 2732 878 καὶ
2774 824 3107 895 ἀπόλλυμαι.
3151 822 3224 875 Οὐ
3261 820 3406 893 παρά
3436 820 3522 893 τὴν
3554 818 3631 875 τοῦ
3660 836 3749 874 πει-

2270 918 2484 991 ρασμοῦ
2535 919 2719 991 φύσιν,
2760 918 2896 974 ἀλλὰ
2946 917 3095 991 παρά
3128 917 3225 989 τὴν
3272 915 3519 988 ῥαθυμίαν
3546 914 3628 986 τὴν
3661 916 3747 986 σήν.

2268 1011 2334 1064 Τί
2371 1011 2482 1083 γὰρ
2516 1009 2904 1084 εὐκολώτερον,
2941 1010 3062 1064 εἰπέ
3108 1027 3228 1081 μοι,
3269 1006 3559 1079 βλασφημία
3582 1005 3610 1076 ἦ
3633 1009 3745 1075 εὐχα·

2272 1103 2488 1174 ριστία;
2528 1103 2650 1174 οὐχὶ
2669 1103 2731 1158 τὸ
2766 1103 2865 1175 μὲν
2896 1102 2988 1156 καὶ
3015 1102 3140 1166 τοὺς
3181 1100 3462 1162 ἀκούοντας
3487 1096 3671 1168 ἐχθρούς
3696 1112 3751 1150 σοι

2270 1194 2366 1247 καὶ
2408 1194 2700 1265 πολεμίους
2730 1193 3043 1264 καθίστησι,
3076 1195 3174 1248 καὶ
3201 1193 3280 1255 είς
3302 1190 3521 1261 ἀθυμίαν
3545 1187 3750 1259 ἐμϐάλλει,

2276 1287 2414 1356 μετά
2442 1285 2618 1341 ταῦτα
2651 1287 2744 1341 καὶ
2775 1286 2979 1359 πολλὴν
3014 1286 3306 1360 ἐργάζεται
3332 1285 3426 1354 τὴν
3450 1280 3636 1350 ὸδΜνο
3654 1277 3754 1330 τὸδὲ

2275 1376 2501 1449 μυρίους
2536 1394 2619 1432 σοι
2654 1378 2810 1451 φέρει
2842 1378 3164 1449 φιλοσοφίας
3206 1376 3507 1446 στεφάνους.
3530 1373 3608 1427 καὶ
3639 1371 3756 1443 μυρία

2274 1469 2425 1543 παρά
2455 1469 2674 1524 πάντων
2704 1469 2980 1542 θαύματα,
3012 1471 3111 1523 καὶ
3149 1468 3385 1541 μεγάλας
3418 1463 3552 1535 παρά
3570 1462 3645 1515 τοῦ
3662 1458 3756 1514 θεοῦ

2272 1564 2372 1628 τὰς
2408 1562 2673 1634 ἀμοιϐάς;
2715 1564 2781 1617 Τί
2807 1562 2987 1617 τοίνυν
3015 1563 3077 1617 τὸ
3102 1559 3345 1632 ὠφελοῦν
3373 1558 3459 1613 καὶ
3499 1553 3676 1609 εὔκολον
3694 1550 3758 1605 καὶ

2272 1654 2372 1724 ἡδὺ
2418 1655 2616 1724 ἀφεὶς,
2657 1654 2719 1708 τδ
2773 1653 3013 1725 βλάπτον
3041 1655 3138 1709 κει)⁵
3176 1651 3376 1706 λυποῦν
3414 1648 3500 1703 καὶ
3528 1644 3760 1713 κατατῆιιον

2275 1746 2391 1799 ἀντ’
2422 1747 2633 1800 ἐκείνου
2659 1746 2904 1813 διώκεις;
2936 1745 3151 1810 Ἀλλως
3180 1745 3258 1807 δὲ,
3284 1745 3332 1797 εί
3359 1746 3392 1815 ή
3419 1739 3503 1795 τοῦ
3530 1732 3763 1808 πειρασμοῦ

2277 1839 2371 1892 καὶ
2394 1839 2495 1911 τῆς
2522 1840 2713 1903 πενίας
2740 1840 2919 1911 θλῖψις
2942 1840 3094 1895 αἰτία
3118 1838 3227 1894 τῶν
3254 1832 3580 1909 βλασφημιῶν
3598 1829 3763 1899 ἐγίνετο,

2278 1927 2487 1993 πάντας
2530 1928 2636 1983 ἔδει
2663 1930 2791 1993 τούς
2819 1931 2878 1983 ὲν
2910 1928 3071 2001 πενίᾳ
3106 1928 3471 1999 βλασφημεῖν’
3502 1920 3602 1976 νυνὶ
3630 1918 3674 1972 δέ
3691 1916 3767 1970 τῶν

2276 2019 2335 2073 ἐν
2379 2019 2541 2092 πενίᾳ
2592 2019 2811 2086 ζώντων
2856 2021 3064 2093 ἐσχάτῃ
3117 2019 3305 2073 πολλοὶ
3336 2012 3575 2087 διηνεκῶς
3610 2010 3767 2078 εὐχαρι-

2280 2111 2518 2178 στοῦσιν,
2546 2115 2726 2184 ἕτεροι
2754 2113 2831 2181 δὲ,
2858 2110 3228 2174 ἀπολαύοντες
3254 2108 3475 2163 πλούτου
3499 2105 3582 2159 καὶ
3599 2100 3767 2174 τρυφῆς,

2277 2204 2341 2257 οὐ
2368 2204 2789 2275 διαλιμπάνουσι
2818 2203 3275 2275 βλασφημοῦντες
3292 2219 3306 2231 ⁸
3340 2198 3502 2263 οὕτως
3526 2197 3610 2265 οὐχ
3635 2195 3664 2264 ἡ
3694 2190 3769 2245 τῶν

2280 2296 2623 2368 πραγμάτων
2652 2296 2835 2366 φύσις,
2865 2295 2981 2351 ἀλλ’
3009 2298 3044 2367 ὴ
3074 2294 3396 2367 προαίρεσις
3432 2293 3462 2361 ἡ
3488 2278 3771 2359 ἡμετέρσκαὶ

2280 2386 2441 2441 τοῦτο
2472 2389 2695 2442 κάκεῖνο
2726 2388 3041 2460 ἐργάζεται.

2352 2544 2453 2599 Διά
2477 2546 2586 2618 γὰρ
2624 2545 2784 2601 τοῦτο
2816 2548 2912 2601 καὶ
2954 2548 3162 2619 ταύτην
3207 2547 3510 2616 ἀνέγνωμεν
3544 2540 3625 2612 τὴν
3648 2551 3777 2607 παρα·

2283 2637 2467 2711 ϐολὴν,
2498 2640 2588 2694 ἵνα
2642 2640 2822 2715 μάθῃς
2866 2641 2950 2695 ὅτι
2996 2641 3088 2695 τὸν
3148 2643 3259 2712 μὲν
3311 2637 3624 2715 ῥᾳθυμοῦντα
3647 2629 3777 2686 ούδὲί

2283 2729 2515 2793 πλοῦτος
2569 2730 2806 2801 ὀνίνησι,
2854 2731 2948 2786 τὸν
3004 2731 3352 2803 προσέχοντα
3386 2730 3438 2783 δὲ
3481 2727 3587 2782 οὐδὲ
3615 2727 3642 2796 ἡ
3669 2720 3781 2775 πενία

2284 2821 2633 2892 καταϐλάψαι
2699 2823 2943 2878 δύναται.
3011 2825 3123 2879 Καὶ⁸
3173 2824 3239 2879 τί
3290 2824 3456 2892 λέγω,
3507 2818 3670 2881 πενία;
3709 2811 3780 2866 κᾶν

2284 2917 2500 2972 ἅπαντα
2532 2917 2670 2989 ὁμοῦ
2720 2916 2950 2990 συνέλθῃ
2998 2915 3070 2970 τά
3101 2918 3159 2969 ἐν
3213 2915 3511 2988 ἀνθρώποις
3556 2902 3779 2974 κακὲ,τῇ

2281 3007 2378 3060 τοῦ
2410 3005 2658 3077 φιλοθέου
2692 3005 2787 3060 καὶ
2817 3006 3109 3076 φιλοσόφου
3147 3004 3334 3077 ψυχὴν
3361 3003 3591 3058 οὐδέποτε
3615 2993 3782 3065 ἐλέγξει.

2284 3099 2393 3154 οὐδ’
2420 3100 2723 3170 ἀποστῆναι
2758 3099 2937 3152 πείσει
2969 3101 3068 3170 τῆς
3099 3098 3314 3169 ἀρετῆς
3351 3093 3658 3169 (καὶτούτων
3685 3087 3783 3161 μάρ-

2285 3208 2383 3255 τυς
2415 3193 2445 3246 6
2470 3190 2771 3264 Λάζαρος)·
2807 3190 2998 3263 ὥσπερ
3042 3186 3137 3245 οὖν
3172 3190 3273 3244 τὸν
3314 3188 3501 3261 χαῦνον
3542 3185 3624 3238 καὶ
3650 3180 3780 3235 διαλε’

2286 3282 2519 3355 λυμένον
2545 3284 2608 3338 οὐ
2644 3282 2898 3350 πλοῦτος,
2924 3285 3024 3355 οὐχ
3056 3283 3265 3353 ὑγίεια,
3301 3283 3362 3337 οὐ
3393 3280 3621 3353 διηνεκὴς
3643 3275 3787 3345 εὑημιο

2289 3375 2406 3447 ρία,
2428 3377 2531 3431 οὐκ
2562 3376 2691 3432 ἄλλο
2712 3376 2866 3431 οὐδὲν
2895 3376 3176 3448 ὠφελῆσαι
3202 3374 3492 3448 δυνήσεταί
3516 3387 3643 3427 ποτε.

2359 3519 2429 3586 η’.
2460 3513 2550 3586 Μὴ
2596 3512 2777 3567 τοίνυν
2819 3513 3069 3585 λέγωμεν
3119 3513 3203 3566 ὃτι
3241 3511 3402 3567 πενία
3439 3511 3527 3566 καὶ
3560 3508 3685 3569 νόσος
3721 3499 3788 3555 καὶ

2288 3605 2551 3661 κινδύνων
2599 3606 2889 3674 ἐπαγωγαὶ
2942 3605 3296 3677 βλασφημεῖν
3343 3600 3711 3670 ἀναγκάζουσιν.
3737 3593 3787 3647 (ὶὺ

2291 3695 2472 3762 πενία,
2510 3696 2649 3751 ἀλλὰ
2695 3696 2878 3751 άνοια·
2914 3697 2977 3751 οὐ
3024 3697 3214 3763 νόσος,
3251 3697 3389 3753 ἀλλά
3434 3690 3790 3762 καταφρόνησις·

2290 3789 2352 3843 οὐ
2391 3789 2652 3844 κινδύνων
2692 3790 3014 3858 ἐπαγωγαὶ,
3055 3789 3170 3843 ἀλλ’
3198 3789 3483 3851 εὐλαϐείας
3520 3782 3704 3856 ἐρημία,
3728 3774 3790 3830 καὶ

2291 3882 2371 3944 είς
2414 3879 2766 3951 βλασφημίαν
2795 3880 2888 3934 καὶ
2922 3881 3004 3945 είς
3032 3882 3213 3935 πᾶσαν
3245 3882 3373 3952 ἀγει
3415 3877 3597 3936 κακίαν
3614 3875 3713 3936 τοὺς
3743 3864 3797 3941 μὴ

2292 3972 2682 4045 προσέχοντας.

2376 4108 2539 4162 Ἀλλά
2566 4110 2712 4174 τίνος
2740 4110 2951 4173 ἕνεκεν,
2988 4109 3175 4180 φησὶν,
3216 4112 3270 4163 οἱ
3315 4110 3415 4182 μὲν
3456 4104 3662 4163 ἐνταῦθα
3685 4096 3797 4155 κολό-

2294 4202 2502 4266 ζονται,
2539 4205 2589 4256 οἱ
2633 4203 2692 4257 δὲ
2734 4205 2870 4271 ἐκεῖ,
2906 4204 3000 4258 κα)⁵
3032 4204 3134 4257 οὐκ
3181 4202 3419 4258 ἐνταῦθα
3449 4202 3659 4261 πάντες
3688 4191 3798 4251 Τίνος

2295 4292 2510 4358 ἓνεκενς
2552 4293 2636 4347 ὅτι
2688 4296 2738 4347 εί
2784 4293 2945 4349 τοῦτο
2994 4290 3086 4366 ἦν,
3131 4294 3337 4359 πάντες
3385 4293 3451 4349 ἀν
3503 4283 3797 4358 ἀπωλόμεθα·

2296 4385 2498 4447 πάντες
2535 4385 2646 4464 γάρ
2685 4387 2855 4456 ἐσμεν
2899 4387 2959 4440 ἐν
3003 4385 3324 4457 ἐπιτιμίοις.
3369 4385 3533 4440 Πάλιν
3577 4383 3620 4435 εί
3664 4374 3799 4449 μηδεὶς

2296 4479 2533 4553 ἐνταῦθα
2557 4480 2867 4546 ἐκολάζετο,
2895 4480 3260 4553 ῥᾳθυμότεροι
3288 4484 3339 4536 οἱ
3368 4480 3577 4542 πλείους
3597 4473 3801 4543 ἐγένοντο,

2298 4550 2397 4624 καῖ
2426 4570 2613 4624 πολλοὶ
2650 4570 2716 4625 ἂν
2751 4550 2905 4625 εἷπον
3043 4550 3191 4626 *εἶναι
3234 4573 3512 4646 πρόνοιαν.
3552 4569 3609 4622 El
3630 4558 3801 4635 γάρνῦν

2297 4664 2532 4736 ὁρῶντες
2558 4663 2667 4718 τῶν
2702 4664 2957 4735 πονηρῶν
2998 4664 3231 4729 πολλοὺς
3264 4664 3663 4736 κολαζομένους,
3686 4651 3801 4709 πολλά

2299 4754 2525 4811 τοιαῦτα
2559 4754 2996 4826 βλασφημοῦσιν,
3022 4757 3071 4809 εί
3120 4756 3255 4826 μηδὲ
3283 4755 3443 4809 τοῦτο
3483 4751 3567 4827 ἦν,
3593 4752 3641 4804 τί
3666 4749 3744 4801 οὐκ
3761 4742 3801 4794 ἄν

2300 4847 2489 4916 εἷπον;
2539 4848 2643 4903 ποῦ
2691 4848 2750 4903 δὲ
2783 4848 2887 4905 οὐκ
2924 4848 2992 4903 ἂν
3023 4844 3190 4920 ἦλθον
3243 4849 3472 4914 κακίας;
3512 4845 3605 4900 Διά
3641 4840 3798 4896 τοῦτο’

2300 4946 2435 5009 Θεὸς
2460 4946 2586 5007 τοὺς
2616 4943 2714 5014 μὲν
2741 4940 2975 4997 ἐνταῦθα
3004 4941 3245 5007 κολάζει,
3286 4943 3414 5006 τοὺς
3440 4942 3497 4995 δέ
3525 4939 3583 4992 οὐ
3617 4932 3796 4994 κολάζει·

2305 5038 2522 5103 κολάζει
2552 5035 2649 5108 μὲν
2686 5034 2796 5105 γάρ
2820 5051 2993 5097 τινας,
3017 5034 3118 5106 τὴν
3145 5035 3343 5089 κακίαν
3373 5032 3548 5087 αὐτῶν
3573 5027 3798 5083 ἐκκόπτων.

2305 5134 2399 5187 καὶ
2436 5128 2775 5200 κουφοτέραν
2809 5128 2907 5199 τὴν
2939 5128 3056 5181 ἐκεῖ
3083 5115 3251 5181 ποιῶν
3280 5126 3568 5199 τιμωρίαν,
3594 5124 3624 5192 ἢ
3654 5110 3801 5173 καὶτέο

2305 5223 2425 5276 λεον
2447 5219 2805 5276 ἀπαλλάττων
2829 5219 3046 5282 αὐτοὺς,
3071 5218 3167 5272 καὶ
3187 5218 3313 5282 τούς
3333 5219 3389 5271 ἐν
3415 5213 3635 5285 πονηρίᾳ
3658 5207 3803 5272 ζῶντας

2310 5311 2784 5387 σωφρονεστέρους
2819 5309 2988 5363 ποιῶν
3029 5312 3094 5381 τῇ
3129 5309 3335 5364 τούτων
3361 5307 3624 5380 τιμωρίᾳ·
3646 5300 3741 5358 τοὺς
3768 5288 3806 5341 δδ

2306 5410 2369 5463 οὐ
2401 5407 2615 5472 κολάζει
2655 5403 2837 5467 πάλιν,
2870 5402 2955 5456 ἴνα
2984 5402 3050 5456 ἂν
3079 5403 3179 5473 μὲν
3214 5401 3550 5473 προσέχωσιν
3576 5390 3701 5468 [748]
3723 5388 3809 5439 ἑαυ·

2308 5505 2443 5566 τοῖς,
2478 5499 2909 5571 μετανοήσαντες
2945 5496 3039 5549 καὶ
3067 5496 3164 5567 τὴν
3193 5493 3287 5548 τοῦ
3327 5492 3462 5548 Θεοῦ
3499 5474 3814 5579 μακροθυμξαν

2311 5592 2671 5655 αἰδεσθέντες,
2701 5590 2796 5645 καὶ
2823 5589 2924 5659 τῆς
2953 5586 3191 5642 ἐνταῦθα
3220 5586 3494 5646 κολάσεως
3527 5575 3814 5643 dmum“

2320 5687 2415 5741 καὶ
2458 5686 2554 5757 τῆς
2606 5685 2721 5737 ἐκεῖ
2759 5680 3055 5754 τιμωρίας·
3105 5681 3172 5736 ἂν
3213 5681 3269 5736 δὲ
3309 5675 3661 5748 ἐπιμείνωσιν,
3698 5665 3817 5742 μηδὲν
