4018 6190
261 227 387 281 l00l

255 344 350 398 sed
377 345 575 413 gratias
601 360 760 416 agere
779 387 794 414 ,
820 350 1148 420 gloriﬁcare,
1184 351 1410 407 adorare
1432 367 1574 418 eum,
1605 354 1692 423 qui
1719 369 1843 424 per-

259 436 421 491 tttitlit
448 437 544 492 has
567 441 884 495 tentationes
901 437 1111 510 iulligi?
1134 444 1304 512 Quam
1333 445 1497 499 multa
1518 445 1848 516 inexspecta-

258 535 334 591 ta,
367 543 524 596 quam
554 530 736 583 multae
762 526 1053 601 angustiae?
1081 534 1148 588 Et
1171 544 1345 590 tamen
1371 544 1580 604 oportet
1607 551 1848 605 premere

258 621 429 674 malas
449 621 815 690 cogitationes,
840 639 1010 694 neque
1031 627 1338 694 permittere
1357 627 1548 696 lingua:
1570 636 1627 680 ut
1648 627 1845 696 aliquid

255 718 416 764 sonet
444 711 657 766 absurdi
678 754 693 776 ,
722 714 1170 783 quemadmodum
1209 717 1396 772 beatus
1436 717 1536 773 Job
1568 718 1847 774 innumera

259 815 548 870 perpessus
575 804 710 857 mala
743 807 1096 872 perseveravit
1119 809 1316 878 gratias
1344 824 1502 878 agere
1528 809 1659 864 Deo.

332 891 664 960 [inpatientia
694 894 1016 964 blasphemiae
1046 908 1220 951 mater.
1245 926 1319 940 -—
1341 899 1475 953 Sunt
1509 909 1685 954 autem
1717 913 1852 952 non-

260 981 432 1047 nulli,
465 983 552 1052 qui
583 984 627 1037 si
647 983 772 1052 joco
795 987 1102 1042 eonviciove
1126 1003 1154 1042 a
1183 990 1430 1057 qu0piam
1456 990 1582 1044 tacti
1613 988 1846 1056 fuerint,

259 1083 355 1126 aut
380 1071 435 1127 in
459 1074 735 1128 adversam
765 1076 1119 1132 valetudinem
1147 1077 1461 1145 inciderint,
1491 1079 1650 1134 veluti
1681 1078 1849 1149 poda-

258 1178 413 1232 gram
439 1205 454 1230 ,
479 1175 569 1218 aut
610 1166 799 1234 capitis
828 1166 1066 1222 dolorem
1092 1209 1106 1236 ,
1137 1179 1229 1223 aut
1257 1170 1417 1224 alium
1447 1170 1605 1240 hujus
1639 1171 1850 1239 generis

263 1256 535 1321 morbum,
569 1257 714 1312 illico
737 1259 1094 1330 blasphemias
1120 1261 1396 1317 effundunt
1425 1281 1439 1319 :
1465 1277 1528 1318 ac
1553 1264 1848 1318 molestiam

261 1346 477 1416 quidem
518 1348 689 1401 morbi
730 1349 1033 1416 sustinent,
1064 1361 1314 1406 exnterum
1342 1352 1515 1408 fructu
1555 1353 1846 1423 privantur.

261 1437 401 1504 Quid
430 1437 592 1503 facis,
623 1453 656 1492 ο
685 1438 866 1506 homo,
899 1441 950 1494 in
979 1440 1300 1510 beneﬁcum,
1333 1443 1386 1497 in
1419 1444 1763 1508 salvatorem,
1795 1443 1849 1497 in

265 1527 618 1600 provisorem,
653 1528 704 1582 in
738 1531 808 1582 tui
837 1545 1017 1584 curam
1043 1542 1308 1602 agentem,
1348 1534 1587 1589 convicia
1608 1533 1846 1604 jaciensl

258 1617 379 1673 Non
422 1628 471 1674 te
500 1620 666 1674 sentis
695 1621 748 1674 in
779 1623 1126 1692 praecipitium
1154 1625 1362 1696 abripi,
1394 1633 1552 1695 teque
1582 1626 1754 1696 ipsum
1795 1625 1848 1680 in

259 1713 486 1766 extremi
523 1713 666 1767 exitii
696 1713 1002 1770 barathrum
1027 1717 1298 1786 dejicere?
1324 1718 1457 1772 Num
1487 1718 1630 1772 enim
1660 1718 1706 1772 si
1732 1717 1849 1772 bla-

257 1804 557 1874 sphemiam
587 1805 825 1874 proferas
845 1850 858 1873 ,
891 1808 1146 1865 leviorem
1176 1810 1356 1866 reddis
1387 1810 1671 1866 morbum?
1702 1811 1849 1864 Exa-

256 1896 451 1949 ccrbas
472 1899 648 1966 potius
669 1899 837 1964 illum,
866 1915 928 1954 ac
949 1903 1312 1958 molestiorem
1335 1903 1514 1959 reddis
1533 1904 1844 1960 cruciatum.

256 1986 486 2055 l’ropter
513 1987 612 2042 hoc
639 1989 781 2042 enim
811 1988 1052 2048 diabolus
1077 1995 1384 2049 innumeras
1415 1995 1652 2064 impingit
1684 1995 1852 2050 mole-

253 2077 415 2143 stias,
437 2087 490 2131 ut
513 2079 564 2132 in
587 2078 716 2132 illud
737 2080 1042 2138 barathrum
1067 2093 1118 2140 te
1140 2086 1451 2155 praecipitet.
1477 2086 1542 2140 Et
1562 2087 1604 2140 si
1632 2087 1845 2156 quidem

257 2171 458 2225 viderit
496 2181 548 2228 te
590 2172 947 2245 blasphemias
983 2177 1339 2247 proferentem
1367 2220 1380 2244 ,
1412 2179 1653 2248 protinus
1692 2187 1850 2249 auget

257 2262 500 2319 dolorem
540 2278 602 2320 ac
642 2265 896 2337 majorem
939 2267 1133 2335 reddit,
1175 2284 1282 2338 quo
1320 2268 1623 2323 stimulatus
1662 2284 1848 2324 rursus

254 2353 474 2424 indigne
501 2355 637 2410 feras
666 2356 844 2426 :quod
870 2357 914 2411 si
945 2357 1136 2412 viderit
1162 2366 1212 2413 te
1235 2358 1442 2414 fortiter
1463 2357 1845 2430 perferentem,

251 2460 468 2516 quoque
495 2446 709 2501 morbus
733 2445 890 2503 fuerit
914 2449 1111 2516 acrior,
1144 2447 1243 2503 hoc
1269 2449 1437 2520 magis
1460 2460 1702 2520 agentem
1727 2464 1819 2522 gra
1837 2480 1850 2494 -

256 2536 361 2588 tias
394 2535 501 2589 Deo
533 2553 545 2589 :
575 2536 718 2591 illico
752 2537 1000 2606 desistit,
1034 2547 1092 2593 ut
1127 2539 1215 2608 qui
1247 2540 1511 2594 incassum
1541 2539 1846 2611 frustraque

254 2639 449 2700 pergat
493 2632 749 2686 insidiari.
797 2633 862 2687 Et
909 2633 1354 2703 quemadmodum
1401 2635 1549 2689 canis
1595 2634 1848 2690 assistens

251 2739 457 2779 mensa:
481 2726 526 2779 si
552 2725 744 2780 viderit
769 2725 1043 2781 hominem
1077 2737 1376 2782 vescentem
1403 2726 1626 2783 subinde
1651 2725 1848 2796 aliquid

255 2833 446 2872 eorum
487 2833 607 2888 quae
633 2819 686 2873 in
726 2833 911 2873 mensa
952 2829 1075 2874 sunt
1103 2819 1201 2890 ipsi
1238 2819 1600 2890 projicientem
1623 2861 1636 2886 ,
1670 2829 1848 2875 manet

254 2909 473 2964 assidue
503 2927 516 2964 :
543 2908 687 2979 quod
731 2911 775 2964 si
814 2911 978 2967 semel
1018 2918 1177 2980 atque
1220 2912 1408 2964 iterum
1446 2911 1524 2964 sic
1556 2909 1742 2972 astitit,
1789 2918 1846 2964 ut

253 3001 563 3056 discesserit
593 3001 722 3056 nihil
752 3002 973 3070 adeptus
993 3042 1008 3068 ,
1041 3003 1282 3071 protinus
1310 3001 1542 3055 abstinet
1568 3001 1729 3056 veluti
1757 3002 1846 3070 qui

247 3095 362 3165 jam
407 3094 601 3149 frustra
629 3106 682 3150 et
719 3095 982 3149 incassum
1017 3093 1231 3150 assistat
1263 3111 1275 3146 :
1306 3094 1486 3148 itidem
1524 3101 1578 3148 et
1605 3092 1846 3147 diabolus

246 3187 444 3257 jugiter
473 3186 624 3241 nobis
651 3187 837 3251 inhiat,
866 3187 908 3240 si
932 3186 1073 3256 quod
1101 3185 1470 3254 blasphemum
1493 3183 1710 3238 verbum
1733 3183 1833 3253 ipsi

248 3292 351 3332 ceu
376 3280 493 3331 cani
524 3276 885 3346 projiciamus,
915 3277 1016 3331 hoc
1043 3285 1261 3346 accepto
1286 3290 1471 3330 rursus
1497 3273 1800 3344 aggreditur
1825 3290 1836 3326 :

246 3367 394 3438 quod
430 3368 474 3421 si
514 3367 936 3436 perseveraveris
973 3367 1169 3437 gratias
1208 3380 1391 3436 agere,
1416 3364 1740 3435 jugulaveris
1775 3363 1841 3418 il-

249 3460 357 3513 lum
387 3458 545 3526 fame,
574 3459 922 3529 celeriterque
950 3457 1191 3528 abegeris
1216 3465 1267 3512 et
1299 3456 1550 3526 aufugere
1574 3457 1836 3527 coegeris.

251 3549 449 3604 Verum
477 3566 582 3604 non
610 3559 760 3619 potes
790 3559 964 3605 tacere
993 3550 1228 3604 cruciatu
1255 3548 1572 3602 Stimulatus.
1603 3547 1712 3602 Nec
1737 3561 1838 3618 ego

248 3641 512 3711 prohibeo
542 3649 592 3697 te
620 3640 798 3710 loqui,
827 3639 920 3696 sed
962 3639 1082 3694 volo
1117 3648 1168 3694 te
1205 3653 1302 3708 pro
1339 3638 1666 3707 blaSpltemia
1698 3636 1842 3706 loqui

246 3735 542 3803 gratiarum
579 3733 842 3788 actionem
865 3774 878 3798 ,
918 3747 1014 3802 pro
1049 3731 1226 3786 verbis
1271 3729 1645 3801 indignationis
1683 3729 1843 3783 verba

245 3827 591 3886 laudationis.
637 3826 903 3882 Confitere
942 3825 1202 3889 Domino,
1244 3823 1412 3879 clama
1453 3823 1840 3887 vehementer,

246 3918 585 3977 obsecrando
609 3937 622 3974 :
648 3917 816 3972 clama
839 3915 1206 3981 vehementer,
1234 3913 1581 3982 glorificando
1608 3929 1621 3966 :
1646 3912 1723 3966 sie
1751 3911 1842 3965 tibi

245 4026 301 4070 et
329 4013 553 4071 morbus
582 4009 822 4065 redditur
850 4008 1036 4075 levior,
1059 4005 1367 4062 discedente
1392 4005 1604 4075 quidem
1631 4003 1842 4059 diabolo

245 4116 468 4177 propter
507 4113 652 4159 tuam
692 4102 978 4172 gratiarum
1017 4100 1282 4155 actionem
1309 4139 1324 4163 ,
1355 4098 1450 4152 Dei
1489 4111 1617 4152 vero
1645 4095 1842 4151 auxilio

245 4197 561 4254 accedente.
598 4191 734 4251 Nam
764 4193 810 4247 si
849 4191 1206 4262 blasphemias
1242 4188 1493 4244 etfuderis
1515 4231 1532 4254 ,
1563 4190 1762 4258 pariter
1789 4195 1844 4242 et

245 4290 343 4346 Dei
367 4288 620 4342 auxilium
648 4283 987 4349 submovisti,
1011 4291 1064 4338 ct
1089 4281 1355 4337 diabolum
1377 4280 1630 4335 adversus
1657 4287 1845 4334 temet-

246 4383 425 4451 ipsum
457 4379 736 4435 reddidisti
763 4377 1064 4442 saeviorem,
1094 4385 1147 4430 et
1174 4375 1398 4444 teipsum
1427 4377 1594 4444 magis
1623 4371 1845 4426 involvi-

246 4474 314 4527 sti
341 4470 638 4526 doloribus.
669 4469 762 4525 Sin
791 4468 986 4540 gratias
1015 4467 1204 4537 egeris,
1234 4475 1288 4520 et
1315 4464 1532 4519 insidias
1560 4462 1843 4533 propulisti

246 4563 372 4618 mali
411 4561 690 4628 daemonis,
731 4571 785 4615 et
825 4559 921 4615 Dei
963 4573 1057 4628 pro
1097 4569 1146 4612 te
1191 4555 1403 4611 solliciti
1443 4553 1703 4609 medelam
1745 4551 1841 4607 tibi

240 4650 577 4708 conciliasti.
1108 4667 1116 4676 π

331 4765 536 4836 Lingua
565 4763 861 4818 cohibenda.
885 4792 956 4803 —
981 4761 1175 4816 Verum
1204 4775 1271 4816 ex
1300 4759 1682 4816 consuetudine
1726 4759 1833 4814 fre-

253 4865 486 4925 quenter
533 4854 730 4925 impetu
778 4853 983 4922 rapitur
1011 4851 1185 4920 lingua
1212 4891 1226 4917 ,
1261 4861 1318 4904 ut
1362 4865 1669 4920 perversum
1717 4848 1844 4904 illud

245 4947 475 5001 verbum
514 4953 688 5000 sonet.
720 4943 914 4998 Verum
941 4959 1062 4997 cum
1093 4941 1198 4995 huc
1247 4942 1501 5009 rapietur,
1537 4941 1845 5011 priusquam

248 5037 483 5093 verbum
510 5035 755 5090 effuderit
781 5077 795 5101 ,
828 5033 1136 5088 commorde
1166 5032 1309 5086 illam
1340 5032 1572 5101 undique
1599 5031 1847 5086 dentibus

244 5130 463 5185 acriter.
509 5127 735 5182 Praestat
779 5125 922 5180 illam
968 5141 1108 5178 nunc
1151 5124 1316 5177 fluere
1360 5123 1649 5192 sanguine,
1688 5139 1846 5193 quam

245 5233 378 5277 tunc
406 5220 784 5290 concupiscere
811 5227 1010 5287 guttam
1039 5260 1052 5281 ,
1088 5233 1185 5271 ncc
1231 5217 1515 5285 impetrare
1560 5230 1718 5285 posse
1747 5216 1848 5271 tale

248 5313 591 5384 refrigerium
620 5331 633 5366 :
665 5320 884 5382 praestat
923 5310 1065 5364 illam
1099 5309 1479 5378 temporarium
1527 5307 1665 5362 ferre
1693 5307 1845 5361 dolo-

248 5422 364 5460 rem
403 5447 416 5465 .
451 5420 608 5474 quam
656 5413 780 5458 tunc
826 5402 1128 5470 perenniter
1170 5410 1223 5456 et
1271 5400 1655 5454 immortalibus
1699 5400 1851 5454 malis

251 5495 516 5560 cruciari,
563 5492 1008 5564 quemadmodum
1055 5491 1232 5546 divitis
1272 5491 1411 5546 illius
1453 5492 1629 5561 lingua
1659 5490 1850 5545 ardore

253 5597 494 5642 arstuans
523 5587 724 5640 nullum
753 5585 1053 5654 impetravit
1100 5584 1453 5656 refrigerium.
1486 5584 1623 5638 Deus
1651 5597 1848 5653 praece-

251 5679 327 5748 pit
355 5690 410 5734 ut
437 5677 678 5734 innnicos
709 5685 826 5732 tuos
847 5676 1053 5746 diligas,
1087 5685 1138 5732 tu
1163 5693 1289 5732 vero
1317 5677 1480 5732 Dcum
1511 5686 1557 5733 tc
1581 5683 1846 5731 amantem

1473 238 1558 293 DE
1598 237 1871 296 LAZARO
1911 240 2155 297 CONCIO
2195 241 2279 296 ΙΙΙ.

3400 245 3549 299 NO?

1957 354 2256 410 aversaris?
2284 355 2425 409 Deus
2448 354 2607 425 jussit
2637 364 2696 410 ut
2720 355 2974 410 conviciis
3001 355 3400 421 insectantibus,
3447 357 3537 408 lu:-

1961 448 2120 516 nigne
2158 446 2432 516 loquaris,
2481 447 2917 502 maledicentibus
2943 447 3228 503 benedicas
3275 448 3440 520 (Luc.
3485 453 3540 504 ὕ.

1953 539 2044 592 27.
2072 538 2142 594 28
2166 539 2184 608 )
2208 555 2221 588 :
2255 548 2310 593 tu
2337 553 2466 594 vero
2492 539 2568 593 illi
2597 539 2946 594 benefacienti
2977 549 3029 594 ct
3058 541 3130 594 tui
3155 555 3336 595 curam
3364 541 3541 611 agenti

1956 633 2226 687 maledicis
2246 673 2261 695 ,
2290 648 2411 688 cum
2453 633 2596 686 nulla
2643 633 2694 687 in
2723 648 2782 687 re
2821 633 2979 687 laesus
3009 632 3120 688 sis?
3150 634 3342 688 Annon
3375 635 3544 704 ponti:

1957 722 2164 777 solvere
2192 723 2574 778 tentationem?
2598 722 2789 787 Potuit,
2821 723 2911 778 sed
2940 724 3193 792 permisit,
3220 734 3276 778 ut
3300 726 3395 778 fias
3420 739 3544 794 pro-

1956 813 2152 866 batior.
2181 813 2372 868 Verum
2395 829 2539 877 ecce,
2567 814 2760 882 inquis,
2786 814 3020 868 collabor
3041 815 3249 869 interim
3273 830 3334 870 ac
3360 830 3541 884 pereo.

1956 901 2074 958 Non
2115 913 2332 974 propter
2359 903 2662 959 amictionis
2693 912 2935 959 naturam
2978 905 3118 974 peris
3144 947 3158 972 ,
3201 905 3293 959 sed
3328 915 3545 975 preptcr

1954 1001 2096 1050 tuam
2128 996 2447 1051 socordiam.
2500 996 2591 1050 Dic
2626 995 2757 1050 mihi
2778 1037 2792 1060 ,
2824 1005 2940 1049 utra
2967 1010 3054 1050 res
3079 1007 3159 1050 est
3186 995 3403 1060 facilior,
3435 996 3544 1050 blau

1958 1087 2219 1157 sphemia,
2245 1102 2310 1141 an
2336 1088 2626 1157 gratiarum
2652 1086 2822 1141 actio?
2848 1085 3035 1141 Nonne
3060 1087 3146 1140 illa
3168 1101 3260 1140 eos
3277 1086 3363 1155 qui
3389 1086 3524 1140 audi-

1957 1188 2050 1234 unt
2074 1179 2255 1234 hostes
2282 1188 2338 1235 et
2363 1180 2606 1234 inimicos
2635 1179 2728 1233 tibi
2766 1179 2972 1247 reddit,
3005 1188 3058 1234 et
3084 1179 3136 1232 in
3166 1179 3530 1248 aegritudinem

1954 1270 2116 1325 animi
2137 1271 2352 1338 conjicit
2375 1289 2388 1325 :
2417 1271 2529 1325 hare
2553 1285 2679 1325 vero
2703 1271 3008 1324 innumeras
3029 1268 3182 1324 affert
3200 1268 3541 1339 philosophiae

1955 1375 2200 1427 coronas,
2230 1361 2702 1431 incredibilemque
2728 1360 2795 1415 ab
2824 1359 3071 1414 omnibus
3111 1359 3539 1423 admirationem,

1954 1453 2184 1524 denique
2214 1454 2447 1524 ingentia
2474 1469 2501 1506 a
2526 1453 2636 1508 Deo
2660 1452 2912 1522 prazmia?
2939 1453 3046 1506 Cur
3072 1452 3231 1522 igitur
3251 1452 3390 1522 quod
3420 1453 3546 1506 utile

1957 1552 2058 1606 est,
2089 1543 2232 1613 quod
2273 1543 2427 1598 facile
2453 1585 2469 1610 ,
2503 1543 2642 1612 quod
2672 1542 2961 1612 jucundum
2991 1542 3241 1596 omittens
3264 1583 3281 1609 ,
3327 1541 3377 1596 id
3406 1541 3545 1611 quod

1957 1633 2103 1688 lardit
2123 1675 2136 1700 ,
2171 1633 2313 1704 quod
2336 1634 2619 1689 contristat
2637 1675 2651 1700 ,
2678 1633 2818 1703 quod
2847 1631 3113 1699 tabefacit,
3147 1632 3286 1686 illius
3314 1632 3432 1686 loco
3455 1646 3545 1686 se-

1954 1726 2150 1781 ctaris?
2188 1726 2327 1793 Quin
2369 1733 2423 1779 et
2460 1725 2655 1794 alioqui
2685 1725 2726 1778 si
2764 1723 3076 1778 tentationis
3113 1737 3175 1778 ac
3213 1723 3540 1792 paupertatis

1953 1818 2170 1873 afﬂictio
2196 1833 2354 1874 causa
2380 1827 2524 1873 esset
2543 1816 2991 1886 blasphemiarum
3017 1857 3030 1880 ,
3064 1822 3335 1886 oporteret
3357 1829 3545 1870 omnes

1964 1911 2055 1980 qui
2087 1910 2138 1965 in
2167 1918 2477 1980 paupertate
2504 1911 2685 1964 vivunt
2714 1909 3055 1978 blasphemos
3101 1922 3238 1962 esse.
3266 1907 3415 1963 Nunc
3443 1923 3542 1963 au-

1956 2011 2059 2058 tem
2106 2005 2245 2058 inter
2293 2018 2387 2058 eos
2437 2004 2527 2073 qui
2573 2003 2624 2056 itt
2670 2011 2906 2057 extrema
2955 2001 3151 2071 degunt
3197 2009 3542 2070 paupertate,

1953 2096 2105 2150 tnulti
2141 2095 2339 2165 jugiter
2367 2104 2531 2165 agunt
2573 2095 2768 2165 gratias
2795 2111 2807 2148 :
2836 2093 2922 2147 alii
2951 2104 3132 2147 contra
3153 2134 3168 2157 ,
3215 2093 3303 2163 qui
3348 2093 3539 2162 opibus

1952 2202 2014 2240 ac
2040 2186 2237 2240 divitiis
2261 2185 2505 2250 afﬂuunt,
2527 2199 2632 2238 non
2659 2190 2872 2238 cessant
2890 2197 3135 2237 evomere
3157 2181 3533 2250 blasphemias.

1952 2279 2134 2348 Itaque
2159 2295 2263 2332 non
2290 2279 2403 2349 ipsa
2430 2293 2608 2332 rerum
2635 2285 2844 2342 natura,
2873 2274 2967 2330 sed
2993 2283 3173 2330 nostra
3202 2275 3444 2330 voluntas
3474 2283 3531 2331 et

1952 2369 2051 2424 hoc
2072 2379 2127 2424 et
2160 2369 2284 2423 illud
2311 2368 2494 2424 efﬁcit.

2023 2458 2312 2528 Paupertas
2346 2475 2472 2527 quos
2501 2473 2603 2511 non
2633 2455 2892 2512 lmdat.—
2913 2455 3139 2526 Propter
3167 2454 3270 2510 hoc
3312 2455 3452 2510 enim
3492 2463 3547 2512 et

1952 2548 2089 2604 hanc
2134 2549 2472 2604 recitavimus
2515 2547 2822 2618 parabolam
2849 2587 2863 2610 ,
2913 2554 2968 2600 ut
3011 2559 3364 2615 cognosceres
3405 2546 3547 2616 quod

1953 2639 2221 2694 hominem
2248 2639 2524 2694 socordem
2569 2653 2636 2693 ne
2666 2637 2864 2692 divitia:
2892 2635 3103 2706 quidem
3129 2635 3349 2705 juvent,
3378 2645 3549 2690 atten-

1955 2738 2064 2791 tum
2109 2752 2240 2792 vero
2283 2753 2350 2792 ne
2394 2745 2682 2808 paupertas
2711 2735 2926 2805 quidem
2957 2735 3149 2789 laedere
3193 2735 3360 2805 possit
3410 2732 3549 2802 Quid

1952 2827 2094 2896 dico,
2123 2827 2450 2898 paupertas?
2481 2826 2700 2881 Etiamsi
2731 2825 2910 2880 omnia
2939 2825 3406 2895 conglomerentnr
3432 2838 3549 2892 qute

1954 2929 2080 2976 sunt
2122 2921 2262 2975 inter
2287 2919 2530 2973 homines
2575 2918 2736 2983 mala,
2764 2931 3052 2986 numquam
3097 2915 3386 2984 percellent
3431 2914 3549 2968 ani-

1953 3027 2098 3065 mum
2130 3009 2360 3065 hominis
2387 3010 2555 3063 Deum
2584 3007 2813 3061 amantis
2833 3048 2848 3073 ,
2878 3006 3256 3075 sapientiaeque
3283 3004 3543 3068 studiosi,

1951 3115 2122 3170 neque
2153 3097 2570 3169 persuadebunt,
2602 3107 2658 3150 ut
2689 3112 2718 3150 a
2744 3097 2937 3149 virtute
2968 3093 3201 3148 discedat
3227 3109 3241 3147 :
3275 3102 3328 3147 et
3355 3093 3546 3146 horum

1951 3192 2100 3248 testis
2126 3201 2208 3246 est
2235 3189 2488 3244 Lazarus.
2519 3186 2980 3256 Quemadmodum
3029 3201 3058 3239 e
3084 3184 3296 3239 diverso
3328 3183 3547 3238 mollem

1949 3299 2012 3339 ac
2039 3283 2354 3337 dissolutum
2385 3295 2490 3334 non
2527 3278 2745 3343 divitiae,
2775 3291 2879 3330 non
2905 3275 3125 3342 sanitas,
3160 3290 3263 3328 non
3291 3283 3545 3344 perpetua

1949 3373 2275 3446 prOSperitas
2295 3415 2309 3440 ,
2342 3388 2446 3427 non
2478 3370 2618 3426 aliud
2649 3369 2916 3440 qttidptam
2954 3381 3203 3438 umquam
3230 3365 3414 3437 juvare
3451 3380 3548 3436 po-

1950 3469 2093 3524 terit.

2019 3559 2071 3614 8.
2112 3558 2190 3613 Ne
2220 3557 2379 3627 igitur
2423 3554 2661 3609 dicamus
2704 3549 2844 3620 quod
2877 3557 3160 3620 paupertas
3183 3590 3197 3613 ,
3244 3549 3461 3604 morbus
3495 3555 3550 3602 et

1951 3649 2302 3719 periculorum
2328 3645 2554 3700 insultus
2573 3641 2896 3711 compellant
2917 3639 2982 3693 ad
3006 3638 3408 3708 blasphemiam.
3433 3637 3548 3693 Non

1950 3747 2246 3809 paupertas,
2269 3736 2362 3791 sed
2388 3735 2629 3794 stultitia,
2657 3747 2761 3786 non
2791 3730 3028 3795 morbus,
3050 3729 3143 3783 sed
3175 3738 3534 3798 contemptus.

1949 3848 2053 3885 non
2081 3828 2439 3900 periculorum
2468 3823 2722 3887 insultus,
2749 3820 2843 3876 sed
2872 3819 3082 3889 pietatis
3101 3817 3368 3884 desertio,
3402 3826 3458 3872 ut
3480 3817 3548 3872 ad

1948 3922 2354 3993 blasphemiam,
2389 3919 2458 3974 ita
2484 3917 2550 3971 ad
2580 3930 2738 3970 omne
2763 3911 2978 3968 malitia:
3005 3926 3173 3982 genus
3202 3909 3414 3964 adducit
3445 3911 3515 3963 mi
3541 3946 3549 3953 .

1949 4034 2049 4073 nus
2078 4023 2330 4070 attentos.

2027 4109 2131 4164 Cur
2178 4123 2280 4161 non
2328 4120 2499 4159 omnes
2541 4103 2621 4155 hic
2667 4100 2809 4170 punit
2849 4097 3101 4151 Deus.--
3133 4093 3239 4149 Se’d
3277 4108 3433 4163 quatn
3481 4092 3551 4146 ob

1948 4215 2161 4255 causam
2187 4240 2201 4264 ,
2235 4195 2437 4266 inquiet
2462 4193 2650 4262 aliquis
2671 4233 2686 4259 ,
2716 4189 2806 4244 alii
2837 4185 3051 4258 quidem
3093 4185 3177 4238 hic
3221 4184 3509 4254 puniuntttr
3531 4223 3548 4250 ,

1949 4291 2039 4345 alii
2085 4304 2216 4343 vero
2256 4287 2384 4350 illic,
2429 4300 2492 4339 ac
2519 4297 2624 4338 non
2668 4281 2844 4350 potius
2887 4291 3074 4332 omnes
3121 4276 3247 4329 hic?
3284 4275 3452 4342 Quam
3482 4273 3552 4328 ob

1949 4396 2164 4437 causam
2189 4379 2212 4432 ?
2238 4376 2496 4445 Quoniam
2528 4374 2572 4428 si
2602 4372 2705 4426 hoc
2732 4378 2897 4434 esset,
2929 4381 3118 4422 omnes
3147 4365 3330 4435 utique
3353 4364 3545 4434 periis-

1949 4487 2159 4530 sctnus:
2187 4484 2374 4525 omnes
2400 4468 2541 4522 enim
2568 4478 2755 4521 sumus
2777 4462 2992 4518 obnoxii
3025 4459 3218 4531 pontis.
3241 4459 3472 4513 Rursum
3505 4457 3550 4511 si

1951 4566 2126 4620 nullus
2155 4563 2242 4617 hic
2261 4562 2561 4632 puniretur,
2593 4557 2772 4628 plures
2797 4553 3150 4610 redderentur
3178 4549 3514 4605 socordiorcs
3537 4591 3552 4615 ,

1951 4658 2207 4728 multique
2220 4657 2460 4711 dicerent
2475 4667 2579 4707 non
2593 4665 2712 4707 esse
2727 4646 3134 4720 providentiam.
3145 4643 3349 4698 Etenim
3369 4642 3411 4695 si
3429 4656 3492 4695 cu
3501 4656 3550 4694 m

1953 4766 2094 4807 nunc
2113 4749 2325 4804 videant
2349 4745 2544 4800 multos
2565 4742 2840 4813 improbos
2863 4738 3054 4810 puniri,
3079 4737 3270 4790 multas
3292 4733 3552 4802 ejusmodi

1953 4840 2313 4913 blasphemias
2341 4844 2595 4893 evomunt
2620 4853 2632 4888 :
2661 4835 2704 4889 si
2734 4849 2801 4888 ne
2831 4832 2932 4886 hoc
2962 4828 3174 4900 quidem
3205 4833 3367 4889 esset,
3395 4824 3546 4894 qnida

1957 4953 2079 4992 nam
2121 4932 2404 4990 dicerent?
2434 4931 2501 4986 ad
2529 4927 2670 5000 quod
2713 4924 2930 4980 malithe
2960 4935 3127 4992 genus
3156 4933 3260 4972 non
3290 4931 3540 4986 raperen-

1957 5031 2082 5088 tur?
2111 5030 2216 5085 llas
2240 5028 2310 5082 ob
2349 5041 2436 5081 res
2469 5025 2608 5078 Deus
2648 5005 2781 5074 alios
2811 5015 3025 5087 quidem
3069 5012 3154 5066 hic
3179 5011 3368 5082 punit,
3411 5008 3550 5062 alios

1955 5139 2082 5177 vero
2109 5137 2214 5176 non
2248 5117 2416 5189 punit.
2447 5115 2602 5169 Punit
2629 5112 2841 5180 quidem
2872 5107 3074 5174 aliquos
3095 5145 3109 5168 ,
3141 5100 3392 5157 excideris
3421 5099 3538 5152 illo-

1958 5230 2074 5268 rum
2107 5212 2288 5265 \itium
2315 5251 2328 5273 ,
2358 5219 2675 5276 pmnatnque
2713 5201 2819 5256 illic
2864 5197 3094 5252 reddens
3120 5194 3376 5249 leviorem
3403 5232 3416 5254 ,
3465 5199 3548 5244 aut

1957 5307 2114 5360 etiam
2140 5306 2191 5358 in
2225 5311 2390 5356 totum
2423 5299 2653 5354 liberans
2684 5296 2833 5360 illos,
2866 5301 2918 5348 et
2952 5305 3046 5346 eos
3075 5287 3165 5359 qui
3195 5300 3441 5356 perverse
3471 5285 3545 5338 vis

1958 5407 2090 5452 vunt
2119 5393 2481 5465 castigatiores
2508 5388 2738 5445 reddens
2777 5385 2877 5439 hac
2908 5382 3179 5456 punitione
3213 5397 3228 5434 :
3256 5379 3390 5433 alios
3417 5391 3543 5432 vero

1957 5503 2167 5544 rursum
2200 5501 2304 5540 non
2331 5483 2484 5552 punit
2507 5524 2523 5548 ,
2550 5492 2607 5535 ut
2635 5481 2677 5534 si
2709 5477 3084 5547 resipiscentes
3109 5471 3209 5527 sibi
3233 5470 3362 5540 ipsis
3385 5485 3534 5524 cave«

1958 5581 2100 5644 rint,
2159 5593 2219 5632 ac
2256 5576 2348 5631 Dei
2396 5573 2778 5644 benignitatem
2817 5567 3032 5624 reveriti
3076 5564 3307 5625 fuerint,
3357 5570 3410 5616 et
3450 5558 3546 5616 hic

1962 5672 2252 5726 liberentur
2297 5683 2326 5721 a
2359 5681 2512 5738 pmna
2551 5673 2605 5721 et
2642 5663 2747 5719 illic
2783 5678 2810 5716 a
2841 5658 3137 5731 supplicio:
3175 5657 3258 5711 sin
3293 5653 3536 5727 pet'slitec
