4018 6190
539 214 673 268 10ῧὸ

539 330 669 395 rint,
694 327 860 382 nihilo
887 327 1133 382 meliores
1159 325 1279 380 facti
1312 327 1527 382 lenitate
1555 328 1645 382 Dei
1667 331 1752 398 qui
1777 331 1912 384 mala
1939 344 2117 388 nostra

532 421 622 473 diu
647 420 855 483 tolerat,
876 418 1130 486 majorem
1159 419 1453 472 sustineant
1477 421 1766 476 cruciatum
1794 434 2009 493 propter
2036 427 2119 480 in-

531 513 733 581 signem
762 512 991 580 ipsorum
1011 518 1391 579 contemptum.
1419 511 1570 578 Quod
1592 512 1637 567 si
1664 515 1781 583 quis
1807 516 2000 570 dixerit
2027 533 2121 572 eos

531 603 620 672 qui
643 600 928 670 puniuntur
941 599 1258 654 detrimento
1279 601 1438 666 affici,
1459 603 1737 671 (poterant
1757 607 1896 659 enim
1927 607 2118 676 alioqui

533 691 869 761 resipiscere)
898 691 1022 744 illud
1053 691 1488 759 respondebimus
1515 711 1528 748 :
1555 693 1602 748 si
1643 694 1782 775 Dens
1823 699 2122 765 praescisset

531 782 669 846 fore,
711 789 770 836 ut
815 783 1227 850 resipiscerent,
1261 799 1589 853 nequaquam
1623 785 1878 854 punisset.
1910 787 2118 842 Etenim

535 872 580 924 si
606 887 740 940 quos
787 872 929 926 videt
966 887 1184 927 manere
1223 873 1641 943 incorrigibiles,
1691 875 1922 941 omittit,
1955 880 2120 932 multo

538 962 706 1032 magis
726 977 858 1031 quos
885 973 1103 1017 noverat
1127 979 1190 1017 ex
1224 964 1386 1032 ipsius
1409 965 1622 1019 lenitate
1649 966 1847 1020 laturos
1873 968 2119 1035 fructum,

533 1069 785 1124 passurus
801 1063 915 1109 erat
943 1055 996 1110 in
1015 1057 1260 1125 prmsenti
1281 1057 1402 1122 vita,
1435 1067 1490 1111 ut
1512 1069 1961 1128 consequerentur
1989 1069 2122 1115 tem-

544 1146 688 1211 poris
722 1147 949 1214 spatium
975 1145 1040 1200 ad
1074 1148 1457 1215 pmnitentiam.
1488 1147 1638 1202 Nunc
1657 1159 1832 1204 autem
1859 1165 1952 1205 eos
1980 1166 2120 1220 pra:-

537 1236 757 1304 r‘piens,
788 1246 841 1290 et
867 1237 970 1290 illis
991 1238 1240 1292 leviorem
1270 1239 1320 1292 in
1349 1237 1526 1293 futuro
1552 1241 1748 1294 saeculo
1775 1256 1980 1310 pmnam
2003 1243 2123 1296 rod-

537 1327 636 1390 dit,
671 1327 842 1383 ethos
863 1329 1224 1398 caStigatiores
1251 1331 1461 1385 illorum
1487 1333 1759 1401 suppliciis
1790 1335 1929 1388 facit.
1953 1335 2119 1401 Quam

541 1417 611 1468 ob
637 1432 746 1470 rem
781 1417 938 1486 igitur
978 1433 1082 1472 non
1113 1418 1248 1473 idem
1279 1421 1380 1474 hoc
1409 1421 1534 1476 facit
1578 1424 1630 1476 in
1659 1423 1811 1478 malis
1837 1423 2123 1480 omnibus?

544 1506 611 1561 Ut
631 1507 663 1559 ii
692 1511 778 1576 qui
807 1517 1039 1575 manent,
1072 1525 1165 1578 per
1186 1511 1429 1566 timorem
1456 1513 1679 1567 aliorum
1711 1514 1981 1582 suppliciis
2003 1517 2124 1569 red-

542 1598 736 1652 dantur
777 1602 1140 1671 castigatiorcs
1165 1643 1179 1667 ,
1235 1604 1630 1674 prmdicentque
1679 1606 1769 1660 Dei
1812 1607 2079 1661 lenitatem
2109 1647 2121 1670 ,

541 1688 760 1757 ejusque
783 1690 1162 1746 humanitatem
1186 1693 1419 1758 reveriti,
1447 1695 1702 1749 desistant
1722 1711 1749 1748 a
1774 1697 1988 1750 malitia.
2015 1697 2121 1754 Sed

543 1779 672 1833 nihil
711 1780 895 1834 horum
926 1783 1164 1850 faciunt,
1192 1784 1379 1853 inquit.
1407 1784 1522 1838 Non
1568 1787 1723 1855 igitur
1761 1788 1898 1842 Deus
1928 1789 2037 1856 jam
2068 1789 2121 1842 in

546 1884 705 1923 causa
736 1881 849 1938 est,
895 1873 987 1927 sed
1029 1874 1236 1928 illorum
1266 1875 1505 1929 socordia
1527 1917 1542 1941 ,
1579 1877 1666 1946 qui
1700 1878 1979 1934 noluerunt
2013 1889 2121 1935 tam

549 1960 726 2016 multis
754 1963 1001 2018 remediis
1041 1964 1106 2017 ad
1155 1967 1418 2034 propriam
1461 1969 1533 2021 uti
1571 1968 1814 2023 salutem.
1858 1972 2029 2040 Atque
2069 1982 2126 2026 ut

548 2065 836 2120 cognoscas
880 2054 1020 2122 quod
1060 2054 1180 2110 ideo
1224 2056 1324 2111 hoc
1371 2059 1574 2125 fecerit,
1617 2059 1830 2116 attende
1873 2062 2126 2118 :Miscuit

552 2142 676 2195 olim
715 2145 1024 2214 sanguinem
1057 2145 1394 2201 Galilmorum
1429 2149 1625 2205 Pilatus
1664 2166 1782 2205 cum
1819 2153 2122 2219 sacriﬁciis,

550 2240 605 2284 et
629 2232 941 2288 accedentes
979 2233 1077 2288 hoc
1108 2236 1277 2304 ipsum
1313 2241 1748 2294 renuntiaverunt
1779 2239 1937 2308 .Icsu,
1969 2250 2126 2312 atque

548 2321 637 2375 ille
661 2322 805 2388 dicit,
838 2323 971 2388 Quid
996 2327 1202 2394 putatis,
1224 2328 1359 2395 quod
1385 2328 1461 2381 illi
1488 2327 1693 2384 (ἑαίὶιωί
1716 2329 1812 2384 soli
1839 2343 2127 2401 peccatores

551 2413 792 2480 fuerunt?
829 2411 966 2478 Non,
1004 2413 1119 2468 dico
1159 2416 1293 2468 vobis
1320 2431 1338 2468 :
1369 2418 1464 2471 nisi
1495 2420 1830 2488 paenitentiam
1861 2423 2056 2491 egeritis
2079 2435 2125 2475 et

550 2519 636 2555 vos
665 2503 897 2557 similiter
933 2506 1154 2572 pcribitis
1186 2505 1334 2576 (Luc.
1370 2509 1455 2563 i5.
1485 2509 1562 2580 2).
1592 2510 1820 2565 Rursum
1860 2513 1946 2565 alii
1975 2522 2126 2567 octo-

551 2589 721 2644 decim
750 2592 924 2646 obruti
950 2605 1075 2649 sunt
1100 2595 1248 2648 ruina
1277 2597 1549 2663 cujusdam
1580 2603 1761 2667 turris,
1790 2601 1856 2656 de
1885 2601 1967 2657 his
1997 2619 2129 2672 quo-

555 2695 659 2749 que
685 2681 869 2736 eadem
901 2683 1044 2737 dicit.
1077 2684 1208 2738 Nam
1243 2687 1381 2756 quod
1409 2690 1502 2754 ait,
1531 2690 1666 2756 Quid
1685 2693 1870 2761 putatis
1889 2694 2024 2763 quod
2051 2695 2128 2748 illi

554 2782 834 2842 peccatores
862 2785 1004 2828 crant
1029 2777 1126 2829 soli
1141 2778 1167 2830 ?
1187 2793 1305 2842 non,
1335 2779 1450 2833 dico
1477 2782 1633 2844 vobis,
1661 2781 1896 2836 declarat
1914 2785 2054 2853 quod
2077 2795 2130 2839 et

555 2863 793 2918 viventes
826 2864 1010 2919 iisdem
1046 2877 1196 2922 erant
1221 2868 1456 2924 obnoxii.
1485 2871 1639 2940 Quod
1670 2883 1844 2928 autem
1871 2876 1943 2929 ait
1971 2893 1985 2927 :
2012 2874 2128 2930 Nisi

556 2956 895 3020 paenitentiam
920 2958 1134 3025 egeritis,
1168 2967 1212 3012 et
1251 2976 1336 3013 vos
1371 2961 1601 3015 similiter
1624 2963 1866 3033 peribitis,
1898 2965 2132 3021 declarat

555 3045 697 3116 quod
737 3055 790 3101 et
829 3048 946 3102 illos
971 3051 1214 3118 permisit
1252 3052 1349 3106 hac
1379 3053 1446 3107 de
1484 3069 1644 3109 causa
1681 3056 1767 3109 illa
1796 3057 1922 3126 pati,
1956 3066 2013 3112 ut
2050 3060 2132 3114 vi-

558 3146 742 3192 ventes
767 3140 914 3194 exiis
935 3157 1051 3210 qua:
1071 3144 1281 3197 cmteris
1304 3146 1607 3201 acciderant
1625 3157 1831 3203 terrore
1850 3160 2128 3219 concepto,

560 3229 948 3299 resipiscerent,
987 3241 1039 3286 et
1069 3233 1218 3302 regni
1255 3234 1482 3290 heredes
1521 3239 1724 3292 tierent.
1762 3239 1898 3306 Quid
1941 3241 2134 3310 igitur?

558 3316 624 3370 Ut
651 3335 767 3388 ego,
796 3321 983 3390 inquit,
1011 3321 1130 3376 fiam
1156 3325 1362 3390 melior,
1393 3327 1482 3381 ille
1504 3329 1756 3397 punitur?
1779 3330 1892 3386 Non
1919 3343 2134 3402 propter

561 3408 681 3476 hoc,
713 3411 804 3465 sed
835 3423 1052 3481 propter
1075 3429 1227 3468 suum
1258 3416 1422 3483 ipsius
1451 3428 1726 3487 peccatum
1759 3424 1991 3490 punitur.
2020 3425 2134 3479 Cte-

562 3509 731 3554 terum
766 3501 970 3555 illorum
1012 3503 1256 3559 interitus
1285 3510 1505 3562 attentis
1531 3524 1596 3564 ex
1623 3511 1910 3566 abundanti
1951 3515 2008 3567 fit
2045 3529 2135 3569 oc-

559 3593 705 3645 casio
739 3594 944 3656 salutis.
977 3594 1099 3648 dum
1136 3607 1276 3651 metu
1316 3613 1379 3652 ex
1421 3600 1485 3654 iis
1525 3616 1641 3670 quae
1680 3603 1797 3658 aliis
1829 3604 2136 3659 acciderunt

560 3694 839 3752 concepto,
871 3686 1165 3741 redduntur
1193 3689 1484 3758 probiores.
1524 3691 1703 3747 Itidem
1741 3704 1796 3748 et
1821 3694 2020 3749 domini
2051 3695 2133 3749 fa-

561 3774 710 3829 ciunt
753 3793 766 3828 :
810 3791 914 3829 uno
959 3792 1100 3844 Saepe
1148 3777 1346 3834 famulo
1389 3780 1671 3850 ﬂagellato,
1718 3785 1953 3853 reliquos
1993 3796 2135 3841 metu

561 3867 791 3921 reddunt
810 3869 1218 3926 emendatiores.
1250 3871 1382 3927 Cum
1415 3875 1572 3944 igitur
1601 3876 1794 3931 videris
1819 3879 2026 3948 aliquos
2052 3881 2132 3934 vel

562 3955 614 4008 in
647 3956 970 4027 naufragium
1009 3960 1272 4026 incidisse,
1305 3963 1388 4017 vel
1425 3965 1617 4019 :edium
1658 3967 1806 4021 ruina
1846 3982 2134 4037 oppressos

563 4062 703 4114 esse,
728 4048 806 4101 vel
840 4049 1083 4105 incendio
1109 4053 1351 4121 periisse,
1373 4056 1509 4110 vela
1530 4056 1704 4112 fluviis
1725 4059 1974 4129 abreptos
1994 4077 2132 4128 esse,

563 4147 653 4191 aut
678 4139 784 4194 alio
810 4143 1054 4210 quopiam
1081 4143 1238 4197 modo
1264 4145 1497 4222 violento
1519 4146 1680 4201 vitam
1703 4149 1882 4204 finisse
1911 4168 1923 4204 :
1947 4150 2137 4206 deinde

566 4231 719 4293 alios,
764 4233 853 4302 qui
898 4235 1080 4288 eadem
1127 4251 1247 4290 cum
1294 4238 1398 4292 illis
1443 4247 1498 4293 et
1543 4241 1785 4309 graviora
1828 4253 2133 4311 peccarunt,

566 4321 694 4374 nihil
741 4324 843 4377 tale
873 4339 1076 4392 passos,
1110 4343 1176 4382 ne
1201 4329 1533 4384 eonturberis
1561 4330 1743 4386 dicens
1763 4373 1776 4396 ,
1807 4349 1902 4388 cur
1926 4335 2136 4390 tandem

565 4416 653 4484 qui
682 4417 863 4470 eadem
893 4431 1198 4486 peccarunt,
1233 4437 1337 4477 non
1364 4422 1548 4478 eadem
1582 4426 1719 4494 passi
1752 4427 1912 4480 sunt?
1943 4428 2136 4482 Verum

568 4505 696 4559 illud
738 4519 948 4575 reputa,
988 4510 1130 4578 quod
1169 4511 1310 4567 Deus
1349 4514 1497 4568 illum
1534 4515 1744 4584 quidem
1785 4532 1970 4585 passus
2005 4527 2141 4573 este

568 4597 743 4651 medio
775 4598 884 4652 tolli
927 4601 1326 4672 prmfocarique,
1370 4605 1632 4659 tnitiorcm
1663 4607 1710 4661 ei
1741 4623 2046 4676 praeparans
2086 4609 2139 4662 in

567 4689 742 4744 futuro
785 4691 980 4747 saeculo
1029 4694 1354 4758 cruciatum,
1386 4705 1476 4750 aut
1524 4699 1682 4752 etiam
1733 4701 1782 4753 in
1830 4709 1996 4754 totum
2016 4715 2137 4756 eum

568 4782 802 4838 liberans
837 4800 851 4837 :
883 4784 1022 4836 hunc
1047 4798 1173 4837 vero
1213 4783 1345 4839 nihil
1383 4785 1483 4839 tale
1530 4801 1717 4856 passus
1745 4799 1824 4843 est
1851 4791 2136 4858 sustinere,

559 4887 620 4933 ut
668 4873 887 4930 alterius
935 4875 1194 4944 supplicio
1243 4877 1559 4946 castigatior
1602 4880 1807 4943 factus,
1848 4879 2140 4934 modestior

562 4967 919 5022 redderetur:
952 4967 1092 5036 quod
1130 4967 1172 5020 si
1219 4969 1640 5037 perseveraverit
1684 4969 1735 5023 in
1769 4969 1988 5033 iisdem,
2017 4984 2141 5023 eru-

565 5053 891 5112 delissimam
943 5059 1042 5113 sibi
1073 5060 1168 5129 ipsi
1200 5075 1268 5114 ex
1306 5076 1400 5116 sua
1449 5061 1688 5116 socordia
1741 5069 2017 5116 coacervat
2063 5061 2144 5115 ul-

571 5160 766 5203 tionem
789 5191 803 5215 ,
843 5165 938 5204 nec
975 5151 1113 5204 Deus
1139 5151 1295 5205 fuerit
1318 5165 1476 5204 causa
1504 5150 1851 5205 intolerabilis
1875 5151 2140 5220 supplicii.

572 5244 800 5296 Rursum
843 5241 885 5295 si
937 5242 1132 5296 videris
1189 5241 1390 5311 justum
1430 5240 1587 5311 allligi
1614 5282 1628 5307 ,
1670 5249 1759 5294 aut
1809 5241 1983 5294 omnia
2026 5256 2143 5310 qua:

572 5329 709 5383 dicta
760 5341 883 5386 sunt
931 5333 1345 5401 perpetientem,
1406 5348 1471 5386 ne
1526 5331 1884 5386 consterneris
1945 5331 2140 5386 animo.

575 5420 702 5475 Nam
749 5437 802 5477 et
872 5423 947 5477 illi
1018 5440 1102 5479 res
1153 5425 1398 5490 acerbae,
1454 5423 1846 5493 splendidiores
1919 5423 2146 5478 reddunt

575 5504 800 5566 coronas
831 5531 843 5565 :
876 5529 927 5567 et
971 5515 1199 5583 onmino,
1227 5515 1424 5586 qumvis
1472 5528 1624 5583 paena
1649 5555 1665 5580 ,
1723 5513 1978 5582 siquidem
2018 5528 2140 5582 pec-

577 5613 712 5653 cato:
728 5600 842 5657 ibus
860 5601 1380 5674 inﬂigaturﬁetrahit
1406 5603 1599 5674 aliquid
1622 5603 1866 5658 vitiorum
1883 5603 2100 5674 ponderi
2127 5622 2141 5658 ;

1248 214 1304 266 S.
1347 213 1620 269 JOANNIS
1659 215 2132 278 CHRYSOSTOMI
2173 217 2486 278 ARCIIIEP.
2527 221 3056 278 CONSTANTINOP.

3589 231 3694 290 lii-34

2229 333 2483 402 sinjustis
2500 334 3195 405 infligatur,splendidiorem
3214 336 3375 392 reddit
3393 339 3483 394 illis
3503 343 3697 416 annuum,

2227 424 2304 478 sic
2325 433 2378 476 ut
2402 424 2637 494 utrisque
2665 427 2924 480 maximus
2948 443 3010 481 ex
3035 426 3319 507 afﬂictione
3342 429 3516 484 fructus
3529 440 3700 507 eveniat,

2227 522 2426 567 tantum
2448 514 2491 567 si
2515 525 2662 582 grate
2679 516 3085 572 toleremusdioc
3101 498 3239 570 enim
3267 529 3342 572 est
3356 520 3478 588 quod
3494 525 3713 590 quaeritur,

2298 603 2351 656 9.
2381 603 2603 672 Propter
2629 603 2731 657 hoc
2766 620 2886 657 eum
2917 607 3022 659 sint
3071 607 3326 675 ejusmodi
3363 611 3572 670 exempla
3595 614 3714 668 innu-

2227 693 2494 747 merabilia
2511 735 2525 760 ,
2574 704 2832 746 sacrarum
2845 688 3450 758 Scripturarumhistoria
3465 699 3538 752 bis
3563 703 3721 771 repleta

2227 791 2341 848 est,
2359 782 2534 852 justos
2566 798 2627 836 ac
2665 783 2889 852 injustos
2923 785 3071 838 malis
3092 786 3315 840 amictos
3340 785 3480 842 nobis
3494 792 3719 856 exhibens,

2230 881 2284 926 ut
2303 872 2415 926 sive
2432 872 2606 941 justus
2623 873 2715 940 sis,
2741 874 2852 928 sive
2871 883 3131 943 peccator,
3159 878 3397 945 quoniam
3418 877 3561 934 babes
3584 897 3721 938 excin-

2229 961 2310 1030 pla
2336 1001 2352 1025 ,
2388 961 2526 1016 feras
2579 964 2800 1018 fortiter.
2829 965 2944 1020 Non
2991 967 3159 1021 solum
3209 975 3378 1021 autem
3407 970 3607 1025 ostendit
3649 975 3718 1030 tibi

2230 1052 2499 1121 improbos
2525 1055 2677 1109 malis
2705 1055 2926 1110 afﬂictos
2951 1099 2966 1120 ,
2997 1073 3179 1112 verum
3201 1059 3356 1112 etiam
3386 1059 3584 1115 feliciter
3600 1080 3721 1133 ager.-

2231 1151 2345 1210 tes,
2369 1159 2438 1198 ne
2475 1144 2685 1198 illorum
2718 1146 2967 1201 felicitate
3009 1147 3342 1202 conturberis
3365 1189 3380 1213 ,
3408 1151 3620 1205 nimirum
3653 1153 3722 1206 do.

2230 1240 2348 1287 ctus
2378 1249 2440 1288 ex
2493 1234 2557 1288 iis
2582 1251 2700 1304 quae
2723 1235 2872 1290 diviti
2917 1238 3269 1302 acciderunt,
3332 1233 3604 1306 cuiusmodi
3640 1242 3724 1298 illos

2229 1331 2348 1391 post
2419 1322 2556 1378 hanc
2611 1323 2770 1378 vitam
2825 1334 3035 1380 maneat
3085 1328 3422 1393 incendium,
3474 1330 3562 1383 nisi
3604 1331 3720 1384 vitam

2227 1427 2345 1466 eam
2397 1414 2726 1482 reliquerint.
2785 1414 2902 1469 Non
2953 1431 3277 1485 possumus,
3327 1418 3512 1487 inquit,
3567 1428 3610 1473 et
3666 1420 3725 1475 hic

2228 1513 2283 1558 et
2304 1503 2410 1558 illic
2433 1505 2613 1575 requie
2639 1504 2738 1559 frui
2769 1522 2782 1558 :
2812 1521 2918 1560 non
2951 1521 3232 1576 possumus
3261 1549 3277 1576 ,
3309 1508 3525 1578 inquam.

2303 1596 2607 1651 Sanctorum
2651 1598 2825 1651 veteris
2871 1597 3179 1652 Testam'cnti
3229 1615 3477 1652 (erumnas.
3507 1629 3566 1640 -
3592 1599 3727 1669 quue

2227 1685 2355 1756 justi
2387 1688 2632 1742 vixerunt
2669 1688 2754 1742 hic
2797 1687 2957 1742 vitam
2998 1689 3274 1742 laboribus
3319 1689 3593 1744 obnoxiam.
3629 1690 3725 1757 Quid

2229 1778 2388 1848 igitur
2410 1821 2425 1846 ,
2453 1780 2646 1848 inquis,
2679 1780 2986 1835 Abraham?
3038 1781 3107 1834 Et
3135 1782 3254 1851 quis
3303 1788 3403 1835 tant
3448 1782 3590 1835 multa
3632 1783 3726 1834 dura

2230 1885 2510 1940 perpessus
2537 1871 2658 1926 est?
2685 1870 2871 1925 Nonne
2895 1887 2923 1924 a
2955 1882 3180 1941 paterno
3205 1871 3473 1926 exsultavit
3495 1871 3727 1926 solo?Non-

2233 1977 2302 2016 ne
2346 1976 2374 2014 a
2405 1961 2517 2016 suis
2559 1963 2805 2017 omnibus
2829 1961 3070 2018 divulsus
3098 1963 3214 2018 est?
3237 1961 3416 2017 Nonne
3443 1964 3488 2016 in
3517 1963 3730 2031 peregrina

2229 2051 2444 2122 regione
2492 2051 2684 2107 famem
2735 2053 3021 2108 sustinuit?
3067 2052 3259 2108 Nonne
3301 2054 3437 2108 velut
3481 2067 3585 2107 erro
3627 2052 3732 2120 quis.

2230 2143 2369 2212 piam
2401 2183 2415 2208 ,
2447 2143 2672 2198 subinde
2726 2145 2890 2198 vertit
2917 2144 3089 2198 solum
3119 2185 3134 2208 ,
3167 2159 3198 2198 a
3230 2143 3488 2213 Babylone
3528 2142 3570 2194 in
3609 2140 3732 2194 Μεδο-

2233 2233 2558 2301 potandam,
2613 2233 2736 2288 inde
2785 2234 2838 2288 in
2884 2235 3264 2301 Palaestinam,
3310 2248 3481 2288 rursus
3529 2234 3645 2286 illinc
3694 2233 3730 2285 in

2233 2325 2522 2395 Egyptum
2547 2323 2696 2396 (Gen.
2722 2326 2808 2380 12.
2838 2325 3037 2396 etsqq.)
3060 2326 3083 2380 ?
3114 2327 3245 2394 Quis
3270 2326 3457 2380 referre
3477 2325 3615 2394 possit
3634 2323 3733 2377 bella

2233 2430 2352 2482 quae
2388 2431 2484 2484 pro
2542 2430 2708 2470 uxore
2737 2455 2752 2481 ,
2799 2433 2918 2484 qua:
2971 2431 3092 2470 cum
3141 2415 3384 2470 barbaris
3439 2414 3610 2485 gessit?
3651 2412 3738 2482 quis

2233 2507 2469 2576 strages?
2493 2507 2610 2576 quis
2657 2519 2894 2576 cognata:
2921 2507 3132 2562 familiae
3193 2506 3577 2578 captivitatem?
3616 2504 3738 2572 llujus

2233 2598 2442 2666 generis
2471 2598 2572 2650 alia
2601 2607 2726 2652 sunt
2775 2598 3207 2652 innumerabilia.
3253 2598 3383 2653 Cum
3419 2597 3562 2650 lilium
3602 2609 3738 2648 susce.

2240 2690 2433 2758 pisset,
2463 2704 2640 2743 nonne
2665 2689 2808 2759 quod
2855 2699 2936 2744 est
2963 2691 3208 2744 omnium
3239 2689 3456 2744 maxime
3476 2684 3738 2742 intolerabile

2239 2795 2517 2849 perpessus
2560 2788 2679 2847 est,
2728 2795 2851 2836 eum
2909 2781 3018 2834 suis
3077 2781 3252 2850 ipsius
3295 2781 3518 2834 manibus
3563 2785 3739 2830 mactare

2235 2871 2415 2942 jussus
2443 2912 2460 2939 ,
2489 2887 2644 2942 quem
2675 2872 2952 2926 adamabat
2977 2913 2994 2936 ,
3025 2886 3145 2927 eum
3184 2887 3354 2942 quem
3382 2869 3582 2925 habebat
3616 2866 3739 2920 caris-

2237 2963 2428 3017 simum
2474 2960 2634 3032 (Ibid.
2667 2961 2756 3033 22)
2778 2961 2801 3015 ?
2825 2961 2962 3028 Quin
3000 2973 3053 3016 et
3083 2961 3195 3031 ipse
3231 2959 3556 3016 immolandos
3596 2956 3732 3019 Isaac,

2241 3070 2418 3109 nonne
2451 3055 2595 3108 onmi
2625 3069 2692 3108 ex
2741 3066 2894 3123 parte
2918 3068 3129 3122 semper
3173 3067 3208 3105 a
3241 3051 3466 3106 ﬁnitimis
3499 3047 3738 3108 vexabatur,

2237 3146 2372 3202 adeo
2437 3155 2495 3200 ut
2541 3154 2597 3200 et
2641 3161 2807 3200 uxore
2853 3144 3109 3214 spoliatus
3158 3143 3327 3199 fuerit
3371 3137 3740 3213 quemadmodum

2239 3249 2388 3307 pater
2410 3275 2426 3303 ,
2472 3245 2528 3291 et
2555 3245 2702 3290 tanto
2730 3245 2966 3306 tempore
3014 3236 3130 3290 sine
3159 3235 3346 3290 liberis
3382 3230 3623 3287 manserit?
3643 3223 3741 3294 Quid

2241 3344 2401 3399 porro
2426 3328 2590 3383 Jacob
2635 3328 2686 3381 in
2711 3329 2894 3396 patriis
2939 3327 3141 3380 mdibus
3171 3327 3428 3381 educatus
3447 3365 3460 3388 ,
3491 3335 3637 3376 nonne
3657 3332 3741 3386 gra-

2239 3421 2382 3474 viora
2404 3434 2560 3488 quam
2593 3432 2725 3472 avus
2753 3432 3035 3488 perpessus
3055 3417 3175 3471 est?
3206 3419 3290 3471 Ac
3315 3432 3380 3471 ne
3393 3413 3586 3484 singulis
3605 3421 3740 3462 receno

2241 3510 2428 3565 sendis
2478 3509 2816 3580 prolixiorem
2847 3509 3129 3563 reddamus
3177 3508 3503 3568 orationem,
3528 3494 3742 3566 audiquid

2239 3602 2306 3656 de
2351 3610 2456 3656 tota
2500 3603 2604 3656 vita
2631 3617 2724 3656 sua
2752 3601 2893 3655 dicat
2919 3617 2931 3653 :
2957 3599 3121 3652 Pauci
3165 3609 3209 3652 et
3258 3599 3378 3653 mali
3415 3597 3511 3649 dies
3552 3591 3743 3654 mei,nec

2246 3695 2552 3765 pertigerunt
2607 3695 2673 3746 ad
2727 3694 2832 3746 dies
2884 3702 3083 3762 patrum
3130 3708 3354 3754 meorum
3405 3688 3550 3760 (Ibid.
3576 3685 3647 3737 17.
3687 3679 3742 3748 9).

2245 3786 2530 3840 Enimvero
2568 3787 2612 3839 si
2644 3785 2760 3854 quis
2789 3785 2953 3838 tilium
2982 3785 3318 3852 conspiceret
3358 3782 3408 3836 in
3436 3779 3568 3849 regio
3601 3776 3745 3828 throno

2241 3877 2509 3930 sedentem
2541 3916 2556 3942 ,
2602 3884 2657 3929 et
2701 3885 2842 3928 tanta
2870 3874 3130 3928 fruentem
3169 3875 3339 3943 gloria
3379 3885 3538 3926 annon
3573 3870 3745 3936 prseter-

2247 3969 2436 4022 itarum
2506 3966 2866 4020 calamitatum
2932 3963 3410 4020 oblivisceretur?
3485 3969 3631 4015 tamen
3685 3951 3750 4004 illo

2243 4059 2294 4112 in
2354 4067 2556 4112 tantum
2611 4067 2726 4111 erat
2770 4057 2924 4111 malis
2973 4065 3277 4110 maceratus
3307 4096 3324 4121 ,
3373 4062 3427 4109 ut
3471 4066 3531 4106 ne
3575 4048 3620 4102 in
3644 4049 3750 4098 tanta

2241 4147 2452 4217 quidem
2515 4147 2864 4217 prosperitate
2943 4147 3173 4216 potuerit
3249 4153 3590 4200 anteactorutn
3659 4145 3746 4187 111³⁸

2242 4239 2415 4294 lorum
2467 4238 2728 4294 oblivisci.
2762 4237 2898 4306 Quid
2946 4248 3126 4292 autem
3170 4235 3384 4290 David?
3413 4235 3563 4301 Quam
3603 4223 3750 4280 multa!

2248 4329 2499 4384 sustinuit
2541 4329 2870 4397 tragtedias?
2909 4329 3102 4383 Annon
3129 4327 3316 4382 eadem
3337 4326 3460 4381 dicit
3484 4334 3587 4392 qua:
3608 4311 3748 4374 Iacob.

2245 4423 2384 4477 hunc
2409 4423 2461 4476 in
2517 4421 2732 4477 modum
2782 4421 3038 4489 loquens?
3066 4417 3190 4472 Die:
3240 4432 3484 4472 annorum
3527 4416 3751 4465 nostrorum

2243 4514 2295 4566 in
2320 4513 2442 4583 ipsis
2470 4514 2789 4582 septuaginta
2837 4512 2956 4565 anni
3003 4512 3095 4564 :si
3134 4519 3305 4563 autem
3351 4511 3400 4563 in
3447 4497 3749 4583 potentatiltttl.

2249 4604 2502 4672 octoginta
2530 4603 2683 4666 anni,
2713 4611 2761 4655 et
2789 4603 2923 4672 quod
2949 4603 3168 4672 amplius
3188 4601 3391 4654 illorum
3419 4597 3549 4652 labor
3572 4606 3622 4644 ac
3637 4582 3750 4686 tif!“

2246 4691 2416 4761 (Psal.
2455 4693 2542 4748 89.
2588 4693 2699 4761 10).
2729 4693 2864 4760 Quid
2912 4707 3038 4746 vero
3107 4691 3406 4746 Jeremias?
3444 4687 3608 4742 Nonne
3644 4677 3747 4732 diem

2245 4796 2356 4838 sum
2384 4784 2672 4837 nativitatis
2698 4793 3024 4847 exsecratur,
3051 4782 3121 4836 ob
3145 4782 3298 4835 malis
3337 4771 3642 4835 succedentia
3672 4776 3747 4818 ιῐιίι·

2246 4867 2451 4940 la(Jer.
2500 4874 2758 4945 20.14)?
2807 4873 2943 4940 Quid
2985 4881 3160 4927 autem
3214 4873 3382 4926 Moses
3426 4865 3572 4938 ipse?
3609 4859 3747 4913 Νοηηθ

2245 4970 2476 5021 animum
2503 4968 2837 5037 despondens
2888 4971 3002 5032 ait,
3038 4968 3221 5022 Occide
3270 4985 3346 5022 me
3371 5009 3385 5030 ,
3433 4966 3474 5019 si
3519 4962 3583 5016 sic
3606 4964 3747 5054 ηιειξείπξ

2243 5066 2446 5110 acturus
2492 5068 2563 5112 est
2601 5059 2790 5127 (Num.
2822 5062 2907 5114 11.
2943 5061 3068 5130 15)?
3093 5059 3270 5114 Helias
3298 5072 3440 5122 vero,
3471 5053 3604 5122 cujus
3627 5053 3742 5099 animt

2251 5146 2549 5206 sublimitas
2581 5149 2646 5202 ad
2674 5149 2863 5223 caelum
2893 5165 3058 5218 usque
3090 5148 3412 5218 ρυΐῑῖιδϐθδδι
3433 5185 3450 5212 ν
3492 5141 3571 5211 qni
3607 5132 3743 5231 Citium

2248 5238 2485 5306 clausit,
2531 5256 2704 5294 annon
2759 5249 2879 5309 post
2931 5241 3091 5294 multa
3145 5240 3284 5294 edita
3336 5235 3556 5308 prodigia
3601 5231 3742 5296 just!“

2249 5335 2571 5390 lamentatur
2600 5334 2669 5387 ita
2719 5333 2942 5402 loquens
2972 5334 3117 5387 Deo:
3152 5331 3292 5385 Tolle
3337 5330 3544 5384 animam
3581 5321 3745 5424 ξ

2250 5440 2368 5480 me:
2390 5441 2487 5478 non
2513 5441 2624 5479 sum
2677 5401 2852 5477 melior
2878 5423 3106 5493 patribus
3141 5423 3263 5476 meis
3313 5423 3385 5491 (3.
3432 5416 3547 5486 Reg.
3581 5401 3740 5463 19.4)ῗ

2255 5514 2354 5570 Sed
2383 5530 2633 5584 quorsum
2685 5514 2871 5567 attinet
2899 5514 2997 5568 ista
3023 5513 3326 5582 singulatim
3373 5498 3630 5578 persequi?
3648 5494 3744 5583 ΡΨ

2257 5614 2336 5661 tus
2366 5621 2548 5660 omnes
2577 5605 2730 5658 simul
2773 5603 3081 5674 complexus
3109 5604 3182 5658 sic
3211 5601 3336 5657 dicit
3370 5618 3381 5652 :
3411 5592 3682 5651 Circuierunt
3711 5588 3746 5626 ω
