4018 6190
349 198 484 253 1003

342 314 455 370 ἀπὸ
485 313 587 386 τῆς
620 314 973 383 ἀνεξικακίας
997 318 1364 392 ὠφελούμενοι
1393 322 1486 376 τοῦ
1518 325 1678 392 Θεοῦ,
1710 326 1931 397 μείζονα

342 396 623 452 ὑποστῶσι
649 398 751 468 τὴν
791 402 1061 472 τιμωρίαν
1105 403 1194 457 διὰ
1233 405 1332 475 τὴν
1365 405 1505 475 ἄγαν
1538 396 1722 462 αὐτῶν
1759 427 1932 464 κατα-

342 481 625 553 φρόνησιν.
654 481 718 535 Εἰ
764 482 821 535 δέ
854 482 1001 551 λέγοι
1030 502 1113 549 τις
1145 486 1257 541 τῶν
1299 483 1358 541 εὖ
1394 489 1615 542 εἰδότων
1649 492 1731 545 ὅτι
1762 494 1816 545 οίο
1842 510 1933 546 κο-

340 562 633 645 λαζόμενοι
674 565 1069 635 ὲπηρεάζονται
1099 568 1379 638 (ήδύναντο
1409 571 1519 642 γάρ
1548 574 1928 645 μετανοῆσαι),

339 644 520 702 ἐκεῖνο
566 647 634 702 ἂν
685 649 956 720 εἴποιμεν,
987 652 1068 705 ὅτι
1125 650 1176 707 εί
1218 653 1440 726 προῄδει
1497 644 1930 727 μετανοήσοντας

339 730 540 793 αὐτοὺς
582 733 610 783 6
651 731 803 794 θεὸς,
835 733 936 787 οὐκ
978 733 1044 788 ἂν
1077 735 1352 789 ἐκόλασεν.
1383 738 1446 790 Εἰ
1493 738 1603 809 γάρ
1641 738 1733 803 οὒς
1786 736 1928 794 οἶδεν

338 812 705 884 ἀδιορθώτους
750 815 1031 885 μένοντας,
1068 818 1218 888 ὅμως
1262 819 1474 889 ἀφίησι,
1515 821 1695 893 πολλῷ
1727 823 1929 894 μᾶλλον

336 898 434 963 οὒς
471 898 586 970 ᾔδει
634 899 1028 970 κερδανοῦντας
1072 902 1178 955 ἀπὸ
1214 903 1313 973 τῆς
1348 904 1512 957 αὐτοῦ
1549 905 1930 978 μακροθυμίας

336 982 524 1036 είασεν
570 981 641 1036 ἂν
668 984 725 1036 ἐν
774 986 839 1054 τῇ
875 983 1123 1058 παρούσῃ
1151 984 1286 1057 ζωῇ,
1312 985 1454 1041 ὥστε
1484 988 1792 1044 ἀπολαῦσαι
1829 992 1929 1062 τῆς

339 1065 686 1136 προθεσμίας
726 1066 806 1130 εἰς
842 1068 1151 1138 μετάνοιαν.
1191 1069 1333 1123 Νυνί
1369 1070 1426 1124 δὲ
1486 1072 1927 1145 προαναρπάζων

335 1150 559 1213 αὐτοὺς,
591 1149 866 1213 κάκείνοις
921 1150 1259 1223 κουφοτέραν
1300 1151 1399 1224 τὴν
1440 1155 1558 1207 ἐκεῖ
1587 1155 1743 1227 δίκην
1790 1156 1927 1209 καθ-

339 1232 552 1303 ίστησι,
589 1233 684 1286 καὶ
737 1233 961 1297 τούτους
1014 1237 1492 1308 σωφρονεστέρους
1541 1241 1659 1303 ταῖς
1700 1239 1925 1293 ἐκείνων

335 1317 634 1389 τιμωρίαις
679 1318 1098 1390 κατεργάζεται.
1143 1320 1255 1373 Kal
1297 1320 1441 1385 τίνος
1482 1321 1669 1376 ἕνεκεν
1697 1322 1797 1376 οὐκ
1831 1324 1925 1376 ἐπὶ

335 1402 560 1455 πάντων
608 1401 768 1455 τοῦτο
805 1406 949 1456 ποιεῖ
997 1402 1108 1458 τῶν
1166 1404 1458 1475 πονηρῶν;
1501 1405 1619 1459 Ἵνα
1654 1404 1733 1477 τῷ
1773 1405 1925 1478 φόϐῳ

335 1487 435 1539 καὶ
466 1488 585 1549 ταῖς
629 1485 830 1555 ἐτέρων
861 1485 1154 1556 τιμωρίαις
1201 1487 1455 1556 μένοντες
1496 1489 1923 1561 σωφρονέστεροι

333 1569 630 1639 γένωνται.
665 1570 760 1622 καὶ
808 1569 906 1641 τὴν
956 1569 1340 1642 μακροθυμίαν
1393 1572 1782 1637 ἐπαινέσαντες
1827 1572 1923 1627 τοῦ

332 1652 472 1706 Θεοῦ
514 1652 609 1706 κοιλ⁸
647 1653 748 1723 τὴν
782 1652 1083 1706 ἐπιείκειαν
1124 1652 1484 1720 αἰδεσθέντες,
1515 1656 1618 1727 τῆς
1655 1656 1926 1727 πονηρίας

332 1736 669 1790 ἀποστῶσιν.
706 1735 846 1789 Ἀλλ’
871 1736 1022 1791 οὐδὲν
1049 1735 1256 1790 τούτων
1286 1736 1519 1815 ποιοῦσι,
1554 1738 1739 1809 φησίν.
1780 1738 1921 1792 Ἀλλ’

330 1821 433 1891 οὐχ
470 1822 498 1874 6
524 1819 657 1883 Θεὸς
700 1820 874 1883 αἴτιος
919 1819 1127 1884 λοιπὸν,
1171 1819 1287 1874 ἀλλ’
1332 1821 1366 1892 ή
1409 1821 1632 1875 ἐκείνων
1679 1821 1922 1893 ῥᾳθυμία

335 1904 415 1976 μὴ
443 1903 810 1975 βουληθέντων
836 1904 1110 1968 τοσούτοις
1139 1903 1452 1976 φαρμάκοις
1476 1906 1558 1969 εἰς
1586 1896 1684 1976 τὴν
1715 1906 1923 1960 οἰκείαν

333 1986 752 2059 ἀποχρήσασθαι
776 1986 1072 2059 σωτηρίαν.
1104 1986 1209 2040 Kal
1238 1988 1326 2042 ἵνα
1357 1986 1536 2058 μάθῃς
1551 1988 1634 2040 ὅτι
1655 1987 1745 2041 διὰ
1765 1984 1923 2043 τοῦτο

331 2070 496 2123 τοῦτο
522 2073 687 2132 ποιεῖ,
712 2069 950 2141 πρόσεχε
974 2077 1017 2124 ⁸.
1051 2068 1246 2141 Ἐμιξέ
1268 2087 1399 2123 ποτε
1430 2070 1492 2123 τὸ
1516 2064 1657 2141 αἷμα
1680 2070 1790 2124 τῶν
1816 2071 1921 2124 Γα-

330 2153 557 2208 λιλαίων
593 2155 622 2209 6
656 2153 889 2217 Πιλᾶτος
920 2152 1060 2223 μετά
1086 2152 1195 2206 τῶν
1222 2152 1448 2216 θυσιῶν,
1481 2153 1576 2229 καὶ
1598 2153 1922 2225 προσελθόν-

329 2256 426 2303 τες
458 2238 602 2302 τινὲς
628 2237 972 2307 ἀπήγγειλαν
988 2236 1066 2308 τῷ
1086 2237 1308 2309 Χριστῷ
1333 2236 1466 2291 αὐτὸ
1486 2236 1645 2292 τοῦτο
1664 2256 1677 2268 ⁸
1708 2238 1806 2292 καὶ
1835 2238 1922 2292 λέ-

328 2339 419 2391 γει
437 2338 449 2351 ·
486 2323 549 2376 Τί
572 2321 804 2376 δοκεῖτε
819 2321 909 2374 ὅτι
934 2319 1152 2375 ἐκεῖνοι
1179 2324 1231 2375 οἱ
1248 2321 1564 2375 Γαλιλαῖοι
1584 2321 1922 2391 ἁμαρτωλοὶ

320 2406 501 2475 μόνοι
531 2400 732 2476 ἦσαν;
756 2404 925 2473 Οὐχί,
959 2404 1115 2475 λέγω
1152 2404 1297 2474 ὑμῖν
1317 2421 1330 2435 ⁸
1367 2405 1508 2459 ἀλλ’
1527 2443 1542 2468 ,
1572 2405 1681 2460 ἐὰν
1702 2404 1790 2475 μὴ
1815 2423 1921 2475 με·

328 2489 691 2557 τανοήσητε,
717 2489 816 2543 καὶ
848 2488 1018 2558 ὑμεῖς
1049 2489 1265 2558 ὁμοίως
1292 2489 1641 2544 ἀπολεῖσθε.
1690 2489 1862 2545 Πάλιν
1890 2491 1919 2533 b

325 2573 509 2645 ἕτεροι
531 2573 664 2627 δέκα
693 2573 786 2626 καὶ
820 2571 964 2625 ὀκτὼ
1002 2571 1430 2643 κατεχώσθησαν
1457 2571 1562 2625 ὐπὸ
1602 2572 1815 2645 πύργου
1839 2592 1921 2628 τι·

326 2657 420 2721 νός
444 2673 457 2686 ⁸
490 2655 585 2710 καὶ
633 2655 763 2727 περὶ
810 2655 1037 2709 ἐκείνων
1076 2655 1145 2708 τά
1187 2653 1329 2708 αὐτὰ
1357 2651 1479 2707 εἶπε
1503 2671 1518 2684 ⁸
1580 2655 1657 2726 τῷ
1688 2658 1785 2727 μὲν
1811 2658 1920 2730 γὰρ

328 2741 527 2803 εἰπεῖν,
556 2738 625 2792 Τί
652 2738 881 2793 δοκεῖτε
903 2738 993 2792 ὅτι
1021 2738 1239 2792 ἐκεῖνοι
1265 2738 1603 2807 ἁμαρτωλοί
1630 2738 1797 2808 ἦσαν
1819 2742 1920 2809 μό-

324 2823 655 2892 νον;οὺχὶ,
710 2821 865 2893 λέγω
907 2822 1083 2892 ὑμῖν·
1127 2822 1331 2890 ἔδειξεν
1386 2824 1470 2877 ὄτι
1498 2824 1592 2877 καί
1633 2825 1683 2877 οἱ
1717 2823 1920 2889 ζῶντες

322 2907 439 2960 τῶν
471 2906 651 2959 αὐτῶν
678 2901 820 2976 ἦσαν
847 2905 1168 2960 ὑπεύθυνοι·
1201 2905 1280 2976 τῷ
1307 2906 1364 2958 δέ
1398 2908 1572 2959 εἰπεῖν
1598 2945 1612 2969 ,
1649 2906 1731 2959 ὃτι
1777 2906 1919 2960 Ἐὰν

322 2990 411 3060 μὴ
427 2989 868 3059 μετανοήσητε,
899 2991 998 3044 καί
1037 2988 1207 3060 ὑμεῖς
1238 2989 1523 3055 ὡσαύτως
1565 2988 1914 3055 ἀπολεῖσθε,

324 3075 533 3139 ἔδειξεν
566 3075 648 3128 ὅτι
674 3074 950 3137 κάκείνοις
988 3072 1334 3144 συνεχώρησε
1363 3071 1453 3126 διὰ
1478 3072 1638 3125 τοῦτο
1686 3071 1914 3134 παθεῖν,

327 3157 419 3211 ἵνα
447 3159 495 3211 οί
523 3156 726 3223 ζῶντες
758 3159 824 3210 ἐκ
851 3156 956 3211 τῶν
978 3156 1186 3228 ἐτέροις
1225 3154 1549 3225 συμϐάντων
1585 3153 1918 3224 φοϐηθέντες

328 3242 426 3294 καὶ
461 3242 926 3312 μετανοήσαντες,
958 3237 1233 3309 βασιλείας
1263 3236 1593 3309 κληρονόμοι
1630 3235 1912 3304 γένωνται.

328 3322 395 3375 Τί
424 3320 518 3378 οὖν
540 3367 554 3379 .
590 3325 677 3378 ἴνα
705 3325 951 3394 γένωμαι
976 3323 1087 3392 ἐγὼ
1110 3321 1335 3393 βελτίων
1368 3323 1577 3385 ἐκεῖνος
1611 3318 1916 3384 κολάζεταις

329 3408 498 3478 φησίν
524 3424 539 3473 ;
578 3408 651 3461 υύ
674 3406 763 3461 διά
785 3406 963 3473 τοῦτο,
995 3405 1130 3460 ἀλλά
1156 3404 1445 3468 κολάζεται
1481 3403 1580 3475 μὲν
1604 3402 1693 3455 διὰ
1715 3403 1814 3473 τὴν
1835 3404 1916 3456 οἰ-

329 3493 485 3545 κείαν
516 3491 823 3562 ἁμαρτίαν
852 3490 1063 3558 γίνεται
1092 3489 1148 3543 δὲ
1177 3489 1242 3542 ἐκ
1264 3487 1580 3559 περιουσίας
1603 3489 1715 3549 τοῖς
1745 3504 1915 3558 προσ-

328 3577 518 3646 έχουσι
551 3574 822 3647 σωτηρίας
847 3573 1104 3636 ὑπόθεσις
1122 3612 1137 3636 ,
1165 3571 1242 3643 τῷ
1282 3572 1433 3642 φόϐῳ
1466 3570 1575 3625 τῶν
1600 3569 1748 3640 αὐτῷ
1775 3586 1915 3641 συμ-

327 3660 545 3712 ϐάντων
574 3658 1026 3729 σπουδαιοτέρους
1054 3656 1251 3719 αὐτοὺς
1291 3654 1483 3708 ποιῶν.
1531 3653 1687 3706 Οῦτω
1715 3652 1809 3704 καὶ
1830 3653 1916 3705 δε-

330 3743 531 3797 σπόται
558 3741 804 3795 ποιοῦσιν
824 3759 838 3773 ⁸
869 3741 968 3794 ἕνα
999 3739 1259 3802 πολλάκις
1302 3735 1748 3809 μαστιγώσαντες
1771 3735 1918 3788 οἰκέ-

326 3842 448 3897 την,
479 3826 607 3888 τοὺς
620 3825 841 3887 λοιποὺς
861 3822 1335 3896 σωφρονεστέρους
1362 3820 1628 3891 ἐποίησαν
1644 3819 1721 3890 τῷ
1744 3819 1913 3888 φόϐῳ.

330 3910 502 3963 ’Ὀταν
529 3904 624 3961 οὖν
645 3909 759 3981 ἴδῃς
778 3907 931 3970 τινὰς
960 3907 993 3978 ἢ
1021 3906 1269 3976 ναυαγίῳ
1299 3904 1720 3976 περιπεσόντας,
1750 3903 1782 3973 ἢ
1813 3902 1919 3955 ὐπὸ

326 3993 510 4057 οἰκίας
544 3990 1023 4062 καταχωσθέντας,
1057 3991 1089 4061 ἢ
1124 3990 1228 4042 ὑπὸ
1251 3987 1587 4060 ἐμπρησμοῦ
1634 3986 1918 4057 παρειπολ⁴

326 4075 618 4147 λυμένους,
639 4076 674 4148 ἢ
699 4076 805 4129 ὑπὸ
831 4073 1095 4144 ποταμῶν
1118 4072 1560 4144 παρασυρέντας,
1583 4071 1617 4143 ἢ
1641 4071 1786 4142 ἄλλῳ
1809 4071 1918 4123 τινὶ

326 4162 518 4232 τρόπῳ
536 4160 765 4231 τοιούτῳ
794 4158 957 4229 βιαίῳ
983 4159 1081 4228 τὴν
1126 4156 1272 4226 ζωὴν
1318 4152 1752 4217 καταλύσαντας,
1797 4149 1917 4206 εἶτα

327 4245 550 4317 ἐτέρους
570 4243 640 4297 τά
663 4242 804 4297 αὐτὰ
841 4243 1023 4305 αὐτοῖς
1052 4241 1086 4312 ἢ
1117 4241 1212 4293 καὶ
1236 4238 1305 4293 τά
1334 4238 1554 4309 χείρονα
1576 4237 1917 4310 ἁμαρτάνον-ο

325 4346 445 4394 τας,
473 4326 571 4381 xal
602 4327 768 4398 μηδὲν
793 4326 1067 4388 παθόντας
1093 4320 1360 4388 τοιοῦτον,
1400 4322 1474 4392 μὴ
1505 4319 1812 4392 θορυϐηθῇς
1835 4319 1919 4373 λέ-

326 4427 462 4481 γων’
489 4410 556 4463 Τί
606 4410 809 4481 δήποτε
838 4410 906 4463 τά
931 4407 1071 4463 αὐτά
1118 4405 1550 4479 ἁμαρτάνοντες,
1577 4404 1639 4457 οὐ
1672 4403 1747 4467 τά,
1779 4402 1918 4456 αὐτά

328 4495 666 4550 πεπόνθασιν
690 4512 705 4561 ;
735 4494 871 4547 ἀλλά
898 4492 1054 4547 τοῦτο
1084 4489 1325 4560 λογίζου,
1364 4489 1447 4542 ὃτι
1482 4487 1575 4542 τὸν
1607 4487 1706 4558 μὲν
1733 4487 1917 4541 εἴασεν

326 4578 681 4652 ἀναιρεθῆναι
703 4579 798 4632 καὶ
821 4575 1213 4645 ἀποπνιγῆναι,
1239 4570 1600 4645 ήμερωτέραν
1634 4570 1784 4641 αὐτῷ
1809 4587 1915 4624 πα-
1964 4607 1968 4610 ‹

329 4663 684 4735 ρασκευάζων
709 4672 731 4699 ο
760 4662 858 4731 τὴν
882 4662 1001 4713 ἐκεῖ
1021 4658 1318 4729 τιμωρίαν,
1346 4655 1380 4727 ἢ
1408 4655 1504 4708 καὶ
1533 4654 1719 4707 τέλεον
1748 4653 1913 4707 αὐτὸν

327 4748 713 4803 ἀπαλλάττων·
743 4743 931 4798 τοῦτον
960 4742 1017 4797 δὲ
1046 4741 1198 4795 οὐδὲν
1223 4739 1401 4810 ἀφῆκε
1421 4736 1661 4792 τοιοῦτον
1696 4737 1909 4805 παθεῖν,

325 4836 413 4885 ἵνα
448 4833 516 4901 τῇ
542 4828 734 4882 τούτου
762 4826 1006 4898 τιμωρίᾳ
1047 4822 1469 4895 σωφρονισθείς,
1511 4821 1913 4892 ἐπιεικέστερος

330 4915 555 4985 γένηται
574 4931 587 4944 ⁸
619 4912 687 4967 ἂν
713 4911 771 4965 δὲ
801 4909 1038 4980 ἐπιμένῃ
1060 4909 1173 4969 τοῖς
1208 4908 1391 4969 αὐτοῖς
1416 4947 1432 4971 ,
1472 4903 1915 4976 ἀπαραμύθητον

326 4998 508 5069 ἐαυτῷ
538 4997 694 5068 παρά
744 4998 857 5057 τοῖς
885 4992 1083 5047 ἐαυτοῦ
1125 4989 1276 5063 [749]
1325 4988 1600 5061 ῥᾳθυμίας
1649 4986 1915 5058 σωρεύσει

328 5082 425 5153 τὴν
452 5080 725 5152 τιμωρῶν
744 5094 758 5108 ⁸
789 5077 885 5132 καί⁵
934 5078 963 5129 6
993 5075 1126 5137 Θεὸς
1158 5072 1259 5126 οὐκ
1287 5073 1458 5136 αἴτιος
1506 5072 1607 5143 τῆς
1635 5072 1913 5142 ἀφορήτου

327 5164 623 5227 κολάσεως.
682 5161 848 5216 Πάλιν
906 5159 971 5214 ἂν
1005 5158 1119 5230 ἴδῃς
1166 5156 1375 5210 δίκαιον
1415 5155 1751 5226 θλιϐόμενον,
1782 5155 1816 5225 ἦ
1850 5153 1917 5209 τά

326 5246 705 5320 προειρημένα
728 5245 946 5300 ἅπαντα
976 5242 1278 5312 πάσχοντα,
1309 5238 1385 5311 μὴ
1425 5238 1746 5311 καταπέσῃς
1767 5254 1780 5268 ⁸
1820 5236 1915 5290 καὶ

322 5335 435 5403 γάρ
460 5331 700 5401 κάκείνῳ
731 5326 1150 5400 λαμπροτέρους
1180 5326 1307 5389 τοὺς
1351 5323 1649 5394 στεφάνους
1686 5323 1915 5394 ἐργάζεο

386 5499 415 5561 9
438 5497 812 5561 Πρόσεχεόεεει
833 5494 880 5561 in
902 5495 1096 5561 duobus
1116 5508 1232 5561 msg.

386 5516 415 5529 "
441 5516 479 5548 Il
543 5516 812 5561 σεγευεεδι
833 5516 880 5545 Ill
902 5516 1096 5545 UUODUS
1117 5516 1232 5545 mss.

381 5560 414 5603 ιι
439 5516 541 5612 Δί’ξῖ
557 5551 640 5609 καὶ
657 5560 789 5621 ὑμεῖς
804 5559 864 5607 τὰ
882 5559 1003 5606 αὐτὰ
1022 5557 1367 5621 manasseas,
1387 5555 1540 5603 πάλιν.

388 5627 413 5656 (⁵
437 5624 534 5672 Αἰξί
556 5628 607 5669 et
630 5618 777 5669 εει-γη.
807 5620 856 5667 ἱη
876 5634 1028 5682 marg.
1054 5618 1440 5671 κατασκευάζων.

390 5685 415 5726 δ
450 5686 543 5734 Δίἰ
564 5683 709 5732 δεινά
740 5683 818 5730 καὶ
839 5683 926 5738 γὰρ
950 5679 1150 5742 τιμωρία
1170 5685 1320 5740 πάσα,
1345 5682 1400 5726 ἀν
1426 5679 1523 5740 μέν.

1546 210 1635 269 DE
1674 212 1952 270 LAIARO
1980 213 2244 274 'CONC!O
2284 217 2371 274 Ill.

3483 218 3620 276 ιροι

2037 347 2128 384 ται
2159 331 2227 385 τά
2254 330 2423 384 δεινά.
2448 330 2558 384 Καὶ
2589 330 2777 396 ἁπλῶς
2802 334 2952 388 πᾶσα
2975 334 3217 399 κόλασις,
3246 334 3313 389 ἂν
3342 335 3439 405 μὲν
3458 334 3486 374 ἀ
3522 338 3617 393 ἐπι

2037 413 2378 486 ἁμαρτωλῶν
2400 414 2641 484 γίνηται,
2693 415 3056 489 ὑποτέμνεται
3082 472 3085 477 ,
3107 419 3169 472 τὸ
3192 419 3295 489 τῆς
3343 420 3619 492 ἁμαρτίας

2035 497 2255 567 φορτίον
2272 515 2286 528 ⁸
2311 497 2377 551 ἂν
2397 498 2454 551 δὲ
2477 499 2569 551 ἐπὶ
2594 499 2840 564 δικαίων,
2867 500 3231 572 φαιδροτέραν
3249 502 3429 555 αὐτῶν
3451 503 3624 573 ἐργά-

2034 580 2188 644 ζεται
2215 581 2316 651 τὴν
2347 579 2547 652 ψυχὴν,
2580 582 2675 636 καὶ
2711 582 2965 653 μέγιστον
3016 584 3303 655 ἑκατέροις
3338 583 3399 637 τὸ
3427 584 3621 655 κέρδος

2033 664 2141 717 ἀπὸ
2164 664 2264 733 τῆς
2315 663 2549 733 θλίψεως
2607 666 2916 735 συμϐαίνει,
2967 666 3129 737 μόνον
3154 667 3251 720 ἐὰν
3278 666 3619 738 εὐχαρίστως

2033 746 2288 818 φέρωμεν
2307 765 2322 779 ⁸
2353 746 2511 800 τοῦτο
2542 747 2653 819 γάρ
2680 750 2797 801 ἐστι
2817 748 2878 801 τὸ
2910 748 3266 820 ζητούμενον.

2104 877 2168 934 θ’.
2191 880 2289 933 Διά
2318 878 2475 933 τοῦτο
2501 881 2709 951 μυρίων
2739 880 2996 936 τοιούτων
3026 884 3490 955 παραδειγμάτων
3514 888 3616 957 τῆς

2032 957 2183 1023 θείας
2210 961 2435 1032 Γραφῆς
2460 964 2492 1034 ὴ
2527 964 2737 1035 ἰστορία
2775 975 2798 1003 ο
2821 965 3229 1037 ἐμπέπλησται,
3250 968 3344 1020 καί
3372 967 3617 1034 δικαίους

2030 1042 2122 1096 καὶ
2147 1045 2416 1116 πονηροὺς
2452 1046 2639 1109 κακῶς
2683 1047 2993 1118 πάσχοντας
3042 1051 3175 1118 ἡμῖν
3213 1049 3611 1113 ὑποδείκνυσιν.

2029 1125 2119 1180 ἴνα
2146 1124 2210 1180 ἄν
2234 1145 2292 1180 τε
2318 1127 2523 1190 δίκαιος
2609 1145 2713 1192 τις,
2740 1128 2805 1182 ἄν
2840 1147 2898 1182 τε
2958 1130 3305 1201 ἁμαρτωλὸς,
3361 1133 3501 1203 έχων
3546 1135 3614 1189 τά

2030 1210 2425 1279 ὑποδείγματα,
2461 1211 2602 1284 φέρῃ
2641 1212 2925 1280 γενναίως.
2957 1214 3029 1266 Οὐ
3067 1214 3374 1286 πάσχοντας
3412 1216 3468 1269 δὲ
3510 1235 3612 1271 κα-

2029 1291 2141 1355 κῶς
2170 1292 2349 1363 μόνον,
2378 1292 2516 1345 ἀλλά
2543 1294 2638 1347 καὶ
2672 1294 3087 1365 εὐπραγοῦντάς
3118 1314 3199 1350 σοι
3237 1297 3473 1351 δείκνυσι
3516 1317 3615 1352 πο·

2027 1376 2247 1446 νηροὺς,
2273 1375 2359 1428 ἵνα
2393 1374 2468 1447 μὴ
2494 1378 2614 1439 ταῖς
2657 1377 2879 1430 ἐκείνων
2907 1378 3237 1450 εὐπραγίαις
3283 1380 3611 1453 θορυϐηθῇς,

2031 1456 2218 1529 μαθὼν
2255 1458 2363 1511 ἀπὸ
2394 1459 2500 1512 τῶν
2540 1459 2618 1530 τῷ
2656 1459 2895 1530 πλουσίῳ
2932 1461 3108 1531 τούτῳ
3160 1463 3613 1534 συμϐεϐηκότων,

2027 1535 2137 1593 οἷον
2163 1542 2363 1605 αὐτοὺς
2398 1542 2537 1611 μετὰ
2576 1542 2748 1596 ταῦτα
2783 1543 2933 1614 μένει
2965 1544 3026 1596 τὸ
3071 1544 3202 1617 πῦρ,
3234 1546 3283 1597 εἰ
3332 1546 3408 1617 μὴ
3443 1564 3611 1617 μετα-

2028 1621 2278 1694 ϐληθεῖεν
2318 1623 2363 1675 ί.
2393 1625 2502 1677 Kal
2527 1626 2627 1678 οὐκ
2647 1625 2783 1688 ἔστι,
2818 1626 2973 1697 φησί,
3001 1626 3096 1679 καὶ
3119 1627 3356 1682 ἐνταῦθα
3383 1630 3478 1683 καί
3499 1631 3615 1684 ἐκεῖ

2029 1705 2265 1771 ἀνέσεως
2295 1707 2631 1775 ἀπολαύειν;
2669 1709 2784 1762 Οὐκ
2805 1708 2942 1763 ἐστι.

2097 1845 2197 1900 Διά
2227 1845 2389 1899 τοῦτο
2413 1847 2650 1902 ἐνταῦθα
2672 1849 2721 1901 οἱ
2740 1847 2939 1901 δίκαιοι
2968 1848 3059 1902 τὸν
3088 1849 3347 1901 ἐπίπονον
3377 1849 3615 1906 ἐϐίωσαν

2032 1927 2166 1998 βίον.
2205 1930 2271 1982 Τί
2300 1924 2426 1992 οὖν,
2481 1932 2666 2001 φησὶν,
2702 1933 2730 1984 6
2768 1931 3054 2002 Ἀϐραάμς
3098 1932 3207 1985 Καὶ
3245 1932 3330 1996 τίς
3377 1933 3616 1987 τοσαῦτα

2024 2012 2195 2065 ἔπαθε
2223 2013 2404 2081 δεινάς
2428 2015 2549 2085 ούχί
2581 2015 2680 2086 τῆς
2704 2017 2963 2087 πατρίδος
2999 2016 3294 2084 ἐξέπεσενς
3341 2017 3464 2087 οὐχὶ
3503 2018 3615 2071 τῶν

2023 2096 2243 2150 οἰκείων
2273 2097 2545 2168 ἐχωρίσθη
2570 2098 2822 2162 πάντων;
2856 2098 2956 2151 οὐκ
2986 2100 3043 2151 ἐν
3067 2098 3326 2169 ἀλλοτρίᾳ
3353 2102 3422 2170 γῇ
3456 2099 3616 2171 λιμὸν

2024 2179 2349 2249 ὐπέμεινεν;
2378 2180 2520 2248 οὐχὶ,
2558 2179 2812 2251 καθάπερ
2863 2180 3090 2253 ἀλήτης,
3127 2182 3368 2253 συνεχῶς
3413 2199 3612 2252 μεταν-

2026 2262 2213 2316 ίστατο
2233 2305 2246 2329 ,
2277 2263 2386 2316 ἀπὸ
2427 2262 2742 2327 Βαϐυλῶνος
2773 2266 2852 2327 εἰς
2877 2265 3329 2337 Μεσοποταμίαν,
3358 2266 3614 2321 κάκεῖθεν

2022 2346 2103 2409 είς
2131 2346 2519 2416 Παλαιστίνην,
2554 2343 2674 2400 εἶτα
2695 2346 2946 2399 ἐντεῦθεν
2972 2348 3053 2411 είς
3090 2347 3405 2417 Αἴγυπτονς
3440 2348 3506 2401 Τί
3546 2350 3614 2403 ἀν

2019 2445 2104 2492 τις
2136 2428 2281 2483 εἴποι
2309 2430 2436 2491 τοὺς
2459 2430 2561 2499 τῆς
2580 2427 2865 2497 γυναικὸς,
2888 2429 3015 2492 τοὺς
3041 2429 3152 2483 τῶν
3185 2429 3476 2503 βαρϐάρων
3510 2447 3612 2483 πο-

2022 2509 2221 2580 λέμους
2251 2511 2346 2564 καὶ
2378 2512 2593 2581 σφαγάς
2612 2527 2627 2574 ;
2645 2512 2745 2582 τὴν
2765 2510 3144 2581 αἰχμαλωσίαν
3170 2512 3270 2582 τῆς
3290 2510 3385 2565 τοῦ
3416 2529 3614 2580 συγγεο

2022 2592 2146 2656 νοῦς
2184 2592 2387 2658 οἰκίας;
2421 2594 2592 2664 μυρία
2617 2593 2781 2664 ’ἐτερα
2811 2592 3074 2658 τοιαῦτα;
3108 2594 3238 2647 Ὅτε
3275 2594 3334 2646 δὲ
3376 2596 3472 2647 καὶ
3519 2594 3614 2648 τὸν

1961 2725 1966 2730 .
2023 2675 2136 2729 υἱὸν
2168 2675 2381 2740 ἐλαϐεν,
2410 2677 2473 2729 οὐ
2509 2676 2576 2730 τὰ
2611 2677 2829 2730 πάντων
2876 2676 3153 2745 ἀνήκεστα
3197 2676 3483 2747 ὑπέμεινε,
3519 2676 3613 2731 τὸν

2021 2757 2172 2828 αὐτῷ
2202 2758 2452 2812 ποθεινὸν
2468 2759 2560 2812 καὶ
2582 2758 2886 2829 ἐπέραστον
2907 2760 3030 2822 ταῖς
3046 2758 3214 2812 αὑτοῦ
3237 2759 3435 2827 σφάξαι
3455 2761 3614 2831 χερσὶ

2020 2841 2405 2913 κελευόμενος;
2435 2842 2501 2895 Τί
2532 2842 2589 2895 δὲ
2617 2842 2825 2906 αὐτὸςὸ
2847 2842 3209 2910 σφαγιασθείς
3245 2842 3464 2909 Ἰσαάκ;
3491 2844 3613 2914 οὐχὶ

2022 2924 2290 2977 πάντοθεν
2320 2924 2583 2994 ¹ὴλαύνετο
2613 2926 2763 2997 παρὰ
2796 2924 2906 2978 τῶν
2946 2925 3162 2996 ὁμόρων
3205 2927 3468 2996 συνεχῶς,
3517 2928 3615 2981 καὶ

2019 3006 2119 3078 τὴν
2149 3010 2383 3075 γυναῖκα
2408 3008 2683 3079 ἀφῃρέθη,
2717 3007 2970 3079 καθάπερ
3001 3008 3141 3062 καὶὸ
3167 3007 3372 3080 πατὴρ,
3416 3009 3513 3062 καὶ
3551 3011 3610 3062 ἐν

2020 3089 2251 3162 ἀπαιδίᾳ
2281 3090 2536 3144 τοσοῦτον
2563 3091 2801 3161 διέμεινε
2833 3092 3026 3163 χρόνον
3047 3108 3061 3157 ;
3086 3091 3232 3144 Τίδέ
3257 3093 3286 3144 6
3322 3090 3540 3156 Ἰακὼϐ,
3578 3092 3612 3145 6

2018 3173 2077 3225 ἐν
2096 3172 2245 3243 οἰκίᾳ
2270 3173 2523 3244 τραφεὶς,
2556 3174 2679 3243 οὐχὶ
2714 3172 2809 3227 τοῦ
2844 3174 3071 3227 πάππου
3107 3170 3465 3245 χαλεπώτερα
3505 3174 3612 3226 ὐπ-

2019 3253 2201 3325 έμεινε
2217 3271 2232 3320 ;
2246 3254 2351 3308 Καὶ
2374 3255 2461 3309 ἴνα
2486 3255 2562 3327 μὴ
2580 3252 2758 3309 πάντα
2777 3254 3176 3325 καταλέγοντες
3204 3255 3419 3328 μακρὸν
3439 3255 3629 3309 ποιῶ-τ

2022 3355 2121 3408 μεν
2158 3338 2248 3394 τὸν
2295 3339 2474 3409 λόγον,
2534 3340 2766 3394 ἄκουσον
2819 3339 2870 3393 τί
2902 3356 3036 3411 φησι
3086 3340 3215 3411 περὶ
3260 3339 3359 3410 τῆς
3387 3339 3609 3410 ἀπάσης

2018 3422 2184 3476 αὐτοῦ
2215 3422 2394 3494 ζωῆς·
2425 3422 2639 3491 Μικραί
2671 3423 2773 3476 καί
2814 3424 3074 3492 πονηραί
3131 3425 3192 3476 al
3226 3422 3440 3492 ἡμέραι
3464 3440 3606 3492 μου,

2018 3505 2116 3559 καί
2141 3507 2252 3561 οὐκ
2302 3507 2594 3576 ἀφίκοντο
2632 3509 2720 3574 εις
2748 3508 2858 3572 τὰς
2896 3507 3120 3577 ἡμέρας
3170 3507 3290 3561 τῶν
3334 3506 3611 3575 πατέρων

2011 3606 2153 3659 μου.
2190 3589 2385 3642 Καίτοι
2412 3590 2495 3653 τίς
2522 3588 2645 3641 ἰδὼν
2677 3591 2791 3643 υἱὸν
2820 3590 2915 3642 ἐπὶ
2940 3590 3130 3661 θρόνου
3161 3590 3446 3659 βασιλικοῦ
3474 3589 3610 3643 καθ-

2018 3674 2221 3745 ήμενον
2252 3674 2344 3726 καὶ
2372 3672 2644 3744 τοσαύτης
2677 3674 3019 3727 ἀπολαύοντα
3046 3674 3227 3742 δόξης,
3257 3674 3359 3726 οὐκ
3407 3672 3474 3726 ἂν
3510 3675 3610 3727 ἐπ-

2017 3755 2220 3828 ελήσθη
2235 3754 2344 3808 τῶν
2364 3755 2750 3827 παρελθουσῶν
2772 3774 2834 3809 συ
2844 3756 3098 3828 μφορῶν;
3136 3756 3276 3808 Ἀλλ’
3292 3756 3450 3828 ὅμως.
3464 3755 3609 3808 ἐκεῖ-

2017 3824 2109 3902 νος
2130 3824 2303 3901 οὓτως
2331 3832 2401 3909 ἦν
2426 3824 2916 3910 τεταριχευμένος,
2946 3824 3021 3903 ῶς
3064 3840 3199 3911 μηδέ
3240 3842 3298 3892 ἐν
3330 3824 3608 3910 εὐημερίᾳ

2016 3922 2256 3994 τοσαύτῃ
2277 3921 2631 3976 ἐπιλαθέσθαι
2662 3924 2771 3977 τῶν
2802 3923 3186 3994 γεγενημένων
3205 3922 3414 3977 δεινῶν.
3458 3921 3523 3973 Τί
3549 3919 3606 3973 δὲ

2017 4009 2045 4060 6
2083 4008 2284 4070 Δαυῖδ;
2315 4007 2489 4070 πόσας
2517 4008 2777 4078 ὑπέμεινε
2810 4008 3156 4080 τραγῳδίας;
3186 4008 3307 4078 οὐχί⁵
3356 4005 3424 4059 τὰ
3466 4004 3607 4058 αύτά

2017 4089 2166 4162 αὐτῷ
2212 4091 2305 4144 καὶ
2354 4084 2510 4155 οὗτος
2558 4091 2854 4161 φθέγγεται
2903 4090 3108 4160 λέγων⁸
3137 4093 3208 4146 Al
3248 4089 3458 4159 ἡμέραι
3489 4086 3608 4141 τῶν

2016 4171 2168 4227 ἐτῶν
2192 4172 2363 4242 ἡμῶν
2391 4174 2462 4227 ἐν
2488 4173 2695 4239 αὐτοῖς
2721 4172 3131 4243 ἐϐδομήκοντα
3156 4173 3263 4240 ἐτη
3282 4188 3294 4202 ⁸
3322 4172 3431 4225 ἐὰν
3450 4170 3518 4224 δὲ
3538 4171 3607 4224 ἐν

2017 4256 2422 4327 δυναστείαις,
2438 4256 2807 4327 ὀγδοήκοντα
2826 4257 2953 4323 ἐτη,
2972 4255 3150 4309 καὶτὸ
3173 4255 3386 4309 πλεῖον
3407 4253 3608 4308 αὐτῶν

2017 4340 2206 4405 κόπος
2231 4339 2329 4394 καί
2347 4326 2351 4330 ’
2372 4341 2600 4406 πόνος;
2632 4340 2697 4392 Τί
2724 4339 2783 4392 δὲ
2809 4341 2838 4392 6
2866 4339 3167 4410 Ἰερεμίαςς
3215 4338 3337 4408 οὐχὶ
3383 4337 3478 4390 καὶ
3504 4336 3608 4407 τὴν

2017 4422 2231 4493 ἡμέραν
2246 4421 2413 4476 αὐτοῦ
2431 4423 2529 4492 τῆς
2546 4423 2854 4493 γεννήσεως
2884 4422 3192 4492 καταρᾶται
3229 4420 3318 4474 διὰ
3338 4420 3409 4473 τά
3433 4418 3607 4472 ἐπάλ-

2016 4504 2155 4576 ληλα
2188 4506 2365 4573 δεινάς
2397 4505 2462 4558 Τί
2488 4506 2547 4559 δὲ
2571 4507 2600 4559 ό
2629 4507 2870 4576 Μωῦσῆς
2893 4523 2909 4572 ;
2935 4506 3057 4576 οὐχὶ
3086 4506 3183 4558 καὶ
3214 4504 3376 4569 αὐτὸς
3403 4505 3608 4571 ἀπαγο-

2020 4588 2191 4661 ρεύων
2217 4591 2403 4660 φησὶν,
2448 4590 2835 4644 Ἀπόκτεινόν
2853 4607 2952 4659 με,
2973 4591 3024 4643 εί
3051 4589 3205 4643 οὕτω
3229 4607 3333 4658 μοι
3355 4588 3608 4657 μέλλεις

2016 4672 2212 4726 ποιεῖν
2223 4689 2243 4738 ;
2278 4673 2336 4726 '0
2374 4672 2432 4725 δέ
2476 4672 2682 4737 Ἠλίας,
2713 4673 3159 4744 ἠούρανομήκης
3186 4671 3354 4743 ψυχὴ,
3392 4669 3546 4743 [750]
3574 4672 3603 4723 6

2015 4758 2108 4813 τὸν
2140 4757 2371 4828 οὐρανὸν
2402 4756 2755 4821 ἀποκλείσας,
2783 4758 2844 4809 οὐ
2879 4755 3017 4827 μετά
3038 4756 3106 4809 τὰ
3135 4754 3303 4808 πολλὰ
3347 4753 3602 4824 θαύματα

2017 4840 2233 4914 θρηνῶν
2252 4841 2479 4895 διετέλει
2514 4842 2650 4911 πρὸς
2672 4841 2763 4893 τὸν
2792 4841 2956 4905 Θεὸν,
3008 4840 3186 4908 λέγων
3206 4879 3222 4905 ,
3274 4834 3453 4906 Ἆρον
3488 4836 3603 4905 τὴν

2016 4925 2231 4995 ψυχήν
2243 4943 2363 4996 μου
2382 4926 2484 4980 ἀπ’
2504 4924 2671 4994 ἐμοῦ,
2692 4924 2726 4976 ὅ
2734 4942 2784 4977 τι
2800 4925 2911 4977 οὐκ
2931 4924 3047 4992 εἰμὶ
3063 4923 3329 4988 βελτίων
3351 4919 3469 4975 τῶν
3491 4933 3601 4974 πα-

2016 5008 2203 5078 τέρων
2225 5026 2346 5078 μου
2376 5011 2428 5074 5;
2468 5008 2577 5061 Kal
2620 5008 2672 5060 τί
2702 5006 2806 5078 χρὴ
2843 5005 3048 5060 τούτων
3082 5004 3312 5058 ἕκαστον
3354 5004 3598 5070 ἐπιέναι;

2018 5092 2232 5155 Πάντας
2254 5092 2365 5162 γάρ
2394 5091 2591 5153 αὐτοὺς
2614 5090 2752 5160 ὁμοῦ
2777 5088 3058 5143 συλλαϐὼν
3088 5091 3117 5143 6
3140 5086 3351 5150 Παῦλος
3378 5086 3600 5153 διέξεισι

2016 5173 2215 5244 λέγων·
2254 5171 2680 5241 Περιῆλθονέν
2701 5172 3030 5242 μηλωταῖς,
3064 5172 3135 5226 ἐν
3185 5170 3432 5241 αἰγείοις
3465 5167 3600 5239 δέρ-

2010 5275 2222 5329 μασιν,
2240 5257 2689 5325 ὑστερούμενοι,
2718 5256 3077 5326 θλιϐόμενοι,
3103 5254 3598 5322 κακουχούμενοι,

2014 5335 2104 5397 ὧν
2124 5343 2237 5397 οὐκ
2264 5336 2346 5412 ἦν
2364 5340 2537 5406 ἄξιος
2565 5342 2598 5394 ό
2627 5340 2876 5409 κόσμος.
2910 5341 3020 5394 Καὶ
3044 5338 3226 5403 ἁπλῶς
3252 5338 3403 5393 πᾶσα
3432 5336 3598 5406 ἀνάγ-

2086 5557 2107 5583 ⁰
2131 5550 2225 5603 Alii
2244 5555 2274 5610 ἡ
2299 5553 2393 5601 τῶν
2411 5553 2545 5601 θείων
2563 5553 2751 5616 γραφῶν
2771 5555 2865 5601 ίστ.

2091 5616 2107 5652 ί
2142 5618 2255 5663 Post
2276 5611 2604 5676 μεταϐληθεῖῶ
2628 5611 2709 5663 alii
2727 5615 2907 5662 addunt
2935 5611 3157 5662 ἐντεῦθεν.

2089 5678 2112 5717 ε
2138 5677 2280 5727 Alius
2303 5676 2496 5739 βελτίων
2521 5679 2635 5727 ὑπὲρ
2659 5677 2766 5730 τοὺς
2787 5677 2989 5733 πατέρας
3008 5690 3113 5733 μου.
