4018 6190
435 247 576 305 1005

426 386 495 438 κη
531 368 626 422 τὸν
657 366 923 439 μέλλοντα
974 367 1293 440 εὐαρεστεῖν
1343 367 1423 439 τῷ
1469 368 1589 440 Θεῷ
1642 373 1739 423 καὶ
1796 366 2019 441 δόκιμον

426 450 569 507 εἶναι
600 453 697 507 καὶ
725 452 911 521 ἀγνὺν,
937 452 1012 523 μὴ
1038 451 1129 504 τὸν
1161 451 1351 506 ἄνετον
1379 453 1476 506 καὶ
1505 452 1673 525 ὑγρὸν
1706 453 1803 507 καὶ
1839 452 2021 506 διαλε-

428 534 664 607 λυμένον
701 534 920 588 διώκειν
950 533 1084 604 βίον,
1120 534 1258 589 ἀλλά
1288 536 1380 590 τὸν
1396 536 1654 590 ἐπίπονον
1680 536 1777 590 καὶ
1804 534 2020 606 μόχθων

432 618 671 689 γέμοντα
699 617 912 671 πολλῶν
952 618 1048 672 καὶ
1088 618 1358 690 ίδρώτωψ
1389 618 1603 685 οὐδεὶς
1642 620 1755 691 γάρ
1800 634 2022 687 στεφα-

430 700 662 764 νοῦται,
692 702 881 772 φησὶν,
914 700 1024 755 ἐὰν
1042 701 1129 771 μὴ
1156 703 1421 772 νομίμως
1454 701 1719 771 ἀθλήσῃ.
1759 702 1872 755 Καὶ
1905 701 2024 755 ἐτέ-

435 786 590 856 ρωηι,
612 784 738 852 Πᾶς
752 784 820 839 δὲ
837 789 872 841 ό
892 784 1333 856 ἀγωνιζόμενος
1357 786 1556 841 πάντα
1582 784 2019 857 ἐγκρατεύεται,

430 864 531 922 καί
550 867 670 923 ἀπὸ
690 866 982 938 ῥήματος,
1008 870 1162 941 φησὶ.
1201 868 1302 924 καί
1339 870 1455 924 ἀπὸ
1498 867 1870 939 βλέμματος,
1920 866 2023 921 καί

430 951 549 1005 ἀπὸ
569 952 778 1021 φωνῆς
798 951 1080 1023 αἰσχρᾶς,
1114 954 1211 1008 καί
1239 953 1360 1008 ἀπὸ
1402 952 1729 1022 λοιδορίας,
1769 951 1869 1006 καὶ
1903 950 2022 1006 ἀπὸ

435 1034 848 1105 βλασφημίας,
901 1034 1002 1089 καὶ
1052 1036 1171 1091 ἀπὸ
1229 1035 1686 1107 αἰσχρολογίας.
1740 1032 2024 1089 Ἐντεῦθεν

435 1118 804 1191 μανθάνομεν,
834 1119 917 1173 ὅτι
953 1118 1058 1174 κᾶν
1101 1119 1175 1191 μὴ
1226 1119 1537 1191 πειρασμὸς
1580 1119 1714 1190 ἡμῖν
1755 1116 2023 1188 ἐπενεχθῇ

435 1200 600 1255 ποθεν
641 1199 869 1266 ἔξωθεν,
906 1203 1136 1266 ἑαυτοὺς
1178 1202 1481 1274 γυμνάζειν
1512 1202 1596 1256 δεῖ
1626 1200 1747 1255 καθ’
1784 1201 2025 1270 ἑκάστην

338 1357 343 1361 ,
432 1284 653 1356 ἡμέραν
710 1285 1011 1355 νηστείαις,
1066 1284 1529 1357 σκληραγωγίαις,
1568 1286 1777 1339 εὐτελεῖ
1824 1286 2023 1357 τροφῇ,

432 1366 558 1439 λιτῇ
594 1366 865 1440 τραπέζῃ,
894 1368 993 1432 τὰς
1018 1368 1371 1434 πολυτελείας
1397 1368 1678 1439 πανταχοῦ
1698 1366 2022 1438 φεύγοντας-ο

433 1450 613 1514 ἄλλως
641 1450 749 1522 γὰρ
775 1452 876 1504 οὐκ
904 1450 1052 1506 ἔστιν
1087 1452 1456 1525 εὐαρεστῆσαι
1497 1450 1633 1522 Θεῷ.
1670 1451 1763 1522 Μὴ
1800 1450 1909 1521 γάρ
1936 1465 2026 1519 μοι

434 1534 497 1588 τὸ
522 1534 731 1605 ψυχρόν
768 1535 920 1606 ῥῆμα
946 1537 1124 1589 ἐκεῖνο
1158 1536 1365 1604 λεγέτω
1385 1552 1490 1600 τις,
1522 1535 1604 1589 ὅτι
1632 1536 1728 1588 καὶ
1753 1534 1824 1587 τά
1843 1530 2028 1586 ἐνταῦ-

435 1617 505 1672 θα
528 1620 557 1672 ό
584 1619 730 1672 δεῖνα
758 1618 890 1689 ἔχει,
911 1620 1004 1673 καὶ
1028 1621 1097 1674 τά
1122 1620 1243 1673 ἐκεῖ
1260 1637 1275 1653 ο
1300 1621 1583 1691 ἀμήχανον
1608 1618 1769 1673 τοῦτο
1794 1619 1888 1672 ἐπὶ
1916 1616 2025 1672 τῶν

436 1701 815 1755 πλουτούντων
838 1703 930 1755 καὶ
959 1701 1296 1774 τρυφώντων
1319 1704 1414 1757 καὶ
1442 1702 1869 1773 ἁμαρτανόντων
1887 1718 1950 1754 συ
1958 1718 2028 1772 μ-

438 1785 602 1855 ϐῆναι
624 1802 639 1816 ’
676 1785 813 1852 ἀλλ’,
847 1788 895 1839 εί
921 1786 1029 1857 χρὴ
1048 1780 1205 1839 τοῦτο
1230 1788 1424 1850 εἰπεῖν,
1449 1785 1541 1838 ἐπὶ
1560 1785 1670 1839 τῶν
1695 1784 2027 1855 θλιϐομένων

438 1869 588 1922 ἐστιν
617 1870 815 1933 εἰπεῖν,
848 1869 961 1924 τῶν
992 1871 1052 1923 ἐν
1080 1870 1438 1942 στενοχωρία,
1466 1871 1549 1924 ὅτι
1570 1870 1665 1925 καὶ
1692 1868 1763 1923 τά
1793 1867 2030 1923 ἐνταῦθα

438 1953 644 2023 ἔχουσι,
674 1952 769 2006 καὶ
806 1953 877 2007 τά
906 1954 1044 2008 ἐκεῖ.
1077 1953 1160 2007 Τά
1188 1954 1286 2024 μὲν
1316 1954 1427 2026 γάρ
1454 1956 1573 2008 ἐκεῖ
1595 1954 1833 2024 ἔχουσιν,
1869 1954 2025 2023 ἀμοισ

437 2037 542 2109 ϐῆς
580 2036 947 2102 ἀπολαύοντες
968 2054 983 2069 ·
1004 2037 1074 2091 τὰ
1089 2038 1146 2092 δὲ
1169 2037 1405 2092 ἐνταῦθα
1432 2038 1639 2109 έχουσι,
1668 2040 1790 2101 ταῖς
1815 2037 2029 2091 ἐλπίσιν

435 2121 663 2176 ἐκείνων
693 2121 1142 2193 συντρεφόμενοι,
1161 2122 1258 2176 καὶ
1286 2122 1346 2175 οὐ
1371 2122 1744 2193 λαμϐάνοντες
1775 2121 2030 2192 αἴσθησιν

437 2204 547 2258 τῶν
604 2204 891 2277 παρόντων
919 2204 1112 2258 δεινῶν
1136 2207 1203 2277 τῇ
1245 2204 1544 2278 προσδοκίᾳ
1587 2204 1699 2259 τῶν
1726 2203 2031 2276 μελλόντων

434 2286 683 2355 ἀγαθῶν.
723 2286 865 2341 Ἀλλ’
890 2288 1217 2359 ἀκούσωμεν
1245 2289 1341 2343 καὶ
1375 2288 1486 2343 τῶν
1519 2288 1667 2360 ἑξῆς.
1723 2287 1857 2342 Ἐπί
1879 2284 2032 2342 πᾶσι

436 2369 507 2424 δὲ
541 2373 776 2439 τούτοις
816 2371 1025 2441 χάσμα
1074 2370 1230 2443 μέγα
1265 2371 1638 2442 ἐστήρικται,
1668 2371 1871 2442 φησὶν,
1912 2370 2034 2427 ἀνὰ

434 2453 629 2524 μέσον
658 2456 829 2525 ἡμῶν
851 2456 950 2510 καὶ
970 2454 1159 2525 ὑμῶν.
1196 2455 1394 2520 Καλῶς
1420 2457 1529 2528 ἄρα
1575 2451 1731 2509 εἶπεν
1766 2456 1796 2509 ό
1834 2452 2028 2519 Δαυῒδ,

438 2538 522 2589 ὅτι
565 2537 844 2608 Ἄδελφὸς
868 2541 942 2594 οὐ
962 2538 1289 2608 λυτροῦται
1307 2554 1321 2569 '
1346 2541 1417 2595 οὐ
1454 2538 1636 2593 δώσει
1663 2537 1744 2604 τῷ
1766 2536 1889 2604 Θεῷ
1931 2536 2033 2604 ἐξ·

441 2619 674 2690 ίλασμα
702 2622 946 2677 ἑαυτοῦ.

512 2726 648 2780 Οὐδέ
675 2727 787 2799 γὰρ
806 2726 1051 2793 δυνατὸν,
1077 2727 1179 2782 κᾶν
1213 2727 1463 2796 ἀδελφὸς,
1491 2728 1596 2782 κᾶν
1625 2727 1808 2800 πατὴρ
1838 2722 1894 2802 ᾗ,
1930 2726 2033 2781 κᾶν

442 2809 577 2873 υίός.
615 2809 757 2881 Ὅρα
802 2809 947 2882 γάρ’
986 2810 1182 2865 τέκνον
1233 2810 1492 2863 ἐκάλεσεν
1538 2812 1567 2863 ὁ
1634 2810 1890 2882 Ἀϐραάμ
1941 2810 2034 2864 τὸν

441 2891 732 2959 πλούσιον,
767 2894 864 2948 καὶ
895 2893 967 2948 τά
1002 2892 1211 2965 πατρὸς
1253 2892 1625 2959 ἐπιδείξασθαι
1661 2895 1762 2947 οὐκ
1799 2893 1989 2964 ίσχυσε
2015 2909 2031 2924 ·

440 2977 657 3049 πατέρα
690 2980 955 3049 προσεῖπε
988 2990 1015 3019 ι
1043 2978 1136 3033 τὸν
1188 2978 1442 3051 Ἀϐραάμ
1473 2979 1501 3032 ό
1533 2978 1809 3043 πλούσιος,
1845 2977 1939 3031 καὶ⁵
1966 2972 2037 3050 ῆς

439 3060 587 3124 είκδς
618 3060 924 3116 ἀπολαῦσαι
949 3060 1144 3115 τέκνον
1176 3061 1453 3133 πατρικῆς
1490 3062 1703 3126 εὐνοίας
1724 3104 1739 3128 ,
1766 3062 1868 3115 οὐκ
1905 3062 2037 3132 ἠδυ-

439 3143 600 3216 νήθη,
636 3143 723 3198 ἵνα
747 3144 948 3218 μάθῃς,
972 3146 1053 3199 ὅτι
1079 3143 1205 3199 οῦτε
1234 3145 1546 3215 συγγένεια,
1572 3144 1697 3198 οῦτε
1719 3144 1894 3215 φιλία,
1911 3143 2036 3198 οὐτε

438 3228 806 3300 προσπάθεια,
828 3228 953 3283 οὔτε
982 3229 1111 3284 ἀλλο
1139 3247 1190 3283 τι
1227 3230 1337 3283 τῶν
1371 3229 1543 3283 ὄντων
1586 3230 1776 3302 ὀνῆσαι
1814 3227 2037 3282 δύναται

438 3314 529 3368 τὸν
560 3313 668 3367 ὑπὸ
698 3313 801 3384 τῆς
829 3314 1038 3379 οἰκείας
1066 3315 1214 3385 ζωῆς
1244 3312 1665 3385 προδεδομένον.

512 3425 563 3473 ι’.
579 3419 764 3473 Ταῦτα
780 3419 836 3473 δὲ
851 3419 1014 3487 λέγω,
1031 3419 1219 3490 ἐπειδὴ
1240 3418 1429 3473 πολλοὶ⁸
1440 3417 1719 3484 πολλάκις,
1734 3420 1766 3490 ἡ
1774 3418 1891 3489 μῶν
1907 3436 2040 3492 παρ-

439 3502 738 3559 αινούντων
793 3505 1092 3574 προσέχειν
1114 3503 1329 3568 ἑαυτοῖς
1360 3503 1457 3557 καὶ
1486 3504 1705 3573 νήφειν,
1731 3502 2039 3575 ῥᾳθυμοῦσι

440 3585 535 3642 καὶ
566 3587 647 3648 εις
673 3585 889 3655 γέλωτα
922 3584 1022 3658 τὴν
1051 3585 1374 3656 παραίνεσιν
1395 3584 1741 3650 ἐκϐάλλουσι,
1764 3585 2036 3655 λέγοντες·

441 3668 515 3723 Σύ
543 3686 643 3741 μου
670 3669 978 3743 προστήσῃ,
1027 3668 1185 3741 φησὶ,
1220 3669 1342 3723 κατ’
1372 3670 1593 3742 ἐκείνην
1639 3669 1741 3741 τὴν
1791 3670 2035 3743 ἡμέραν

440 3755 537 3808 καὶ
572 3752 781 3826 θαρρῶ,
802 3755 896 3808 καὶ
918 3754 977 3807 οὐ
999 3752 1234 3808 δέδοικα.
1268 3753 1438 3809 Πάλιν
1460 3754 1639 3819 ἄλλος,
1664 3753 1887 3825 Πατέρα
1903 3755 2042 3827 μάρ-

440 3857 579 3911 τυρα
606 3839 734 3911 ἔχω,
762 3838 916 3910 φησὶ,
952 3841 1046 3893 καὶ
1070 3837 1280 3910 ἕτερος,
1318 3839 1547 3894 Πάππον
1583 3838 1881 3894 ἐπίσκοπον
1900 3855 1913 3867 ·
1944 3838 2039 3894 άλ-

442 3920 523 3976 λοι
552 3922 714 3977 πάλιν
768 3922 897 3986 τοὺς
942 3923 1043 3994 τῆς
1074 3925 1249 3989 οἰκίας
1280 3925 1489 3987 πάντας
1525 3923 1628 3993 τῆς
1667 3922 1878 3978 ἐαυτῶν
1905 3940 2041 3995 προ-

443 4005 751 4063 ϐάλὶονται.
819 4005 980 4061 Ἀλλὰ
1029 4007 1209 4060 πάντα
1254 4007 1440 4077 ψυχρὰ
1474 4005 1649 4061 ταῦτα
1676 4006 1748 4060 τὰ
1783 4007 2036 4078 ῥήματαο

443 4089 565 4145 οὐδὲ
604 4089 712 4162 γάρ
734 4090 881 4161 ἡμᾶς
910 4090 944 4161 ἡ
980 4091 1182 4163 ἐτέρων
1212 4092 1385 4164 ἁρετὴ
1409 4091 1691 4163 ὠφελῆσαι
1718 4090 1839 4144 τότε
1876 4090 2039 4162 δυνή-

447 4190 621 4227 σεται.
652 4173 1058 4246 Ἀναμνήσθητι
1092 4173 1199 4229 τῶν
1230 4174 1519 4248 παρθένων
1548 4173 1797 4241 ἐκείνων,
1824 4174 1881 4228 αῖ
1914 4176 2037 4239 ταῖς

511 4334 536 4364 ⁸
556 4329 653 4384 Alii
678 4335 861 4397 πατέρα
884 4333 1099 4383 ἐκάλεσε.

1370 4517 1735 4526 -ς--α--ι--ο-

1148 246 1207 303 S.
1247 245 1539 303 JOANNIS
1577 244 2075 304 CHRYSOSTOMI
2112 244 2438 304 ARCHIEP.
2474 244 3023 304 CONSTANTINOP.

3556 250 3699 308 1006

2123 371 2285 424 πέντε
2323 367 2614 440 παρθένοις
2658 368 2719 421 οὐ
2759 364 3075 437 μετέδωκαν
3112 363 3210 419 τοῦ
3250 364 3436 420 ἐλαίου
3455 383 3469 396 ’
3505 366 3616 421 ἀλλ’
3640 367 3701 423 αι

2126 455 2226 525 μὲν
2254 453 2505 526 εἰσῆλθον
2531 454 2611 517 είς
2642 451 2735 505 τὸν
2757 450 3042 523 νυμφῶνα,
3069 452 3125 505 αἱ
3154 450 3214 505 δὲ
3243 450 3702 522 ἀπεκλείσθησαν.

2121 539 2283 608 Μέγα
2313 538 2516 607 ἀγαθὸν
2547 539 2604 590 ἐν
2622 538 2736 599 τοῖς
2763 533 2983 599 οἰκείοις
3011 534 3402 607 κατορθώμασι
3429 534 3531 598 τὰς
3560 534 3709 587 ἐλπί-

2122 622 2218 686 δας
2245 623 2347 693 τῆς
2371 619 2648 693 σωτηρίας
2663 619 2809 690 ἔχειν
2825 635 2840 649 ·
2868 618 3023 689 φίλος
3042 618 3099 672 δὲ
3116 619 3235 672 ἐκεῖ
3260 617 3439 680 οὐδεὶς
3458 617 3714 671 οὐδέποτε

2125 707 2451 776 προΐσταται
2478 705 2529 758 δ.
2556 704 2620 756 Εί
2648 702 2758 774 γάρ
2786 701 3025 755 ἐνταῦθά
3048 718 3182 772 φησι
3206 701 3285 771 τῷ
3323 700 3588 771 Ἱερεμίᾳ,
3618 698 3715 767 Μὴ

2124 791 2303 856 ἀξίου
2333 789 2468 857 περὶ
2494 788 2603 843 τοῦ
2625 787 2780 843 λαοῦ
2800 786 3037 850 τούτου,
3065 785 3194 839 ἔνθα
3226 784 3380 857 [751]
3409 783 3592 855 κύριοι
3620 784 3715 839 τοῦ

2129 872 2533 948 μεταϐαλέσθαι
2552 887 2567 902 '
2582 870 2767 947 πολλῷ
2796 869 2997 942 μᾶλλον
3022 870 3157 925 ἐκεῖ.
3174 869 3470 938 Τίλέγεις;
3498 869 3718 942 Πατέρα

2130 960 2383 1031 μάρτυρα
2404 955 2581 1027 ἐχειςς
2616 955 2759 1008 Αὐτὸ
2798 954 2898 1025 μὲν
2924 948 3017 1007 οῦν
3047 969 3107 1005 σε
3138 953 3299 1006 τοῦτο
3344 952 3587 1024 μάλιστα
3615 970 3718 1006 κα-

2124 1040 2413 1097 ταδικάσαι
2442 1040 2731 1111 δυνήσεται
2754 1036 2938 1101 πλέον,
2965 1036 3096 1089 ὅταν
3115 1034 3327 1089 οἴκοθεν
3361 1037 3505 1106 ἔχων
3532 1035 3602 1089 τά
3620 1052 3717 1089 πα-

2129 1124 2470 1199 ραδείγματα
2496 1123 2597 1194 τῆς
2626 1122 2850 1193 ἀρετῆς,
2881 1117 3102 1184 ἀνάξιον
3136 1118 3368 1172 σεαυτὸν
3392 1118 3498 1188 τῆς
3524 1134 3719 1189 προγο-

2126 1208 2282 1279 νικῆς
2308 1207 2600 1278 παράσχῃς
2627 1206 2851 1276 ἀρετῆς.
2897 1201 3060 1256 Ἀλλά
3088 1202 3241 1271 φίλον
3276 1200 3424 1271 ἔχεις
3469 1204 3717 1270 γενναῖον

2127 1292 2224 1347 καὶ
2257 1290 2610 1361 θαυμαστόν;
2646 1288 2781 1343 Οὐδὲ
2809 1279 2967 1350 οὗτός
3005 1302 3088 1339 σοι
3130 1286 3547 1357 παραστήσεται
3572 1284 3713 1338 τότε.

2128 1374 2255 1439 Πῶς
2281 1369 2375 1429 οὖν
2415 1390 2571 1444 φησι,
2595 1370 2897 1437 Ποιήσατε
2917 1367 3060 1439 ὑμῖν
3087 1369 3309 1437 φίλους
3329 1368 3400 1421 ἐκ
3428 1365 3539 1420 τοῦ
3559 1385 3718 1437 μαμ-

2124 1457 2295 1531 μωνᾶ
2332 1456 2446 1525 τῆς
2467 1455 2729 1521 ἀδικίας,
2761 1455 2838 1507 ἶν’
2877 1453 3025 1507 ὅταν
3058 1448 3378 1519 ἐκλίπητε,
3432 1450 3721 1513 δέξωνται

2129 1540 2289 1613 ὑμᾶς
2309 1543 2398 1607 εἰς
2420 1539 2528 1605 τὰς
2556 1539 2837 1605 αίωνίους
2862 1535 3101 1604 σκηνάς
3124 1552 3145 1602 ;
3177 1535 3291 1606 Οὐχ
3319 1537 3355 1604 ἡ
3384 1534 3537 1605 φιλία
3576 1535 3720 1587 ἐστὶν

2129 1625 2422 1696 ἐνταῦθαή
2475 1620 2875 1695 προῖσταμένη,
2930 1619 3120 1691 ἀλλ’ἢ
3175 1618 3543 1690 ἐλεημοσύνη.
3593 1616 3721 1671 Ἐὰν

2128 1710 2293 1784 γὰρὴ
2320 1706 2470 1779 φιλία
2495 1706 2634 1778 μόνη
2646 1705 2960 1777 προΐστατο,
2990 1702 3098 1757 ἔδει
3120 1700 3308 1765 ἁπλῶς
3329 1703 3526 1765 είπεῖν,
3559 1701 3720 1784 Ποιή-

2131 1783 2263 1848 σατε
2310 1794 2443 1865 ὑμῖν
2489 1791 2679 1863 φίλους
2703 1805 2718 1821 ο
2756 1789 2875 1842 νυνὶ
2905 1788 2963 1842 δέ
2994 1786 3233 1850 δεικνὺς,
3262 1785 3345 1839 ὃτι
3375 1786 3476 1857 οὐχ
3505 1786 3539 1857 η
3568 1783 3720 1855 φιλία

2134 1879 2269 1951 μόνη
2326 1879 2675 1951 τῑποτσταται,
2736 1871 3100 1945 προσέθηκεν,
3147 1870 3243 1923 Ἐκ
3285 1869 3394 1924 τοῦ
3427 1867 3725 1939 μαμμωνίῑ

2129 1962 2242 2030 τῆς
2263 1961 2519 2027 ἀδικίας.
2557 1958 2751 2013 Καίτοι
2783 1959 2912 2020 ἴσως
2941 1954 3085 2009 εἴποι
3117 1971 3203 2019 τις
3234 1954 3300 2007 ἂν
3320 1994 3335 2017 ,
3362 1952 3445 2006 ὄτι
3476 1951 3725 2022 Δύναμαι

2130 2046 2299 2118 χωρὶς
2329 2043 2424 2097 τοῦ
2452 2043 2736 2115 μαμμωνᾶ
2759 2040 2985 2112 ποιῆσαι
3018 2037 3171 2109 φίλον
3194 2080 3208 2103 ,
3242 2038 3337 2090 καὶ
3373 2035 3727 2089 σπουδαιότευ

2137 2148 2228 2202 ρον
2254 2128 2475 2200 μᾶλλον,
2501 2128 2534 2199 ἢ
2570 2126 2659 2181 διά
2686 2124 2780 2180 τοῦ
2810 2124 3116 2197 μαμμωνά.
3152 2121 3296 2175 Ἀλλ’
3322 2120 3409 2174 ῖνα
3438 2119 3621 2191 μάθῃς
3647 2119 3726 2202 ὃτι
3776 2198 3781 2199 7

2132 2201 2474 2286 ἐλεημοσύνη
2508 2211 2709 2282 ἐστὶνή
2734 2204 3139 2279 προῖσταμένη,
3164 2205 3259 2259 καὶ
3286 2204 3345 2258 τὸ
3365 2203 3529 2274 ἔργον
3554 2202 3617 2255 τὺ
3640 2201 3728 2286 οὐν

2133 2284 2319 2352 καὶτὸ
2363 2294 2735 2366 κατόρθωμα,
2771 2292 2873 2344 οὐκ
2923 2292 2984 2343 ἐν
3033 2293 3155 2353 ταῖς
3196 2287 3407 2358 φιλίαις
3454 2287 3574 2349 ταῖς
3616 2284 3726 2339 τῶν

2133 2382 2307 2451 ἁγίων
2335 2378 2546 2445 ἁπλῶς,
2582 2376 2698 2432 ἀλλ’
2720 2377 2778 2429 ἐν
2804 2376 2927 2438 ταῖς
2955 2374 3165 2444 φιλίαις
3192 2374 3311 2436 ταῖς
3341 2370 3432 2425 διά
3461 2368 3558 2423 τοῦ
3580 2386 3733 2451 μαμο

2137 2449 2295 2537 μωνᾶ
2322 2461 2638 2533 γινομέναις
2690 2457 2880 2513 ἔπεισέ
2910 2474 2970 2511 σε
3026 2455 3275 2529 θαρρεῖν.
3314 2453 3497 2525 Ἀπερ
3544 2449 3642 2506 οὖν
3667 2452 3731 2537 a7

2134 2534 2315 2602 πάντα
2349 2546 2570 2611 εἰδότες,
2594 2543 2891 2614 ἀγαπητοὶ,
2924 2540 3287 2613 προσέχωμεν
3337 2539 3556 2601 ἑαυτοῖς
3590 2534 3731 2607 μετά

2134 2630 2426 2704 ἀκριϐείας
2447 2630 2699 2700 ἀπάσης·
2732 2628 2836 2681 κᾶν
2872 2622 3253 2695 κολαζώμεθα,
3284 2619 3728 2693 εὐχαριστῶμεν·

2135 2713 2241 2768 κᾶν
2265 2714 2324 2767 ἐν
2344 2711 2616 2785 εὐημερίᾳ
2636 2712 2917 2781 διάγωμεν
2943 2720 2991 2774 ο,
3021 2704 3452 2777 ἀσφαλιζώμεθα
3478 2704 3728 2767 ἑαυτοὺς,

2135 2796 2230 2850 καὶ
2246 2798 2365 2859 ταῖς
2378 2795 2584 2868 ἐτέρων
2607 2794 2902 2866 τιμωρίαις
2926 2790 3409 2863 σωφρονιζόμενοι,
3443 2786 3537 2841 διὰ
3560 2805 3731 2858 μετα-

2134 2879 2283 2944 νοίας
2317 2880 2413 2932 καὶ
2466 2877 2812 2944 κατανύξεως
2849 2876 2943 2930 καὶ
2984 2874 3239 2945 συνεχοῦς
3290 2870 3732 2942 ἐξομολογήσεως

2136 2962 2592 3035 εὐχαριστῶμεν⁸
2627 2961 2723 3015 καὶ
2766 2959 2820 3013 εἴ
2858 2978 2913 3013 τι
2948 2955 3414 3029 πεπλημμέληται
3459 2953 3600 3009 κατά
3640 2953 3732 3008 τὸν

2136 3048 2380 3120 παρόντα
2407 3045 2520 3117 βίον
2560 3046 2711 3116 ἡμῖν,
2739 3043 3091 3115 ἀποθέμενοι,
3120 3042 3215 3094 καὶ⁵
3243 3038 3386 3111 μετά
3408 3038 3612 3109 πολλῆς
3629 3036 3733 3107 τῆς

2137 3131 2375 3201 σπουδῆς
2400 3131 2581 3184 πᾶσαν
2612 3127 2715 3198 τῆς
2752 3126 2934 3197 ψυχῆς
2981 3125 3139 3197 ήμῶν
3175 3121 3595 3195 ἀποσμήξαντες
3632 3121 3733 3193 τὴν

2136 3215 2347 3288 κηλῖδα,
2393 3210 2806 3286 παρακαλῶμεν
2847 3210 2940 3263 τὸν
2971 3209 3103 3263 Θεὸν
3138 3207 3477 3274 καταξιῶσαι
3523 3205 3732 3268 πάντας

2136 3300 2286 3370 ἡμᾶς
2311 3297 2561 3351 ἐντεῦθεν
2580 3294 3015 3365 διαλυσαμένους
3041 3291 3280 3357 ιι,οῦτως
3309 3288 3570 3344 ἀπελθεῖν
3591 3288 3733 3370 ἐκεῖ·

2139 3369 2219 3448 σε,
2248 3383 2335 3436 ῖνα
2360 3380 2435 3452 μὴ
2467 3378 2607 3451 μετά
2636 3376 2732 3431 τοῦ
2766 3377 3046 3443 πλουσίου,
3069 3375 3209 3429 ἀλλὰ
3247 3373 3387 3444 μετά
3411 3372 3509 3426 τοῦ
3549 3369 3730 3432 Λαζά-

2142 3482 2237 3537 ρου
2265 3463 2375 3518 τῶν
2409 3463 2502 3517 τοῦ
2528 3461 2873 3535 πατριάρχου
2898 3460 3116 3514 κόλπων
3152 3456 3593 3537 ἀπολαύσαντες,
3618 3456 3728 3517 τοῖς

2137 3536 2427 3612 ἀθανάτοις
2454 3545 2814 3619 ἐντρυφῶμεν
2846 3544 3104 3614 ἀγαθοτςο
3135 3536 3211 3597 ὧν
3254 3542 3471 3612 γένοιτο
3522 3542 3727 3601 πάντας

2141 3635 2287 3705 ἡμᾶς
2311 3633 2611 3702 ἐπιτυχεῖν,
2641 3630 2824 3701 χάριτι
2852 3630 2946 3682 καὶ
2980 3625 3363 3698 φιλανθρωπία
3387 3622 3485 3678 τοῦ
3520 3622 3726 3695 Κυρίου

2138 3715 2296 3788 ἡμῶν
2337 3715 2516 3787 Ἰησοῦ
2544 3711 2804 3786 Χριστοῦ,
2835 3710 2955 3784 μεθ’
2987 3705 3048 3766 οὗ
3069 3709 3145 3781 τῷ
3168 3709 3348 3781 Πατρὶ
3372 3710 3405 3778 ή
3427 3706 3578 3771 δόξα,
3615 3706 3727 3775 ἅμα

2136 3798 2217 3870 τῷ
2263 3798 2405 3870 ἁγίῳ
2440 3795 2721 3868 Πνεύματι
2744 3836 2759 3861 ,
2822 3797 2904 3859 είς
2938 3795 3066 3858 τοὺς
3104 3793 3305 3857 αίῶνας
3343 3791 3455 3846 τῶν
3494 3788 3724 3844 αἰώνων.

2166 3882 2348 3954 Αμήν.

2197 4018 2227 4059 1³
2259 4017 2360 4083 Διὶί
2377 4019 2755 4083 παραστήσεται.

2206 4084 2225 4111 ε
2255 4082 2354 4143 Διιί
2379 4073 2712 4143 διατρίϐωμεν,
2738 4084 2791 4130 et
2812 4080 2958 4143 paulo
2994 4086 3107 4142 post
3129 4079 3517 4142 ἐξομολογήσεως
3538 4077 3621 4125 καὶ
3653 4073 3731 4124 εὐ·

2141 4142 2406 4245 χαριστίας,
2427 4142 2508 4191 καὶ
2528 4142 2569 4191 εῐ
2582 4142 2646 4191 τι.
2816 4142 2825 4143 ί
2878 4202 2888 4212 _
3090 4201 3100 4211 ι

2232 4200 2338 4254 'Sic
2362 4217 2673 4277 gmpes'msg.
2696 4206 2846 4277 a'l‘qu'e
2877 4212 2945 4277 1_la
2977 4202 3238 4277 ΔΒεινιί.“ίιι
3264 4213 3431 4277 τρεῖς.
3476 4200 3734 4277 ῐοεετρςςξ

2141 4278 2340 4380 ἓυοιιυε
2362 4269 2430 4316 ila
2452 4267 2593 4329 legit.
2619 4263 2778 4316 Savil.‘
2811 4267 2862 4315 in
2889 4270 3028 4317 textu
3069 4271 3123 4316 el
3145 4264 3320 4315 Morel.
3340 4263 3498 4313 πάντα
3533 4263 3735 4311 ἐνταῦθα

2172 4329 2531 4380 ιαλυσαιιένους.

2172 4329 2531 4391 ιαλυσαμένους.

1741 4515 2441 4524 “-“.“-“-----

446 4644 468 4667 ⁶
499 4643 604 4709 Εἰς
632 4640 741 4694 τὸν
767 4640 1072 4695 πλούσιον
1131 4639 1230 4695 καὶ
1272 4640 1382 4695 τὸν
1417 4638 1687 4709 Λάζαρον
1716 4644 1757 4662 "
1790 4638 1977 4708 λόγος
2040 4633 2359 4703 τέταρτοςο
2407 4635 2507 4690 καὶ
2555 4634 2645 4689 ὅτι
2683 4633 2750 4689 τὸ
2798 4632 3083 4699 συνειδὸς
3121 4633 3331 4686 εἴωθεν
3368 4630 3530 4702 ἡμᾶς
3594 4630 3740 4685 ἀντα-

1220 4732 1591 4803 μιμνήσκειν
1624 4732 1853 4787 παλαιὰ
1884 4729 2293 4802 ἁμαρτήματα,
2324 4730 2421 4785 καί
2450 4731 2538 4795 είς
2566 4726 2673 4781 τὸν
2715 4723 2946 4795 Ἰωσήφ.

521 4962 592 5012 α’.
605 4955 719 5026 Τῆς
733 4952 826 5008 τοῦ
855 4951 1110 5024 Λαζάρου
1135 4950 1454 5025 παραϐολῆς
1466 4951 1526 5006 τὸ
1550 4951 1704 5016 τέλος
1720 4953 1934 5026 ἀνάγκη
1952 4956 2041 5027 τή-

454 5058 617 5114 μερον
645 5036 959 5094 ἀποδοῦναι.
1005 5036 1196 5107 Ὑμεῖς
1229 5035 1328 5106 μὲν
1355 5034 1465 5107 γὰρ
1498 5036 1628 5100 ἴσως
1659 5037 1721 5091 τὸ
1764 5038 1873 5091 πᾶν
1907 5039 2040 5110 ἡμῖν

450 5122 784 5196 ἀπηρτίσθαι
816 5120 1085 5192 νομίζετεσ
1119 5120 1180 5174 οὐ
1214 5120 1320 5191 μὴν
1358 5119 1534 5190 ἔγωγε
1569 5121 1845 5192 χρήσομαι
1884 5121 2040 5192 ὑμῶν

450 5209 532 5272 είς
568 5206 785 5278 ἀπάτην
815 5208 884 5277 τῇ
922 5203 1133 5275 ἀγνοίᾳ,
1169 5203 1291 5257 οὐδὲ
1328 5204 1708 5273 ἀποστήσομαι
1748 5203 2032 5276 πρότερον,

448 5288 555 5355 ῑως
594 5293 662 5346 ἂν
702 5291 764 5345 τὸ
804 5288 1128 5361 φαινόμενον
1158 5298 1184 5328 ι
1230 5286 1376 5341 άπαν
1416 5286 1640 5341 ἀπέλθω
1671 5287 1873 5341 λαϐών⁸
1915 5288 2038 5341 ἐπεὶ

514 5467 536 5488 '
560 5467 747 5519 Collaia
765 5481 874 5519 cum
899 5468 1072 5517 iisdem
1084 5480 1200 5517 mss.

492 5528 555 5604 ξ’
578 5530 775 5605 Τὶμιιιιε
798 5533 850 5580 in
871 5530 1020 5579 Savil.
1046 5528 1140 5579 sic:
1171 5530 1253 5586 Εἰς
1269 5527 1352 5577 τὸν
1374 5528 1602 5577 πλούσιον
1619 5529 1701 5576 καὶ
1723 5529 1800 5577 τὸυ
1824 5527 2040 5591 Λάζαρον

450 5591 971 5780 ληοὲἕιῗίτιῗρῖιῗςίηπε.
1000 5652 1056 5701 τὸ
1097 5651 1417 5715 ὀφειλόμενον.
1445 5650 1601 5702 Paulo
1639 5652 1749 5713 post
1781 5661 1908 5698 unus
1945 5662 2035 5699 ms.

450 5723 547 5778 ιοὺς
609 5730 750 5777 ωγας.

441 5723 547 5778 τοὺς
582 5723 750 5778 ῥωγὰς-

2145 4953 2238 5006 καὶ
2289 4948 2533 5021 γεωργὸς
2568 4948 2665 5019 τῆς
2697 4946 2944 5020 ἀμπέλου
2984 4944 3349 5017 τρυγηθείσης
3385 4943 3636 5014 ἀπάσης,
3676 4954 3738 5006 οὗ

2145 5034 2412 5107 πρότερον
2438 5031 2755 5102 ἀφίσταται,
2783 5029 2889 5094 ἓως
2920 5028 2986 5084 ἂν
3019 5028 3115 5082 καὶ
3155 5028 3257 5092 τὰς
3283 5029 3732 5101 ῥᾶγαςιὲκτέμῃ.

2156 5118 2313 5172 Ἐπεὶ
2341 5111 2437 5169 οῦν
2476 5115 2571 5169 καὶ
2613 5114 2708 5168 νῦν
2734 5113 2928 5186 ἐνορῶ,
2960 5110 3152 5183 ὥσπερ
3186 5111 3294 5164 ὐπὸ
3341 5110 3590 5181 φύλλοις,
3621 5116 3736 5176 τοῖς

2144 5200 2469 5274 γράμμασιν
2501 5196 3030 5270 ἐναποκεκρυμμένα
3074 5195 3324 5267 νοήματα
3362 5194 3464 5258 ἐτι,
3505 5196 3643 5267 φέρε
3668 5195 3733 5265 δὴ

2145 5285 2241 5339 καὶ
2268 5282 2461 5348 ταῦτα,
2484 5282 2606 5336 ἀντὶ
2638 5282 2913 5354 δρεπάνης
2945 5278 3022 5350 τῷ
3048 5279 3191 5350 λόγῳ
3228 5277 3595 5349 χρησάμενοι,
3628 5279 3732 5331 πά-

2146 5369 2229 5422 λιν
2280 5368 2398 5439 μετ’
2449 5366 2736 5440 ἀκριϐείας
2781 5365 3274 5436 ἀποτρυγήσωμεν.
3310 5362 3595 5433 ’Δμπελος
3637 5362 3732 5432 μὲν

2146 5452 2256 5524 γάρ
2283 5451 2616 5523 τρυγηθεῖσα
2638 5448 2913 5515 καθάπαξ,
2940 5448 3139 5520 ἔστηκε
3166 5447 3349 5517 γυμνὴ
3373 5444 3470 5498 τοῦ
3494 5444 3728 5517 καρποῦ,

2147 5536 2323 5606 φύλλα
2364 5536 2561 5607 ἔχουσα
2613 5533 2792 5605 μόνον·
2842 5534 2876 5603 ἡ
2931 5530 2988 5585 δέ
3027 5530 3274 5602 ἄμπελος
3319 5531 3353 5599 ἡ
3389 5527 3727 5601 πνευματικὴ

2150 5618 2301 5692 [752]
2330 5619 2438 5673 τῶν
2477 5618 2636 5672 θείων
2664 5617 2894 5690 Γραφῶν
2920 5616 3017 5686 οὐχ
3041 5614 3233 5681 οὕτως,
3263 5613 3379 5668 ἀλλ’
3405 5612 3473 5667 ἂν
3510 5613 3575 5666 τὸ
3604 5628 3724 5683 φαιο

2145 5704 2367 5775 νόμενον
2410 5702 2555 5758 ἅπαν
2594 5699 2930 5774 ἀνελώμεθα,
2959 5700 3021 5754 τὸ
3056 5698 3220 5754 πλέον
3253 5696 3585 5768 ἐναπομένιι
3619 5701 3714 5754 πάο
