  <div class='ocr_page' id='page_1' title='image "/cluster/home/n/w/nwhite01/storage/ocr_20150623/48/hvd.32044073501892/484.png"; bbox 0 0 4018 6190; ppageno 0'>
   <div class='ocr_carea' id='block_1_1' title="bbox 372 198 508 255">
    <p class='ocr_par' dir='ltr' id='par_1_1' title="bbox 372 198 508 255">
     <span class='ocr_line' id='line_1_1' title="bbox 372 198 508 255; baseline 0 0"><span class='ocrx_word' id='word_1_1' title='bbox 372 198 508 255; x_wconf 79' lang='grc' dir='ltr'><strong>1οθ5</strong></span> 
     </span>
    </p>
   </div>
   <div class='ocr_carea' id='block_1_2' title="bbox 367 316 1947 388">
    <p class='ocr_par' dir='ltr' id='par_1_2' title="bbox 367 316 1947 388">
     <span class='ocr_line' id='line_1_2' title="bbox 367 316 1947 388; baseline -0.003 -12"><span class='ocrx_word' id='word_1_2' title='bbox 367 319 566 376; x_wconf 72' lang='lat' dir='ltr'><strong>metatis</strong></span> <span class='ocrx_word' id='word_1_3' title='bbox 589 359 606 385; x_wconf 94' lang='lat'><strong>,</strong></span> <span class='ocrx_word' id='word_1_4' title='bbox 649 319 702 370; x_wconf 85' lang='lat' dir='ltr'><strong>in</strong></span> <span class='ocrx_word' id='word_1_5' title='bbox 731 316 944 387; x_wconf 81' lang='lat' dir='ltr'><strong>pellibus</strong></span> <span class='ocrx_word' id='word_1_6' title='bbox 969 316 1191 387; x_wconf 76' lang='lat' dir='ltr'><strong>caprinis</strong></span> <span class='ocrx_word' id='word_1_7' title='bbox 1219 324 1438 388; x_wconf 87' lang='lat' dir='ltr'><strong>egentes,</strong></span> <span class='ocrx_word' id='word_1_8' title='bbox 1486 316 1653 387; x_wconf 75' lang='lat' dir='ltr'><strong>afflicti</strong></span> <span class='ocrx_word' id='word_1_9' title='bbox 1684 357 1700 382; x_wconf 95' lang='lat'><strong>,</strong></span> <span class='ocrx_word' id='word_1_10' title='bbox 1730 317 1947 373; x_wconf 84' lang='lat' dir='ltr'><strong>calami-</strong></span> 
     </span>
    </p>
   </div>
   <div class='ocr_carea' id='block_1_3' title="bbox 372 405 1955 480">
    <p class='ocr_par' dir='ltr' id='par_1_3' title="bbox 372 405 1955 480">
     <span class='ocr_line' id='line_1_3' title="bbox 372 405 1955 480; baseline 0 -15"><span class='ocrx_word' id='word_1_11' title='bbox 372 413 468 465; x_wconf 88' lang='lat' dir='ltr'><strong>tosi</strong></span> <span class='ocrx_word' id='word_1_12' title='bbox 491 452 505 474; x_wconf 94' lang='lat'><strong>,</strong></span> <span class='ocrx_word' id='word_1_13' title='bbox 533 409 714 479; x_wconf 79' lang='lat' dir='ltr'><strong>quibus</strong></span> <span class='ocrx_word' id='word_1_14' title='bbox 746 409 933 478; x_wconf 82' lang='lat' dir='ltr'><strong>dignus</strong></span> <span class='ocrx_word' id='word_1_15' title='bbox 974 423 1077 462; x_wconf 84' lang='lat' dir='ltr'><strong>non</strong></span> <span class='ocrx_word' id='word_1_16' title='bbox 1114 416 1222 462; x_wconf 87' lang='lat' dir='ltr'><strong>erat</strong></span> <span class='ocrx_word' id='word_1_17' title='bbox 1265 407 1481 461; x_wconf 87' lang='lat' dir='ltr'><strong>mundus</strong></span> <span class='ocrx_word' id='word_1_18' title='bbox 1511 405 1692 478; x_wconf 85' lang='lat' dir='ltr'><strong>(Hebr.</strong></span> <span class='ocrx_word' id='word_1_19' title='bbox 1725 410 1810 464; x_wconf 86' lang='grc'><strong>11.</strong></span> <span class='ocrx_word' id='word_1_20' title='bbox 1839 410 1955 480; x_wconf 75' lang='grc'>57).</span> 
     </span>
    </p>
   </div>
   <div class='ocr_carea' id='block_1_4' title="bbox 368 498 1949 569">
    <p class='ocr_par' dir='ltr' id='par_1_4' title="bbox 368 498 1949 569">
     <span class='ocr_line' id='line_1_4' title="bbox 368 498 1949 569; baseline -0.001 -12"><span class='ocrx_word' id='word_1_21' title='bbox 368 503 594 557; x_wconf 85' lang='lat' dir='ltr'><strong>Prorsus</strong></span> <span class='ocrx_word' id='word_1_22' title='bbox 636 501 707 554; x_wconf 88' lang='lat' dir='ltr'><strong>ita</strong></span> <span class='ocrx_word' id='word_1_23' title='bbox 732 511 952 556; x_wconf 88' lang='lat' dir='ltr'><strong>necesse</strong></span> <span class='ocrx_word' id='word_1_24' title='bbox 979 507 1062 555; x_wconf 91' lang='lat' dir='ltr'><strong>est</strong></span> <span class='ocrx_word' id='word_1_25' title='bbox 1089 514 1232 566; x_wconf 90' lang='lat' dir='ltr'><strong>eum,</strong></span> <span class='ocrx_word' id='word_1_26' title='bbox 1261 499 1349 569; x_wconf 90' lang='lat' dir='ltr'><strong>qui</strong></span> <span class='ocrx_word' id='word_1_27' title='bbox 1401 498 1613 567; x_wconf 75' lang='lat' dir='ltr'><strong>placere</strong></span> <span class='ocrx_word' id='word_1_28' title='bbox 1661 500 1791 554; x_wconf 86' lang='lat' dir='ltr'><strong>velit</strong></span> <span class='ocrx_word' id='word_1_29' title='bbox 1815 499 1949 569; x_wconf 89' lang='lat' dir='ltr'><strong>Deo,</strong></span> 
     </span>
    </p>
   </div>
   <div class='ocr_carea' id='block_1_5' title="bbox 368 590 1954 666">
    <p class='ocr_par' dir='ltr' id='par_1_5' title="bbox 368 590 1954 666">
     <span class='ocr_line' id='line_1_5' title="bbox 368 590 1954 666; baseline -0.001 -18"><span class='ocrx_word' id='word_1_30' title='bbox 368 595 454 666; x_wconf 90' lang='lat' dir='ltr'><strong>qui</strong></span> <span class='ocrx_word' id='word_1_31' title='bbox 509 593 767 663; x_wconf 85' lang='lat' dir='ltr'><strong>probatus</strong></span> <span class='ocrx_word' id='word_1_32' title='bbox 812 606 878 646; x_wconf 81' lang='lat' dir='ltr'><strong>ac</strong></span> <span class='ocrx_word' id='word_1_33' title='bbox 941 605 1108 661; x_wconf 89' lang='lat' dir='ltr'><strong>purus</strong></span> <span class='ocrx_word' id='word_1_34' title='bbox 1161 605 1282 646; x_wconf 90' lang='lat' dir='ltr'><strong>esse</strong></span> <span class='ocrx_word' id='word_1_35' title='bbox 1326 591 1489 656; x_wconf 88' lang='lat' dir='ltr'><strong>velit,</strong></span> <span class='ocrx_word' id='word_1_36' title='bbox 1542 590 1954 661; x_wconf 80' lang='lat' dir='ltr'><strong>haudquaquam</strong></span> 
     </span>
    </p>
   </div>
   <div class='ocr_carea' id='block_1_6' title="bbox 368 680 1955 749">
    <p class='ocr_par' dir='ltr' id='par_1_6' title="bbox 368 680 1955 749">
     <span class='ocr_line' id='line_1_6' title="bbox 368 680 1955 749; baseline -0.003 -8"><span class='ocrx_word' id='word_1_37' title='bbox 368 684 562 741; x_wconf 83' lang='lat' dir='ltr'><strong>sectari</strong></span> <span class='ocrx_word' id='word_1_38' title='bbox 591 683 756 738; x_wconf 87' lang='lat' dir='ltr'><strong>vitam</strong></span> <span class='ocrx_word' id='word_1_39' title='bbox 791 682 1006 738; x_wconf 89' lang='lat' dir='ltr'><strong>mollem</strong></span> <span class='ocrx_word' id='word_1_40' title='bbox 1027 721 1042 748; x_wconf 91' lang='lat'><strong>,</strong></span> <span class='ocrx_word' id='word_1_41' title='bbox 1084 681 1364 736; x_wconf 86' lang='lat' dir='ltr'><strong>remissam</strong></span> <span class='ocrx_word' id='word_1_42' title='bbox 1392 696 1455 736; x_wconf 91' lang='lat' dir='ltr'><strong>ac</strong></span> <span class='ocrx_word' id='word_1_43' title='bbox 1479 680 1791 735; x_wconf 77' lang='lat' dir='ltr'><strong>dissolutam</strong></span> <span class='ocrx_word' id='word_1_44' title='bbox 1813 723 1828 749; x_wconf 95' lang='lat'><strong>,</strong></span> <span class='ocrx_word' id='word_1_45' title='bbox 1859 681 1955 736; x_wconf 90' lang='lat' dir='ltr'><strong>sed</strong></span> 
     </span>
    </p>
   </div>
   <div class='ocr_carea' id='block_1_7' title="bbox 368 771 1954 843">
    <p class='ocr_par' dir='ltr' id='par_1_7' title="bbox 368 771 1954 843">
     <span class='ocr_line' id='line_1_7' title="bbox 368 771 1954 843; baseline -0.002 -13"><span class='ocrx_word' id='word_1_46' title='bbox 368 777 689 832; x_wconf 84' lang='lat' dir='ltr'><strong>laboriosam</strong></span> <span class='ocrx_word' id='word_1_47' title='bbox 717 816 732 842; x_wconf 94' lang='lat'><strong>,</strong></span> <span class='ocrx_word' id='word_1_48' title='bbox 763 775 1046 843; x_wconf 80' lang='lat' dir='ltr'><strong>multisque</strong></span> <span class='ocrx_word' id='word_1_49' title='bbox 1068 773 1351 828; x_wconf 82' lang='lat' dir='ltr'><strong>sudoribus</strong></span> <span class='ocrx_word' id='word_1_50' title='bbox 1377 773 1605 843; x_wconf 88' lang='lat' dir='ltr'><strong>plenam.</strong></span> <span class='ocrx_word' id='word_1_51' title='bbox 1630 771 1766 826; x_wconf 85' lang='lat' dir='ltr'><strong>Audi</strong></span> <span class='ocrx_word' id='word_1_52' title='bbox 1783 773 1954 842; x_wconf 89' lang='lat' dir='ltr'><strong>ipsum</strong></span> 
     </span>
    </p>
   </div>
   <div class='ocr_carea' id='block_1_8' title="bbox 369 865 1956 936">
    <p class='ocr_par' dir='ltr' id='par_1_8' title="bbox 369 865 1956 936">
     <span class='ocr_line' id='line_1_8' title="bbox 369 865 1956 936; baseline -0.004 -12"><span class='ocrx_word' id='word_1_53' title='bbox 369 871 640 925; x_wconf 75' lang='lat' dir='ltr'><strong>dicentem</strong></span> <span class='ocrx_word' id='word_1_54' title='bbox 658 885 670 921; x_wconf 90' lang='lat'>:</span> <span class='ocrx_word' id='word_1_55' title='bbox 687 867 879 922; x_wconf 84' lang='lat' dir='ltr'><strong>Nullus</strong></span> <span class='ocrx_word' id='word_1_56' title='bbox 903 875 1193 934; x_wconf 80' lang='lat' dir='ltr'><strong>coronatur,</strong></span> <span class='ocrx_word' id='word_1_57' title='bbox 1217 866 1314 919; x_wconf 88' lang='lat' dir='ltr'><strong>nisi</strong></span> <span class='ocrx_word' id='word_1_58' title='bbox 1341 867 1425 936; x_wconf 86' lang='lat' dir='ltr'><strong>qui</strong></span> <span class='ocrx_word' id='word_1_59' title='bbox 1457 865 1672 936; x_wconf 77' lang='lat' dir='ltr'><strong>legitime</strong></span> <span class='ocrx_word' id='word_1_60' title='bbox 1697 865 1956 919; x_wconf 87' lang='lat' dir='ltr'><strong>certaverit</strong></span> 
     </span>
    </p>
   </div>
   <div class='ocr_carea' id='block_1_9' title="bbox 372 955 1955 1034">
    <p class='ocr_par' dir='ltr' id='par_1_9' title="bbox 372 955 1955 1034">
     <span class='ocr_line' id='line_1_9' title="bbox 372 955 1955 1034; baseline -0.003 -20"><span class='ocrx_word' id='word_1_61' title='bbox 372 959 448 1034; x_wconf 73' lang='lat'><strong>(2.</strong></span> <span class='ocrx_word' id='word_1_62' title='bbox 486 959 617 1013; x_wconf 80' lang='lat' dir='ltr'><strong>Tim.</strong></span> <span class='ocrx_word' id='word_1_63' title='bbox 666 957 722 1012; x_wconf 76' lang='grc'><strong>2.</strong></span> <span class='ocrx_word' id='word_1_64' title='bbox 755 959 834 1026; x_wconf 81' lang='grc'><strong>5).</strong></span> <span class='ocrx_word' id='word_1_65' title='bbox 883 957 951 1012; x_wconf 83' lang='lat' dir='ltr'><strong>Et</strong></span> <span class='ocrx_word' id='word_1_66' title='bbox 989 956 1116 1012; x_wconf 85' lang='lat' dir='ltr'><strong>alibi</strong></span> <span class='ocrx_word' id='word_1_67' title='bbox 1144 975 1156 1010; x_wconf 83' lang='lat'><strong>:</strong></span> <span class='ocrx_word' id='word_1_68' title='bbox 1184 956 1420 1027; x_wconf 76' lang='lat' dir='ltr'><strong>Quisquis</strong></span> <span class='ocrx_word' id='word_1_69' title='bbox 1462 965 1627 1010; x_wconf 85' lang='lat' dir='ltr'><strong>autem</strong></span> <span class='ocrx_word' id='word_1_70' title='bbox 1673 964 1870 1023; x_wconf 83' lang='lat' dir='ltr'><strong>certat,</strong></span> <span class='ocrx_word' id='word_1_71' title='bbox 1901 955 1955 1009; x_wconf 85' lang='lat' dir='ltr'><strong>in</strong></span> 
     </span>
    </p>
   </div>
   <div class='ocr_carea' id='block_1_10' title="bbox 365 1050 1955 1119">
    <p class='ocr_par' dir='ltr' id='par_1_10' title="bbox 365 1050 1955 1119">
     <span class='ocr_line' id='line_1_10' title="bbox 365 1050 1955 1119; baseline -0.003 -13"><span class='ocrx_word' id='word_1_72' title='bbox 365 1052 598 1106; x_wconf 85' lang='lat' dir='ltr'><strong>omnibus</strong></span> <span class='ocrx_word' id='word_1_73' title='bbox 618 1052 881 1105; x_wconf 87' lang='lat' dir='ltr'><strong>continens</strong></span> <span class='ocrx_word' id='word_1_74' title='bbox 909 1060 980 1104; x_wconf 87' lang='lat' dir='ltr'><strong>est</strong></span> <span class='ocrx_word' id='word_1_75' title='bbox 1004 1092 1019 1116; x_wconf 98' lang='lat'><strong>,</strong></span> <span class='ocrx_word' id='word_1_76' title='bbox 1050 1058 1095 1103; x_wconf 91' lang='lat' dir='ltr'><strong>et</strong></span> <span class='ocrx_word' id='word_1_77' title='bbox 1125 1050 1178 1103; x_wconf 87' lang='lat' dir='ltr'><strong>in</strong></span> <span class='ocrx_word' id='word_1_78' title='bbox 1202 1051 1361 1103; x_wconf 86' lang='lat' dir='ltr'><strong>verbis</strong></span> <span class='ocrx_word' id='word_1_79' title='bbox 1385 1091 1400 1116; x_wconf 92' lang='lat'><strong>,</strong></span> <span class='ocrx_word' id='word_1_80' title='bbox 1433 1060 1481 1103; x_wconf 91' lang='lat' dir='ltr'><strong>et</strong></span> <span class='ocrx_word' id='word_1_81' title='bbox 1529 1050 1581 1103; x_wconf 89' lang='lat' dir='ltr'><strong>in</strong></span> <span class='ocrx_word' id='word_1_82' title='bbox 1611 1058 1819 1119; x_wconf 80' lang='lat' dir='ltr'><strong>aspectu</strong></span> <span class='ocrx_word' id='word_1_83' title='bbox 1846 1089 1861 1115; x_wconf 93' lang='lat'><strong>,</strong></span> <span class='ocrx_word' id='word_1_84' title='bbox 1908 1057 1955 1102; x_wconf 88' lang='lat' dir='ltr'><strong>et</strong></span> 
     </span>
    </p>
   </div>
   <div class='ocr_carea' id='block_1_11' title="bbox 362 1140 1954 1212">
    <p class='ocr_par' dir='ltr' id='par_1_11' title="bbox 362 1140 1954 1212">
     <span class='ocr_line' id='line_1_11' title="bbox 362 1140 1954 1212; baseline -0.002 -15"><span class='ocrx_word' id='word_1_85' title='bbox 362 1145 416 1197; x_wconf 84' lang='lat' dir='ltr'><strong>in</strong></span> <span class='ocrx_word' id='word_1_86' title='bbox 457 1159 577 1198; x_wconf 75' lang='lat' dir='ltr'><strong>voce</strong></span> <span class='ocrx_word' id='word_1_87' title='bbox 603 1183 620 1210; x_wconf 91' lang='lat'><strong>,</strong></span> <span class='ocrx_word' id='word_1_88' title='bbox 652 1152 701 1197; x_wconf 88' lang='lat' dir='ltr'><strong>et</strong></span> <span class='ocrx_word' id='word_1_89' title='bbox 729 1159 760 1195; x_wconf 82' lang='grc' dir='ltr'><strong>α</strong></span> <span class='ocrx_word' id='word_1_90' title='bbox 809 1143 1045 1196; x_wconf 76' lang='lat' dir='ltr'><strong>conviciis</strong></span> <span class='ocrx_word' id='word_1_91' title='bbox 1097 1150 1421 1212; x_wconf 83' lang='lat' dir='ltr'><strong>temperans,</strong></span> <span class='ocrx_word' id='word_1_92' title='bbox 1469 1151 1516 1195; x_wconf 91' lang='lat' dir='ltr'><strong>et</strong></span> <span class='ocrx_word' id='word_1_93' title='bbox 1561 1157 1593 1194; x_wconf 88' lang='lat' dir='ltr'><strong>a</strong></span> <span class='ocrx_word' id='word_1_94' title='bbox 1643 1140 1954 1210; x_wconf 84' lang='lat' dir='ltr'><strong>blasphemia</strong></span> 
     </span>
    </p>
   </div>
   <div class='ocr_carea' id='block_1_12' title="bbox 360 1232 1948 1307">
    <p class='ocr_par' dir='ltr' id='par_1_12' title="bbox 360 1232 1948 1307">
     <span class='ocr_line' id='line_1_12' title="bbox 360 1232 1948 1307; baseline -0.003 -16"><span class='ocrx_word' id='word_1_95' title='bbox 360 1246 412 1291; x_wconf 84' lang='lat' dir='ltr'><strong>et</strong></span> <span class='ocrx_word' id='word_1_96' title='bbox 458 1254 491 1290; x_wconf 89' lang='lat' dir='ltr'><strong>a</strong></span> <span class='ocrx_word' id='word_1_97' title='bbox 521 1236 832 1307; x_wconf 76' lang='lat' dir='ltr'><strong>turpiloquio</strong></span> <span class='ocrx_word' id='word_1_98' title='bbox 857 1235 934 1306; x_wconf 96' lang='grc'><strong>(1.</strong></span> <span class='ocrx_word' id='word_1_99' title='bbox 969 1235 1089 1290; x_wconf 86' lang='lat' dir='ltr'><strong>Cor.</strong></span> <span class='ocrx_word' id='word_1_100' title='bbox 1119 1234 1172 1289; x_wconf 92' lang='lat'><strong>9.</strong></span> <span class='ocrx_word' id='word_1_101' title='bbox 1199 1234 1312 1306; x_wconf 73' lang='grc'>25).</span> <span class='ocrx_word' id='word_1_102' title='bbox 1344 1235 1478 1289; x_wconf 80' lang='lat' dir='ltr'><strong>Hinc</strong></span> <span class='ocrx_word' id='word_1_103' title='bbox 1509 1233 1818 1300; x_wconf 86' lang='lat' dir='ltr'><strong>ediscimus,</strong></span> <span class='ocrx_word' id='word_1_104' title='bbox 1847 1232 1948 1288; x_wconf 87' lang='lat' dir='ltr'><strong>etsi</strong></span> 
     </span>
    </p>
   </div>
   <div class='ocr_carea' id='block_1_13' title="bbox 362 1325 1954 1396">
    <p class='ocr_par' dir='ltr' id='par_1_13' title="bbox 362 1325 1954 1396">
     <span class='ocr_line' id='line_1_13' title="bbox 362 1325 1954 1396; baseline -0.001 -14"><span class='ocrx_word' id='word_1_105' title='bbox 362 1328 589 1384; x_wconf 88' lang='lat' dir='ltr'><strong>tentatio</strong></span> <span class='ocrx_word' id='word_1_106' title='bbox 609 1343 712 1382; x_wconf 88' lang='lat' dir='ltr'><strong>non</strong></span> <span class='ocrx_word' id='word_1_107' title='bbox 749 1326 880 1381; x_wconf 87' lang='lat' dir='ltr'><strong>foris</strong></span> <span class='ocrx_word' id='word_1_108' title='bbox 910 1325 1156 1392; x_wconf 89' lang='lat' dir='ltr'><strong>infestet,</strong></span> <span class='ocrx_word' id='word_1_109' title='bbox 1181 1327 1389 1396; x_wconf 88' lang='lat' dir='ltr'><strong>seipsos</strong></span> <span class='ocrx_word' id='word_1_110' title='bbox 1417 1341 1671 1381; x_wconf 85' lang='lat' dir='ltr'><strong>exercere</strong></span> <span class='ocrx_word' id='word_1_111' title='bbox 1699 1336 1954 1396; x_wconf 85' lang='lat' dir='ltr'><strong>Oportere</strong></span> 
     </span>
    </p>
   </div>
   <div class='ocr_carea' id='block_1_14' title="bbox 363 1416 1952 1489">
    <p class='ocr_par' dir='ltr' id='par_1_14' title="bbox 363 1416 1952 1489">
     <span class='ocr_line' id='line_1_14' title="bbox 363 1416 1952 1489; baseline -0.001 -15"><span class='ocrx_word' id='word_1_112' title='bbox 363 1418 687 1489; x_wconf 86' lang='lat' dir='ltr'><strong>quotidianis</strong></span> <span class='ocrx_word' id='word_1_113' title='bbox 709 1417 950 1488; x_wconf 86' lang='lat' dir='ltr'><strong>jejuniis,</strong></span> <span class='ocrx_word' id='word_1_114' title='bbox 981 1432 1277 1487; x_wconf 87' lang='lat' dir='ltr'><strong>asperaque</strong></span> <span class='ocrx_word' id='word_1_115' title='bbox 1303 1417 1408 1472; x_wconf 91' lang='lat' dir='ltr'><strong>vita</strong></span> <span class='ocrx_word' id='word_1_116' title='bbox 1439 1457 1456 1485; x_wconf 97' lang='lat'><strong>,</strong></span> <span class='ocrx_word' id='word_1_117' title='bbox 1506 1416 1595 1471; x_wconf 86' lang='lat' dir='ltr'><strong>vili</strong></span> <span class='ocrx_word' id='word_1_118' title='bbox 1625 1417 1744 1472; x_wconf 90' lang='lat' dir='ltr'><strong>cibo</strong></span> <span class='ocrx_word' id='word_1_119' title='bbox 1769 1458 1784 1483; x_wconf 91' lang='lat'><strong>,</strong></span> <span class='ocrx_word' id='word_1_120' title='bbox 1808 1418 1952 1472; x_wconf 84' lang='lat' dir='ltr'><strong>tenui</strong></span> 
     </span>
    </p>
   </div>
   <div class='ocr_carea' id='block_1_15' title="bbox 362 1509 1953 1580">
    <p class='ocr_par' dir='ltr' id='par_1_15' title="bbox 362 1509 1953 1580">
     <span class='ocr_line' id='line_1_15' title="bbox 362 1509 1953 1580; baseline -0.002 -15"><span class='ocrx_word' id='word_1_121' title='bbox 362 1526 547 1566; x_wconf 89' lang='lat' dir='ltr'><strong>mensa</strong></span> <span class='ocrx_word' id='word_1_122' title='bbox 569 1551 583 1574; x_wconf 93' lang='lat'><strong>,</strong></span> <span class='ocrx_word' id='word_1_123' title='bbox 625 1511 821 1580; x_wconf 89' lang='lat' dir='ltr'><strong>ubique</strong></span> <span class='ocrx_word' id='word_1_124' title='bbox 861 1510 1096 1565; x_wconf 83' lang='lat' dir='ltr'><strong>vitantes</strong></span> <span class='ocrx_word' id='word_1_125' title='bbox 1125 1517 1370 1579; x_wconf 90' lang='lat' dir='ltr'><strong>sumptus</strong></span> <span class='ocrx_word' id='word_1_126' title='bbox 1420 1509 1750 1579; x_wconf 84' lang='lat' dir='ltr'><strong>magnificos.</strong></span> <span class='ocrx_word' id='word_1_127' title='bbox 1781 1509 1953 1564; x_wconf 87' lang='lat' dir='ltr'><strong>Aliter</strong></span> 
     </span>
    </p>
   </div>
   <div class='ocr_carea' id='block_1_16' title="bbox 364 1602 1948 1672">
    <p class='ocr_par' dir='ltr' id='par_1_16' title="bbox 364 1602 1948 1672">
     <span class='ocr_line' id='line_1_16' title="bbox 364 1602 1948 1672; baseline 0 -14"><span class='ocrx_word' id='word_1_128' title='bbox 364 1618 470 1658; x_wconf 91' lang='lat' dir='ltr'><strong>non</strong></span> <span class='ocrx_word' id='word_1_129' title='bbox 511 1611 686 1672; x_wconf 86' lang='lat' dir='ltr'><strong>potest</strong></span> <span class='ocrx_word' id='word_1_130' title='bbox 711 1603 829 1672; x_wconf 82' lang='lat' dir='ltr'><strong>quis</strong></span> <span class='ocrx_word' id='word_1_131' title='bbox 857 1602 1067 1672; x_wconf 85' lang='lat' dir='ltr'><strong>placere</strong></span> <span class='ocrx_word' id='word_1_132' title='bbox 1099 1603 1230 1657; x_wconf 92' lang='lat' dir='ltr'><strong>Deo.</strong></span> <span class='ocrx_word' id='word_1_133' title='bbox 1263 1602 1446 1672; x_wconf 86' lang='lat' dir='ltr'><strong>Neque</strong></span> <span class='ocrx_word' id='word_1_134' title='bbox 1477 1603 1618 1657; x_wconf 91' lang='lat' dir='ltr'><strong>enim</strong></span> <span class='ocrx_word' id='word_1_135' title='bbox 1666 1603 1796 1657; x_wconf 87' lang='lat' dir='ltr'><strong>mihi</strong></span> <span class='ocrx_word' id='word_1_136' title='bbox 1843 1603 1948 1658; x_wconf 55' lang='lat' dir='ltr'><strong>fri.</strong></span> 
     </span>
    </p>
   </div>
   <div class='ocr_carea' id='block_1_17' title="bbox 368 1693 1951 1767">
    <p class='ocr_par' dir='ltr' id='par_1_17' title="bbox 368 1693 1951 1767">
     <span class='ocr_line' id='line_1_17' title="bbox 368 1693 1951 1767; baseline -0.001 -17"><span class='ocrx_word' id='word_1_137' title='bbox 368 1695 552 1767; x_wconf 77' lang='lat' dir='ltr'><strong>gidum</strong></span> <span class='ocrx_word' id='word_1_138' title='bbox 607 1694 738 1749; x_wconf 90' lang='lat' dir='ltr'><strong>illud</strong></span> <span class='ocrx_word' id='word_1_139' title='bbox 791 1694 992 1748; x_wconf 87' lang='lat' dir='ltr'><strong>dictum</strong></span> <span class='ocrx_word' id='word_1_140' title='bbox 1037 1693 1294 1765; x_wconf 87' lang='lat' dir='ltr'><strong>objecerit</strong></span> <span class='ocrx_word' id='word_1_141' title='bbox 1329 1694 1622 1764; x_wconf 88' lang='lat' dir='ltr'><strong>quispiam,</strong></span> <span class='ocrx_word' id='word_1_142' title='bbox 1669 1694 1808 1764; x_wconf 91' lang='lat' dir='ltr'><strong>quod</strong></span> <span class='ocrx_word' id='word_1_143' title='bbox 1867 1694 1951 1750; x_wconf 89' lang='lat' dir='ltr'><strong>hic</strong></span> 
     </span>
    </p>
   </div>
   <div class='ocr_carea' id='block_1_18' title="bbox 363 1784 1955 1852">
    <p class='ocr_par' dir='ltr' id='par_1_18' title="bbox 363 1784 1955 1852">
     <span class='ocr_line' id='line_1_18' title="bbox 363 1784 1955 1852; baseline -0.001 -12"><span class='ocrx_word' id='word_1_144' title='bbox 363 1797 455 1841; x_wconf 86' lang='lat' dir='ltr'><strong>aut</strong></span> <span class='ocrx_word' id='word_1_145' title='bbox 501 1786 594 1841; x_wconf 89' lang='lat' dir='ltr'><strong>ille</strong></span> <span class='ocrx_word' id='word_1_146' title='bbox 643 1785 802 1839; x_wconf 89' lang='lat' dir='ltr'><strong>simul</strong></span> <span class='ocrx_word' id='word_1_147' title='bbox 852 1785 1046 1840; x_wconf 82' lang='lat' dir='ltr'><strong>habeat</strong></span> <span class='ocrx_word' id='word_1_148' title='bbox 1084 1793 1139 1840; x_wconf 87' lang='lat' dir='ltr'><strong>et</strong></span> <span class='ocrx_word' id='word_1_149' title='bbox 1190 1784 1350 1852; x_wconf 86' lang='lat' dir='ltr'><strong>hujus</strong></span> <span class='ocrx_word' id='word_1_150' title='bbox 1379 1785 1503 1839; x_wconf 72' lang='lat' dir='ltr'><strong>vita:</strong></span> <span class='ocrx_word' id='word_1_151' title='bbox 1548 1792 1604 1839; x_wconf 86' lang='lat' dir='ltr'><strong>et</strong></span> <span class='ocrx_word' id='word_1_152' title='bbox 1642 1784 1784 1838; x_wconf 89' lang='lat' dir='ltr'><strong>illius</strong></span> <span class='ocrx_word' id='word_1_153' title='bbox 1812 1799 1955 1838; x_wconf 76' lang='lat' dir='ltr'><strong>com-</strong></span> 
     </span>
    </p>
   </div>
   <div class='ocr_carea' id='block_1_19' title="bbox 364 1873 1950 1941">
    <p class='ocr_par' dir='ltr' id='par_1_19' title="bbox 364 1873 1950 1941">
     <span class='ocr_line' id='line_1_19' title="bbox 364 1873 1950 1941; baseline -0.002 -10"><span class='ocrx_word' id='word_1_154' title='bbox 364 1877 545 1931; x_wconf 89' lang='lat' dir='ltr'><strong>moda.</strong></span> <span class='ocrx_word' id='word_1_155' title='bbox 596 1876 711 1930; x_wconf 88' lang='lat' dir='ltr'><strong>lloe</strong></span> <span class='ocrx_word' id='word_1_156' title='bbox 752 1876 807 1930; x_wconf 88' lang='lat' dir='ltr'><strong>in</strong></span> <span class='ocrx_word' id='word_1_157' title='bbox 833 1875 1086 1930; x_wconf 84' lang='lat' dir='ltr'><strong>divitibus</strong></span> <span class='ocrx_word' id='word_1_158' title='bbox 1109 1915 1124 1941; x_wconf 90' lang='lat'><strong>,</strong></span> <span class='ocrx_word' id='word_1_159' title='bbox 1175 1889 1238 1930; x_wconf 88' lang='lat' dir='ltr'><strong>ac</strong></span> <span class='ocrx_word' id='word_1_160' title='bbox 1276 1875 1481 1930; x_wconf 82' lang='lat' dir='ltr'><strong>deliciis</strong></span> <span class='ocrx_word' id='word_1_161' title='bbox 1519 1873 1816 1929; x_wconf 91' lang='lat' dir='ltr'><strong>fruentibus</strong></span> <span class='ocrx_word' id='word_1_162' title='bbox 1865 1875 1950 1928; x_wconf 75' lang='lat' dir='ltr'><strong>si-</strong></span> 
     </span>
    </p>
   </div>
   <div class='ocr_carea' id='block_1_20' title="bbox 365 1966 1947 2038">
    <p class='ocr_par' dir='ltr' id='par_1_20' title="bbox 365 1966 1947 2038">
     <span class='ocr_line' id='line_1_20' title="bbox 365 1966 1947 2038; baseline -0.001 -15"><span class='ocrx_word' id='word_1_163' title='bbox 365 1969 582 2038; x_wconf 84' lang='lat' dir='ltr'><strong>mulque</strong></span> <span class='ocrx_word' id='word_1_164' title='bbox 647 1967 989 2037; x_wconf 84' lang='lat' dir='ltr'><strong>peccantibus</strong></span> <span class='ocrx_word' id='word_1_165' title='bbox 1042 1966 1286 2022; x_wconf 88' lang='lat' dir='ltr'><strong>accidere</strong></span> <span class='ocrx_word' id='word_1_166' title='bbox 1338 1982 1672 2037; x_wconf 87' lang='lat' dir='ltr'><strong>nequaquam</strong></span> <span class='ocrx_word' id='word_1_167' title='bbox 1723 1975 1947 2036; x_wconf 87' lang='lat' dir='ltr'><strong>potest:</strong></span> 
     </span>
    </p>
   </div>
   <div class='ocr_carea' id='block_1_21' title="bbox 363 2057 1956 2128">
    <p class='ocr_par' dir='ltr' id='par_1_21' title="bbox 363 2057 1956 2128">
     <span class='ocr_line' id='line_1_21' title="bbox 363 2057 1956 2128; baseline 0 -16"><span class='ocrx_word' id='word_1_168' title='bbox 363 2074 551 2113; x_wconf 88' lang='lat' dir='ltr'><strong>verum</strong></span> <span class='ocrx_word' id='word_1_169' title='bbox 597 2059 644 2112; x_wconf 88' lang='lat' dir='ltr'><strong>si</strong></span> <span class='ocrx_word' id='word_1_170' title='bbox 674 2058 814 2113; x_wconf 88' lang='lat' dir='ltr'><strong>istud</strong></span> <span class='ocrx_word' id='word_1_171' title='bbox 840 2057 1125 2113; x_wconf 86' lang='lat' dir='ltr'><strong>dicendum</strong></span> <span class='ocrx_word' id='word_1_172' title='bbox 1153 2065 1264 2124; x_wconf 90' lang='lat' dir='ltr'><strong>est,</strong></span> <span class='ocrx_word' id='word_1_173' title='bbox 1293 2057 1360 2113; x_wconf 91' lang='lat' dir='ltr'><strong>de</strong></span> <span class='ocrx_word' id='word_1_174' title='bbox 1387 2058 1453 2112; x_wconf 88' lang='lat' dir='ltr'><strong>iis</strong></span> <span class='ocrx_word' id='word_1_175' title='bbox 1482 2058 1570 2128; x_wconf 90' lang='lat' dir='ltr'><strong>qui</strong></span> <span class='ocrx_word' id='word_1_176' title='bbox 1603 2058 1688 2112; x_wconf 90' lang='lat' dir='ltr'><strong>hic</strong></span> <span class='ocrx_word' id='word_1_177' title='bbox 1713 2058 1956 2128; x_wconf 84' lang='lat' dir='ltr'><strong>affligun-</strong></span> 
     </span>
    </p>
   </div>
   <div class='ocr_carea' id='block_1_22' title="bbox 365 2148 1951 2219">
    <p class='ocr_par' dir='ltr' id='par_1_22' title="bbox 365 2148 1951 2219">
     <span class='ocr_line' id='line_1_22' title="bbox 365 2148 1951 2219; baseline 0.001 -16"><span class='ocrx_word' id='word_1_178' title='bbox 365 2157 454 2203; x_wconf 90' lang='lat' dir='ltr'><strong>tur</strong></span> <span class='ocrx_word' id='word_1_179' title='bbox 498 2148 603 2204; x_wconf 86' lang='lat' dir='ltr'><strong>dici</strong></span> <span class='ocrx_word' id='word_1_180' title='bbox 669 2157 888 2219; x_wconf 87' lang='lat' dir='ltr'><strong>potest,</strong></span> <span class='ocrx_word' id='word_1_181' title='bbox 952 2149 1043 2219; x_wconf 87' lang='lat' dir='ltr'><strong>qui</strong></span> <span class='ocrx_word' id='word_1_182' title='bbox 1093 2151 1281 2203; x_wconf 86' lang='lat' dir='ltr'><strong>vivunt</strong></span> <span class='ocrx_word' id='word_1_183' title='bbox 1328 2149 1383 2203; x_wconf 89' lang='lat' dir='ltr'><strong>in</strong></span> <span class='ocrx_word' id='word_1_184' title='bbox 1421 2149 1751 2218; x_wconf 78' lang='lat' dir='ltr'><strong>angoribus,</strong></span> <span class='ocrx_word' id='word_1_185' title='bbox 1803 2149 1951 2204; x_wconf 84' lang='lat' dir='ltr'><strong>vide-</strong></span> 
     </span>
    </p>
   </div>
   <div class='ocr_carea' id='block_1_23' title="bbox 365 2237 1955 2308">
    <p class='ocr_par' dir='ltr' id='par_1_23' title="bbox 365 2237 1955 2308">
     <span class='ocr_line' id='line_1_23' title="bbox 365 2237 1955 2308; baseline 0.001 -16"><span class='ocrx_word' id='word_1_186' title='bbox 365 2239 490 2294; x_wconf 87' lang='lat' dir='ltr'><strong>licet</strong></span> <span class='ocrx_word' id='word_1_187' title='bbox 532 2238 673 2308; x_wconf 88' lang='lat' dir='ltr'><strong>quod</strong></span> <span class='ocrx_word' id='word_1_188' title='bbox 728 2239 817 2294; x_wconf 91' lang='lat' dir='ltr'><strong>hic</strong></span> <span class='ocrx_word' id='word_1_189' title='bbox 840 2247 895 2294; x_wconf 92' lang='lat' dir='ltr'><strong>et</strong></span> <span class='ocrx_word' id='word_1_190' title='bbox 923 2238 1039 2294; x_wconf 69' lang='lat' dir='ltr'><strong>haec</strong></span> <span class='ocrx_word' id='word_1_191' title='bbox 1064 2250 1118 2294; x_wconf 87' lang='lat' dir='ltr'><strong>et</strong></span> <span class='ocrx_word' id='word_1_192' title='bbox 1158 2239 1250 2293; x_wconf 89' lang='lat' dir='ltr'><strong>illa</strong></span> <span class='ocrx_word' id='word_1_193' title='bbox 1300 2237 1554 2295; x_wconf 85' lang='lat' dir='ltr'><strong>habeant.</strong></span> <span class='ocrx_word' id='word_1_194' title='bbox 1599 2239 1711 2294; x_wconf 90' lang='lat' dir='ltr'><strong>Illic</strong></span> <span class='ocrx_word' id='word_1_195' title='bbox 1759 2239 1955 2295; x_wconf 83' lang='lat' dir='ltr'><strong>habent</strong></span> 
     </span>
    </p>
   </div>
   <div class='ocr_carea' id='block_1_24' title="bbox 366 2329 1952 2400">
    <p class='ocr_par' dir='ltr' id='par_1_24' title="bbox 366 2329 1952 2400">
     <span class='ocr_line' id='line_1_24' title="bbox 366 2329 1952 2400; baseline 0 -17"><span class='ocrx_word' id='word_1_196' title='bbox 366 2330 573 2400; x_wconf 70' lang='lat' dir='ltr'><strong>praemii</strong></span> <span class='ocrx_word' id='word_1_197' title='bbox 602 2331 829 2384; x_wconf 87' lang='lat' dir='ltr'><strong>fructum</strong></span> <span class='ocrx_word' id='word_1_198' title='bbox 860 2347 874 2384; x_wconf 88' lang='lat'><strong>:</strong></span> <span class='ocrx_word' id='word_1_199' title='bbox 902 2330 990 2385; x_wconf 83' lang='lat' dir='ltr'><strong>hic</strong></span> <span class='ocrx_word' id='word_1_200' title='bbox 1017 2329 1252 2398; x_wconf 89' lang='lat' dir='ltr'><strong>habent,</strong></span> <span class='ocrx_word' id='word_1_201' title='bbox 1275 2330 1418 2400; x_wconf 92' lang='lat' dir='ltr'><strong>quod</strong></span> <span class='ocrx_word' id='word_1_202' title='bbox 1441 2330 1654 2384; x_wconf 89' lang='lat' dir='ltr'><strong>illorum</strong></span> <span class='ocrx_word' id='word_1_203' title='bbox 1680 2345 1776 2400; x_wconf 89' lang='lat' dir='ltr'><strong>spe</strong></span> <span class='ocrx_word' id='word_1_204' title='bbox 1803 2331 1952 2384; x_wconf 88' lang='lat' dir='ltr'><strong>alan-</strong></span> 
     </span>
    </p>
   </div>
   <div class='ocr_carea' id='block_1_25' title="bbox 366 2419 1954 2493">
    <p class='ocr_par' dir='ltr' id='par_1_25' title="bbox 366 2419 1954 2493">
     <span class='ocr_line' id='line_1_25' title="bbox 366 2419 1954 2493; baseline -0.001 -16"><span class='ocrx_word' id='word_1_205' title='bbox 366 2432 500 2490; x_wconf 87' lang='lat' dir='ltr'><strong>tur,</strong></span> <span class='ocrx_word' id='word_1_206' title='bbox 531 2438 630 2478; x_wconf 88' lang='lat' dir='ltr'><strong>nec</strong></span> <span class='ocrx_word' id='word_1_207' title='bbox 667 2423 900 2478; x_wconf 83' lang='lat' dir='ltr'><strong>sentiant</strong></span> <span class='ocrx_word' id='word_1_208' title='bbox 952 2424 1090 2478; x_wconf 91' lang='lat' dir='ltr'><strong>mala</strong></span> <span class='ocrx_word' id='word_1_209' title='bbox 1146 2423 1474 2493; x_wconf 72' lang='lat' dir='ltr'><strong>pmsentia,</strong></span> <span class='ocrx_word' id='word_1_210' title='bbox 1526 2419 1595 2477; x_wconf 93' lang='lat' dir='ltr'><strong>ob</strong></span> <span class='ocrx_word' id='word_1_211' title='bbox 1651 2421 1954 2476; x_wconf 86' lang='lat' dir='ltr'><strong>futurorum</strong></span> 
     </span>
    </p>
   </div>
   <div class='ocr_carea' id='block_1_26' title="bbox 366 2512 1955 2585">
    <p class='ocr_par' dir='ltr' id='par_1_26' title="bbox 366 2512 1955 2585">
     <span class='ocr_line' id='line_1_26' title="bbox 366 2512 1955 2585; baseline -0.003 -14"><span class='ocrx_word' id='word_1_212' title='bbox 366 2516 632 2571; x_wconf 84' lang='lat' dir='ltr'><strong>bonorum</strong></span> <span class='ocrx_word' id='word_1_213' title='bbox 675 2516 1151 2585; x_wconf 77' lang='lat' dir='ltr'><strong>exspectationem.</strong></span> <span class='ocrx_word' id='word_1_214' title='bbox 1199 2513 1306 2569; x_wconf 87' lang='lat' dir='ltr'><strong>Sed</strong></span> <span class='ocrx_word' id='word_1_215' title='bbox 1355 2513 1633 2568; x_wconf 86' lang='lat' dir='ltr'><strong>audiamus</strong></span> <span class='ocrx_word' id='word_1_216' title='bbox 1670 2523 1725 2568; x_wconf 87' lang='lat' dir='ltr'><strong>et</strong></span> <span class='ocrx_word' id='word_1_217' title='bbox 1747 2512 1955 2582; x_wconf 89' lang='lat' dir='ltr'><strong>reliqua</strong></span> 
     </span>
    </p>
   </div>
   <div class='ocr_carea' id='block_1_27' title="bbox 366 2606 1956 2679">
    <p class='ocr_par' dir='ltr' id='par_1_27' title="bbox 366 2606 1956 2679">
     <span class='ocr_line' id='line_1_27' title="bbox 366 2606 1956 2679; baseline -0.003 -16"><span class='ocrx_word' id='word_1_218' title='bbox 366 2625 487 2679; x_wconf 69' lang='lat' dir='ltr'><strong>qua:</strong></span> <span class='ocrx_word' id='word_1_219' title='bbox 517 2616 813 2679; x_wconf 89' lang='lat' dir='ltr'><strong>sequuntur</strong></span> <span class='ocrx_word' id='word_1_220' title='bbox 840 2624 854 2660; x_wconf 90' lang='lat'><strong>:</strong></span> <span class='ocrx_word' id='word_1_221' title='bbox 886 2608 1059 2678; x_wconf 79' lang='lat' dir='ltr'><strong>Super</strong></span> <span class='ocrx_word' id='word_1_222' title='bbox 1101 2611 1212 2661; x_wconf 73' lang='lat' dir='ltr'><strong>lucc</strong></span> <span class='ocrx_word' id='word_1_223' title='bbox 1240 2607 1412 2661; x_wconf 87' lang='lat' dir='ltr'><strong>omnia</strong></span> <span class='ocrx_word' id='word_1_224' title='bbox 1447 2621 1563 2660; x_wconf 82' lang='lat' dir='ltr'><strong>vero</strong></span> <span class='ocrx_word' id='word_1_225' title='bbox 1592 2607 1747 2659; x_wconf 85' lang='lat' dir='ltr'><strong>chaos</strong></span> <span class='ocrx_word' id='word_1_226' title='bbox 1779 2606 1956 2676; x_wconf 86' lang='lat' dir='ltr'><strong>ingens</strong></span> 
     </span>
    </p>
   </div>
   <div class='ocr_carea' id='block_1_28' title="bbox 366 2687 1957 2770">
    <p class='ocr_par' dir='ltr' id='par_1_28' title="bbox 366 2687 1957 2770">
     <span class='ocr_line' id='line_1_28' title="bbox 366 2687 1957 2770; baseline -0.003 -17"><span class='ocrx_word' id='word_1_227' title='bbox 366 2699 697 2767; x_wconf 79' lang='lat' dir='ltr'><strong>con/innatus</strong></span> <span class='ocrx_word' id='word_1_228' title='bbox 752 2708 825 2753; x_wconf 86' lang='lat' dir='ltr'><strong>est</strong></span> <span class='ocrx_word' id='word_1_229' title='bbox 879 2699 1011 2753; x_wconf 82' lang='lat' dir='ltr'><strong>inter</strong></span> <span class='ocrx_word' id='word_1_230' title='bbox 1065 2714 1157 2752; x_wconf 87' lang='lat' dir='ltr'><strong>nos</strong></span> <span class='ocrx_word' id='word_1_231' title='bbox 1205 2707 1254 2752; x_wconf 90' lang='lat' dir='ltr'><strong>et</strong></span> <span class='ocrx_word' id='word_1_232' title='bbox 1305 2713 1392 2751; x_wconf 81' lang='lat' dir='ltr'><strong>vos</strong></span> <span class='ocrx_word' id='word_1_233' title='bbox 1445 2695 1626 2770; x_wconf 84' lang='lat' dir='ltr'><strong>(Luc.</strong></span> <span class='ocrx_word' id='word_1_234' title='bbox 1679 2697 1763 2751; x_wconf 89' lang='grc'>16.</span> <span class='ocrx_word' id='word_1_235' title='bbox 1817 2687 1957 2766; x_wconf 70' lang='grc'><strong>26).</strong></span> 
     </span>
    </p>
   </div>
   <div class='ocr_carea' id='block_1_29' title="bbox 368 2786 1957 2861">
    <p class='ocr_par' dir='ltr' id='par_1_29' title="bbox 368 2786 1957 2861">
     <span class='ocr_line' id='line_1_29' title="bbox 368 2786 1957 2861; baseline -0.004 -15"><span class='ocrx_word' id='word_1_236' title='bbox 368 2791 535 2847; x_wconf 69' lang='lat' dir='ltr'><strong>ﬂecte</strong></span> <span class='ocrx_word' id='word_1_237' title='bbox 566 2791 743 2861; x_wconf 87' lang='lat' dir='ltr'><strong>itaque</strong></span> <span class='ocrx_word' id='word_1_238' title='bbox 787 2790 923 2845; x_wconf 84' lang='lat' dir='ltr'><strong>dixit</strong></span> <span class='ocrx_word' id='word_1_239' title='bbox 968 2789 1132 2844; x_wconf 85' lang='lat' dir='ltr'><strong>David</strong></span> <span class='ocrx_word' id='word_1_240' title='bbox 1158 2829 1174 2856; x_wconf 94' lang='lat'><strong>,</strong></span> <span class='ocrx_word' id='word_1_241' title='bbox 1227 2786 1414 2841; x_wconf 86' lang='lat' dir='ltr'><strong>Frater</strong></span> <span class='ocrx_word' id='word_1_242' title='bbox 1461 2803 1562 2842; x_wconf 87' lang='lat' dir='ltr'><strong>non</strong></span> <span class='ocrx_word' id='word_1_243' title='bbox 1603 2787 1822 2852; x_wconf 84' lang='lat' dir='ltr'><strong>redimit,</strong></span> <span class='ocrx_word' id='word_1_244' title='bbox 1854 2801 1957 2840; x_wconf 89' lang='lat' dir='ltr'><strong>non</strong></span> 
     </span>
    </p>
   </div>
   <div class='ocr_carea' id='block_1_30' title="bbox 366 2878 1609 2953">
    <p class='ocr_par' dir='ltr' id='par_1_30' title="bbox 366 2878 1609 2953">
     <span class='ocr_line' id='line_1_30' title="bbox 366 2878 1609 2953; baseline -0.003 -17"><span class='ocrx_word' id='word_1_245' title='bbox 366 2883 508 2936; x_wconf 87' lang='lat' dir='ltr'><strong>dabit</strong></span> <span class='ocrx_word' id='word_1_246' title='bbox 530 2881 644 2936; x_wconf 88' lang='lat' dir='ltr'><strong>Deo</strong></span> <span class='ocrx_word' id='word_1_247' title='bbox 661 2882 996 2953; x_wconf 87' lang='lat' dir='ltr'><strong>placationem</strong></span> <span class='ocrx_word' id='word_1_248' title='bbox 1022 2897 1167 2935; x_wconf 83' lang='lat' dir='ltr'><strong>suam</strong></span> <span class='ocrx_word' id='word_1_249' title='bbox 1196 2878 1367 2952; x_wconf 81' lang='lat' dir='ltr'><strong>(Psal.</strong></span> <span class='ocrx_word' id='word_1_250' title='bbox 1410 2878 1498 2933; x_wconf 70' lang='grc'><strong>48.</strong></span> <span class='ocrx_word' id='word_1_251' title='bbox 1529 2879 1609 2948; x_wconf 86' lang='grc'>8).</span> 
     </span>
    </p>
   </div>
   <div class='ocr_carea' id='block_1_31' title="bbox 439 2967 1957 3042">
    <p class='ocr_par' dir='ltr' id='par_1_31' title="bbox 439 2967 1957 3042">
     <span class='ocr_line' id='line_1_31' title="bbox 439 2967 1957 3042; baseline -0.003 -16"><span class='ocrx_word' id='word_1_252' title='bbox 439 2973 722 3027; x_wconf 84' lang='lat' dir='ltr'><strong>Parentum</strong></span> <span class='ocrx_word' id='word_1_253' title='bbox 765 2971 988 3042; x_wconf 84' lang='lat' dir='ltr'><strong>probitas</strong></span> <span class='ocrx_word' id='word_1_254' title='bbox 1033 2987 1137 3026; x_wconf 86' lang='lat' dir='ltr'><strong>non</strong></span> <span class='ocrx_word' id='word_1_255' title='bbox 1183 2972 1386 3040; x_wconf 86' lang='lat' dir='ltr'><strong>prodest</strong></span> <span class='ocrx_word' id='word_1_256' title='bbox 1427 2969 1670 3039; x_wconf 76' lang='lat' dir='ltr'><strong>improbw</strong></span> <span class='ocrx_word' id='word_1_257' title='bbox 1714 2967 1957 3037; x_wconf 86' lang='lat' dir='ltr'><strong>proli.—</strong></span> 
     </span>
    </p>
   </div>
   <div class='ocr_carea' id='block_1_32' title="bbox 365 3060 1954 3133">
    <p class='ocr_par' dir='ltr' id='par_1_32' title="bbox 365 3060 1954 3133">
     <span class='ocr_line' id='line_1_32' title="bbox 365 3060 1954 3133; baseline -0.004 -13"><span class='ocrx_word' id='word_1_258' title='bbox 365 3064 484 3120; x_wconf 85' lang='lat' dir='ltr'><strong>Non</strong></span> <span class='ocrx_word' id='word_1_259' title='bbox 527 3065 671 3120; x_wconf 89' lang='lat' dir='ltr'><strong>enim</strong></span> <span class='ocrx_word' id='word_1_260' title='bbox 719 3063 834 3118; x_wconf 86' lang='lat' dir='ltr'><strong>fieri</strong></span> <span class='ocrx_word' id='word_1_261' title='bbox 881 3071 1074 3133; x_wconf 86' lang='lat' dir='ltr'><strong>potest,</strong></span> <span class='ocrx_word' id='word_1_262' title='bbox 1121 3063 1222 3118; x_wconf 91' lang='lat' dir='ltr'><strong>etsi</strong></span> <span class='ocrx_word' id='word_1_263' title='bbox 1265 3062 1448 3128; x_wconf 84' lang='lat' dir='ltr'><strong>frater,</strong></span> <span class='ocrx_word' id='word_1_264' title='bbox 1492 3062 1592 3116; x_wconf 90' lang='lat' dir='ltr'><strong>etsi</strong></span> <span class='ocrx_word' id='word_1_265' title='bbox 1640 3071 1808 3130; x_wconf 88' lang='lat' dir='ltr'><strong>pater,</strong></span> <span class='ocrx_word' id='word_1_266' title='bbox 1855 3060 1954 3114; x_wconf 89' lang='lat' dir='ltr'><strong>etsi</strong></span> 
     </span>
    </p>
   </div>
   <div class='ocr_carea' id='block_1_33' title="bbox 367 3150 1958 3224">
    <p class='ocr_par' dir='ltr' id='par_1_33' title="bbox 367 3150 1958 3224">
     <span class='ocr_line' id='line_1_33' title="bbox 367 3150 1958 3224; baseline -0.004 -13"><span class='ocrx_word' id='word_1_267' title='bbox 367 3158 512 3211; x_wconf 85' lang='lat' dir='ltr'><strong>tilius</strong></span> <span class='ocrx_word' id='word_1_268' title='bbox 539 3156 716 3211; x_wconf 90' lang='lat' dir='ltr'><strong>fuerit.</strong></span> <span class='ocrx_word' id='word_1_269' title='bbox 747 3155 882 3210; x_wconf 80' lang='lat' dir='ltr'><strong>Vide</strong></span> <span class='ocrx_word' id='word_1_270' title='bbox 912 3170 1140 3224; x_wconf 87' lang='lat' dir='ltr'><strong>namque</strong></span> <span class='ocrx_word' id='word_1_271' title='bbox 1171 3153 1476 3209; x_wconf 75' lang='lat' dir='ltr'><strong>:Abraham</strong></span> <span class='ocrx_word' id='word_1_272' title='bbox 1506 3151 1790 3222; x_wconf 88' lang='lat' dir='ltr'><strong>appellavit</strong></span> <span class='ocrx_word' id='word_1_273' title='bbox 1816 3150 1958 3204; x_wconf 81' lang='lat' dir='ltr'><strong>divi-</strong></span> 
     </span>
    </p>
   </div>
   <div class='ocr_carea' id='block_1_34' title="bbox 369 3243 1957 3315">
    <p class='ocr_par' dir='ltr' id='par_1_34' title="bbox 369 3243 1957 3315">
     <span class='ocr_line' id='line_1_34' title="bbox 369 3243 1957 3315; baseline -0.004 -12"><span class='ocrx_word' id='word_1_274' title='bbox 369 3259 475 3303; x_wconf 92' lang='lat' dir='ltr'><strong>tem</strong></span> <span class='ocrx_word' id='word_1_275' title='bbox 507 3247 671 3302; x_wconf 87' lang='lat' dir='ltr'><strong>filium</strong></span> <span class='ocrx_word' id='word_1_276' title='bbox 695 3289 709 3314; x_wconf 91' lang='lat'><strong>,</strong></span> <span class='ocrx_word' id='word_1_277' title='bbox 739 3261 840 3302; x_wconf 91' lang='lat' dir='ltr'><strong>nec</strong></span> <span class='ocrx_word' id='word_1_278' title='bbox 871 3256 1047 3300; x_wconf 89' lang='lat' dir='ltr'><strong>tamen</strong></span> <span class='ocrx_word' id='word_1_279' title='bbox 1075 3246 1147 3299; x_wconf 91' lang='lat' dir='ltr'><strong>illi</strong></span> <span class='ocrx_word' id='word_1_280' title='bbox 1174 3254 1430 3315; x_wconf 63' lang='lat' dir='ltr'><strong>praestare</strong></span> <span class='ocrx_word' id='word_1_281' title='bbox 1463 3243 1651 3314; x_wconf 88' lang='lat' dir='ltr'><strong>potuit,</strong></span> <span class='ocrx_word' id='word_1_282' title='bbox 1685 3259 1804 3314; x_wconf 67' lang='lat' dir='ltr'><strong>qum</strong></span> <span class='ocrx_word' id='word_1_283' title='bbox 1834 3254 1957 3296; x_wconf 91' lang='lat' dir='ltr'><strong>sunt</strong></span> 
     </span>
    </p>
   </div>
   <div class='ocr_carea' id='block_1_35' title="bbox 367 3336 1956 3409">
    <p class='ocr_par' dir='ltr' id='par_1_35' title="bbox 367 3336 1956 3409">
     <span class='ocr_line' id='line_1_35' title="bbox 367 3336 1956 3409; baseline -0.004 -17"><span class='ocrx_word' id='word_1_284' title='bbox 367 3338 556 3409; x_wconf 84' lang='lat' dir='ltr'><strong>patris.</strong></span> <span class='ocrx_word' id='word_1_285' title='bbox 606 3338 764 3392; x_wconf 81' lang='lat' dir='ltr'><strong>Dives</strong></span> <span class='ocrx_word' id='word_1_286' title='bbox 792 3346 1000 3407; x_wconf 89' lang='lat' dir='ltr'><strong>patrem</strong></span> <span class='ocrx_word' id='word_1_287' title='bbox 1029 3336 1316 3407; x_wconf 87' lang='lat' dir='ltr'><strong>appellavit</strong></span> <span class='ocrx_word' id='word_1_288' title='bbox 1341 3336 1611 3390; x_wconf 86' lang='lat' dir='ltr'><strong>Abraham</strong></span> <span class='ocrx_word' id='word_1_289' title='bbox 1637 3377 1652 3402; x_wconf 97' lang='lat'><strong>,</strong></span> <span class='ocrx_word' id='word_1_290' title='bbox 1702 3343 1756 3390; x_wconf 90' lang='lat' dir='ltr'><strong>et</strong></span> <span class='ocrx_word' id='word_1_291' title='bbox 1797 3349 1956 3403; x_wconf 87' lang='lat' dir='ltr'><strong>quam</strong></span> 
     </span>
    </p>
   </div>
   <div class='ocr_carea' id='block_1_36' title="bbox 365 3427 1952 3498">
    <p class='ocr_par' dir='ltr' id='par_1_36' title="bbox 365 3427 1952 3498">
     <span class='ocr_line' id='line_1_36' title="bbox 365 3427 1952 3498; baseline -0.003 -14"><span class='ocrx_word' id='word_1_292' title='bbox 365 3438 789 3484; x_wconf 84' lang='lat' dir='ltr'><strong>consentaneum</strong></span> <span class='ocrx_word' id='word_1_293' title='bbox 830 3438 946 3484; x_wconf 87' lang='lat' dir='ltr'><strong>erat</strong></span> <span class='ocrx_word' id='word_1_294' title='bbox 984 3428 1133 3482; x_wconf 90' lang='lat' dir='ltr'><strong>illum</strong></span> <span class='ocrx_word' id='word_1_295' title='bbox 1178 3429 1464 3498; x_wconf 88' lang='lat' dir='ltr'><strong>impetrare</strong></span> <span class='ocrx_word' id='word_1_296' title='bbox 1507 3427 1952 3490; x_wconf 88' lang='lat' dir='ltr'><strong>benevolentiam,</strong></span> 
     </span>
    </p>
   </div>
   <div class='ocr_carea' id='block_1_37' title="bbox 366 3519 1958 3591">
    <p class='ocr_par' dir='ltr' id='par_1_37' title="bbox 366 3519 1958 3591">
     <span class='ocr_line' id='line_1_37' title="bbox 366 3519 1958 3591; baseline -0.001 -18"><span class='ocrx_word' id='word_1_297' title='bbox 366 3537 527 3591; x_wconf 89' lang='lat' dir='ltr'><strong>quam</strong></span> <span class='ocrx_word' id='word_1_298' title='bbox 560 3532 738 3590; x_wconf 89' lang='lat' dir='ltr'><strong>patres</strong></span> <span class='ocrx_word' id='word_1_299' title='bbox 765 3529 959 3591; x_wconf 88' lang='lat' dir='ltr'><strong>gerunt</strong></span> <span class='ocrx_word' id='word_1_300' title='bbox 987 3521 1039 3574; x_wconf 91' lang='lat' dir='ltr'><strong>in</strong></span> <span class='ocrx_word' id='word_1_301' title='bbox 1071 3519 1230 3587; x_wconf 87' lang='lat' dir='ltr'><strong>ﬁlios,</strong></span> <span class='ocrx_word' id='word_1_302' title='bbox 1267 3535 1371 3574; x_wconf 91' lang='lat' dir='ltr'><strong>non</strong></span> <span class='ocrx_word' id='word_1_303' title='bbox 1401 3520 1572 3590; x_wconf 88' lang='lat' dir='ltr'><strong>potuit</strong></span> <span class='ocrx_word' id='word_1_304' title='bbox 1605 3536 1618 3572; x_wconf 92' lang='lat'>:</span> <span class='ocrx_word' id='word_1_305' title='bbox 1654 3521 1726 3571; x_wconf 91' lang='lat' dir='ltr'><strong>uti</strong></span> <span class='ocrx_word' id='word_1_306' title='bbox 1757 3533 1958 3588; x_wconf 87' lang='lat' dir='ltr'><strong>cogno-</strong></span> 
     </span>
    </p>
   </div>
   <div class='ocr_carea' id='block_1_38' title="bbox 367 3609 1959 3682">
    <p class='ocr_par' dir='ltr' id='par_1_38' title="bbox 367 3609 1959 3682">
     <span class='ocr_line' id='line_1_38' title="bbox 367 3609 1959 3682; baseline -0.001 -16"><span class='ocrx_word' id='word_1_307' title='bbox 367 3628 490 3666; x_wconf 87' lang='lat' dir='ltr'><strong>scas</strong></span> <span class='ocrx_word' id='word_1_308' title='bbox 537 3611 677 3681; x_wconf 89' lang='lat' dir='ltr'><strong>quod</strong></span> <span class='ocrx_word' id='word_1_309' title='bbox 710 3627 882 3682; x_wconf 89' lang='lat' dir='ltr'><strong>neque</strong></span> <span class='ocrx_word' id='word_1_310' title='bbox 929 3612 1213 3680; x_wconf 76' lang='lat' dir='ltr'><strong>cognatio,</strong></span> <span class='ocrx_word' id='word_1_311' title='bbox 1257 3627 1430 3681; x_wconf 90' lang='lat' dir='ltr'><strong>neque</strong></span> <span class='ocrx_word' id='word_1_312' title='bbox 1469 3609 1700 3664; x_wconf 87' lang='lat' dir='ltr'><strong>amicitia</strong></span> <span class='ocrx_word' id='word_1_313' title='bbox 1724 3650 1740 3677; x_wconf 95' lang='lat'><strong>,</strong></span> <span class='ocrx_word' id='word_1_314' title='bbox 1786 3623 1959 3678; x_wconf 89' lang='lat' dir='ltr'><strong>neque</strong></span> 
     </span>
    </p>
   </div>
   <div class='ocr_carea' id='block_1_39' title="bbox 367 3701 1955 3772">
    <p class='ocr_par' dir='ltr' id='par_1_39' title="bbox 367 3701 1955 3772">
     <span class='ocr_line' id='line_1_39' title="bbox 367 3701 1955 3772; baseline -0.003 -15"><span class='ocrx_word' id='word_1_315' title='bbox 367 3705 593 3757; x_wconf 82' lang='lat' dir='ltr'><strong>affectus</strong></span> <span class='ocrx_word' id='word_1_316' title='bbox 617 3745 630 3766; x_wconf 88' lang='lat'><strong>,</strong></span> <span class='ocrx_word' id='word_1_317' title='bbox 674 3717 845 3772; x_wconf 88' lang='lat' dir='ltr'><strong>neque</strong></span> <span class='ocrx_word' id='word_1_318' title='bbox 887 3703 991 3757; x_wconf 89' lang='lat' dir='ltr'><strong>alia</strong></span> <span class='ocrx_word' id='word_1_319' title='bbox 1022 3717 1108 3757; x_wconf 88' lang='lat' dir='ltr'><strong>res</strong></span> <span class='ocrx_word' id='word_1_320' title='bbox 1147 3702 1248 3756; x_wconf 85' lang='lat' dir='ltr'><strong>ulla</strong></span> <span class='ocrx_word' id='word_1_321' title='bbox 1281 3717 1350 3756; x_wconf 83' lang='lat' dir='ltr'><strong>ex</strong></span> <span class='ocrx_word' id='word_1_322' title='bbox 1381 3701 1632 3756; x_wconf 91' lang='lat' dir='ltr'><strong>omnibus</strong></span> <span class='ocrx_word' id='word_1_323' title='bbox 1662 3717 1780 3771; x_wconf 82' lang='lat' dir='ltr'><strong>qua:</strong></span> <span class='ocrx_word' id='word_1_324' title='bbox 1810 3709 1955 3768; x_wconf 91' lang='lat' dir='ltr'><strong>sunt,</strong></span> 
     </span>
    </p>
   </div>
   <div class='ocr_carea' id='block_1_40' title="bbox 362 3793 1956 3864">
    <p class='ocr_par' dir='ltr' id='par_1_40' title="bbox 362 3793 1956 3864">
     <span class='ocr_line' id='line_1_40' title="bbox 362 3793 1956 3864; baseline 0.001 -19"><span class='ocrx_word' id='word_1_325' title='bbox 362 3795 554 3864; x_wconf 83' lang='lat' dir='ltr'><strong>juvare</strong></span> <span class='ocrx_word' id='word_1_326' title='bbox 577 3802 750 3863; x_wconf 86' lang='lat' dir='ltr'><strong>potest</strong></span> <span class='ocrx_word' id='word_1_327' title='bbox 773 3809 916 3860; x_wconf 90' lang='lat' dir='ltr'><strong>eum,</strong></span> <span class='ocrx_word' id='word_1_328' title='bbox 949 3793 1036 3864; x_wconf 88' lang='lat' dir='ltr'><strong>qui</strong></span> <span class='ocrx_word' id='word_1_329' title='bbox 1078 3808 1109 3847; x_wconf 88' lang='lat' dir='ltr'><strong>a</strong></span> <span class='ocrx_word' id='word_1_330' title='bbox 1151 3808 1246 3849; x_wconf 90' lang='lat' dir='ltr'><strong>sua</strong></span> <span class='ocrx_word' id='word_1_331' title='bbox 1273 3794 1438 3863; x_wconf 89' lang='lat' dir='ltr'><strong>ipsius</strong></span> <span class='ocrx_word' id='word_1_332' title='bbox 1461 3793 1565 3847; x_wconf 89' lang='lat' dir='ltr'><strong>vita</strong></span> <span class='ocrx_word' id='word_1_333' title='bbox 1591 3793 1828 3862; x_wconf 90' lang='lat' dir='ltr'><strong>proditus</strong></span> <span class='ocrx_word' id='word_1_334' title='bbox 1851 3801 1956 3847; x_wconf 91' lang='lat' dir='ltr'><strong>est.</strong></span> 
     </span>
    </p>
   </div>
   <div class='ocr_carea' id='block_1_41' title="bbox 411 3885 1961 3957">
    <p class='ocr_par' dir='ltr' id='par_1_41' title="bbox 411 3885 1961 3957">
     <span class='ocr_line' id='line_1_41' title="bbox 411 3885 1961 3957; baseline 0 -17"><span class='ocrx_word' id='word_1_335' title='bbox 411 3908 414 3910; x_wconf 50' lang='grc' dir='ltr'><strong>ν</strong></span> <span class='ocrx_word' id='word_1_336' title='bbox 443 3886 529 3940; x_wconf 89' lang='grc'>10.</span> <span class='ocrx_word' id='word_1_337' title='bbox 574 3885 701 3939; x_wconf 76' lang='lat' dir='ltr'><strong>llzec</strong></span> <span class='ocrx_word' id='word_1_338' title='bbox 743 3897 922 3940; x_wconf 88' lang='lat' dir='ltr'><strong>autem</strong></span> <span class='ocrx_word' id='word_1_339' title='bbox 951 3900 1017 3941; x_wconf 89' lang='lat' dir='ltr'><strong>eo</strong></span> <span class='ocrx_word' id='word_1_340' title='bbox 1061 3885 1182 3942; x_wconf 91' lang='lat' dir='ltr'><strong>dico</strong></span> <span class='ocrx_word' id='word_1_341' title='bbox 1206 3928 1221 3955; x_wconf 94' lang='lat'><strong>,</strong></span> <span class='ocrx_word' id='word_1_342' title='bbox 1253 3886 1395 3957; x_wconf 91' lang='lat' dir='ltr'><strong>quod</strong></span> <span class='ocrx_word' id='word_1_343' title='bbox 1437 3887 1737 3956; x_wconf 86' lang='lat' dir='ltr'><strong>complures</strong></span> <span class='ocrx_word' id='word_1_344' title='bbox 1760 3926 1774 3950; x_wconf 92' lang='lat'><strong>,</strong></span> <span class='ocrx_word' id='word_1_345' title='bbox 1807 3885 1961 3940; x_wconf 89' lang='lat' dir='ltr'><strong>nobis</strong></span> 
     </span>
    </p>
   </div>
   <div class='ocr_carea' id='block_1_42' title="bbox 370 3977 1959 4048">
    <p class='ocr_par' dir='ltr' id='par_1_42' title="bbox 370 3977 1959 4048">
     <span class='ocr_line' id='line_1_42' title="bbox 370 3977 1959 4048; baseline 0 -16"><span class='ocrx_word' id='word_1_346' title='bbox 370 3977 683 4048; x_wconf 78' lang='lat' dir='ltr'><strong>frequenter</strong></span> <span class='ocrx_word' id='word_1_347' title='bbox 711 3977 1122 4032; x_wconf 89' lang='lat' dir='ltr'><strong>admonentibus</strong></span> <span class='ocrx_word' id='word_1_348' title='bbox 1146 3988 1204 4032; x_wconf 93' lang='lat' dir='ltr'><strong>ut</strong></span> <span class='ocrx_word' id='word_1_349' title='bbox 1231 3978 1332 4032; x_wconf 90' lang='lat' dir='ltr'><strong>sibi</strong></span> <span class='ocrx_word' id='word_1_350' title='bbox 1362 3987 1592 4033; x_wconf 88' lang='lat' dir='ltr'><strong>caveant</strong></span> <span class='ocrx_word' id='word_1_351' title='bbox 1616 3978 1959 4048; x_wconf 82' lang='lat' dir='ltr'><strong>vigilemque,</strong></span> 
     </span>
    </p>
   </div>
   <div class='ocr_carea' id='block_1_43' title="bbox 370 4068 1963 4140">
    <p class='ocr_par' dir='ltr' id='par_1_43' title="bbox 370 4068 1963 4140">
     <span class='ocr_line' id='line_1_43' title="bbox 370 4068 1963 4140; baseline -0.001 -16"><span class='ocrx_word' id='word_1_352' title='bbox 370 4069 647 4140; x_wconf 79' lang='lat' dir='ltr'><strong>negligant</strong></span> <span class='ocrx_word' id='word_1_353' title='bbox 677 4079 730 4124; x_wconf 90' lang='lat' dir='ltr'><strong>et</strong></span> <span class='ocrx_word' id='word_1_354' title='bbox 763 4069 1182 4124; x_wconf 86' lang='lat' dir='ltr'><strong>admonitionem</strong></span> <span class='ocrx_word' id='word_1_355' title='bbox 1211 4077 1423 4124; x_wconf 89' lang='lat' dir='ltr'><strong>vertunt</strong></span> <span class='ocrx_word' id='word_1_356' title='bbox 1454 4069 1507 4123; x_wconf 92' lang='lat' dir='ltr'><strong>in</strong></span> <span class='ocrx_word' id='word_1_357' title='bbox 1537 4069 1724 4124; x_wconf 89' lang='lat' dir='ltr'><strong>risum.</strong></span> <span class='ocrx_word' id='word_1_358' title='bbox 1750 4068 1832 4123; x_wconf 88' lang='lat' dir='ltr'><strong>Tu</strong></span> <span class='ocrx_word' id='word_1_359' title='bbox 1859 4068 1963 4122; x_wconf 91' lang='lat' dir='ltr'><strong>mi-</strong></span> 
     </span>
    </p>
   </div>
   <div class='ocr_carea' id='block_1_44' title="bbox 372 4161 1959 4232">
    <p class='ocr_par' dir='ltr' id='par_1_44' title="bbox 372 4161 1959 4232">
     <span class='ocr_line' id='line_1_44' title="bbox 372 4161 1959 4232; baseline 0.001 -18"><span class='ocrx_word' id='word_1_360' title='bbox 372 4161 450 4228; x_wconf 88' lang='lat' dir='ltr'><strong>hi,</strong></span> <span class='ocrx_word' id='word_1_361' title='bbox 480 4162 726 4232; x_wconf 87' lang='lat' dir='ltr'><strong>inquiunt</strong></span> <span class='ocrx_word' id='word_1_362' title='bbox 751 4205 765 4230; x_wconf 94' lang='lat'><strong>,</strong></span> <span class='ocrx_word' id='word_1_363' title='bbox 813 4161 956 4217; x_wconf 91' lang='lat' dir='ltr'><strong>adsis</strong></span> <span class='ocrx_word' id='word_1_364' title='bbox 981 4162 1036 4216; x_wconf 89' lang='lat' dir='ltr'><strong>in</strong></span> <span class='ocrx_word' id='word_1_365' title='bbox 1082 4162 1172 4216; x_wconf 88' lang='lat' dir='ltr'><strong>illo</strong></span> <span class='ocrx_word' id='word_1_366' title='bbox 1202 4161 1307 4227; x_wconf 86' lang='lat' dir='ltr'><strong>die,</strong></span> <span class='ocrx_word' id='word_1_367' title='bbox 1348 4170 1402 4216; x_wconf 92' lang='lat' dir='ltr'><strong>et</strong></span> <span class='ocrx_word' id='word_1_368' title='bbox 1425 4163 1571 4217; x_wconf 88' lang='lat' dir='ltr'><strong>bono</strong></span> <span class='ocrx_word' id='word_1_369' title='bbox 1613 4177 1731 4218; x_wconf 89' lang='lat' dir='ltr'><strong>sum</strong></span> <span class='ocrx_word' id='word_1_370' title='bbox 1759 4162 1959 4230; x_wconf 89' lang='lat' dir='ltr'><strong>animo,</strong></span> 
     </span>
    </p>
   </div>
   <div class='ocr_carea' id='block_1_45' title="bbox 372 4253 1962 4324">
    <p class='ocr_par' dir='ltr' id='par_1_45' title="bbox 372 4253 1962 4324">
     <span class='ocr_line' id='line_1_45' title="bbox 372 4253 1962 4324; baseline -0.001 -16"><span class='ocrx_word' id='word_1_371' title='bbox 372 4269 549 4324; x_wconf 88' lang='lat' dir='ltr'><strong>neque</strong></span> <span class='ocrx_word' id='word_1_372' title='bbox 574 4254 862 4324; x_wconf 87' lang='lat' dir='ltr'><strong>quidquam</strong></span> <span class='ocrx_word' id='word_1_373' title='bbox 894 4262 1094 4308; x_wconf 90' lang='lat' dir='ltr'><strong>metuo.</strong></span> <span class='ocrx_word' id='word_1_374' title='bbox 1140 4253 1373 4308; x_wconf 82' lang='lat' dir='ltr'><strong>Rursum</strong></span> <span class='ocrx_word' id='word_1_375' title='bbox 1403 4253 1539 4308; x_wconf 91' lang='lat' dir='ltr'><strong>alius</strong></span> <span class='ocrx_word' id='word_1_376' title='bbox 1568 4270 1580 4307; x_wconf 92' lang='lat'><strong>:</strong></span> <span class='ocrx_word' id='word_1_377' title='bbox 1614 4263 1844 4324; x_wconf 89' lang='lat' dir='ltr'><strong>patrem,</strong></span> <span class='ocrx_word' id='word_1_378' title='bbox 1878 4254 1962 4307; x_wconf 92' lang='lat' dir='ltr'><strong>in-</strong></span> 
     </span>
    </p>
   </div>
   <div class='ocr_carea' id='block_1_46' title="bbox 374 4344 1964 4416">
    <p class='ocr_par' dir='ltr' id='par_1_46' title="bbox 374 4344 1964 4416">
     <span class='ocr_line' id='line_1_46' title="bbox 374 4344 1964 4416; baseline 0 -18"><span class='ocrx_word' id='word_1_379' title='bbox 374 4346 513 4414; x_wconf 88' lang='lat' dir='ltr'><strong>quit,</strong></span> <span class='ocrx_word' id='word_1_380' title='bbox 539 4345 708 4400; x_wconf 86' lang='lat' dir='ltr'><strong>habeo</strong></span> <span class='ocrx_word' id='word_1_381' title='bbox 729 4355 1037 4416; x_wconf 88' lang='lat' dir='ltr'><strong>martyrem.</strong></span> <span class='ocrx_word' id='word_1_382' title='bbox 1068 4345 1134 4398; x_wconf 90' lang='lat' dir='ltr'><strong>Et</strong></span> <span class='ocrx_word' id='word_1_383' title='bbox 1161 4344 1297 4399; x_wconf 89' lang='lat' dir='ltr'><strong>alius</strong></span> <span class='ocrx_word' id='word_1_384' title='bbox 1322 4362 1336 4400; x_wconf 90' lang='lat'><strong>:</strong></span> <span class='ocrx_word' id='word_1_385' title='bbox 1364 4359 1542 4411; x_wconf 87' lang='lat' dir='ltr'><strong>avum,</strong></span> <span class='ocrx_word' id='word_1_386' title='bbox 1571 4345 1763 4415; x_wconf 90' lang='lat' dir='ltr'><strong>inquit,</strong></span> <span class='ocrx_word' id='word_1_387' title='bbox 1794 4344 1964 4398; x_wconf 87' lang='lat' dir='ltr'><strong>habeo</strong></span> 
     </span>
    </p>
   </div>
   <div class='ocr_carea' id='block_1_47' title="bbox 1576 199 2398 263">
    <p class='ocr_par' dir='ltr' id='par_1_47' title="bbox 1576 199 2398 263">
     <span class='ocr_line' id='line_1_47' title="bbox 1576 199 2398 263; baseline 0.01 -8"><span class='ocrx_word' id='word_1_388' title='bbox 1576 199 1662 256; x_wconf 85' lang='lat' dir='ltr'><strong>DE</strong></span> <span class='ocrx_word' id='word_1_389' title='bbox 1717 200 1996 261; x_wconf 80' lang='lat' dir='ltr'><strong>LAZARO</strong></span> <span class='ocrx_word' id='word_1_390' title='bbox 2032 203 2282 263; x_wconf 77' lang='lat' dir='ltr'><strong>CONCIO</strong></span> <span class='ocrx_word' id='word_1_391' title='bbox 2309 205 2398 263; x_wconf 78' lang='lat' dir='ltr'><strong>IV.</strong></span> 
     </span>
    </p>
   </div>
   <div class='ocr_carea' id='block_1_48' title="bbox 3514 229 3652 285">
    <p class='ocr_par' dir='ltr' id='par_1_48' title="bbox 3514 229 3652 285">
     <span class='ocr_line' id='line_1_48' title="bbox 3514 229 3652 285; baseline -0.007 0"><span class='ocrx_word' id='word_1_392' title='bbox 3514 229 3652 285; x_wconf 84' lang='grc'>1006</span> 
     </span>
    </p>
   </div>
   <div class='ocr_carea' id='block_1_49' title="bbox 2060 321 3646 409">
    <p class='ocr_par' dir='ltr' id='par_1_49' title="bbox 2060 321 3646 409">
     <span class='ocr_line' id='line_1_49' title="bbox 2060 321 3646 409; baseline 0.012 -33"><span class='ocrx_word' id='word_1_393' title='bbox 2060 321 2387 392; x_wconf 89' lang='lat' dir='ltr'><strong>episcopum.</strong></span> <span class='ocrx_word' id='word_1_394' title='bbox 2442 322 2544 377; x_wconf 82' lang='lat' dir='ltr'><strong>Alii</strong></span> <span class='ocrx_word' id='word_1_395' title='bbox 2571 339 2681 380; x_wconf 68' lang='lat' dir='ltr'><strong>sum</strong></span> <span class='ocrx_word' id='word_1_396' title='bbox 2711 323 2926 384; x_wconf 73' lang='lat' dir='ltr'><strong>familia:</strong></span> <span class='ocrx_word' id='word_1_397' title='bbox 2955 328 3088 385; x_wconf 88' lang='lat' dir='ltr'><strong>alios</strong></span> <span class='ocrx_word' id='word_1_398' title='bbox 3117 334 3404 403; x_wconf 85' lang='lat' dir='ltr'><strong>objiciunt.</strong></span> <span class='ocrx_word' id='word_1_399' title='bbox 3428 335 3646 409; x_wconf 79' lang='lat' dir='ltr'><strong>Frigida</strong></span> 
     </span>
    </p>
   </div>
   <div class='ocr_carea' id='block_1_50' title="bbox 2064 413 3655 500">
    <p class='ocr_par' dir='ltr' id='par_1_50' title="bbox 2064 413 3655 500">
     <span class='ocr_line' id='line_1_50' title="bbox 2064 413 3655 500; baseline 0.015 -37"><span class='ocrx_word' id='word_1_400' title='bbox 2064 420 2190 465; x_wconf 90' lang='lat' dir='ltr'><strong>sunt</strong></span> <span class='ocrx_word' id='word_1_401' title='bbox 2232 413 2330 466; x_wconf 90' lang='lat' dir='ltr'><strong>ista</strong></span> <span class='ocrx_word' id='word_1_402' title='bbox 2359 415 2543 480; x_wconf 83' lang='lat' dir='ltr'><strong>verba,</strong></span> <span class='ocrx_word' id='word_1_403' title='bbox 2576 415 2707 470; x_wconf 88' lang='lat' dir='ltr'><strong>nihil</strong></span> <span class='ocrx_word' id='word_1_404' title='bbox 2754 418 2909 473; x_wconf 89' lang='lat' dir='ltr'><strong>nobis</strong></span> <span class='ocrx_word' id='word_1_405' title='bbox 2937 419 3161 475; x_wconf 83' lang='lat' dir='ltr'><strong>aliorum</strong></span> <span class='ocrx_word' id='word_1_406' title='bbox 3194 423 3360 478; x_wconf 91' lang='lat' dir='ltr'><strong>virtus</strong></span> <span class='ocrx_word' id='word_1_407' title='bbox 3389 432 3655 500; x_wconf 87' lang='lat' dir='ltr'><strong>prodesse</strong></span> 
     </span>
    </p>
   </div>
   <div class='ocr_carea' id='block_1_51' title="bbox 2064 503 3650 588">
    <p class='ocr_par' dir='ltr' id='par_1_51' title="bbox 2064 503 3650 588">
     <span class='ocr_line' id='line_1_51' title="bbox 2064 503 3650 588; baseline 0.011 -33"><span class='ocrx_word' id='word_1_408' title='bbox 2064 503 2280 557; x_wconf 88' lang='lat' dir='ltr'><strong>valebit.</strong></span> <span class='ocrx_word' id='word_1_409' title='bbox 2336 504 2605 560; x_wconf 82' lang='lat' dir='ltr'><strong>Memento</strong></span> <span class='ocrx_word' id='word_1_410' title='bbox 2653 507 2914 578; x_wconf 80' lang='lat' dir='ltr'><strong>virginum</strong></span> <span class='ocrx_word' id='word_1_411' title='bbox 2959 511 3206 578; x_wconf 88' lang='lat' dir='ltr'><strong>illarum,</strong></span> <span class='ocrx_word' id='word_1_412' title='bbox 3253 529 3371 584; x_wconf 80' lang='lat' dir='ltr'><strong>quae</strong></span> <span class='ocrx_word' id='word_1_413' title='bbox 3413 516 3650 588; x_wconf 89' lang='lat' dir='ltr'><strong>quinque</strong></span> 
     </span>
    </p>
   </div>
   <div class='ocr_carea' id='block_1_52' title="bbox 2060 593 3646 670">
    <p class='ocr_par' dir='ltr' id='par_1_52' title="bbox 2060 593 3646 670">
     <span class='ocr_line' id='line_1_52' title="bbox 2060 593 3646 670; baseline 0.01 -25"><span class='ocrx_word' id='word_1_414' title='bbox 2060 593 2353 662; x_wconf 83' lang='lat' dir='ltr'><strong>virginibus</strong></span> <span class='ocrx_word' id='word_1_415' title='bbox 2401 611 2506 649; x_wconf 90' lang='lat' dir='ltr'><strong>non</strong></span> <span class='ocrx_word' id='word_1_416' title='bbox 2555 600 3016 654; x_wconf 89' lang='lat' dir='ltr'><strong>communicarunt</strong></span> <span class='ocrx_word' id='word_1_417' title='bbox 3060 602 3277 670; x_wconf 87' lang='lat' dir='ltr'><strong>oleum,</strong></span> <span class='ocrx_word' id='word_1_418' title='bbox 3309 605 3403 659; x_wconf 91' lang='lat' dir='ltr'><strong>sed</strong></span> <span class='ocrx_word' id='word_1_419' title='bbox 3445 608 3526 661; x_wconf 67' lang='lat' dir='ltr'><strong>ha:</strong></span> <span class='ocrx_word' id='word_1_420' title='bbox 3558 609 3646 661; x_wconf 89' lang='lat' dir='ltr'><strong>in-</strong></span> 
     </span>
    </p>
   </div>
   <div class='ocr_carea' id='block_1_53' title="bbox 2059 687 3647 759">
    <p class='ocr_par' dir='ltr' id='par_1_53' title="bbox 2059 687 3647 759">
     <span class='ocr_line' id='line_1_53' title="bbox 2059 687 3647 759; baseline 0.01 -22"><span class='ocrx_word' id='word_1_421' title='bbox 2059 699 2257 754; x_wconf 68' lang='lat' dir='ltr'><strong>gressa!</strong></span> <span class='ocrx_word' id='word_1_422' title='bbox 2282 695 2404 740; x_wconf 92' lang='lat' dir='ltr'><strong>sunt</strong></span> <span class='ocrx_word' id='word_1_423' title='bbox 2433 687 2484 740; x_wconf 90' lang='lat' dir='ltr'><strong>in</strong></span> <span class='ocrx_word' id='word_1_424' title='bbox 2516 689 2695 756; x_wconf 84' lang='lat' dir='ltr'><strong>Sponsi</strong></span> <span class='ocrx_word' id='word_1_425' title='bbox 2727 689 3016 745; x_wconf 85' lang='lat' dir='ltr'><strong>thalamum</strong></span> <span class='ocrx_word' id='word_1_426' title='bbox 3044 734 3060 759; x_wconf 97' lang='lat'><strong>,</strong></span> <span class='ocrx_word' id='word_1_427' title='bbox 3112 693 3216 747; x_wconf 77' lang='lat' dir='ltr'><strong>illae</strong></span> <span class='ocrx_word' id='word_1_428' title='bbox 3247 705 3371 749; x_wconf 92' lang='lat' dir='ltr'><strong>sunt</strong></span> <span class='ocrx_word' id='word_1_429' title='bbox 3412 697 3647 753; x_wconf 66' lang='lat' dir='ltr'><strong>exclusae</strong></span> 
     </span>
    </p>
   </div>
   <div class='ocr_carea' id='block_1_54' title="bbox 2061 772 3646 852">
    <p class='ocr_par' dir='ltr' id='par_1_54' title="bbox 2061 772 3646 852">
     <span class='ocr_line' id='line_1_54' title="bbox 2061 772 3646 852; baseline 0.012 -27"><span class='ocrx_word' id='word_1_430' title='bbox 2061 772 2274 846; x_wconf 74' lang='lat' dir='ltr'><strong>(Matth.</strong></span> <span class='ocrx_word' id='word_1_431' title='bbox 2304 775 2420 846; x_wconf 73' lang='lat'><strong>25).</strong></span> <span class='ocrx_word' id='word_1_432' title='bbox 2453 777 2646 847; x_wconf 89' lang='lat' dir='ltr'><strong>Ingens</strong></span> <span class='ocrx_word' id='word_1_433' title='bbox 2679 779 2873 834; x_wconf 90' lang='lat' dir='ltr'><strong>bonum</strong></span> <span class='ocrx_word' id='word_1_434' title='bbox 2898 821 2913 844; x_wconf 89' lang='lat'><strong>,</strong></span> <span class='ocrx_word' id='word_1_435' title='bbox 2945 782 2996 835; x_wconf 90' lang='lat' dir='ltr'><strong>in</strong></span> <span class='ocrx_word' id='word_1_436' title='bbox 3030 782 3131 836; x_wconf 90' lang='lat' dir='ltr'><strong>tuis</strong></span> <span class='ocrx_word' id='word_1_437' title='bbox 3163 784 3328 852; x_wconf 89' lang='lat' dir='ltr'><strong>ipsius</strong></span> <span class='ocrx_word' id='word_1_438' title='bbox 3355 786 3646 844; x_wconf 84' lang='lat' dir='ltr'><strong>benefactis</strong></span> 
     </span>
    </p>
   </div>
   <div class='ocr_carea' id='block_1_55' title="bbox 2059 865 3644 947">
    <p class='ocr_par' dir='ltr' id='par_1_55' title="bbox 2059 865 3644 947">
     <span class='ocr_line' id='line_1_55' title="bbox 2059 865 3644 947; baseline 0.009 -29"><span class='ocrx_word' id='word_1_439' title='bbox 2059 865 2325 920; x_wconf 87' lang='lat' dir='ltr'><strong>collocare</strong></span> <span class='ocrx_word' id='word_1_440' title='bbox 2369 882 2518 937; x_wconf 88' lang='lat' dir='ltr'><strong>spem</strong></span> <span class='ocrx_word' id='word_1_441' title='bbox 2568 869 2773 923; x_wconf 87' lang='lat' dir='ltr'><strong>salutis.</strong></span> <span class='ocrx_word' id='word_1_442' title='bbox 2827 871 2939 925; x_wconf 91' lang='lat' dir='ltr'><strong>Illic</strong></span> <span class='ocrx_word' id='word_1_443' title='bbox 2984 874 3126 927; x_wconf 91' lang='lat' dir='ltr'><strong>enim</strong></span> <span class='ocrx_word' id='word_1_444' title='bbox 3176 876 3350 930; x_wconf 88' lang='lat' dir='ltr'><strong>nullus</strong></span> <span class='ocrx_word' id='word_1_445' title='bbox 3393 893 3644 947; x_wconf 88' lang='lat' dir='ltr'><strong>umquam</strong></span> 
     </span>
    </p>
   </div>
   <div class='ocr_carea' id='block_1_56' title="bbox 2058 956 3644 1023">
    <p class='ocr_par' dir='ltr' id='par_1_56' title="bbox 2058 956 3644 1023">
     <span class='ocr_line' id='line_1_56' title="bbox 2058 956 3644 1023; baseline 0.01 -15"><span class='ocrx_word' id='word_1_446' title='bbox 2058 956 2260 1010; x_wconf 88' lang='lat' dir='ltr'><strong>amicus</strong></span> <span class='ocrx_word' id='word_1_447' title='bbox 2288 958 2393 1010; x_wconf 89' lang='lat' dir='ltr'><strong>erit</strong></span> <span class='ocrx_word' id='word_1_448' title='bbox 2437 957 2657 1014; x_wconf 80' lang='lat' dir='ltr'><strong>auxilio.</strong></span> <span class='ocrx_word' id='word_1_449' title='bbox 2690 958 2821 1014; x_wconf 87' lang='lat' dir='ltr'><strong>Nam</strong></span> <span class='ocrx_word' id='word_1_450' title='bbox 2853 961 2898 1015; x_wconf 92' lang='lat' dir='ltr'><strong>si</strong></span> <span class='ocrx_word' id='word_1_451' title='bbox 2932 962 3016 1016; x_wconf 88' lang='lat' dir='ltr'><strong>hic</strong></span> <span class='ocrx_word' id='word_1_452' title='bbox 3045 963 3179 1018; x_wconf 80' lang='lat' dir='ltr'><strong>dixit</strong></span> <span class='ocrx_word' id='word_1_453' title='bbox 3207 965 3459 1021; x_wconf 88' lang='lat' dir='ltr'><strong>Dominus</strong></span> <span class='ocrx_word' id='word_1_454' title='bbox 3487 968 3644 1023; x_wconf 85' lang='lat' dir='ltr'><strong>Jere-</strong></span> 
     </span>
    </p>
   </div>
   <div class='ocr_carea' id='block_1_57' title="bbox 2060 1047 3641 1130">
    <p class='ocr_par' dir='ltr' id='par_1_57' title="bbox 2060 1047 3641 1130">
     <span class='ocr_line' id='line_1_57' title="bbox 2060 1047 3641 1130; baseline 0.009 -30"><span class='ocrx_word' id='word_1_455' title='bbox 2060 1047 2178 1101; x_wconf 65' lang='lat' dir='ltr'><strong>mite</strong></span> <span class='ocrx_word' id='word_1_456' title='bbox 2210 1065 2223 1102; x_wconf 91' lang='lat'><strong>:</strong></span> <span class='ocrx_word' id='word_1_457' title='bbox 2259 1047 2342 1102; x_wconf 86' lang='lat' dir='ltr'><strong>Ne</strong></span> <span class='ocrx_word' id='word_1_458' title='bbox 2366 1066 2509 1118; x_wconf 87' lang='lat' dir='ltr'><strong>roges</strong></span> <span class='ocrx_word' id='word_1_459' title='bbox 2551 1068 2643 1121; x_wconf 88' lang='lat' dir='ltr'><strong>pro</strong></span> <span class='ocrx_word' id='word_1_460' title='bbox 2671 1053 2860 1122; x_wconf 84' lang='lat' dir='ltr'><strong>populo</strong></span> <span class='ocrx_word' id='word_1_461' title='bbox 2887 1056 2984 1107; x_wconf 73' lang='lat' dir='ltr'><strong>hoc</strong></span> <span class='ocrx_word' id='word_1_462' title='bbox 3007 1054 3152 1127; x_wconf 83' lang='lat' dir='ltr'><strong>(Jer.</strong></span> <span class='ocrx_word' id='word_1_463' title='bbox 3184 1058 3237 1112; x_wconf 88' lang='lat'><strong>7.</strong></span> <span class='ocrx_word' id='word_1_464' title='bbox 3268 1059 3333 1113; x_wconf 86' lang='grc'>16</span> <span class='ocrx_word' id='word_1_465' title='bbox 3357 1055 3519 1130; x_wconf 87' lang='lat' dir='ltr'><strong>),hic,</strong></span> <span class='ocrx_word' id='word_1_466' title='bbox 3563 1062 3641 1115; x_wconf 86' lang='lat' dir='ltr'><strong>in-</strong></span> 
     </span>
    </p>
   </div>
   <div class='ocr_carea' id='block_1_58' title="bbox 2058 1140 3639 1218">
    <p class='ocr_par' dir='ltr' id='par_1_58' title="bbox 2058 1140 3639 1218">
     <span class='ocr_line' id='line_1_58' title="bbox 2058 1140 3639 1218; baseline 0.009 -28"><span class='ocrx_word' id='word_1_467' title='bbox 2058 1153 2251 1208; x_wconf 90' lang='lat' dir='ltr'><strong>quam,</strong></span> <span class='ocrx_word' id='word_1_468' title='bbox 2301 1140 2387 1194; x_wconf 91' lang='lat' dir='ltr'><strong>ubi</strong></span> <span class='ocrx_word' id='word_1_469' title='bbox 2437 1140 2489 1194; x_wconf 91' lang='lat' dir='ltr'><strong>in</strong></span> <span class='ocrx_word' id='word_1_470' title='bbox 2541 1151 2804 1210; x_wconf 85' lang='lat' dir='ltr'><strong>potestate</strong></span> <span class='ocrx_word' id='word_1_471' title='bbox 2852 1153 3034 1200; x_wconf 89' lang='lat' dir='ltr'><strong>nostra</strong></span> <span class='ocrx_word' id='word_1_472' title='bbox 3083 1155 3166 1201; x_wconf 90' lang='lat' dir='ltr'><strong>est</strong></span> <span class='ocrx_word' id='word_1_473' title='bbox 3209 1148 3366 1202; x_wconf 89' lang='lat' dir='ltr'><strong>vitam</strong></span> <span class='ocrx_word' id='word_1_474' title='bbox 3415 1162 3639 1218; x_wconf 88' lang='lat' dir='ltr'><strong>mutare,</strong></span> 
     </span>
    </p>
   </div>
   <div class='ocr_carea' id='block_1_59' title="bbox 2057 1232 3640 1306">
    <p class='ocr_par' dir='ltr' id='par_1_59' title="bbox 2057 1232 3640 1306">
     <span class='ocr_line' id='line_1_59' title="bbox 2057 1232 3640 1306; baseline 0.008 -22"><span class='ocrx_word' id='word_1_475' title='bbox 2057 1241 2256 1301; x_wconf 88' lang='lat' dir='ltr'><strong>quanto</strong></span> <span class='ocrx_word' id='word_1_476' title='bbox 2291 1233 2460 1301; x_wconf 88' lang='lat' dir='ltr'><strong>magis</strong></span> <span class='ocrx_word' id='word_1_477' title='bbox 2505 1232 2644 1287; x_wconf 88' lang='lat' dir='ltr'><strong>idem</strong></span> <span class='ocrx_word' id='word_1_478' title='bbox 2675 1234 2884 1289; x_wconf 86' lang='lat' dir='ltr'><strong>dicetur</strong></span> <span class='ocrx_word' id='word_1_479' title='bbox 2927 1236 3081 1291; x_wconf 87' lang='lat' dir='ltr'><strong>illic?</strong></span> <span class='ocrx_word' id='word_1_480' title='bbox 3110 1238 3246 1306; x_wconf 84' lang='lat' dir='ltr'><strong>Quid</strong></span> <span class='ocrx_word' id='word_1_481' title='bbox 3276 1240 3400 1294; x_wconf 88' lang='lat' dir='ltr'><strong>ais?</strong></span> <span class='ocrx_word' id='word_1_482' title='bbox 3429 1241 3640 1298; x_wconf 86' lang='lat' dir='ltr'><strong>Patrem</strong></span> 
     </span>
    </p>
   </div>
   <div class='ocr_carea' id='block_1_60' title="bbox 2058 1321 3642 1403">
    <p class='ocr_par' dir='ltr' id='par_1_60' title="bbox 2058 1321 3642 1403">
     <span class='ocr_line' id='line_1_60' title="bbox 2058 1321 3642 1403; baseline 0.009 -28"><span class='ocrx_word' id='word_1_483' title='bbox 2058 1321 2222 1377; x_wconf 85' lang='lat' dir='ltr'><strong>habes</strong></span> <span class='ocrx_word' id='word_1_484' title='bbox 2253 1323 2590 1396; x_wconf 86' lang='lat' dir='ltr'><strong>martyrem?</strong></span> <span class='ocrx_word' id='word_1_485' title='bbox 2637 1325 2780 1380; x_wconf 91' lang='lat' dir='ltr'><strong>lstud</strong></span> <span class='ocrx_word' id='word_1_486' title='bbox 2809 1327 2980 1396; x_wconf 91' lang='lat' dir='ltr'><strong>ipsum</strong></span> <span class='ocrx_word' id='word_1_487' title='bbox 3008 1330 3184 1398; x_wconf 87' lang='lat' dir='ltr'><strong>potius</strong></span> <span class='ocrx_word' id='word_1_488' title='bbox 3226 1329 3381 1386; x_wconf 86' lang='lat' dir='ltr'><strong>faciet</strong></span> <span class='ocrx_word' id='word_1_489' title='bbox 3408 1331 3473 1385; x_wconf 89' lang='lat' dir='ltr'><strong>ad</strong></span> <span class='ocrx_word' id='word_1_490' title='bbox 3514 1348 3642 1403; x_wconf 84' lang='lat' dir='ltr'><strong>gra-</strong></span> 
     </span>
    </p>
   </div>
   <div class='ocr_carea' id='block_1_61' title="bbox 2057 1413 3643 1490">
    <p class='ocr_par' dir='ltr' id='par_1_61' title="bbox 2057 1413 3643 1490">
     <span class='ocr_line' id='line_1_61' title="bbox 2057 1413 3643 1490; baseline 0.008 -24"><span class='ocrx_word' id='word_1_491' title='bbox 2057 1413 2259 1468; x_wconf 90' lang='lat' dir='ltr'><strong>viorem</strong></span> <span class='ocrx_word' id='word_1_492' title='bbox 2309 1415 2381 1469; x_wconf 90' lang='lat' dir='ltr'><strong>tui</strong></span> <span class='ocrx_word' id='word_1_493' title='bbox 2426 1415 2966 1486; x_wconf 88' lang='lat' dir='ltr'><strong>condemnationem,</strong></span> <span class='ocrx_word' id='word_1_494' title='bbox 3012 1420 3132 1490; x_wconf 93' lang='lat' dir='ltr'><strong>qui,</strong></span> <span class='ocrx_word' id='word_1_495' title='bbox 3180 1435 3301 1475; x_wconf 92' lang='lat' dir='ltr'><strong>cum</strong></span> <span class='ocrx_word' id='word_1_496' title='bbox 3335 1423 3531 1477; x_wconf 89' lang='lat' dir='ltr'><strong>habeas</strong></span> <span class='ocrx_word' id='word_1_497' title='bbox 3575 1425 3643 1479; x_wconf 89' lang='lat' dir='ltr'><strong>ad</strong></span> 
     </span>
    </p>
   </div>
   <div class='ocr_carea' id='block_1_62' title="bbox 2057 1505 3642 1582">
    <p class='ocr_par' dir='ltr' id='par_1_62' title="bbox 2057 1505 3642 1582">
     <span class='ocr_line' id='line_1_62' title="bbox 2057 1505 3642 1582; baseline 0.006 -23"><span class='ocrx_word' id='word_1_498' title='bbox 2057 1505 2308 1560; x_wconf 88' lang='lat' dir='ltr'><strong>virtutem</strong></span> <span class='ocrx_word' id='word_1_499' title='bbox 2337 1508 2586 1578; x_wconf 84' lang='lat' dir='ltr'><strong>exempla</strong></span> <span class='ocrx_word' id='word_1_500' title='bbox 2615 1508 2906 1564; x_wconf 89' lang='lat' dir='ltr'><strong>domestica</strong></span> <span class='ocrx_word' id='word_1_501' title='bbox 2933 1551 2947 1576; x_wconf 96' lang='lat'><strong>,</strong></span> <span class='ocrx_word' id='word_1_502' title='bbox 2981 1521 3156 1565; x_wconf 89' lang='lat' dir='ltr'><strong>tamen</strong></span> <span class='ocrx_word' id='word_1_503' title='bbox 3201 1519 3253 1566; x_wconf 92' lang='lat' dir='ltr'><strong>te</strong></span> <span class='ocrx_word' id='word_1_504' title='bbox 3300 1516 3472 1582; x_wconf 93' lang='lat' dir='ltr'><strong>ipsum</strong></span> <span class='ocrx_word' id='word_1_505' title='bbox 3501 1514 3642 1570; x_wconf 87' lang='lat' dir='ltr'><strong>indi-</strong></span> 
     </span>
    </p>
   </div>
   <div class='ocr_carea' id='block_1_63' title="bbox 2056 1601 3642 1673">
    <p class='ocr_par' dir='ltr' id='par_1_63' title="bbox 2056 1601 3642 1673">
     <span class='ocr_line' id='line_1_63' title="bbox 2056 1601 3642 1673; baseline 0.006 -21"><span class='ocrx_word' id='word_1_506' title='bbox 2056 1613 2220 1668; x_wconf 86' lang='lat' dir='ltr'><strong>gnum</strong></span> <span class='ocrx_word' id='word_1_507' title='bbox 2269 1601 2531 1668; x_wconf 87' lang='lat' dir='ltr'><strong>majorum</strong></span> <span class='ocrx_word' id='word_1_508' title='bbox 2575 1611 2782 1656; x_wconf 92' lang='lat' dir='ltr'><strong>tuorum</strong></span> <span class='ocrx_word' id='word_1_509' title='bbox 2827 1603 3022 1658; x_wconf 89' lang='lat' dir='ltr'><strong>virtute</strong></span> <span class='ocrx_word' id='word_1_510' title='bbox 3063 1604 3398 1673; x_wconf 62' lang='lat' dir='ltr'><strong>praestiteris.</strong></span> <span class='ocrx_word' id='word_1_511' title='bbox 3444 1605 3642 1661; x_wconf 79' lang='lat' dir='ltr'><strong>Verum</strong></span> 
     </span>
    </p>
   </div>
   <div class='ocr_carea' id='block_1_64' title="bbox 2058 1690 3645 1767">
    <p class='ocr_par' dir='ltr' id='par_1_64' title="bbox 2058 1690 3645 1767">
     <span class='ocr_line' id='line_1_64' title="bbox 2058 1690 3645 1767; baseline 0.007 -23"><span class='ocrx_word' id='word_1_512' title='bbox 2058 1690 2224 1748; x_wconf 86' lang='lat' dir='ltr'><strong>habes</strong></span> <span class='ocrx_word' id='word_1_513' title='bbox 2255 1693 2484 1747; x_wconf 90' lang='lat' dir='ltr'><strong>amicum</strong></span> <span class='ocrx_word' id='word_1_514' title='bbox 2515 1695 2785 1765; x_wconf 88' lang='lat' dir='ltr'><strong>egregium</strong></span> <span class='ocrx_word' id='word_1_515' title='bbox 2815 1694 3316 1767; x_wconf 89' lang='lat' dir='ltr'><strong>admirandumque.</strong></span> <span class='ocrx_word' id='word_1_516' title='bbox 3351 1698 3417 1753; x_wconf 78' lang='lat' dir='ltr'><strong>At</strong></span> <span class='ocrx_word' id='word_1_517' title='bbox 3445 1715 3514 1754; x_wconf 90' lang='lat' dir='ltr'><strong>ne</strong></span> <span class='ocrx_word' id='word_1_518' title='bbox 3544 1701 3645 1755; x_wconf 71' lang='lat' dir='ltr'><strong>iste</strong></span> 
     </span>
    </p>
   </div>
   <div class='ocr_carea' id='block_1_65' title="bbox 2055 1784 3640 1858">
    <p class='ocr_par' dir='ltr' id='par_1_65' title="bbox 2055 1784 3640 1858">
     <span class='ocr_line' id='line_1_65' title="bbox 2055 1784 3640 1858; baseline 0.005 -22"><span class='ocrx_word' id='word_1_519' title='bbox 2055 1785 2271 1852; x_wconf 89' lang='lat' dir='ltr'><strong>quidem</strong></span> <span class='ocrx_word' id='word_1_520' title='bbox 2299 1792 2424 1838; x_wconf 91' lang='lat' dir='ltr'><strong>tunc</strong></span> <span class='ocrx_word' id='word_1_521' title='bbox 2449 1784 2543 1839; x_wconf 91' lang='lat' dir='ltr'><strong>tibi</strong></span> <span class='ocrx_word' id='word_1_522' title='bbox 2570 1794 2651 1839; x_wconf 90' lang='lat' dir='ltr'><strong>est</strong></span> <span class='ocrx_word' id='word_1_523' title='bbox 2671 1784 2973 1840; x_wconf 89' lang='lat' dir='ltr'><strong>adfuturus.</strong></span> <span class='ocrx_word' id='word_1_524' title='bbox 3001 1786 3282 1855; x_wconf 90' lang='lat' dir='ltr'><strong>Quomodo</strong></span> <span class='ocrx_word' id='word_1_525' title='bbox 3305 1788 3464 1858; x_wconf 84' lang='lat' dir='ltr'><strong>igitur</strong></span> <span class='ocrx_word' id='word_1_526' title='bbox 3486 1790 3640 1845; x_wconf 85' lang='lat' dir='ltr'><strong>dicit:</strong></span> 
     </span>
    </p>
   </div>
   <div class='ocr_carea' id='block_1_66' title="bbox 2057 1873 3642 1946">
    <p class='ocr_par' dir='ltr' id='par_1_66' title="bbox 2057 1873 3642 1946">
     <span class='ocr_line' id='line_1_66' title="bbox 2057 1873 3642 1946; baseline 0.004 -18"><span class='ocrx_word' id='word_1_527' title='bbox 2057 1873 2236 1928; x_wconf 80' lang='lat' dir='ltr'><strong>Facite</strong></span> <span class='ocrx_word' id='word_1_528' title='bbox 2265 1874 2401 1930; x_wconf 86' lang='lat' dir='ltr'><strong>vobis</strong></span> <span class='ocrx_word' id='word_1_529' title='bbox 2427 1876 2616 1930; x_wconf 88' lang='lat' dir='ltr'><strong>amicos</strong></span> <span class='ocrx_word' id='word_1_530' title='bbox 2643 1892 2707 1929; x_wconf 80' lang='lat' dir='ltr'><strong>ea:</strong></span> <span class='ocrx_word' id='word_1_531' title='bbox 2745 1892 2981 1930; x_wconf 87' lang='lat' dir='ltr'><strong>mamona</strong></span> <span class='ocrx_word' id='word_1_532' title='bbox 3031 1877 3346 1946; x_wconf 85' lang='lat' dir='ltr'><strong>iniquitatis,</strong></span> <span class='ocrx_word' id='word_1_533' title='bbox 3398 1887 3485 1944; x_wconf 88' lang='lat' dir='ltr'><strong>ut,</strong></span> <span class='ocrx_word' id='word_1_534' title='bbox 3527 1895 3642 1934; x_wconf 89' lang='lat' dir='ltr'><strong>cum</strong></span> 
     </span>
    </p>
   </div>
   <div class='ocr_carea' id='block_1_67' title="bbox 2057 1967 3644 2045">
    <p class='ocr_par' dir='ltr' id='par_1_67' title="bbox 2057 1967 3644 2045">
     <span class='ocr_line' id='line_1_67' title="bbox 2057 1967 3644 2045; baseline 0.005 -25"><span class='ocrx_word' id='word_1_535' title='bbox 2057 1967 2339 2040; x_wconf 73' lang='lat' dir='ltr'><strong>defeceritis</strong></span> <span class='ocrx_word' id='word_1_536' title='bbox 2359 2009 2373 2031; x_wconf 95' lang='lat'><strong>,</strong></span> <span class='ocrx_word' id='word_1_537' title='bbox 2420 1968 2667 2039; x_wconf 87' lang='lat' dir='ltr'><strong>recipiant</strong></span> <span class='ocrx_word' id='word_1_538' title='bbox 2696 1985 2781 2023; x_wconf 83' lang='lat' dir='ltr'><strong>vos</strong></span> <span class='ocrx_word' id='word_1_539' title='bbox 2823 1969 2878 2023; x_wconf 88' lang='lat' dir='ltr'><strong>in</strong></span> <span class='ocrx_word' id='word_1_540' title='bbox 2925 1980 3115 2023; x_wconf 64' lang='lat' dir='ltr'><strong>a&#39;terna</strong></span> <span class='ocrx_word' id='word_1_541' title='bbox 3154 1971 3443 2025; x_wconf 80' lang='lat' dir='ltr'><strong>habitacula</strong></span> <span class='ocrx_word' id='word_1_542' title='bbox 3471 1971 3492 2045; x_wconf 94' lang='lat'>(</span> <span class='ocrx_word' id='word_1_543' title='bbox 3517 1971 3644 2028; x_wconf 85' lang='lat' dir='ltr'><strong>Luc.</strong></span> 
     </span>
    </p>
   </div>
   <div class='ocr_carea' id='block_1_68' title="bbox 2059 2057 3646 2130">
    <p class='ocr_par' dir='ltr' id='par_1_68' title="bbox 2059 2057 3646 2130">
     <span class='ocr_line' id='line_1_68' title="bbox 2059 2057 3646 2130; baseline 0.002 -16"><span class='ocrx_word' id='word_1_544' title='bbox 2059 2060 2146 2114; x_wconf 84' lang='grc'><strong>16.</strong></span> <span class='ocrx_word' id='word_1_545' title='bbox 2175 2059 2233 2130; x_wconf 88' lang='grc'>9)</span> <span class='ocrx_word' id='word_1_546' title='bbox 2259 2059 2282 2112; x_wconf 71' lang='grc'>7</span> <span class='ocrx_word' id='word_1_547' title='bbox 2307 2057 2422 2113; x_wconf 87' lang='lat' dir='ltr'><strong>Non</strong></span> <span class='ocrx_word' id='word_1_548' title='bbox 2450 2058 2538 2112; x_wconf 89' lang='lat' dir='ltr'><strong>hic</strong></span> <span class='ocrx_word' id='word_1_549' title='bbox 2564 2068 2646 2113; x_wconf 90' lang='lat' dir='ltr'><strong>est</strong></span> <span class='ocrx_word' id='word_1_550' title='bbox 2674 2060 2909 2114; x_wconf 87' lang='lat' dir='ltr'><strong>amicitia</strong></span> <span class='ocrx_word' id='word_1_551' title='bbox 2940 2061 3268 2130; x_wconf 84' lang='lat' dir='ltr'><strong>opitulatrix,</strong></span> <span class='ocrx_word' id='word_1_552' title='bbox 3295 2062 3389 2117; x_wconf 88' lang='lat' dir='ltr'><strong>sed</strong></span> <span class='ocrx_word' id='word_1_553' title='bbox 3415 2062 3646 2117; x_wconf 89' lang='lat' dir='ltr'><strong>eleemo-</strong></span> 
     </span>
    </p>
   </div>
   <div class='ocr_carea' id='block_1_69' title="bbox 2057 2149 3642 2221">
    <p class='ocr_par' dir='ltr' id='par_1_69' title="bbox 2057 2149 3642 2221">
     <span class='ocr_line' id='line_1_69' title="bbox 2057 2149 3642 2221; baseline 0.002 -18"><span class='ocrx_word' id='word_1_554' title='bbox 2057 2164 2208 2221; x_wconf 86' lang='lat' dir='ltr'><strong>syna.</strong></span> <span class='ocrx_word' id='word_1_555' title='bbox 2239 2150 2450 2204; x_wconf 88' lang='lat' dir='ltr'><strong>Etenim</strong></span> <span class='ocrx_word' id='word_1_556' title='bbox 2477 2149 2521 2203; x_wconf 93' lang='lat' dir='ltr'><strong>si</strong></span> <span class='ocrx_word' id='word_1_557' title='bbox 2549 2151 2663 2204; x_wconf 91' lang='lat' dir='ltr'><strong>sola</strong></span> <span class='ocrx_word' id='word_1_558' title='bbox 2693 2151 3040 2205; x_wconf 84' lang='lat' dir='ltr'><strong>anxiliaretur</strong></span> <span class='ocrx_word' id='word_1_559' title='bbox 3063 2151 3290 2204; x_wconf 90' lang='lat' dir='ltr'><strong>amicitia</strong></span> <span class='ocrx_word' id='word_1_560' title='bbox 3313 2193 3327 2218; x_wconf 90' lang='lat'><strong>,</strong></span> <span class='ocrx_word' id='word_1_561' title='bbox 3357 2151 3642 2207; x_wconf 89' lang='lat' dir='ltr'><strong>dicendum</strong></span> 
     </span>
    </p>
   </div>
   <div class='ocr_carea' id='block_1_70' title="bbox 2059 2242 3645 2307">
    <p class='ocr_par' dir='ltr' id='par_1_70' title="bbox 2059 2242 3645 2307">
     <span class='ocr_line' id='line_1_70' title="bbox 2059 2242 3645 2307; baseline 0 -9"><span class='ocrx_word' id='word_1_562' title='bbox 2059 2252 2261 2298; x_wconf 89' lang='lat' dir='ltr'><strong>tantum</strong></span> <span class='ocrx_word' id='word_1_563' title='bbox 2288 2252 2423 2307; x_wconf 90' lang='lat' dir='ltr'><strong>erat,</strong></span> <span class='ocrx_word' id='word_1_564' title='bbox 2457 2242 2614 2298; x_wconf 89' lang='lat' dir='ltr'><strong>facite</strong></span> <span class='ocrx_word' id='word_1_565' title='bbox 2641 2242 2792 2297; x_wconf 90' lang='lat' dir='ltr'><strong>vobis</strong></span> <span class='ocrx_word' id='word_1_566' title='bbox 2819 2242 3022 2298; x_wconf 89' lang='lat' dir='ltr'><strong>amicos</strong></span> <span class='ocrx_word' id='word_1_567' title='bbox 3053 2261 3066 2298; x_wconf 92' lang='lat'>:</span> <span class='ocrx_word' id='word_1_568' title='bbox 3095 2258 3234 2298; x_wconf 91' lang='lat' dir='ltr'><strong>nunc</strong></span> <span class='ocrx_word' id='word_1_569' title='bbox 3261 2251 3438 2298; x_wconf 88' lang='lat' dir='ltr'><strong>autem</strong></span> <span class='ocrx_word' id='word_1_570' title='bbox 3464 2252 3645 2299; x_wconf 83' lang='lat' dir='ltr'><strong>osten-</strong></span> 
     </span>
    </p>
   </div>
   <div class='ocr_carea' id='block_1_71' title="bbox 2057 2332 3646 2404">
    <p class='ocr_par' dir='ltr' id='par_1_71' title="bbox 2057 2332 3646 2404">
     <span class='ocr_line' id='line_1_71' title="bbox 2057 2332 3646 2404; baseline 0.002 -17"><span class='ocrx_word' id='word_1_571' title='bbox 2057 2334 2190 2388; x_wconf 91' lang='lat' dir='ltr'><strong>dens</strong></span> <span class='ocrx_word' id='word_1_572' title='bbox 2219 2332 2361 2404; x_wconf 88' lang='lat' dir='ltr'><strong>quod</strong></span> <span class='ocrx_word' id='word_1_573' title='bbox 2391 2349 2496 2388; x_wconf 92' lang='lat' dir='ltr'><strong>non</strong></span> <span class='ocrx_word' id='word_1_574' title='bbox 2537 2333 2652 2387; x_wconf 90' lang='lat' dir='ltr'><strong>sola</strong></span> <span class='ocrx_word' id='word_1_575' title='bbox 2683 2332 2966 2388; x_wconf 88' lang='lat' dir='ltr'><strong>subveniat</strong></span> <span class='ocrx_word' id='word_1_576' title='bbox 3009 2333 3240 2388; x_wconf 89' lang='lat' dir='ltr'><strong>amicitia</strong></span> <span class='ocrx_word' id='word_1_577' title='bbox 3266 2375 3280 2400; x_wconf 96' lang='lat'><strong>,</strong></span> <span class='ocrx_word' id='word_1_578' title='bbox 3313 2333 3553 2398; x_wconf 91' lang='lat' dir='ltr'><strong>addidit,</strong></span> <span class='ocrx_word' id='word_1_579' title='bbox 3583 2351 3646 2390; x_wconf 78' lang='lat' dir='ltr'><strong>ea:</strong></span> 
     </span>
    </p>
   </div>
   <div class='ocr_carea' id='block_1_72' title="bbox 2057 2421 3646 2494">
    <p class='ocr_par' dir='ltr' id='par_1_72' title="bbox 2057 2421 3646 2494">
     <span class='ocr_line' id='line_1_72' title="bbox 2057 2421 3646 2494; baseline 0.002 -18"><span class='ocrx_word' id='word_1_580' title='bbox 2057 2440 2294 2477; x_wconf 83' lang='lat' dir='ltr'><strong>montana</strong></span> <span class='ocrx_word' id='word_1_581' title='bbox 2343 2423 2643 2492; x_wconf 84' lang='lat' dir='ltr'><strong>iniquitatis.</strong></span> <span class='ocrx_word' id='word_1_582' title='bbox 2670 2423 2747 2477; x_wconf 81' lang='lat' dir='ltr'><strong>Ac</strong></span> <span class='ocrx_word' id='word_1_583' title='bbox 2773 2421 2999 2477; x_wconf 83' lang='lat' dir='ltr'><strong>fortasse</strong></span> <span class='ocrx_word' id='word_1_584' title='bbox 3045 2421 3241 2478; x_wconf 82' lang='lat' dir='ltr'><strong>dixerit</strong></span> <span class='ocrx_word' id='word_1_585' title='bbox 3267 2423 3458 2494; x_wconf 88' lang='lat' dir='ltr'><strong>aliquis</strong></span> <span class='ocrx_word' id='word_1_586' title='bbox 3482 2442 3496 2477; x_wconf 91' lang='lat'><strong>:</strong></span> <span class='ocrx_word' id='word_1_587' title='bbox 3521 2439 3646 2494; x_wconf 84' lang='lat' dir='ltr'><strong>pos-</strong></span> 
     </span>
    </p>
   </div>
   <div class='ocr_carea' id='block_1_73' title="bbox 2058 2515 3645 2586">
    <p class='ocr_par' dir='ltr' id='par_1_73' title="bbox 2058 2515 3645 2586">
     <span class='ocr_line' id='line_1_73' title="bbox 2058 2515 3645 2586; baseline -0.002 -13"><span class='ocrx_word' id='word_1_588' title='bbox 2058 2533 2176 2574; x_wconf 88' lang='lat' dir='ltr'><strong>sum</strong></span> <span class='ocrx_word' id='word_1_589' title='bbox 2220 2527 2275 2572; x_wconf 91' lang='lat' dir='ltr'><strong>et</strong></span> <span class='ocrx_word' id='word_1_590' title='bbox 2316 2517 2517 2586; x_wconf 86' lang='lat' dir='ltr'><strong>absque</strong></span> <span class='ocrx_word' id='word_1_591' title='bbox 2551 2521 2798 2570; x_wconf 84' lang='lat' dir='ltr'><strong>mamon&#39;a</strong></span> <span class='ocrx_word' id='word_1_592' title='bbox 2851 2515 3140 2570; x_wconf 90' lang='lat' dir='ltr'><strong>conciliare</strong></span> <span class='ocrx_word' id='word_1_593' title='bbox 3188 2516 3418 2570; x_wconf 90' lang='lat' dir='ltr'><strong>amicum</strong></span> <span class='ocrx_word' id='word_1_594' title='bbox 3444 2557 3460 2582; x_wconf 91' lang='lat'><strong>,</strong></span> <span class='ocrx_word' id='word_1_595' title='bbox 3489 2531 3645 2570; x_wconf 82' lang='lat' dir='ltr'><strong>eum-</strong></span> 
     </span>
    </p>
   </div>
   <div class='ocr_carea' id='block_1_74' title="bbox 2058 2607 3646 2680">
    <p class='ocr_par' dir='ltr' id='par_1_74' title="bbox 2058 2607 3646 2680">
     <span class='ocr_line' id='line_1_74' title="bbox 2058 2607 3646 2680; baseline -0.001 -16"><span class='ocrx_word' id='word_1_596' title='bbox 2058 2626 2162 2680; x_wconf 91' lang='lat' dir='ltr'><strong>que</strong></span> <span class='ocrx_word' id='word_1_597' title='bbox 2193 2609 2471 2664; x_wconf 90' lang='lat' dir='ltr'><strong>meliorem</strong></span> <span class='ocrx_word' id='word_1_598' title='bbox 2521 2623 2680 2679; x_wconf 89' lang='lat' dir='ltr'><strong>quam</strong></span> <span class='ocrx_word' id='word_1_599' title='bbox 2709 2624 2776 2663; x_wconf 81' lang='lat' dir='ltr'><strong>ex</strong></span> <span class='ocrx_word' id='word_1_600' title='bbox 2827 2622 3100 2662; x_wconf 89' lang='lat' dir='ltr'><strong>mamona.</strong></span> <span class='ocrx_word' id='word_1_601' title='bbox 3133 2607 3329 2663; x_wconf 82' lang='lat' dir='ltr'><strong>Verum</strong></span> <span class='ocrx_word' id='word_1_602' title='bbox 3361 2609 3436 2663; x_wconf 93' lang='lat' dir='ltr'><strong>uti</strong></span> <span class='ocrx_word' id='word_1_603' title='bbox 3480 2609 3646 2664; x_wconf 88' lang='lat' dir='ltr'><strong>scires</strong></span> 
     </span>
    </p>
   </div>
   <div class='ocr_carea' id='block_1_75' title="bbox 2058 2697 3648 2772">
    <p class='ocr_par' dir='ltr' id='par_1_75' title="bbox 2058 2697 3648 2772">
     <span class='ocr_line' id='line_1_75' title="bbox 2058 2697 3648 2772; baseline 0 -18"><span class='ocrx_word' id='word_1_604' title='bbox 2058 2699 2200 2772; x_wconf 90' lang='lat' dir='ltr'><strong>quod</strong></span> <span class='ocrx_word' id='word_1_605' title='bbox 2244 2699 2586 2772; x_wconf 79' lang='lat' dir='ltr'><strong>eleemosyna</strong></span> <span class='ocrx_word' id='word_1_606' title='bbox 2634 2707 2752 2763; x_wconf 91' lang='lat' dir='ltr'><strong>est,</strong></span> <span class='ocrx_word' id='word_1_607' title='bbox 2801 2713 2920 2768; x_wconf 71' lang='lat' dir='ltr'><strong>qua:</strong></span> <span class='ocrx_word' id='word_1_608' title='bbox 2963 2697 3363 2768; x_wconf 80' lang='lat' dir='ltr'><strong>patrocinatur,</strong></span> <span class='ocrx_word' id='word_1_609' title='bbox 3408 2714 3648 2769; x_wconf 88' lang='lat' dir='ltr'><strong>opusque</strong></span> 
     </span>
    </p>
   </div>
   <div class='ocr_carea' id='block_1_76' title="bbox 2061 2788 3644 2860">
    <p class='ocr_par' dir='ltr' id='par_1_76' title="bbox 2061 2788 3644 2860">
     <span class='ocr_line' id='line_1_76' title="bbox 2061 2788 3644 2860; baseline -0.001 -12"><span class='ocrx_word' id='word_1_610' title='bbox 2061 2802 2208 2848; x_wconf 91' lang='lat' dir='ltr'><strong>tuum</strong></span> <span class='ocrx_word' id='word_1_611' title='bbox 2239 2809 2252 2845; x_wconf 86' lang='lat'><strong>:</strong></span> <span class='ocrx_word' id='word_1_612' title='bbox 2284 2807 2388 2845; x_wconf 92' lang='lat' dir='ltr'><strong>non</strong></span> <span class='ocrx_word' id='word_1_613' title='bbox 2415 2788 2733 2860; x_wconf 88' lang='lat' dir='ltr'><strong>simpliciter</strong></span> <span class='ocrx_word' id='word_1_614' title='bbox 2758 2788 2810 2842; x_wconf 88' lang='lat' dir='ltr'><strong>in</strong></span> <span class='ocrx_word' id='word_1_615' title='bbox 2836 2797 3143 2843; x_wconf 91' lang='lat' dir='ltr'><strong>sanctorum</strong></span> <span class='ocrx_word' id='word_1_616' title='bbox 3172 2789 3442 2856; x_wconf 86' lang='lat' dir='ltr'><strong>amicitiis,</strong></span> <span class='ocrx_word' id='word_1_617' title='bbox 3471 2792 3563 2845; x_wconf 91' lang='lat' dir='ltr'><strong>sed</strong></span> <span class='ocrx_word' id='word_1_618' title='bbox 3595 2792 3644 2846; x_wconf 93' lang='lat' dir='ltr'><strong>in</strong></span> 
     </span>
    </p>
   </div>
   <div class='ocr_carea' id='block_1_77' title="bbox 2059 2881 3642 2951">
    <p class='ocr_par' dir='ltr' id='par_1_77' title="bbox 2059 2881 3642 2951">
     <span class='ocr_line' id='line_1_77' title="bbox 2059 2881 3642 2951; baseline 0 -15"><span class='ocrx_word' id='word_1_619' title='bbox 2059 2883 2307 2938; x_wconf 89' lang='lat' dir='ltr'><strong>amicitiis</strong></span> <span class='ocrx_word' id='word_1_620' title='bbox 2346 2899 2439 2951; x_wconf 89' lang='lat' dir='ltr'><strong>per</strong></span> <span class='ocrx_word' id='word_1_621' title='bbox 2491 2896 2795 2935; x_wconf 88' lang='lat' dir='ltr'><strong>mamonam</strong></span> <span class='ocrx_word' id='word_1_622' title='bbox 2841 2882 3006 2950; x_wconf 87' lang='lat' dir='ltr'><strong>partis</strong></span> <span class='ocrx_word' id='word_1_623' title='bbox 3047 2881 3206 2950; x_wconf 89' lang='lat' dir='ltr'><strong>jussit</strong></span> <span class='ocrx_word' id='word_1_624' title='bbox 3248 2890 3300 2936; x_wconf 92' lang='lat' dir='ltr'><strong>te</strong></span> <span class='ocrx_word' id='word_1_625' title='bbox 3352 2882 3642 2943; x_wconf 84' lang='lat' dir='ltr'><strong>confidere.</strong></span> 
     </span>
    </p>
   </div>
   <div class='ocr_carea' id='block_1_78' title="bbox 2059 2971 3649 3044">
    <p class='ocr_par' dir='ltr' id='par_1_78' title="bbox 2059 2971 3649 3044">
     <span class='ocr_line' id='line_1_78' title="bbox 2059 2971 3649 3044; baseline -0.002 -14"><span class='ocrx_word' id='word_1_626' title='bbox 2059 2975 2184 3030; x_wconf 62' lang='lat' dir='ltr'><strong>Hinc</strong></span> <span class='ocrx_word' id='word_1_627' title='bbox 2208 2975 2368 3044; x_wconf 86' lang='lat' dir='ltr'><strong>igitur</strong></span> <span class='ocrx_word' id='word_1_628' title='bbox 2390 2973 2569 3028; x_wconf 89' lang='lat' dir='ltr'><strong>omnia</strong></span> <span class='ocrx_word' id='word_1_629' title='bbox 2600 2987 2721 3026; x_wconf 91' lang='lat' dir='ltr'><strong>cum</strong></span> <span class='ocrx_word' id='word_1_630' title='bbox 2749 2972 3004 3034; x_wconf 76' lang='lat' dir='ltr'><strong>Sciamus,</strong></span> <span class='ocrx_word' id='word_1_631' title='bbox 3034 2971 3296 3025; x_wconf 84' lang='lat' dir='ltr'><strong>carissimi</strong></span> <span class='ocrx_word' id='word_1_632' title='bbox 3321 3013 3337 3038; x_wconf 92' lang='lat'><strong>,</strong></span> <span class='ocrx_word' id='word_1_633' title='bbox 3367 2974 3512 3027; x_wconf 89' lang='lat' dir='ltr'><strong>omni</strong></span> <span class='ocrx_word' id='word_1_634' title='bbox 3543 2976 3649 3027; x_wconf 90' lang='lat' dir='ltr'><strong>sol-</strong></span> 
     </span>
    </p>
   </div>
   <div class='ocr_carea' id='block_1_79' title="bbox 2062 3064 3649 3134">
    <p class='ocr_par' dir='ltr' id='par_1_79' title="bbox 2062 3064 3649 3134">
     <span class='ocr_line' id='line_1_79' title="bbox 2062 3064 3649 3134; baseline -0.002 -12"><span class='ocrx_word' id='word_1_635' title='bbox 2062 3065 2334 3122; x_wconf 89' lang='lat' dir='ltr'><strong>licitudine</strong></span> <span class='ocrx_word' id='word_1_636' title='bbox 2356 3065 2748 3134; x_wconf 88' lang='lat' dir='ltr'><strong>prospiciamus</strong></span> <span class='ocrx_word' id='word_1_637' title='bbox 2771 3064 2924 3118; x_wconf 90' lang='lat' dir='ltr'><strong>nobis</strong></span> <span class='ocrx_word' id='word_1_638' title='bbox 2949 3064 3098 3133; x_wconf 91' lang='lat' dir='ltr'><strong>ipsis,</strong></span> <span class='ocrx_word' id='word_1_639' title='bbox 3123 3072 3176 3118; x_wconf 88' lang='lat' dir='ltr'><strong>et</strong></span> <span class='ocrx_word' id='word_1_640' title='bbox 3197 3064 3310 3118; x_wconf 87' lang='lat' dir='ltr'><strong>sive</strong></span> <span class='ocrx_word' id='word_1_641' title='bbox 3330 3065 3649 3134; x_wconf 90' lang='lat' dir='ltr'><strong>corripimur</strong></span> 
     </span>
    </p>
   </div>
   <div class='ocr_carea' id='block_1_80' title="bbox 2057 3153 3647 3228">
    <p class='ocr_par' dir='ltr' id='par_1_80' title="bbox 2057 3153 3647 3228">
     <span class='ocr_line' id='line_1_80' title="bbox 2057 3153 3647 3228; baseline -0.001 -16"><span class='ocrx_word' id='word_1_642' title='bbox 2057 3157 2256 3228; x_wconf 84' lang='lat' dir='ltr'><strong>gratias</strong></span> <span class='ocrx_word' id='word_1_643' title='bbox 2283 3170 2504 3227; x_wconf 87' lang='lat' dir='ltr'><strong>agamus</strong></span> <span class='ocrx_word' id='word_1_644' title='bbox 2528 3196 2543 3221; x_wconf 95' lang='lat'><strong>,</strong></span> <span class='ocrx_word' id='word_1_645' title='bbox 2589 3155 2701 3210; x_wconf 87' lang='lat' dir='ltr'><strong>sive</strong></span> <span class='ocrx_word' id='word_1_646' title='bbox 2747 3154 3101 3225; x_wconf 84' lang='lat' dir='ltr'><strong>prosperitate</strong></span> <span class='ocrx_word' id='word_1_647' title='bbox 3142 3153 3367 3210; x_wconf 80' lang='lat' dir='ltr'><strong>fruimur</strong></span> <span class='ocrx_word' id='word_1_648' title='bbox 3388 3197 3403 3222; x_wconf 95' lang='lat'><strong>,</strong></span> <span class='ocrx_word' id='word_1_649' title='bbox 3433 3157 3647 3210; x_wconf 88' lang='lat' dir='ltr'><strong>munia-</strong></span> 
     </span>
    </p>
   </div>
   <div class='ocr_carea' id='block_1_81' title="bbox 2061 3247 3650 3320">
    <p class='ocr_par' dir='ltr' id='par_1_81' title="bbox 2061 3247 3650 3320">
     <span class='ocr_line' id='line_1_81' title="bbox 2061 3247 3650 3320; baseline -0.003 -14"><span class='ocrx_word' id='word_1_650' title='bbox 2061 3267 2180 3307; x_wconf 91' lang='lat' dir='ltr'><strong>mus</strong></span> <span class='ocrx_word' id='word_1_651' title='bbox 2209 3266 2306 3305; x_wconf 89' lang='lat' dir='ltr'><strong>nos</strong></span> <span class='ocrx_word' id='word_1_652' title='bbox 2334 3251 2498 3320; x_wconf 90' lang='lat' dir='ltr'><strong>ipsos,</strong></span> <span class='ocrx_word' id='word_1_653' title='bbox 2531 3249 2867 3319; x_wconf 88' lang='lat' dir='ltr'><strong>aliorumque</strong></span> <span class='ocrx_word' id='word_1_654' title='bbox 2895 3247 3166 3317; x_wconf 87' lang='lat' dir='ltr'><strong>suppliciis</strong></span> <span class='ocrx_word' id='word_1_655' title='bbox 3198 3247 3320 3303; x_wconf 90' lang='lat' dir='ltr'><strong>facti</strong></span> <span class='ocrx_word' id='word_1_656' title='bbox 3347 3249 3650 3318; x_wconf 87' lang='lat' dir='ltr'><strong>castigatio-</strong></span> 
     </span>
    </p>
   </div>
   <div class='ocr_carea' id='block_1_82' title="bbox 2062 3339 3650 3412">
    <p class='ocr_par' dir='ltr' id='par_1_82' title="bbox 2062 3339 3650 3412">
     <span class='ocr_line' id='line_1_82' title="bbox 2062 3339 3650 3412; baseline -0.003 -14"><span class='ocrx_word' id='word_1_657' title='bbox 2062 3358 2172 3409; x_wconf 86' lang='lat' dir='ltr'><strong>res,</strong></span> <span class='ocrx_word' id='word_1_658' title='bbox 2197 3357 2292 3412; x_wconf 89' lang='lat' dir='ltr'><strong>per</strong></span> <span class='ocrx_word' id='word_1_659' title='bbox 2320 3341 2686 3412; x_wconf 62' lang='lat' dir='ltr'><strong>paenitentiam</strong></span> <span class='ocrx_word' id='word_1_660' title='bbox 2717 3348 2772 3394; x_wconf 91' lang='lat' dir='ltr'><strong>et</strong></span> <span class='ocrx_word' id='word_1_661' title='bbox 2793 3339 3287 3410; x_wconf 89' lang='lat' dir='ltr'><strong>compunctionem,</strong></span> <span class='ocrx_word' id='word_1_662' title='bbox 3317 3341 3650 3394; x_wconf 88' lang='lat' dir='ltr'><strong>continuam-</strong></span> 
     </span>
    </p>
   </div>
   <div class='ocr_carea' id='block_1_83' title="bbox 2061 3430 3650 3505">
    <p class='ocr_par' dir='ltr' id='par_1_83' title="bbox 2061 3430 3650 3505">
     <span class='ocr_line' id='line_1_83' title="bbox 2061 3430 3650 3505; baseline -0.003 -16"><span class='ocrx_word' id='word_1_663' title='bbox 2061 3450 2164 3505; x_wconf 91' lang='lat' dir='ltr'><strong>que</strong></span> <span class='ocrx_word' id='word_1_664' title='bbox 2190 3433 2581 3489; x_wconf 89' lang='lat' dir='ltr'><strong>confessionem</strong></span> <span class='ocrx_word' id='word_1_665' title='bbox 2608 3431 2808 3502; x_wconf 85' lang='lat' dir='ltr'><strong>gratias</strong></span> <span class='ocrx_word' id='word_1_666' title='bbox 2836 3446 3086 3500; x_wconf 87' lang='lat' dir='ltr'><strong>agamus,</strong></span> <span class='ocrx_word' id='word_1_667' title='bbox 3119 3439 3181 3485; x_wconf 84' lang='lat' dir='ltr'><strong>et</strong></span> <span class='ocrx_word' id='word_1_668' title='bbox 3197 3431 3240 3484; x_wconf 92' lang='lat' dir='ltr'><strong>si</strong></span> <span class='ocrx_word' id='word_1_669' title='bbox 3269 3430 3394 3500; x_wconf 91' lang='lat' dir='ltr'><strong>quid</strong></span> <span class='ocrx_word' id='word_1_670' title='bbox 3421 3430 3650 3500; x_wconf 87' lang='lat' dir='ltr'><strong>deliqui-</strong></span> 
     </span>
    </p>
   </div>
   <div class='ocr_carea' id='block_1_84' title="bbox 2062 3520 3650 3592">
    <p class='ocr_par' dir='ltr' id='par_1_84' title="bbox 2062 3520 3650 3592">
     <span class='ocr_line' id='line_1_84' title="bbox 2062 3520 3650 3592; baseline -0.003 -12"><span class='ocrx_word' id='word_1_671' title='bbox 2062 3541 2181 3580; x_wconf 90' lang='lat' dir='ltr'><strong>mus</strong></span> <span class='ocrx_word' id='word_1_672' title='bbox 2234 3525 2286 3578; x_wconf 92' lang='lat' dir='ltr'><strong>in</strong></span> <span class='ocrx_word' id='word_1_673' title='bbox 2339 3523 2440 3578; x_wconf 89' lang='lat' dir='ltr'><strong>hac</strong></span> <span class='ocrx_word' id='word_1_674' title='bbox 2487 3527 2594 3576; x_wconf 89' lang='lat' dir='ltr'><strong>vita</strong></span> <span class='ocrx_word' id='word_1_675' title='bbox 2624 3563 2639 3588; x_wconf 94' lang='lat'><strong>,</strong></span> <span class='ocrx_word' id='word_1_676' title='bbox 2690 3521 3058 3591; x_wconf 87' lang='lat' dir='ltr'><strong>deponentes,</strong></span> <span class='ocrx_word' id='word_1_677' title='bbox 3110 3535 3427 3592; x_wconf 90' lang='lat' dir='ltr'><strong>summoque</strong></span> <span class='ocrx_word' id='word_1_678' title='bbox 3475 3520 3650 3576; x_wconf 89' lang='lat' dir='ltr'><strong>studio</strong></span> 
     </span>
    </p>
   </div>
   <div class='ocr_carea' id='block_1_85' title="bbox 2062 3611 3648 3678">
    <p class='ocr_par' dir='ltr' id='par_1_85' title="bbox 2062 3611 3648 3678">
     <span class='ocr_line' id='line_1_85' title="bbox 2062 3611 3648 3678; baseline -0.003 -8"><span class='ocrx_word' id='word_1_679' title='bbox 2062 3615 2286 3670; x_wconf 88' lang='lat' dir='ltr'><strong>maculis</strong></span> <span class='ocrx_word' id='word_1_680' title='bbox 2337 3613 2584 3667; x_wconf 84' lang='lat' dir='ltr'><strong>omnibus</strong></span> <span class='ocrx_word' id='word_1_681' title='bbox 2634 3613 2932 3665; x_wconf 86' lang='lat' dir='ltr'><strong>animarum</strong></span> <span class='ocrx_word' id='word_1_682' title='bbox 3001 3620 3307 3665; x_wconf 87' lang='lat' dir='ltr'><strong>nostrarum</strong></span> <span class='ocrx_word' id='word_1_683' title='bbox 3360 3611 3648 3678; x_wconf 86' lang='lat' dir='ltr'><strong>abstersis,</strong></span> 
     </span>
    </p>
   </div>
   <div class='ocr_carea' id='block_1_86' title="bbox 2062 3699 3650 3770">
    <p class='ocr_par' dir='ltr' id='par_1_86' title="bbox 2062 3699 3650 3770">
     <span class='ocr_line' id='line_1_86' title="bbox 2062 3699 3650 3770; baseline -0.004 -9"><span class='ocrx_word' id='word_1_684' title='bbox 2062 3705 2408 3762; x_wconf 84' lang='lat' dir='ltr'><strong>Obsecremus</strong></span> <span class='ocrx_word' id='word_1_685' title='bbox 2468 3702 2674 3767; x_wconf 91' lang='lat' dir='ltr'><strong>Deum,</strong></span> <span class='ocrx_word' id='word_1_686' title='bbox 2722 3710 2779 3754; x_wconf 92' lang='lat' dir='ltr'><strong>ut</strong></span> <span class='ocrx_word' id='word_1_687' title='bbox 2844 3699 3094 3755; x_wconf 89' lang='lat' dir='ltr'><strong>omnibus</strong></span> <span class='ocrx_word' id='word_1_688' title='bbox 3164 3700 3290 3754; x_wconf 91' lang='lat' dir='ltr'><strong>hinc</strong></span> <span class='ocrx_word' id='word_1_689' title='bbox 3339 3701 3650 3770; x_wconf 87' lang='lat' dir='ltr'><strong>cmigranti-</strong></span> 
     </span>
    </p>
   </div>
   <div class='ocr_carea' id='block_1_87' title="bbox 2064 3793 3651 3864">
    <p class='ocr_par' dir='ltr' id='par_1_87' title="bbox 2064 3793 3651 3864">
     <span class='ocr_line' id='line_1_87' title="bbox 2064 3793 3651 3864; baseline -0.003 -12"><span class='ocrx_word' id='word_1_690' title='bbox 2064 3799 2162 3852; x_wconf 87' lang='lat' dir='ltr'><strong>bus</strong></span> <span class='ocrx_word' id='word_1_691' title='bbox 2210 3797 2282 3852; x_wconf 90' lang='lat' dir='ltr'><strong>ita</strong></span> <span class='ocrx_word' id='word_1_692' title='bbox 2320 3795 2582 3851; x_wconf 81' lang='lat' dir='ltr'><strong>concedat</strong></span> <span class='ocrx_word' id='word_1_693' title='bbox 2631 3794 2755 3849; x_wconf 90' lang='lat' dir='ltr'><strong>illuc</strong></span> <span class='ocrx_word' id='word_1_694' title='bbox 2796 3793 3097 3864; x_wconf 87' lang='lat' dir='ltr'><strong>pervenire,</strong></span> <span class='ocrx_word' id='word_1_695' title='bbox 3138 3800 3198 3847; x_wconf 93' lang='lat' dir='ltr'><strong>ut</strong></span> <span class='ocrx_word' id='word_1_696' title='bbox 3242 3808 3349 3846; x_wconf 90' lang='lat' dir='ltr'><strong>non</strong></span> <span class='ocrx_word' id='word_1_697' title='bbox 3377 3794 3651 3847; x_wconf 88' lang='lat' dir='ltr'><strong>veniamus</strong></span> 
     </span>
    </p>
   </div>
   <div class='ocr_carea' id='block_1_88' title="bbox 2065 3882 3642 3952">
    <p class='ocr_par' dir='ltr' id='par_1_88' title="bbox 2065 3882 3642 3952">
     <span class='ocr_line' id='line_1_88' title="bbox 2065 3882 3642 3952; baseline -0.006 -7"><span class='ocrx_word' id='word_1_698' title='bbox 2065 3890 2118 3944; x_wconf 89' lang='lat' dir='ltr'><strong>in</strong></span> <span class='ocrx_word' id='word_1_699' title='bbox 2167 3896 2366 3944; x_wconf 92' lang='lat' dir='ltr'><strong>sortem</strong></span> <span class='ocrx_word' id='word_1_700' title='bbox 2414 3885 2616 3950; x_wconf 90' lang='lat' dir='ltr'><strong>divitis,</strong></span> <span class='ocrx_word' id='word_1_701' title='bbox 2658 3883 2751 3938; x_wconf 91' lang='lat' dir='ltr'><strong>sed</strong></span> <span class='ocrx_word' id='word_1_702' title='bbox 2796 3899 2917 3937; x_wconf 90' lang='lat' dir='ltr'><strong>eum</strong></span> <span class='ocrx_word' id='word_1_703' title='bbox 2966 3882 3170 3937; x_wconf 86' lang='lat' dir='ltr'><strong>Lazaro</strong></span> <span class='ocrx_word' id='word_1_704' title='bbox 3218 3883 3482 3952; x_wconf 90' lang='lat' dir='ltr'><strong>potiamur</strong></span> <span class='ocrx_word' id='word_1_705' title='bbox 3527 3882 3642 3936; x_wconf 90' lang='lat' dir='ltr'><strong>sinu</strong></span> 
     </span>
    </p>
   </div>
   <div class='ocr_carea' id='block_1_89' title="bbox 2065 3971 3646 4050">
    <p class='ocr_par' dir='ltr' id='par_1_89' title="bbox 2065 3971 3646 4050">
     <span class='ocr_line' id='line_1_89' title="bbox 2065 3971 3646 4050; baseline -0.005 -16"><span class='ocrx_word' id='word_1_706' title='bbox 2065 3979 2420 4050; x_wconf 82' lang='lat' dir='ltr'><strong>patriarchae,</strong></span> <span class='ocrx_word' id='word_1_707' title='bbox 2467 3976 2629 4047; x_wconf 91' lang='lat' dir='ltr'><strong>inque</strong></span> <span class='ocrx_word' id='word_1_708' title='bbox 2673 3973 2828 4030; x_wconf 85' lang='lat' dir='ltr'><strong>bonis</strong></span> <span class='ocrx_word' id='word_1_709' title='bbox 2880 3972 3269 4027; x_wconf 90' lang='lat' dir='ltr'><strong>immortalibus</strong></span> <span class='ocrx_word' id='word_1_710' title='bbox 3316 3971 3646 4027; x_wconf 92' lang='lat' dir='ltr'><strong>deliciemur.</strong></span> 
     </span>
    </p>
   </div>
   <div class='ocr_carea' id='block_1_90' title="bbox 2065 4063 3650 4140">
    <p class='ocr_par' dir='ltr' id='par_1_90' title="bbox 2065 4063 3650 4140">
     <span class='ocr_line' id='line_1_90' title="bbox 2065 4063 3650 4140; baseline -0.006 -14"><span class='ocrx_word' id='word_1_711' title='bbox 2065 4072 2194 4140; x_wconf 82' lang='lat' dir='ltr'><strong>Quae</strong></span> <span class='ocrx_word' id='word_1_712' title='bbox 2225 4070 2379 4125; x_wconf 89' lang='lat' dir='ltr'><strong>nobis</strong></span> <span class='ocrx_word' id='word_1_713' title='bbox 2409 4067 2658 4123; x_wconf 91' lang='lat' dir='ltr'><strong>omnibus</strong></span> <span class='ocrx_word' id='word_1_714' title='bbox 2685 4065 2894 4135; x_wconf 89' lang='lat' dir='ltr'><strong>assequi</strong></span> <span class='ocrx_word' id='word_1_715' title='bbox 2923 4064 3230 4133; x_wconf 88' lang='lat' dir='ltr'><strong>contingat,</strong></span> <span class='ocrx_word' id='word_1_716' title='bbox 3273 4063 3442 4133; x_wconf 88' lang='lat' dir='ltr'><strong>gratia</strong></span> <span class='ocrx_word' id='word_1_717' title='bbox 3469 4077 3535 4118; x_wconf 89' lang='lat' dir='ltr'><strong>ac</strong></span> <span class='ocrx_word' id='word_1_718' title='bbox 3561 4063 3650 4117; x_wconf 84' lang='lat' dir='ltr'><strong>be-</strong></span> 
     </span>
    </p>
   </div>
   <div class='ocr_carea' id='block_1_91' title="bbox 2066 4149 3652 4231">
    <p class='ocr_par' dir='ltr' id='par_1_91' title="bbox 2066 4149 3652 4231">
     <span class='ocr_line' id='line_1_91' title="bbox 2066 4149 3652 4231; baseline -0.006 -15"><span class='ocrx_word' id='word_1_719' title='bbox 2066 4161 2324 4231; x_wconf 86' lang='lat' dir='ltr'><strong>nignitate</strong></span> <span class='ocrx_word' id='word_1_720' title='bbox 2353 4154 2564 4212; x_wconf 86' lang='lat' dir='ltr'><strong>Domini</strong></span> <span class='ocrx_word' id='word_1_721' title='bbox 2595 4154 2759 4208; x_wconf 87' lang='lat' dir='ltr'><strong>nostri</strong></span> <span class='ocrx_word' id='word_1_722' title='bbox 2788 4153 2915 4208; x_wconf 85' lang='lat' dir='ltr'><strong>Jesu</strong></span> <span class='ocrx_word' id='word_1_723' title='bbox 2943 4151 3141 4207; x_wconf 89' lang='lat' dir='ltr'><strong>Christi</strong></span> <span class='ocrx_word' id='word_1_724' title='bbox 3167 4192 3182 4217; x_wconf 94' lang='lat'><strong>,</strong></span> <span class='ocrx_word' id='word_1_725' title='bbox 3219 4165 3343 4206; x_wconf 86' lang='lat' dir='ltr'><strong>cum</strong></span> <span class='ocrx_word' id='word_1_726' title='bbox 3372 4165 3477 4217; x_wconf 89' lang='lat' dir='ltr'><strong>quo</strong></span> <span class='ocrx_word' id='word_1_727' title='bbox 3507 4149 3652 4206; x_wconf 84' lang='lat' dir='ltr'><strong>Patri</strong></span> 
     </span>
    </p>
   </div>
   <div class='ocr_carea' id='block_1_92' title="bbox 2066 4241 3648 4320">
    <p class='ocr_par' dir='ltr' id='par_1_92' title="bbox 2066 4241 3648 4320">
     <span class='ocr_line' id='line_1_92' title="bbox 2066 4241 3648 4320; baseline -0.008 -14"><span class='ocrx_word' id='word_1_728' title='bbox 2066 4261 2120 4306; x_wconf 91' lang='lat' dir='ltr'><strong>et</strong></span> <span class='ocrx_word' id='word_1_729' title='bbox 2167 4249 2386 4320; x_wconf 87' lang='lat' dir='ltr'><strong>Spiritui</strong></span> <span class='ocrx_word' id='word_1_730' title='bbox 2437 4255 2623 4302; x_wconf 89' lang='lat' dir='ltr'><strong>saneto</strong></span> <span class='ocrx_word' id='word_1_731' title='bbox 2671 4244 2836 4315; x_wconf 84' lang='lat' dir='ltr'><strong>gloria</strong></span> <span class='ocrx_word' id='word_1_732' title='bbox 2865 4283 2881 4310; x_wconf 91' lang='lat'><strong>,</strong></span> <span class='ocrx_word' id='word_1_733' title='bbox 2936 4243 2987 4296; x_wconf 92' lang='lat' dir='ltr'><strong>in</strong></span> <span class='ocrx_word' id='word_1_734' title='bbox 3041 4241 3238 4296; x_wconf 72' lang='lat' dir='ltr'><strong>smcula</strong></span> <span class='ocrx_word' id='word_1_735' title='bbox 3291 4241 3648 4308; x_wconf 65' lang='lat' dir='ltr'><strong>satculorum,</strong></span> 
     </span>
    </p>
   </div>
   <div class='ocr_carea' id='block_1_93' title="bbox 2069 4347 2258 4399">
    <p class='ocr_par' dir='ltr' id='par_1_93' title="bbox 2069 4347 2258 4399">
     <span class='ocr_line' id='line_1_93' title="bbox 2069 4347 2258 4399; baseline -0.016 0"><span class='ocrx_word' id='word_1_736' title='bbox 2069 4347 2258 4399; x_wconf 88' lang='lat' dir='ltr'><strong>Amen.</strong></span> 
     </span>
    </p>
   </div>
   <div class='ocr_carea' id='block_1_94' title="bbox 457 4581 1957 4649">
    <p class='ocr_par' dir='ltr' id='par_1_94' title="bbox 457 4595 1957 4649">
     <span class='ocr_line' id='line_1_94' title="bbox 457 4595 1957 4649; baseline -0.001 -9"><span class='ocrx_word' id='word_1_737' title='bbox 457 4599 541 4641; x_wconf 76' lang='lat' dir='ltr'><strong>DE</strong></span> <span class='ocrx_word' id='word_1_738' title='bbox 586 4597 802 4642; x_wconf 77' lang='grc' dir='ltr'><strong>οινιΤΕ</strong></span> <span class='ocrx_word' id='word_1_739' title='bbox 846 4598 926 4640; x_wconf 81' lang='grc' dir='ltr'><strong>ΕΤ</strong></span> <span class='ocrx_word' id='word_1_740' title='bbox 969 4596 1209 4640; x_wconf 71' lang='grc' dir='ltr'><strong>ιΔΖΔιιΟ</strong></span> <span class='ocrx_word' id='word_1_741' title='bbox 1251 4595 1478 4640; x_wconf 82' lang='lat' dir='ltr'><strong>CONCIO</strong></span> <span class='ocrx_word' id='word_1_742' title='bbox 1519 4595 1795 4649; x_wconf 74' lang='lat' dir='ltr'><strong>QUARTA,</strong></span> <span class='ocrx_word' id='word_1_743' title='bbox 1841 4595 1957 4647; x_wconf 81' lang='lat' dir='ltr'><strong>QUO</strong></span> 
     </span>
    </p>
   </div>
   <div class='ocr_carea' id='block_1_95' title="bbox 2062 4581 3574 4649">
    <p class='ocr_par' dir='ltr' id='par_1_95' title="bbox 2062 4581 3574 4637">
     <span class='ocr_line' id='line_1_95' title="bbox 2062 4581 3574 4637; baseline -0.009 0"><span class='ocrx_word' id='word_1_744' title='bbox 2062 4594 2140 4637; x_wconf 80' lang='lat' dir='ltr'><strong>UE</strong></span> <span class='ocrx_word' id='word_1_745' title='bbox 2181 4589 2592 4636; x_wconf 75' lang='lat' dir='ltr'><strong>CONSCIENTIA</strong></span> <span class='ocrx_word' id='word_1_746' title='bbox 2634 4585 2829 4630; x_wconf 83' lang='lat' dir='ltr'><strong>SOLET</strong></span> <span class='ocrx_word' id='word_1_747' title='bbox 2862 4583 2977 4628; x_wconf 79' lang='lat' dir='ltr'><strong>N03</strong></span> <span class='ocrx_word' id='word_1_748' title='bbox 3018 4581 3574 4627; x_wconf 62' lang='lat' dir='ltr'><strong>COMMONEFACBBB</strong></span> 
     </span>
    </p>
   </div>
   <div class='ocr_carea' id='block_1_96' title="bbox 1337 4688 2718 4750">
    <p class='ocr_par' dir='ltr' id='par_1_96' title="bbox 1337 4688 2718 4750">
     <span class='ocr_line' id='line_1_96' title="bbox 1337 4688 2718 4750; baseline -0.009 -9"><span class='ocrx_word' id='word_1_749' title='bbox 1337 4697 1638 4741; x_wconf 76' lang='lat' dir='ltr'><strong>VETEBUM</strong></span> <span class='ocrx_word' id='word_1_750' title='bbox 1681 4696 2115 4750; x_wconf 76' lang='lat' dir='ltr'><strong>DELICTORUM,</strong></span> <span class='ocrx_word' id='word_1_751' title='bbox 2147 4693 2306 4736; x_wconf 79' lang='lat' dir='ltr'><strong>ITEM</strong></span> <span class='ocrx_word' id='word_1_752' title='bbox 2349 4692 2431 4732; x_wconf 80' lang='lat' dir='ltr'><strong>DE</strong></span> <span class='ocrx_word' id='word_1_753' title='bbox 2464 4688 2718 4732; x_wconf 72' lang='lat' dir='ltr'><strong>JOSEPH.</strong></span> 
     </span>
    </p>
   </div>
   <div class='ocr_carea' id='block_1_97' title="bbox 1712 4823 2326 4903">
    <p class='ocr_par' dir='ltr' id='par_1_97' title="bbox 1712 4823 2326 4903">
     <span class='ocr_line' id='line_1_97' title="bbox 1712 4823 2326 4903; baseline -0.007 -1"><span class='ocrx_word' id='word_1_754' title='bbox 1712 4823 2326 4903; x_wconf 49' lang='lat' dir='ltr'><strong>«causam</strong></span> 
     </span>
    </p>
   </div>
   <div class='ocr_carea' id='block_1_98' title="bbox 453 4969 1972 5043">
    <p class='ocr_par' dir='ltr' id='par_1_98' title="bbox 453 4969 1972 5043">
     <span class='ocr_line' id='line_1_98' title="bbox 453 4969 1972 5043; baseline -0.005 -14"><span class='ocrx_word' id='word_1_755' title='bbox 453 4977 505 5031; x_wconf 92' lang='grc'><strong>1.</strong></span> <span class='ocrx_word' id='word_1_756' title='bbox 547 4973 700 5043; x_wconf 83' lang='lat' dir='ltr'><strong>Quod</strong></span> <span class='ocrx_word' id='word_1_757' title='bbox 740 4980 985 5042; x_wconf 90' lang='lat' dir='ltr'><strong>superest</strong></span> <span class='ocrx_word' id='word_1_758' title='bbox 1027 4969 1095 5025; x_wconf 87' lang='lat' dir='ltr'><strong>de</strong></span> <span class='ocrx_word' id='word_1_759' title='bbox 1133 4969 1321 5023; x_wconf 88' lang='lat' dir='ltr'><strong>Lazari</strong></span> <span class='ocrx_word' id='word_1_760' title='bbox 1363 4969 1608 5038; x_wconf 85' lang='lat' dir='ltr'><strong>parabola</strong></span> <span class='ocrx_word' id='word_1_761' title='bbox 1635 5011 1650 5036; x_wconf 93' lang='lat'><strong>,</strong></span> <span class='ocrx_word' id='word_1_762' title='bbox 1693 4983 1972 5024; x_wconf 81' lang='lat' dir='ltr'><strong>necessum</strong></span> 
     </span>
    </p>
   </div>
   <div class='ocr_carea' id='block_1_99' title="bbox 382 5059 1970 5136">
    <p class='ocr_par' dir='ltr' id='par_1_99' title="bbox 382 5059 1970 5136">
     <span class='ocr_line' id='line_1_99' title="bbox 382 5059 1970 5136; baseline -0.004 -15"><span class='ocrx_word' id='word_1_763' title='bbox 382 5077 484 5129; x_wconf 87' lang='lat' dir='ltr'><strong>est,</strong></span> <span class='ocrx_word' id='word_1_764' title='bbox 513 5075 572 5120; x_wconf 91' lang='lat' dir='ltr'><strong>ut</strong></span> <span class='ocrx_word' id='word_1_765' title='bbox 604 5064 980 5136; x_wconf 88' lang='lat' dir='ltr'><strong>persolvamus</strong></span> <span class='ocrx_word' id='word_1_766' title='bbox 1007 5061 1186 5116; x_wconf 89' lang='lat' dir='ltr'><strong>hodie.</strong></span> <span class='ocrx_word' id='word_1_767' title='bbox 1216 5059 1348 5114; x_wconf 87' lang='lat' dir='ltr'><strong>Nam</strong></span> <span class='ocrx_word' id='word_1_768' title='bbox 1375 5076 1469 5115; x_wconf 89' lang='lat' dir='ltr'><strong>vos</strong></span> <span class='ocrx_word' id='word_1_769' title='bbox 1505 5061 1729 5116; x_wconf 86' lang='lat' dir='ltr'><strong>fortasse</strong></span> <span class='ocrx_word' id='word_1_770' title='bbox 1753 5061 1970 5116; x_wconf 91' lang='lat' dir='ltr'><strong>creditis</strong></span> 
     </span>
    </p>
   </div>
   <div class='ocr_carea' id='block_1_100' title="bbox 383 5149 1970 5220">
    <p class='ocr_par' dir='ltr' id='par_1_100' title="bbox 383 5149 1970 5220">
     <span class='ocr_line' id='line_1_100' title="bbox 383 5149 1970 5220; baseline -0.004 -10"><span class='ocrx_word' id='word_1_771' title='bbox 383 5167 553 5212; x_wconf 86' lang='lat' dir='ltr'><strong>totum</strong></span> <span class='ocrx_word' id='word_1_772' title='bbox 585 5157 741 5211; x_wconf 81' lang='lat' dir='ltr'><strong>nobis</strong></span> <span class='ocrx_word' id='word_1_773' title='bbox 785 5155 1088 5209; x_wconf 89' lang='lat' dir='ltr'><strong>absolutum</strong></span> <span class='ocrx_word' id='word_1_774' title='bbox 1115 5167 1258 5208; x_wconf 89' lang='lat' dir='ltr'><strong>esse.</strong></span> <span class='ocrx_word' id='word_1_775' title='bbox 1289 5151 1447 5220; x_wconf 83' lang='lat' dir='ltr'><strong>Atqui</strong></span> <span class='ocrx_word' id='word_1_776' title='bbox 1478 5165 1578 5220; x_wconf 85' lang='lat' dir='ltr'><strong>ego</strong></span> <span class='ocrx_word' id='word_1_777' title='bbox 1626 5166 1729 5205; x_wconf 93' lang='lat' dir='ltr'><strong>non</strong></span> <span class='ocrx_word' id='word_1_778' title='bbox 1758 5161 1876 5205; x_wconf 85' lang='lat' dir='ltr'><strong>utar</strong></span> <span class='ocrx_word' id='word_1_779' title='bbox 1903 5149 1970 5204; x_wconf 89' lang='lat' dir='ltr'><strong>ad</strong></span> 
     </span>
    </p>
   </div>
   <div class='ocr_carea' id='block_1_101' title="bbox 383 5243 1972 5314">
    <p class='ocr_par' dir='ltr' id='par_1_101' title="bbox 383 5243 1972 5314">
     <span class='ocr_line' id='line_1_101' title="bbox 383 5243 1972 5314; baseline -0.005 -10"><span class='ocrx_word' id='word_1_780' title='bbox 383 5249 608 5304; x_wconf 67' lang='lat' dir='ltr'><strong>fallaciae</strong></span> <span class='ocrx_word' id='word_1_781' title='bbox 637 5248 972 5303; x_wconf 85' lang='lat' dir='ltr'><strong>occasionem</strong></span> <span class='ocrx_word' id='word_1_782' title='bbox 1003 5254 1178 5299; x_wconf 86' lang='lat' dir='ltr'><strong>vestra</strong></span> <span class='ocrx_word' id='word_1_783' title='bbox 1230 5243 1525 5314; x_wconf 87' lang='lat' dir='ltr'><strong>ignorantia</strong></span> <span class='ocrx_word' id='word_1_784' title='bbox 1555 5284 1568 5308; x_wconf 93' lang='lat'><strong>,</strong></span> <span class='ocrx_word' id='word_1_785' title='bbox 1603 5258 1779 5313; x_wconf 89' lang='lat' dir='ltr'><strong>neque</strong></span> <span class='ocrx_word' id='word_1_786' title='bbox 1825 5243 1972 5312; x_wconf 85' lang='lat' dir='ltr'><strong>prius</strong></span> 
     </span>
    </p>
   </div>
   <div class='ocr_carea' id='block_1_102' title="bbox 380 5333 1970 5408">
    <p class='ocr_par' dir='ltr' id='par_1_102' title="bbox 380 5333 1970 5408">
     <span class='ocr_line' id='line_1_102' title="bbox 380 5333 1970 5408; baseline -0.006 -13"><span class='ocrx_word' id='word_1_787' title='bbox 380 5340 639 5397; x_wconf 82' lang='lat' dir='ltr'><strong>desistam</strong></span> <span class='ocrx_word' id='word_1_788' title='bbox 666 5380 682 5405; x_wconf 95' lang='lat'><strong>,</strong></span> <span class='ocrx_word' id='word_1_789' title='bbox 715 5355 873 5408; x_wconf 89' lang='lat' dir='ltr'><strong>quam</strong></span> <span class='ocrx_word' id='word_1_790' title='bbox 906 5346 1072 5392; x_wconf 88' lang='lat' dir='ltr'><strong>totum</strong></span> <span class='ocrx_word' id='word_1_791' title='bbox 1100 5335 1241 5406; x_wconf 90' lang='lat' dir='ltr'><strong>quod</strong></span> <span class='ocrx_word' id='word_1_792' title='bbox 1286 5333 1416 5389; x_wconf 88' lang='lat' dir='ltr'><strong>mihi</strong></span> <span class='ocrx_word' id='word_1_793' title='bbox 1447 5335 1615 5388; x_wconf 82' lang='lat' dir='ltr'><strong>visum</strong></span> <span class='ocrx_word' id='word_1_794' title='bbox 1647 5343 1728 5388; x_wconf 79' lang='lat' dir='ltr'><strong>est</strong></span> <span class='ocrx_word' id='word_1_795' title='bbox 1772 5343 1970 5388; x_wconf 87' lang='lat' dir='ltr'><strong>tracta-</strong></span> 
     </span>
    </p>
   </div>
   <div class='ocr_carea' id='block_1_103' title="bbox 381 5425 1971 5500">
    <p class='ocr_par' dir='ltr' id='par_1_103' title="bbox 381 5425 1971 5500">
     <span class='ocr_line' id='line_1_103' title="bbox 381 5425 1971 5500; baseline -0.006 -13"><span class='ocrx_word' id='word_1_796' title='bbox 381 5447 535 5498; x_wconf 76' lang='lat' dir='ltr'><strong>vero,</strong></span> <span class='ocrx_word' id='word_1_797' title='bbox 564 5431 741 5500; x_wconf 87' lang='lat' dir='ltr'><strong>itaque</strong></span> <span class='ocrx_word' id='word_1_798' title='bbox 789 5430 1108 5485; x_wconf 89' lang='lat' dir='ltr'><strong>discessero.</strong></span> <span class='ocrx_word' id='word_1_799' title='bbox 1139 5427 1362 5496; x_wconf 88' lang='lat' dir='ltr'><strong>Quando</strong></span> <span class='ocrx_word' id='word_1_800' title='bbox 1404 5425 1616 5496; x_wconf 89' lang='lat' dir='ltr'><strong>quidem</strong></span> <span class='ocrx_word' id='word_1_801' title='bbox 1659 5435 1712 5480; x_wconf 90' lang='lat' dir='ltr'><strong>et</strong></span> <span class='ocrx_word' id='word_1_802' title='bbox 1743 5425 1971 5494; x_wconf 80' lang='lat' dir='ltr'><strong>agricola</strong></span> 
     </span>
    </p>
   </div>
   <div class='ocr_carea' id='block_1_104' title="bbox 384 5517 1972 5596">
    <p class='ocr_par' dir='ltr' id='par_1_104' title="bbox 384 5517 1972 5596">
     <span class='ocr_line' id='line_1_104' title="bbox 384 5517 1972 5596; baseline -0.006 -17"><span class='ocrx_word' id='word_1_803' title='bbox 384 5534 736 5596; x_wconf 81' lang='lat' dir='ltr'><strong>posteaquam</strong></span> <span class='ocrx_word' id='word_1_804' title='bbox 770 5523 930 5577; x_wconf 91' lang='lat' dir='ltr'><strong>totius</strong></span> <span class='ocrx_word' id='word_1_805' title='bbox 957 5523 1126 5575; x_wconf 71' lang='lat' dir='ltr'><strong>vinea:</strong></span> <span class='ocrx_word' id='word_1_806' title='bbox 1155 5518 1477 5574; x_wconf 90' lang='lat' dir='ltr'><strong>vindemiam</strong></span> <span class='ocrx_word' id='word_1_807' title='bbox 1507 5517 1778 5589; x_wconf 83' lang='lat' dir='ltr'><strong>peregerit</strong></span> <span class='ocrx_word' id='word_1_808' title='bbox 1803 5557 1816 5581; x_wconf 94' lang='lat'><strong>,</strong></span> <span class='ocrx_word' id='word_1_809' title='bbox 1867 5531 1972 5569; x_wconf 84' lang='lat' dir='ltr'><strong>non</strong></span> 
     </span>
    </p>
   </div>
   <div class='ocr_carea' id='block_1_105' title="bbox 385 5608 1969 5686">
    <p class='ocr_par' dir='ltr' id='par_1_105' title="bbox 385 5608 1969 5686">
     <span class='ocr_line' id='line_1_105' title="bbox 385 5608 1969 5686; baseline -0.003 -20"><span class='ocrx_word' id='word_1_810' title='bbox 385 5616 534 5686; x_wconf 75' lang='lat' dir='ltr'><strong>prius</strong></span> <span class='ocrx_word' id='word_1_811' title='bbox 563 5614 804 5681; x_wconf 85' lang='lat' dir='ltr'><strong>desistit,</strong></span> <span class='ocrx_word' id='word_1_812' title='bbox 850 5627 1006 5684; x_wconf 86' lang='lat' dir='ltr'><strong>quam</strong></span> <span class='ocrx_word' id='word_1_813' title='bbox 1049 5612 1282 5682; x_wconf 87' lang='lat' dir='ltr'><strong>singulos</strong></span> <span class='ocrx_word' id='word_1_814' title='bbox 1325 5610 1483 5666; x_wconf 88' lang='lat' dir='ltr'><strong>etiam</strong></span> <span class='ocrx_word' id='word_1_815' title='bbox 1515 5609 1746 5664; x_wconf 70' lang='lat' dir='ltr'><strong>minutos</strong></span> <span class='ocrx_word' id='word_1_816' title='bbox 1788 5608 1969 5662; x_wconf 86' lang='lat' dir='ltr'><strong>acinos</strong></span> 
     </span>
    </p>
   </div>
   <div class='ocr_carea' id='block_1_106' title="bbox 2068 4948 3657 5033">
    <p class='ocr_par' dir='ltr' id='par_1_106' title="bbox 2068 4948 3657 5033">
     <span class='ocr_line' id='line_1_106' title="bbox 2068 4948 3657 5033; baseline -0.013 -12"><span class='ocrx_word' id='word_1_817' title='bbox 2068 4961 2416 5033; x_wconf 87' lang='lat' dir='ltr'><strong>decerpserit.</strong></span> <span class='ocrx_word' id='word_1_818' title='bbox 2466 4959 2599 5015; x_wconf 89' lang='lat' dir='ltr'><strong>Cum</strong></span> <span class='ocrx_word' id='word_1_819' title='bbox 2651 4958 2811 5028; x_wconf 83' lang='lat' dir='ltr'><strong>igitur</strong></span> <span class='ocrx_word' id='word_1_820' title='bbox 2838 4969 2979 5009; x_wconf 91' lang='lat' dir='ltr'><strong>nunc</strong></span> <span class='ocrx_word' id='word_1_821' title='bbox 3009 4967 3220 5024; x_wconf 90' lang='lat' dir='ltr'><strong>quoque</strong></span> <span class='ocrx_word' id='word_1_822' title='bbox 3250 4951 3458 5005; x_wconf 90' lang='lat' dir='ltr'><strong>videam</strong></span> <span class='ocrx_word' id='word_1_823' title='bbox 3489 4948 3657 5004; x_wconf 88' lang='lat' dir='ltr'><strong>veluti</strong></span> 
     </span>
    </p>
   </div>
   <div class='ocr_carea' id='block_1_107' title="bbox 2075 5042 3655 5115">
    <p class='ocr_par' dir='ltr' id='par_1_107' title="bbox 2075 5042 3655 5115">
     <span class='ocr_line' id='line_1_107' title="bbox 2075 5042 3655 5115; baseline -0.009 -5"><span class='ocrx_word' id='word_1_824' title='bbox 2075 5055 2175 5110; x_wconf 88' lang='lat' dir='ltr'><strong>sub</strong></span> <span class='ocrx_word' id='word_1_825' title='bbox 2204 5053 2342 5108; x_wconf 90' lang='lat' dir='ltr'><strong>foliis</strong></span> <span class='ocrx_word' id='word_1_826' title='bbox 2370 5052 2541 5106; x_wconf 90' lang='lat' dir='ltr'><strong>latere</strong></span> <span class='ocrx_word' id='word_1_827' title='bbox 2583 5064 2773 5104; x_wconf 87' lang='lat' dir='ltr'><strong>sensus</strong></span> <span class='ocrx_word' id='word_1_828' title='bbox 2817 5046 3076 5109; x_wconf 74' lang='lat' dir='ltr'><strong>occultos,</strong></span> <span class='ocrx_word' id='word_1_829' title='bbox 3109 5059 3204 5115; x_wconf 88' lang='lat' dir='ltr'><strong>age</strong></span> <span class='ocrx_word' id='word_1_830' title='bbox 3243 5053 3297 5098; x_wconf 89' lang='lat' dir='ltr'><strong>et</strong></span> <span class='ocrx_word' id='word_1_831' title='bbox 3337 5042 3434 5096; x_wconf 91' lang='lat' dir='ltr'><strong>hos</strong></span> <span class='ocrx_word' id='word_1_832' title='bbox 3469 5056 3655 5095; x_wconf 89' lang='lat' dir='ltr'><strong>rursus</strong></span> 
     </span>
    </p>
   </div>
   <div class='ocr_carea' id='block_1_108' title="bbox 2075 5137 3654 5217">
    <p class='ocr_par' dir='ltr' id='par_1_108' title="bbox 2075 5137 3654 5217">
     <span class='ocr_line' id='line_1_108' title="bbox 2075 5137 3654 5217; baseline -0.011 -14"><span class='ocrx_word' id='word_1_833' title='bbox 2075 5148 2360 5217; x_wconf 86' lang='lat' dir='ltr'><strong>diligenter</strong></span> <span class='ocrx_word' id='word_1_834' title='bbox 2399 5144 2748 5212; x_wconf 85' lang='lat' dir='ltr'><strong>deccrpamus</strong></span> <span class='ocrx_word' id='word_1_835' title='bbox 2772 5181 2785 5203; x_wconf 91' lang='lat'><strong>,</strong></span> <span class='ocrx_word' id='word_1_836' title='bbox 2818 5154 2917 5209; x_wconf 89' lang='lat' dir='ltr'><strong>pro</strong></span> <span class='ocrx_word' id='word_1_837' title='bbox 2965 5137 3099 5192; x_wconf 89' lang='lat' dir='ltr'><strong>falce</strong></span> <span class='ocrx_word' id='word_1_838' title='bbox 3143 5149 3393 5191; x_wconf 88' lang='lat' dir='ltr'><strong>sermone</strong></span> <span class='ocrx_word' id='word_1_839' title='bbox 3423 5141 3654 5188; x_wconf 87' lang='lat' dir='ltr'><strong>utentes.</strong></span> 
     </span>
    </p>
   </div>
   <div class='ocr_carea' id='block_1_109' title="bbox 2075 5227 3658 5311">
    <p class='ocr_par' dir='ltr' id='par_1_109' title="bbox 2075 5227 3658 5311">
     <span class='ocr_line' id='line_1_109' title="bbox 2075 5227 3658 5311; baseline -0.01 -15"><span class='ocrx_word' id='word_1_840' title='bbox 2075 5240 2348 5311; x_wconf 86' lang='lat' dir='ltr'><strong>Siquidem</strong></span> <span class='ocrx_word' id='word_1_841' title='bbox 2378 5238 2530 5291; x_wconf 89' lang='lat' dir='ltr'><strong>vinea</strong></span> <span class='ocrx_word' id='word_1_842' title='bbox 2583 5243 2700 5301; x_wconf 89' lang='lat' dir='ltr'><strong>post</strong></span> <span class='ocrx_word' id='word_1_843' title='bbox 2748 5231 2951 5287; x_wconf 88' lang='lat' dir='ltr'><strong>fructus</strong></span> <span class='ocrx_word' id='word_1_844' title='bbox 2995 5230 3157 5285; x_wconf 88' lang='lat' dir='ltr'><strong>semel</strong></span> <span class='ocrx_word' id='word_1_845' title='bbox 3202 5244 3232 5283; x_wconf 91' lang='lat' dir='ltr'><strong>a</strong></span> <span class='ocrx_word' id='word_1_846' title='bbox 3270 5227 3658 5282; x_wconf 88' lang='lat' dir='ltr'><strong>vindemiatore</strong></span> 
     </span>
    </p>
   </div>
   <div class='ocr_carea' id='block_1_110' title="bbox 2076 5316 3662 5388">
    <p class='ocr_par' dir='ltr' id='par_1_110' title="bbox 2076 5316 3662 5388">
     <span class='ocr_line' id='line_1_110' title="bbox 2076 5316 3662 5388; baseline -0.011 -2"><span class='ocrx_word' id='word_1_847' title='bbox 2076 5331 2319 5386; x_wconf 89' lang='lat' dir='ltr'><strong>desectos</strong></span> <span class='ocrx_word' id='word_1_848' title='bbox 2344 5336 2448 5382; x_wconf 87' lang='lat' dir='ltr'><strong>stat</strong></span> <span class='ocrx_word' id='word_1_849' title='bbox 2478 5325 2615 5380; x_wconf 90' lang='lat' dir='ltr'><strong>nuda</strong></span> <span class='ocrx_word' id='word_1_850' title='bbox 2646 5326 2836 5388; x_wconf 83' lang='lat' dir='ltr'><strong>fructu,</strong></span> <span class='ocrx_word' id='word_1_851' title='bbox 2871 5322 2998 5375; x_wconf 83' lang='lat' dir='ltr'><strong>nihil</strong></span> <span class='ocrx_word' id='word_1_852' title='bbox 3028 5320 3228 5374; x_wconf 89' lang='lat' dir='ltr'><strong>habens</strong></span> <span class='ocrx_word' id='word_1_853' title='bbox 3273 5329 3471 5387; x_wconf 72' lang='lat' dir='ltr'><strong>praeter</strong></span> <span class='ocrx_word' id='word_1_854' title='bbox 3499 5316 3662 5375; x_wconf 89' lang='lat' dir='ltr'><strong>folia:</strong></span> 
     </span>
    </p>
   </div>
   <div class='ocr_carea' id='block_1_111' title="bbox 2077 5405 3658 5489">
    <p class='ocr_par' dir='ltr' id='par_1_111' title="bbox 2077 5405 3658 5489">
     <span class='ocr_line' id='line_1_111' title="bbox 2077 5405 3658 5489; baseline -0.015 -14"><span class='ocrx_word' id='word_1_855' title='bbox 2077 5436 2265 5477; x_wconf 89' lang='lat' dir='ltr'><strong>verum</strong></span> <span class='ocrx_word' id='word_1_856' title='bbox 2293 5417 2583 5489; x_wconf 88' lang='lat' dir='ltr'><strong>spiritualis</strong></span> <span class='ocrx_word' id='word_1_857' title='bbox 2626 5415 2920 5469; x_wconf 82' lang='lat' dir='ltr'><strong>divinarum</strong></span> <span class='ocrx_word' id='word_1_858' title='bbox 2946 5411 3342 5480; x_wconf 87' lang='lat' dir='ltr'><strong>Scripturarum</strong></span> <span class='ocrx_word' id='word_1_859' title='bbox 3365 5405 3521 5489; x_wconf 82' lang='lat' dir='ltr'><strong>vinea</strong></span> <span class='ocrx_word' id='word_1_860' title='bbox 3547 5415 3658 5454; x_wconf 92' lang='lat' dir='ltr'><strong>non</strong></span> 
     </span>
    </p>
   </div>
   <div class='ocr_carea' id='block_1_112' title="bbox 2081 5488 3666 5579">
    <p class='ocr_par' dir='ltr' id='par_1_112' title="bbox 2081 5488 3666 5579">
     <span class='ocr_line' id='line_1_112' title="bbox 2081 5488 3666 5579; baseline -0.019 -11"><span class='ocrx_word' id='word_1_861' title='bbox 2081 5515 2226 5576; x_wconf 81' lang='lat' dir='ltr'><strong>item,</strong></span> <span class='ocrx_word' id='word_1_862' title='bbox 2271 5488 2363 5566; x_wconf 88' lang='lat' dir='ltr'><strong>sed</strong></span> <span class='ocrx_word' id='word_1_863' title='bbox 2395 5507 2636 5579; x_wconf 81' lang='lat' dir='ltr'><strong>quamvis</strong></span> <span class='ocrx_word' id='word_1_864' title='bbox 2663 5503 2917 5576; x_wconf 84' lang='lat' dir='ltr'><strong>quidquid</strong></span> <span class='ocrx_word' id='word_1_865' title='bbox 2947 5501 3227 5557; x_wconf 86' lang='lat' dir='ltr'><strong>videbatur</strong></span> <span class='ocrx_word' id='word_1_866' title='bbox 3255 5488 3666 5550; x_wconf 82' lang='lat' dir='ltr'><strong>sustuleritnus,</strong></span> 
     </span>
    </p>
   </div>
   <div class='ocr_carea' id='block_1_113' title="bbox 2080 5593 3665 5671">
    <p class='ocr_par' dir='ltr' id='par_1_113' title="bbox 2080 5593 3665 5671">
     <span class='ocr_line' id='line_1_113' title="bbox 2080 5593 3665 5671; baseline -0.011 -10"><span class='ocrx_word' id='word_1_867' title='bbox 2080 5616 2255 5663; x_wconf 86' lang='lat' dir='ltr'><strong>tamen</strong></span> <span class='ocrx_word' id='word_1_868' title='bbox 2314 5603 2486 5659; x_wconf 85' lang='lat' dir='ltr'><strong>adhuc</strong></span> <span class='ocrx_word' id='word_1_869' title='bbox 2549 5599 2774 5671; x_wconf 87' lang='lat' dir='ltr'><strong>amplius</strong></span> <span class='ocrx_word' id='word_1_870' title='bbox 2825 5604 3068 5666; x_wconf 82' lang='lat' dir='ltr'><strong>superest</strong></span> <span class='ocrx_word' id='word_1_871' title='bbox 3130 5595 3449 5652; x_wconf 90' lang='lat' dir='ltr'><strong>tollendum.</strong></span> <span class='ocrx_word' id='word_1_872' title='bbox 3482 5593 3665 5660; x_wconf 80' lang='lat' dir='ltr'><strong>Itaque</strong></span> 
     </span>
    </p>
   </div>
  </div>
