4018 6190
383 231 520 285 1007

381 349 685 419 complures
714 353 835 400 ante
857 356 955 399 nos
982 341 1349 396 disseruerunt
1377 337 1431 392 in
1457 337 1595 391 hanc
1628 332 1955 404 parabolam,

384 439 685 508 complures
714 432 954 489 fortassis
980 439 1033 486 et
1056 439 1174 499 post
1201 442 1296 482 nos
1321 425 1598 481 disserturi
1620 433 1741 479 sunt
1764 441 1777 453 ·
1803 437 1960 478 nemo

386 540 564 584 tamen
591 524 784 597 poterit
819 530 957 577 totas
986 533 1116 589 opes
1144 532 1355 572 eruere.
1381 514 1514 569 Nam
1546 528 1608 569 ea
1632 522 1714 568 est
1740 511 1964 582 opulen-

387 621 474 674 tia:
501 627 684 671 natura
720 633 732 667 :
769 627 875 683 quo
904 610 1098 665 foderis
1136 608 1314 673 altius,
1347 607 1448 660 hoc
1487 604 1653 674 magis
1691 601 1964 659 exundant

386 709 549 765 divini
577 718 766 760 sensus
790 721 802 757 :
835 702 953 756 fons
974 700 1116 754 enim
1144 706 1226 752 est
1252 709 1536 765 numquam
1564 693 1839 748 deliciam.

457 799 520 851 S.
558 795 768 866 Babylo:
801 803 848 847 et
886 800 1164 861 martyrum
1202 787 1386 841 habita:
1434 785 1686 849 orationes
1733 798 1962 852 panegy-

384 893 521 944 τίσω.
551 918 620 928 -
642 884 935 955 Oportebat
960 880 1171 952 quidem
1201 876 1477 948 superiore
1503 885 1772 930 conventu
1809 872 1963 926 debi-

387 989 499 1033 tum
526 977 629 1031 hoc
657 974 986 1030 dissolvisse.
1013 971 1213 1035 Verum
1255 983 1359 1023 non
1399 965 1820 1021 existimavimus
1845 977 1965 1018 esse

388 1079 558 1125 tutum
603 1067 743 1122 beati
783 1064 997 1134 Babylzc
1038 1070 1093 1116 et
1136 1061 1271 1130 biga:
1298 1068 1603 1113 sanctorum
1649 1063 1961 1126 martyrum,

388 1162 476 1230 qui
502 1167 622 1230 post
651 1157 796 1211 illum
818 1159 1182 1215 occurrerunt,
1206 1150 1458 1220 praeclara
1484 1155 1630 1217 gesta
1652 1145 1960 1217 przcterire:

387 1265 559 1320 coque
587 1247 888 1303 distulimus
918 1244 1237 1298 solutionem
1260 1281 1275 1306 ,
1309 1239 1617 1295 differentes
1643 1239 1694 1291 in
1728 1251 1965 1306 praesen-

391 1352 497 1396 tem
523 1338 684 1400 diem,
714 1347 768 1391 ut
801 1343 970 1389 totum
993 1332 1228 1387 debitum
1250 1329 1623 1384 dissolvamus.
1648 1330 1759 1398 Age
1785 1326 1964 1396 igitttr,

390 1431 640 1502 quoniam
672 1436 725 1483 ct
753 1426 991 1497 patribus
1017 1438 1141 1477 suas
1170 1419 1355 1476 laudes
1385 1419 1755 1488 persolvimus,
1781 1432 1887 1470 non
1913 1424 1967 1469 ut

393 1521 465 1574 illi
495 1518 957 1590 promerebantur,
1006 1512 1099 1567 sed
1141 1527 1235 1581 pro
1260 1508 1461 1563 viribus
1490 1508 1689 1561 nostris
1711 1547 1726 1572 ,
1761 1505 1969 1575 persol-

393 1626 581 1666 vamus
606 1621 660 1665 et
689 1609 840 1664 vobis
883 1605 1040 1675 huius
1070 1601 1415 1674 expositionis
1457 1598 1725 1669 reliquias.
1770 1596 1968 1651 Verum

393 1721 460 1759 ne
491 1719 586 1759 vos
629 1697 967 1756 delassemini
992 1737 1008 1763 ,
1052 1696 1357 1766 priusquam
1384 1690 1449 1746 ad
1476 1691 1634 1745 finem
1663 1689 1969 1759 perveneri-

393 1811 533 1859 mus,
579 1793 724 1848 illinc
770 1797 1072 1858 repetemus
1114 1797 1416 1839 sermonem
1444 1821 1458 1844 ,
1491 1780 1580 1834 ubi
1625 1779 1771 1833 illum
1803 1791 1972 1846 nuper

394 1886 681 1941 finivimus.
700 1880 929 1936 Ubinam
953 1877 1099 1931 illum
1123 1873 1424 1929 linivimus?
1453 1871 1507 1925 In
1529 1870 1663 1925 chao
1685 1869 1970 1925 dirimente

388 1977 561 2048 iustos
586 1988 615 2026 a
643 1968 1034 2043 peccatoribus.
1060 1966 1194 2021 Cum
1221 1964 1363 2019 enim
1391 1962 1613 2017 dixisset
1631 1960 1806 2026 dives,
1834 1960 1972 2013 mitte

396 2070 684 2133 Lazarum,
724 2067 800 2121 illi
843 2064 1117 2134 respondit
1142 2059 1409 2116 Abraham
1440 2076 1453 2111 :
1481 2056 1646 2113 Chaos
1674 2056 1848 2126 ingens
1875 2054 1971 2122 ﬁr-

393 2170 585 2213 matum
610 2168 681 2213 est
704 2158 836 2212 inter
862 2172 954 2210 nos
979 2164 1027 2208 et
1052 2169 1159 2219 vos,
1183 2160 1238 2205 ut
1262 2151 1349 2221 qui
1373 2148 1528 2205 velint
1554 2147 1738 2202 ist/tim:
1762 2146 1974 2199 transire

393 2252 461 2303 ad
488 2265 579 2303 nos
606 2264 708 2302 non
736 2246 950 2317 possint,
997 2260 1154 2316 neque
1183 2242 1298 2295 hinc
1326 2241 1491 2295 istlmc
1515 2246 1772 2293 transeunt
1804 2235 1969 2310 (Luc.

396 2340 482 2396 l6.
529 2338 646 2412 Si).
688 2338 972 2409 Multisque
1020 2335 1200 2391 verbis
1246 2331 1768 2397 demonstravimus,
1825 2327 1967 2399 quod

395 2440 734 2502 posteaquam
760 2430 903 2485 Deus
925 2428 1142 2483 multam
1183 2423 1569 2480 humanitatem
1595 2435 1720 2492 erga
1747 2435 1846 2474 nos
1875 2434 1973 2474 ex-

392 2521 584 2588 hibuit,
629 2528 871 2591 oporteat
914 2520 966 2573 in
994 2517 1223 2587 propriis
1263 2514 1556 2570 benefactis
1598 2527 1747 2583 spem
1787 2510 1975 2565 salutis

392 2611 675 2674 collocare,
711 2600 815 2663 non
846 2618 1027 2679 patres
1048 2648 1063 2673 ,
1107 2619 1258 2671 avos,
1305 2619 1368 2659 ac
1413 2617 1640 2674 proavos
1667 2615 1969 2663 recensere,

394 2715 568 2771 neque
594 2686 871 2768 cognatos,
899 2697 1120 2760 amicos,
1150 2694 1472 2749 domesticos
1500 2707 1564 2748 ac
1586 2691 1811 2745 vicinos.
1840 2689 1976 2744 Fra-

393 2804 469 2845 ter
491 2791 633 2844 enim
663 2805 764 2842 non
791 2786 996 2841 redimit
1026 2801 1045 2839 :
1070 2784 1277 2838 redimet
1324 2784 1473 2838 homo
1500 2781 1672 2852 (Psat.
1720 2781 1810 2836 £8.
1857 2778 1973 2853 8)?

395 2878 500 2934 Sed
527 2876 782 2949 quidquid
808 2872 1079 2944 deprecati
1129 2872 1326 2927 fuerint
1353 2871 1802 2943 supplicarintque
1825 2911 1841 2938 ,
1884 2870 1974 2941 qui

396 2972 519 3027 hinc
543 2985 665 3025 cum
690 2968 922 3040 peccatis
966 2965 1267 3037 migrarint,
1299 2964 1565 3018 incassum
1592 2962 1705 3032 iam
1747 2960 1974 3017 frustra-

393 3081 495 3135 que
523 3065 825 3135 loquentur.
858 3061 1066 3116 Etenim
1093 3059 1325 3130 virgines
1368 3058 1471 3113 illm
1501 3057 1736 3127 quinque
1778 3054 1975 3125 implo-

396 3156 583 3210 rabant
607 3155 675 3210 ab
702 3152 998 3224 aequalibus
1022 3151 1220 3216 oleum,
1254 3164 1354 3205 nec
1382 3149 1734 3217 impetrarunt
1761 3144 1972 3218 (Matth.

393 3247 484 3318 9.5)
512 3264 525 3301 :
551 3255 606 3299 et
646 3244 690 3298 is
728 3244 817 3312 qui
848 3242 1100 3296 talentum
1129 3240 1182 3294 in
1212 3249 1352 3294 terra
1376 3237 1673 3301 defoderat,
1697 3251 1815 3291 cum
1842 3234 1979 3290 mu!-

399 3348 504 3390 tam
549 3333 943 3389 excusationem
993 3329 1284 3393 attulisset,
1331 3326 1548 3382 tandem
1592 3325 1976 3381 condemnatus

395 3436 496 3482 est.
534 3426 662 3480 Item
706 3424 794 3494 qui
838 3423 1010 3492 ipsum
1039 3419 1360 3474 esurientem
1392 3433 1497 3471 non
1543 3423 1832 3487 paverunt,
1877 3430 1976 3469 nec

396 3518 592 3574 sitienti
621 3525 799 3585 potum
827 3511 1086 3567 dederant
1120 3528 1133 3564 :
1163 3524 1283 3564 cum
1324 3516 1379 3564 et
1420 3507 1520 3578 ipsi
1551 3506 1832 3561 crederent
1857 3520 1975 3561 sese

396 3609 463 3665 ad
493 3605 803 3678 ignorantia:
848 3601 1199 3674 patrocinium
1230 3614 1387 3671 posse
1412 3598 1718 3668 confugere,
1750 3611 1847 3652 nec
1877 3612 1975 3651 ve-

398 3701 536 3754 niam
563 3739 578 3764 ,
631 3711 730 3750 nee
768 3692 1166 3748 excusationem
1208 3698 1525 3760 repererunt
1569 3687 1799 3758 (Matth.
1841 3686 1973 3759 22).

399 3789 591 3847 Caeteri
618 3804 743 3843 vero
770 3802 869 3842 nec
893 3785 1032 3856 quod
1065 3784 1335 3839 ltiscereut
1379 3782 1684 3849 habebant,
1713 3781 1859 3835 velut
1888 3780 1976 3835 ille

399 3882 627 3939 sordidis
670 3880 886 3936 indutus
927 3877 1185 3933 vestibus.
1235 3875 1366 3930 Nam
1414 3884 1694 3930 accusatus
1733 3873 1974 3929 obticuit.

398 3974 511 4030 Non
539 3981 715 4026 autem
748 3969 832 4024 hic
860 3968 1040 4032 modo,
1072 3983 1253 4022 verum
1278 3977 1333 4020 et
1375 3966 1508 4020 alius
1550 3964 1638 4019 ille
1660 4005 1674 4028 ,
1720 3964 1807 4034 qui
1834 3963 1975 4033 quod

399 4066 654 4119 adversus
683 4061 983 4133 proximum
1018 4058 1405 4127 prmteritarum
1432 4055 1753 4110 offensarum
1783 4055 1975 4108 memi-

401 4155 589 4219 nisset,
633 4161 953 4221 centrumque
981 4148 1229 4203 denarios
1269 4146 1336 4201 ab
1362 4161 1426 4201 eo
1453 4145 1773 4216 postulasset
1796 4184 1809 4207 ,
1855 4153 1976 4214 post

401 4262 563 4316 super
586 4245 668 4298 his
696 4243 824 4313 ipsis
844 4258 872 4297 a
894 4241 1111 4296 domino
1140 4238 1498 4307 reprehensus
1522 4237 1588 4291 ob
1610 4236 1975 4291 crudelitatem

404 4346 457 4391 at
500 4334 972 4395 inbumanitatem,
1022 4326 1383 4384 nihil’habuit
1439 4326 1579 4396 quod
1631 4326 1979 4397 responderet

402 4426 508 4500 (Ib.
534 4425 645 4496 18).
673 4423 827 4479 Unde
854 4421 1190 4491 perspicuum
1217 4430 1315 4484 est,
1341 4418 1482 4489 quod
1508 4433 1679 4488 neque
1705 4433 1801 4472 nos
1824 4418 1978 4487 quid-

402 4531 558 4588 quam
581 4515 691 4569 illic
711 4513 1029 4575 sublevabit,
1054 4512 1098 4565 si
1123 4527 1226 4564 non
1248 4510 1587 4565 habuerimus
1616 4510 1753 4564 bona
1778 4523 1971 4577 opera:

402 4621 585 4662 verum
612 4606 724 4658 sive
763 4602 1032 4672 supplices
1072 4600 1329 4655 fuerimus
1353 4600 1829 4669 obsecremusque,
1863 4600 1976 4653 sive

406 4696 728 4752 tacuerimus
751 4734 767 4759 ,
814 4706 966 4761 teque
1011 4705 1171 4761 super
1212 4705 1311 4745 nos
1341 4690 1534 4755 veniet
1560 4690 1878 4759 supplicium
1915 4704 1978 4744 ac

406 4786 656 4842 vindicta.
688 4782 937 4838 Ausculta
970 4780 1129 4849 igitur
1168 4779 1436 4850 quomodo
1474 4779 1561 4834 hic
1600 4795 1719 4835 cum
1747 4778 1853 4833 duo
1883 4794 1977 4848 po-

406 4879 629 4933 stularet
656 4875 723 4929 ab
746 4872 1034 4934 Abraham,
1058 4880 1283 4940 utroque
1310 4869 1595 4925 frustratus
1623 4871 1710 4925 sit.
1742 4871 1974 4924 Primum

405 4968 545 5023 enim
575 4982 669 5037 pro
695 4964 871 5033 seipso
900 4961 1216 5031 deprecatus
1240 4968 1351 5026 est,
1376 4959 1541 5027 Mitte,
1573 4953 1837 5031 inquiens,
1870 4961 1976 5014 La-

404 5073 577 5110 zarum
600 5072 618 5109 :
645 5070 767 5110 mox
797 5068 903 5107 ttnn
949 5067 1044 5121 pro
1068 5052 1264 5121 seipse,
1293 5050 1387 5106 sed
1433 5066 1529 5121 pro
1559 5050 1808 5107 fratribus
1838 5070 1851 5106 :
1884 5067 1977 5107 ve-

407 5162 524 5201 rum
570 5145 700 5199 nihil
751 5142 1135 5214 postulatorum
1188 5140 1437 5196 obtinuit.
1491 5140 1761 5209 Siquidem
1811 5140 1977 5195 altera

410 5236 713 5304 postulatio,
758 5247 950 5301 nempe
979 5232 1124 5302 prior
1152 5272 1167 5296 ,
1199 5231 1318 5285 talis
1345 5240 1481 5297 erat,
1514 5240 1569 5285 ut
1595 5230 1734 5300 quod
1765 5233 1981 5299 peteba-

411 5336 495 5379 tur
521 5326 633 5380 ﬁeri
678 5340 783 5380 non
829 5332 1007 5393 posset
1036 5339 1050 5374 :
1082 5321 1248 5376 altera
1274 5337 1401 5376 vero
1425 5361 1443 5389 ,
1470 5322 1718 5377 videlicet
1747 5337 1842 5392 pro
1867 5322 1978 5377 fra-

412 5415 600 5480 tribus,
627 5424 742 5470 erat
775 5428 1120 5484 supervacua.
1147 5413 1282 5480 Quin
1313 5414 1509 5482 potius,
1539 5414 1581 5467 si
1612 5413 1838 5479 videtur,
1868 5414 1979 5482 ipsa

410 5507 571 5563 verba
611 5508 776 5562 multo
819 5521 939 5560 cum
985 5505 1160 5559 studio
1189 5505 1483 5559 audiamus.
1537 5504 1743 5558 Etenim
1783 5505 1827 5557 si
1858 5519 1978 5559 cum

406 5598 757 5672 magistratus
788 5599 840 5652 in
883 5597 1055 5654 medio
1086 5597 1199 5652 foro
1229 5612 1376 5652 reum
1422 5595 1657 5662 adducit,
1705 5597 1977 5652 carnifices

1083 225 1139 281 S.
1177 220 1453 280 JOANNIS
1483 215 1952 275 CHRYSOSTOMI
1990 213 2302 269 ARClliEP.
2343 212 2872 269 CONSTANTINOP.

3497 218 3627 274 [008

2064 331 2302 397 adhibet,
2343 341 2754 403 accusatumque
2792 331 2994 397 laniat,
3024 345 3214 387 omnes
3242 346 3433 403 magno
3457 336 3629 389 studio

2064 430 2410 488 concurrunt,
2453 421 2732 492 cupientes
2755 420 2941 477 audire
2979 420 3108 492 quid
3134 421 3426 493 interroget
3447 421 3633 492 iudex,

2063 513 2189 584 quid
2234 527 2359 567 reus
2402 512 2723 581 respondeat
2766 512 2980 567 :multo
3020 511 3190 581 magis
3232 511 3319 567 hic
3355 511 3643 583 diligenter

2064 602 2466 657 auscultandum
2515 611 2618 667 est,
2662 601 2790 671 quid
2836 617 3000 668 reus,
3044 602 3295 656 nimirum
3339 601 3428 656 hic
3465 602 3640 669 dives,

2066 694 2338 764 postulet;
2384 693 2510 763 quid
2546 701 2734 747 contra
2772 693 2947 762 iustus
2981 692 3143 762 iudex
3183 693 3503 763 respondeat
3544 709 3645 763 per

2064 784 2354 840 Abraham.
2403 785 2519 839 Non
2547 784 2689 839 enim
2718 785 3014 853 patriarcha
3055 793 3173 839 erat
3214 785 3306 855 qui
3342 784 3640 855 iudimbat,

2064 890 2385 945 quamquam
2427 876 2474 930 is
2517 876 2934 945 pronuntiabat:
2967 892 3149 930 verum
3190 876 3642 945 quemadmodum

2067 966 2119 1020 in
2147 966 2429 1020 mundanis
2468 966 2583 1021 istis
2616 966 2829 1036 iudieiis
2868 967 3076 1036 quoties
3117 965 3512 1037 fuerintaliqui
3539 968 3639 1030 rei,

2067 1065 2193 1127 puta
2219 1056 2474 1119 latrones,
2505 1067 2594 1112 aut
2621 1057 2920 1124 homicidaa,
2949 1057 3049 1113 bos
3075 1058 3221 1128 leges
3245 1060 3433 1128 procul
3460 1076 3489 1114 a
3514 1076 3642 1116 con-

2067 1156 2252 1217 spectu
2290 1148 2487 1217 iudicis
2512 1157 2853 1219 segregantes
2880 1157 2934 1203 et
2970 1157 3235 1213 arcentes,
3281 1164 3385 1204 non
3412 1151 3642 1219 permit-

2071 1245 2187 1292 tunt
2210 1246 2267 1292 ut
2290 1238 2507 1293 audiant
2533 1253 2714 1294 vocem
2737 1238 2950 1308 iudicis,
2976 1238 3116 1307 quod
3142 1239 3219 1293 illi
3243 1248 3297 1294 et
3324 1241 3426 1295 hoc
3448 1250 3504 1295 et
3522 1241 3643 1297 aliis

2071 1326 2362 1382 honoribus
2383 1327 2690 1396 iudicentur
2740 1326 2940 1397 indigni
2964 1347 2981 1392 ;
3025 1328 3117 1384 sed
3146 1328 3352 1384 medius
3379 1331 3641 1400 quispiam

2071 1416 2357 1487 interpres,
2397 1429 2451 1473 et
2485 1418 2677 1488 iudicis
2716 1419 3174 1489 interrogationes,
3212 1428 3268 1474 et
3305 1420 3383 1475 rei
3421 1436 3642 1491 respon-

2071 1509 2250 1563 siones
2276 1508 2513 1578 perfert:
2548 1509 2647 1564 hoc
2685 1524 2815 1564 sane
2854 1517 3007 1579 pacto
3040 1518 3095 1564 et
3132 1517 3259 1564 tunc
3294 1508 3491 1564 factum
3534 1520 3642 1565 est.

2070 1597 2186 1652 Non
2214 1598 2379 1653 Deum
2424 1598 2525 1669 ipsi
2564 1600 2867 1667 loquentem
2896 1597 3098 1652 audivit
3126 1613 3271 1665 reus,
3311 1598 3405 1653 sed
3440 1599 3645 1655 medius

2072 1700 2188 1747 erat
2226 1690 2491 1747 Abraham
2515 1731 2530 1758 ,
2574 1691 2661 1763 qui
2697 1689 2889 1761 iudicis
2910 1705 3094 1744 vocem
3118 1690 3165 1744 ei
3195 1691 3283 1760 qui
3314 1690 3644 1760 indicabatur

2073 1782 2276 1838 retulit.
2313 1781 2428 1837 Non
2450 1781 2592 1837 enim
2633 1796 2700 1837 ex
2739 1795 2859 1836 sese
2897 1779 3108 1834 dicebat
3132 1796 3251 1851 qua:
3278 1780 3510 1847 dicebat,
3544 1784 3644 1837 sed

2073 1872 2278 1926 divinas
2316 1871 2463 1927 diviti
2494 1872 2639 1942 leges
2680 1869 2968 1934 recitabat,
3002 1884 3224 1939 quaeque
3250 1869 3456 1928 salitus
3496 1868 3641 1926 fere-

2073 1961 2286 2028 bantur,
2318 1964 2611 2017 seutentias
2641 1959 2942 2035 proferebat
2966 1975 2981 2026 ;
3029 1959 3147 2015 ideo
3176 1974 3276 2015 nec
3303 1959 3532 2016 habebat
3556 1960 3646 2015 hic

2073 2055 2214 2125 quod
2241 2054 2649 2125 contradiceret.

2143 2146 2200 2202 2.
2225 2145 2593 2202 Auscultemus
2618 2146 2792 2215 itaque
2815 2144 3094 2216 diligenter
3114 2142 3203 2198 bis
3223 2158 3341 2214 qua
3369 2143 3639 2202 dicuntur.

2076 2237 2209 2293 Nam
2232 2239 2284 2293 in
2308 2238 2406 2293 hac
2427 2239 2675 2308 parabola
2693 2239 2813 2295 data
2833 2258 2994 2315 Opera
3009 2246 3403 2312 immorer,‘nec
3422 2238 3649 2307 desisto.

2078 2329 2286 2384 tametsi
2312 2338 2557 2400 quartum
2581 2330 2689 2399 iam
2731 2330 2873 2390 diem
2920 2336 3099 2391 iubae
3123 2351 3340 2401 versor,
3371 2349 3652 2407 propterea

2074 2420 2215 2490 quod
2240 2436 2303 2475 ex
2335 2421 2436 2477 hac
2458 2421 2793 2477 enarratione
2814 2426 3092 2496 plurimum
3113 2425 3313 2482 fruetus
3332 2431 3476 2484 nasci
3497 2430 3651 2486 video

2078 2521 2187 2565 tmn
2226 2510 2509 2579 divitibus,
2562 2520 2670 2566 tum
2702 2516 3055 2584 pauperibus,
3089 2525 3199 2572 tum
3227 2518 3293 2572 iis
3319 2520 3407 2588 qui
3438 2531 3653 2590 propter

2077 2602 2432 2671 improborum
2458 2602 2775 2673 felicitatem,
2796 2615 2953 2676 atque
2975 2607 3131 2662 etiam
3153 2618 3366 2678 propter
3388 2610 3653 2678 iustorum

2077 2693 2307 2764 inopiam
2348 2703 2405 2749 et
2449 2693 2790 2753 afflictionem
2835 2699 3235 2754 conturbantur.
3280 2700 3465 2771 Neque
3504 2703 3650 2757 enim

2078 2785 2182 2839 ulla
2217 2800 2302 2840 res
2344 2785 2562 2855 perinde
2604 2786 2743 2842 solet
2785 2788 3055 2844 hominum
3083 2791 3268 2861 vulgus
3295 2790 3564 2847 offendere
3589 2808 3655 2849 ac

2079 2877 2426 2947 perturbare,
2476 2886 2533 2931 ut
2575 2878 2715 2949 quod
2767 2881 2957 2938 divites
2998 2896 3160 2951 prave
3207 2883 3446 2938 viventes
3489 2885 3653 2939 multa

2080 2968 2319 3024 fruantur
2344 2971 2692 3039 prosperitate
2709 2987 2727 3028 :
2747 2982 2951 3040 contra,
2974 2973 3100 3043 iusti
3128 2988 3249 3028 eum
3276 2975 3472 3030 virtute
3490 2976 3653 3030 vitam

2078 3069 2314 3130 agentes,
2341 3059 2407 3115 ad
2445 3068 2744 3116 extremam
2786 3063 3091 3134 redigantur
3133 3064 3401 3133 in0piam,
3449 3066 3655 3136 aliaque

2081 3153 2446 3223 perpetiantur
2473 3152 2746 3207 innumera
2777 3161 3086 3224 paupertate
3112 3154 3225 3224 ipsa
3250 3156 3512 3225 graviora.

2151 3241 2276 3308 Quis
2319 3245 2512 3313 fructus
2557 3258 2619 3296 ea:
2656 3242 2750 3296 Itac
2796 3243 3039 3315 parabola
3073 3244 3651 3315 colligatum—Verum

2079 3334 2194 3388 haec
2232 3334 2479 3403 parabola
2510 3333 2708 3390 sufficit
2741 3335 2805 3389 ad
2844 3336 3138 3405 prtestanda
3177 3337 3653 3397 remediazdivites

2077 3424 2290 3494 quidem
2334 3423 2578 3494 redigens
2619 3424 2686 3478 ad
2734 3425 3047 3481 modestiam
3072 3467 3087 3493 ,
3136 3441 3396 3497 pauperes
3436 3443 3562 3483 vero
3599 3430 3648 3483 in

2080 3512 2426 3582 praesentibus
2459 3514 2612 3568 malis
2650 3514 2929 3568 consolans
2952 3533 2966 3569 :
2990 3524 3043 3571 et
3085 3515 3204 3570 illos
3233 3516 3445 3588 quidem
3464 3517 3647 3572 admo-

2079 3619 2232 3671 nens,
2261 3621 2327 3659 ne
2356 3604 2670 3670 efferantur,
2712 3607 2919 3675 quoties
2949 3607 3006 3673 ii,
3054 3607 3142 3676 qui
3168 3608 3410 3678 improbe
3436 3610 3650 3676 vivunt,

2080 3696 2165 3751 hic
2193 3711 2377 3767 pmnas
2406 3713 2512 3752 non
2557 3697 2718 3763 dant,
2761 3699 2955 3768 quippe
2993 3713 3112 3753 cum
3158 3714 3252 3754 eos
3294 3710 3505 3755 maneat
3551 3701 3654 3757 illic

2077 3786 2420 3855 gravissimus
2458 3785 2754 3852 cruciatus;
2795 3787 2894 3842 hos
2922 3802 3049 3842 vero
3076 3788 3388 3855 consolans,
3419 3805 3486 3844 ne
3514 3790 3648 3844 alio-

2079 3894 2197 3931 rum
2217 3877 2463 3933 felicitate
2484 3880 2875 3947 perturbentur,
2899 3894 3069 3949 neque
3088 3889 3274 3949 putent
3294 3897 3378 3936 res
3395 3882 3653 3939 humanas

2079 3969 2279 4038 absque
2319 3967 2411 4022 Dei
2445 3969 2769 4038 providentia
2812 3969 2958 4036 ferri,
2998 3985 3118 4025 cum
3166 3971 3255 4025 hic
3289 3971 3464 4040 iustus
3501 3974 3656 4028 malis

2078 4060 2346 4130 affligitur,
2377 4061 2648 4130 improbus
2667 4071 2849 4117 contra
2877 4076 2940 4117 ac
2964 4062 3252 4117 sceleratus
3272 4063 3434 4119 homo
3464 4079 3653 4134 perpe-

2081 4161 2167 4206 tua
2190 4151 2380 4206 fruitur
2408 4153 2776 4222 proSperitate.
2800 4152 2971 4209 Ambo
2995 4153 3252 4223 siquidem
3275 4169 3371 4224 pro
3397 4154 3659 4224 dignitate

2080 4241 2338 4312 recipient
2365 4241 2490 4306 illic,
2525 4241 2611 4296 hic
2635 4242 2846 4311 quidem
2872 4256 3096 4297 coronas
3122 4244 3386 4312 patientia:
3418 4245 3654 4300 toleran-

2083 4331 2305 4399 tiaeque,
2350 4331 2434 4383 ille
2475 4346 2602 4384 vero
2645 4331 2901 4400 supplicia
2950 4346 3237 4401 ptettasque
3278 4334 3652 4403 improbitatis.

2084 4419 2227 4474 llane
2245 4420 2545 4489 parabolam
2570 4419 2840 4475 inscribite
2856 4421 3046 4476 divites
3066 4424 3263 4491 pariter
3281 4439 3342 4478 ac
3364 4439 3649 4494 pauperes:

2079 4511 2269 4565 divites
2297 4510 2509 4579 quidem
2540 4512 2591 4564 in
2622 4511 2910 4580 parietibus
2936 4510 3127 4567 domus
3151 4522 3362 4577 vestrm,
3390 4529 3654 4585 pauperes

2080 4610 2254 4654 autem
2285 4601 2335 4655 in
2368 4601 2654 4670 parietibus
2674 4601 2836 4654 animi
2866 4602 3029 4656 vestri
3052 4620 3067 4656 :
3090 4611 3143 4657 et
3169 4604 3213 4657 si
3242 4603 3456 4673 quando
3480 4605 3653 4660 deleta

2080 4690 2243 4746 fuerit
2284 4692 2469 4746 oborta
2500 4692 2794 4759 oblivione,
2828 4692 3016 4749 illinite
3042 4693 3218 4749 denuo
3239 4736 3254 4759 ,
3286 4695 3355 4751 ab
3382 4696 3537 4752 initio
3569 4713 3655 4752 re-

2083 4783 2445 4838 miniscentes.
2479 4784 2588 4838 lmo
2619 4798 2748 4838 vero
2774 4785 2932 4838 etiam
2978 4783 3168 4842 divites
3193 4786 3339 4856 prius
3378 4787 3433 4841 in
3478 4798 3657 4843 mente

2082 4889 2239 4944 quam
2260 4874 2313 4928 in
2342 4873 2544 4928 aedibus
2575 4872 2710 4928 hanc
2739 4873 3023 4930 describite
3041 4917 3056 4941 ,
3088 4891 3401 4946 semperque
3423 4878 3655 4933 circum-

2084 4963 2234 5029 ferte,
2280 4971 2334 5017 et
2373 4962 2475 5016 erit
2502 4963 2653 5018 vobis
2695 4962 3069 5018 documentum
3093 5006 3108 5030 ,
3139 4966 3473 5035 materiaque
3501 4969 3660 5023 totius

2084 5051 2452 5122 philosophiae.
2490 5052 2623 5107 Nam
2650 5053 2693 5107 si
2724 5052 2860 5108 hanc
2891 5053 3087 5122 iugiter
3131 5054 3441 5125 inscriptam
3482 5059 3660 5111 animo

2085 5154 2375 5208 teneamus,
2397 5158 2566 5211 neque
2587 5144 2747 5213 huius
2768 5144 2888 5199 vitae
2909 5145 3025 5199 laeta
3054 5153 3301 5214 poterunt
3320 5162 3419 5202 nos
3449 5147 3656 5212 inflare,

2085 5249 2258 5303 neque
2288 5234 2452 5288 tristia
2480 5236 2712 5305 dejicere
2742 5247 3215 5306 prosternereque;
3255 5238 3348 5293 sed
3374 5253 3484 5293 non
3509 5241 3661 5294 aliter

2085 5340 2242 5395 quam
2270 5324 2527 5380 afficimur
2565 5326 2784 5395 picturis
2826 5328 2879 5382 in
2924 5327 3124 5396 pariete
3148 5326 3363 5392 additis,
3394 5344 3522 5399 erga
3552 5329 3656 5383 haec

2088 5424 2304 5484 utraque
2318 5416 2373 5467 af
2374 5415 2626 5470 ficiemur.
2641 5415 3096 5483 Quemadmodum
3113 5417 3253 5472 enim
3271 5418 3655 5487 conspicientes

2090 5506 2141 5559 in
2172 5505 2373 5574 pariete
2396 5507 2594 5576 pictum
2633 5508 2848 5563 divitem
2893 5524 2955 5563 ac
2981 5524 3303 5579 pauperem,
3346 5525 3447 5565 nec
3478 5509 3552 5564 illi
3580 5510 3652 5564 in-

2090 5595 2360 5662 videmus,
2408 5611 2505 5653 nec
2543 5613 2835 5673 pauperem
2878 5597 3235 5670 despicimus,
3282 5614 3347 5655 co
3373 5599 3516 5670 quod
3543 5616 3655 5674 qua!
