4018 6190
362 185 495 243 ’ὓὓῖ

354 312 462 366 λιν.
496 307 690 364 Πολλοὶ
722 311 851 380 γοῦν
887 312 986 385 μὲν
1016 314 1110 370 καὶ
1137 315 1246 388 πρὸ
1270 317 1427 389 ήμῶν
1456 319 1535 384 είς
1557 321 1760 392 ταύτην
1783 319 1936 392 εἰρή-

357 408 486 448 κασι
513 392 614 464 τὴν
639 394 915 460 ὑπόθεσιν,
950 398 1133 452 πολλοὶ¹
1177 402 1272 453 καὶ
1298 402 1419 468 μεθ’
1449 403 1597 474 ἡμᾶς
1625 404 1754 463 ίσως
1782 401 1937 474 ἐροῦ-

355 493 463 532 σιν·
484 476 601 532 ἀλλ’
628 478 803 543 οὐδεὶς
820 478 913 533 τὸν
948 481 1162 536 ᾶπαντα
1190 484 1417 539 πλοῦτον
1448 486 1684 540 κενῶσαι
1714 486 1939 555 δυνήσερ

353 577 467 616 ται.
503 561 739 633 Τοιαύτη
786 563 895 633 γὰρ
939 565 1039 634 τῆς
1081 568 1399 638 περιουσίας
1435 569 1639 641 ταύτης
1678 571 1710 641 ή
1751 569 1933 639 φύσις*

354 645 572 715 ὅσῳπερ
603 644 671 699 ἂν
710 644 1014 720 διασκάψῃς
1059 651 1116 702 ἐν
1158 650 1235 722 τῷ
1276 651 1451 721 βάθει,
1487 654 1725 723 τοσούτῳ
1777 653 1938 707 πλέον

353 723 647 778 ἀναϐλύσει
668 725 737 779 τά
767 726 884 779 θεῖα
910 730 1175 800 νοήματα⁹
1210 732 1363 804 πηγή
1376 732 1487 805 γάρ
1507 734 1655 788 ἐστιν
1679 734 1936 787 οὐδέποτε

353 806 732 862 ἐπιλείπουσα.

426 890 536 944 Καὶ
566 889 670 944 εδει
694 890 795 963 μὲν
818 894 882 964 τῇ
917 896 1160 967 προτέρᾳ
1197 897 1413 964 συνάξει
1442 897 1601 953 τοῦτο
1630 900 1758 971 ύμῖν
1799 901 1938 954 ἀπο-

352 973 537 1028 δοῦναι
562 975 623 1028 τὸ
650 976 831 1045 χρέος,
872 976 985 1030 ἀλλ’
1017 979 1119 1032 οὐκ
1142 980 1382 1050 ἀσφαλὲς
1412 977 1552 1036 εἶναι
1585 984 1936 1055 ἐνομίσαμεν,

353 1056 448 1110 τοῦ
483 1059 757 1131 μακαρίου
792 1059 1014 1115 Βαϐύλα
1048 1062 1140 1114 καὶ
1172 1064 1271 1132 τῆς
1304 1063 1594 1137 ξυνωρίδος
1623 1066 1732 1119 τῶν
1767 1067 1937 1135 ἁγίων

356 1140 653 1214 μαρτύρων
693 1142 800 1196 τῶν
841 1144 961 1214 μετ’
990 1145 1195 1199 ἐκεῖνον
1233 1148 1521 1220 παρελθεῖν
1555 1150 1623 1203 τά
1656 1149 1931 1221 κατορθώ·

357 1241 527 1296 ματα.
581 1226 674 1279 Διὸ
712 1226 811 1296 τὴν
850 1227 1155 1301 καταϐολὴν
1194 1230 1594 1303 ύπερεθέμεθα,
1641 1234 1937 1304 τηροῦντες

353 1310 437 1372 είς
478 1308 578 1378 τὴν
604 1310 886 1381 παροῦσαν
919 1312 1049 1382 ὑμῖν
1076 1314 1290 1385 ἡμέραν
1333 1315 1628 1386 ὁλόκληρον
1667 1317 1766 1389 τήν
1793 1318 1938 1372 ἐκτι-

355 1408 461 1445 σιν.
490 1393 628 1464 Φέρε
654 1389 770 1458 οὖν,
802 1396 988 1468 ἐπειδὴ
1012 1397 1104 1450 καὶ
1131 1398 1246 1462 τοῖς
1269 1399 1511 1470 πατράσι
1539 1399 1638 1464 τὰς
1662 1401 1935 1471 εὐφημίας

353 1475 798 1548 ἀποδεδώκαμεν,
827 1479 888 1532 οὐ
921 1479 1020 1543 τὰς
1052 1481 1174 1535 κατ’
1204 1481 1363 1546 ἀξίαν
1393 1482 1491 1555 τήν
1517 1484 1765 1551 ἐκείνων,
1801 1485 1938 1540 ἀλλά

352 1558 454 1623 τὰς
477 1559 621 1614 κατὰ
649 1561 880 1634 δύναμιν
906 1564 1005 1634 τήν
1037 1565 1331 1637 ἡμετέραν,
1359 1568 1650 1639 ἀποδῶμεν
1682 1571 1778 1623 καὶ
1806 1571 1936 1640 ὑμῖν

353 1643 450 1697 τοῦ
477 1644 817 1717 διηγήματος
856 1648 1043 1702 τούτου
1081 1649 1142 1701 τὸ
1172 1649 1446 1720 λείψανον.
1486 1652 1648 1707 Ἀλλά
1683 1654 1758 1727 μή
1797 1655 1937 1708 ἀπο-

352 1729 590 1800 κάμητε,
623 1729 728 1793 ἐως
768 1729 834 1784 ἂν
866 1731 1005 1803 πρὸς
1053 1732 1115 1786 τὺ
1153 1733 1305 1798 τέλος
1334 1734 1682 1807 ἀφικώμεθα,
1728 1738 1939 1793 ἐκεῖθεν

354 1814 719 1878 ἀναλαϐόντες
776 1815 869 1869 τὸν
930 1815 1117 1886 λόγον,
1170 1817 1298 1872 ἔνθα
1351 1820 1515 1874 αὐτὸν
1574 1821 1937 1894 κατελίπομεν

355 1896 569 1980 πρώην.
604 1898 715 1952 Ποῦ
751 1900 809 1953 66
830 1900 993 1955 αὐτὸν
1021 1902 1419 1974 κατελίπομεν;
1457 1906 1545 1960 Ἐν
1580 1906 1659 1978 τῷ
1696 1908 1936 1980 χάσματι

352 1979 432 2051 τῷ
451 1981 739 2054 διείργοντι
765 1985 892 2048 τοὺς
916 1985 1161 2050 δικαίους
1188 1987 1295 2041 ἀπὸ
1320 1989 1429 2043 τῶν
1457 1990 1816 2061 ἁμαρτωλῶν.
1847 1994 1938 2045 Et-

353 2064 549 2129 πόντος
589 2066 698 2136 γὰρ
734 2067 829 2120 τοῦ
873 2067 1151 2135 πλουσίου,
1204 2070 1456 2140 Πέμψον
1481 2072 1766 2143 Λάζαρον,
1814 2071 1935 2130 εἷπε

353 2147 493 2219 πρὸς
540 2149 702 2202 αὐτὸν
732 2152 763 2204 6
809 2150 1082 2223 Ἀϐραάμ·
1130 2151 1288 2220 Χάος
1326 2166 1354 2194 ι
1393 2155 1549 2224 μέγα
1592 2155 1937 2224 ἐστήρικται

346 2231 581 2303 μεταξὺ
616 2232 785 2304 ήμῶν
812 2234 913 2289 καί
943 2235 1130 2305 ὐμῶν,
1157 2237 1317 2305 ὅπως
1342 2241 1397 2292 οἱ
1418 2239 1701 2306 θέλοντες
1730 2240 1937 2311 διαϐῆ-

349 2334 452 2370 ναι
476 2316 706 2372 ἐκεῖθεν
733 2320 883 2387 πρὸς
915 2318 1095 2387 ἡμᾶς,
1122 2318 1208 2389 μὴ
1232 2320 1544 2389 δύνωνται,
1569 2323 1727 2392 μηδὲ
1755 2327 1809 2378 οἱ
1840 2325 1936 2379 ἐν.

352 2400 567 2456 τεῦθεν
586 2400 712 2454 ἐκεῖ
740 2400 1086 2469 ὃιαπερῶσι.
1123 2404 1233 2455 Καὶ
1259 2403 1572 2476 ἐδείκνυμεν
1612 2406 1700 2460 διὰ
1725 2407 1935 2462 πολλῶν

350 2484 462 2537 τῶν
490 2483 817 2556 εἰρημένων,
846 2484 923 2547 ὡς
949 2485 1031 2539 ὄτι
1066 2484 1206 2556 μετά
1228 2486 1326 2558 τήν
1362 2488 1456 2541 τοῦ
1480 2488 1614 2542 Θεοῦ
1642 2489 1937 2562 φιλανθρω-

352 2566 509 2631 πίαν,
550 2569 609 2621 ἐν
647 2570 759 2631 τοῖς
786 2568 1007 2632 οἰκείοις
1045 2568 1433 2641 κατορθώμασι
1460 2571 1559 2634 τὰς
1582 2571 1802 2637 ἐλπίδας
1834 2574 1937 2645 τῆς

354 2651 633 2723 σωτηρίας
664 2650 810 2721 ἔχειν
842 2651 973 2722 χρὴ.
1016 2652 1090 2723 μὴ
1138 2652 1381 2724 πατέρας
1421 2655 1516 2708 καὶ
1552 2655 1810 2720 πάππους
1842 2650 1965 2711 καί

351 2735 709 2799 ἐπιπάππους
734 2734 1123 2807 ἀριθμοῦντας,
1155 2736 1289 2807 μηδὲ
1321 2741 1602 2806 συγγενεῖς
1625 2741 1719 2793 καὶ
1749 2740 1937 2810 φίλους

351 2818 453 2872 καὶ
498 2817 731 2882 οἰκείους
773 2818 868 2871 καὶ⁸
906 2818 1172 2886 γείτονας
1230 2819 1509 2890 Ἀδελφὸς
1561 2822 1670 2893 γὰρ
1715 2826 1787 2878 οὐ
1830 2829 1938 2879 λυ-

350 2900 617 2969 τροῦται’
674 2900 1043 2970 λυτρώσεται
1102 2900 1449 2972 ἄνθρωπος;
1515 2904 1654 2957 Ἀλλ’
1718 2907 1819 2959 ὅσα
1871 2906 1937 2961 ἂν

352 2985 781 3055 παρακαλέσωσι
816 2986 910 3040 καὶ
934 2986 1394 3041 καθικετεύσωσιν
1428 2989 1476 3040 οί
1522 2988 1658 3058 μετά
1690 2990 1939 3062 ἁμαρτη-

355 3069 547 3139 μάτων
585 3068 838 3123 ἐντεῦθεν
882 3069 1230 3135 ἀπελθόντες,
1267 3070 1444 3125 πάντα
1472 3071 1593 3141 εἰκῆ
1636 3072 1731 3127 καὶ
1760 3073 1938 3145 μάτην

350 3152 542 3208 λοιπὸν
573 3153 778 3225 ἐροῦσι.
825 3153 937 3207 Καὶ
974 3153 1084 3224 γάρ
1116 3154 1171 3206 αί
1215 3154 1474 3227 παρθένοι
1510 3156 1567 3207 αἱ
1599 3155 1760 3209 πέντε
1799 3175 1939 3230 παρ-

351 3236 625 3291 εκάλεσαν
653 3236 754 3301 τὰς
785 3235 1053 3307 ὁμήλικας
1082 3236 1223 3306 ὑπὲρ
1258 3235 1460 3297 ἐλαίου.
1492 3237 1588 3291 καὶ
1618 3238 1719 3291 οὐκ
1744 3240 1940 3295 ἐπέτυ-

351 3335 471 3391 χον⁶
502 3319 598 3374 καὶ
620 3318 650 3370 6
672 3317 736 3371 τὸ
755 3318 1017 3374 τάλαντον
1046 3318 1402 3390 κατακρύψας
1424 3320 1484 3374 τὸ
1511 3322 1569 3374 ἐν
1600 3325 1667 3393 τῇ
1692 3326 1785 3394 γῇ,
1811 3323 1941 3378 πολ-

351 3403 423 3456 λά
453 3402 953 3474 ἀπολογησάμενος,
984 3402 1282 3475 κατεκρίθη
1311 3403 1490 3457 πάλιν·
1515 3406 1610 3460 καὶ
1633 3406 1683 3459 οί
1719 3406 1794 3475 μὴ
1814 3407 1942 3478 θρέ-

349 3487 559 3557 ψαντες
605 3486 766 3539 αὐτὸν
808 3486 1105 3550 πεινῶντα,
1148 3486 1283 3557 μηδέ
1330 3487 1650 3553 ποτίσαντες
1679 3489 1937 3559 διψῶντα,

352 3571 456 3627 καὶ
497 3572 654 3626 αὐτοὶ
690 3569 976 3635 δοκοῦντες
1025 3572 1106 3633 είς
1150 3570 1374 3640 ἄγνοιαν
1417 3573 1805 3642 καταφεύγειν,
1830 3575 1940 3630 οὐδ’

353 3664 558 3717 ἐκεῖνοι
593 3661 923 3733 συγγνώμης
949 3662 1044 3716 καὶ
1069 3660 1367 3730 ἀπολογίας
1393 3661 1603 3735 ἔτυχον.
1634 3664 1852 3736 Ἕτεροι
1883 3667 1941 3720 δὲ

353 3746 480 3800 οὐδὲ
512 3747 684 3799 εἰπεῖν
716 3763 768 3799 τι
810 3746 1057 3816 ἴσχυσαν,
1092 3744 1281 3816 ὥσπερ
1315 3746 1522 3810 ἐκεῖνος
1554 3749 1584 3801 6
1618 3746 1689 3800 τά
1720 3748 1943 3819 ῥυπαρά

354 3828 711 3899 ἐνδεδυμένος
747 3829 958 3900 ίμάτιω
1004 3827 1406 3899 ἐγκαλούμενος
1445 3830 1555 3901 γάρ
1596 3830 1776 3899 ἐσίγα.
1830 3831 1943 3902 Οὐχ

356 3908 513 3978 οὗτος
541 3912 599 3966 66
622 3912 803 3983 μόνον,
827 3911 963 3967 ἀλλά
1000 3914 1095 3967 καὶ
1124 3913 1281 3977 ἄλλος
1306 3913 1383 3984 τῷ
1418 3913 1646 3984 πλησίον
1681 3932 1944 3988 μνησικα-

354 3998 561 4066 κήσας,
610 3996 705 4050 καὶ
757 3996 953 4050 ἐκατδν
993 3996 1304 4067 ἀπαιτήσας
1347 3997 1599 4068 δηνάρια,
1653 3995 1770 4052 εἶτα
1802 4000 1943 4070 ὑπὲρ

356 4079 565 4134 τούτων
603 4080 783 4135 αὐτῶν
819 4078 972 4150 παρά
998 4078 1093 4132 τοῦ
1130 4079 1390 4133 δεσπότου
1418 4080 1823 4152 ἐγκαλούμενος
1849 4082 1943 4135 ἐπὶ

356 4164 607 4235 ὠμότητι
635 4164 729 4218 καὶ
760 4163 1142 4236 ἀπανθρωπίᾳ,
1168 4164 1321 4217 οὐδὲν
1356 4163 1516 4236 ἔσχεν
1546 4167 1738 4220 εἰπεῖν.
1781 4166 1943 4221 Ὅθεν

358 4249 544 4320 δῆλον,
576 4248 660 4302 ὅτι
704 4247 855 4302 οὐδὲν
902 4246 1221 4319 ήμῶνιέκεῖ
1246 4250 1635 4319 προστήσεται,
1664 4249 1758 4303 ἐὰν
1805 4249 1943 4321 ἔργα

364 4334 442 4405 μὴ
484 4332 697 4403 ἐχωμεν
743 4330 948 4399 ἀγαθάν
1003 4329 1118 4383 ἀλλ’
1149 4330 1215 4383 ἀν
1260 4346 1318 4383 τε
1360 4330 1802 4403 καθικετεύωμεν
1850 4334 1944 4386 καὶ

362 4415 795 4491 παρακαλῶμεν,
820 4415 886 4470 ἀν
918 4432 977 4468 τε
1002 4414 1266 4485 σιγῶμεν,
1296 4414 1498 4486 ὁμοίως
1525 4416 1611 4486 ἐφ’
1646 4418 1794 4487 ἡμᾶς
1824 4416 1944 4488 ἥξει

359 4504 431 4558 τὰ
469 4503 570 4575 τῆς
602 4502 879 4565 κολάσεως
919 4501 1014 4554 καὶ
1055 4500 1157 4571 τῆς
1189 4499 1479 4570 τιμωρίας.
1510 4501 1778 4554 ’Ἄκουσον
1812 4501 1944 4569 γοῦν

362 4587 484 4651 πῶς
530 4587 625 4640 καὶ
652 4580 806 4648 οὗτος
840 4586 1071 4655 αἰτήσας
1113 4583 1359 4655 αἰτήσεις
1400 4581 1495 4637 δύο
1536 4583 1629 4637 τὸν
1670 4582 1943 4656 Ἀϐραὰμ,

361 4672 693 4745 ἀμφοτέρων
721 4670 981 4740 ἀπέτυχε.
1012 4667 1283 4740 Πρότερον
1307 4667 1405 4739 μὲν
1432 4667 1540 4739 γὰρ
1574 4668 1714 4740 ὑπὲρ
1750 4669 1944 4723 ἐαυτοῦ

359 4756 463 4828 τὴν
489 4754 774 4826 ἱκετηρίαν
827 4754 1061 4807 ἐποιεῖτο
1108 4751 1302 4820 λέγων,
1350 4751 1602 4820 Πέμψον
1655 4750 1940 4821 Λάζαρον

363 4839 595 4912 ὕστερον
644 4838 701 4892 66
755 4838 856 4891 οὐκ
899 4836 981 4891 ἔτι
1020 4837 1162 4906 ὑπὲρ
1214 4835 1431 4901 ἐαυτοῦ,
1480 4835 1618 4890 ἀλλά
1665 4836 1807 4909 ὑπὲρ
1839 4837 1947 4893 τῶν

365 4925 635 4993 ἀδελφῶν*
658 4922 798 4978 ἀλλά
829 4922 1089 4993 οὐδεμίαν
1114 4923 1310 4993 ήνυσεν
1337 4920 1576 4991 αἴτησιν.
1621 4921 1685 4975 Ἦ
1713 4921 1813 4992 μὲν
1838 4921 1947 4992 γὰρ

362 5005 433 5080 ἦν
457 5007 721 5072 ἀδύνατος
753 5008 788 5076 ἡ
828 5006 1090 5078 προτέρα,
1122 5004 1273 5077 [755]
1302 5007 1334 5075 ὴ
1359 5005 1588 5077 δευτέρα
1623 5005 1681 5059 δὲ
1721 5008 1947 5078 περιττὴ

365 5093 401 5163 ή
435 5090 578 5162 ύπέρ
606 5089 715 5146 τῶν
743 5088 1007 5159 ἀδελφῶν.
1038 5088 1184 5159 Πλὴν
1206 5086 1363 5152 ἀλλά,
1388 5089 1436 5142 εί
1464 5087 1630 5152 δοκεῖ,
1653 5089 1749 5142 καλ⁸
1768 5088 1949 5143 αὐτῶν

364 5174 694 5245 ἀκούσωμεν
748 5172 859 5226 τῶν
908 5172 1167 5243 ῥημάτων
1207 5169 1345 5241 μετά
1394 5170 1595 5241 πολλῆς
1642 5172 1745 5242 τῆς
1785 5188 1948 5226 σπου-

363 5259 467 5330 δῆς
502 5257 555 5314 δ.
604 5258 669 5311 Εἰ
718 5255 828 5327 γὰρ
873 5256 1133 5328 ἄρχοντος
1169 5257 1226 5309 ἐν
1269 5256 1444 5325 ἀγορᾷ
1485 5254 1627 5329 μέσῃ
1657 5256 1949 5311 κατάδικον

363 5342 693 5412 ἀγαγόντος,
719 5341 815 5393 καὶ
842 5338 1069 5410 δημίους
1093 5342 1543 5409 περιστήσαντος,
1568 5339 1664 5393 καὶ
1697 5339 1951 5406 καταξαί-

364 5442 552 5488 νοντος
590 5425 681 5477 τὸν
715 5423 1037 5486 ὑπεύθυνον,
1086 5421 1224 5493 μετὰ
1257 5421 1457 5494 πολλῆς
1495 5421 1596 5493 τῆς
1640 5424 1949 5496 προθυμίας

368 5508 757 5580 συντρέχουσιν
795 5506 1034 5570 ἅπαντες
1078 5505 1306 5562 ἀκοῦσαι
1338 5506 1669 5580 βουλόμενοι,
1694 5508 1747 5563 τί
1791 5510 1889 5581 μὲν
1922 5512 1950 5564 6

430 5605 458 5666 ἒ
485 5601 584 5661 Alii.
607 5600 791 5666 χάσμα-

433 5665 463 5707 δ
484 5666 586 5719 Alii
607 5661 692 5724 τῆς
709 5661 965 5729 ἀκριϐείας.

1560 195 1644 253 DE
1686 196 1964 257 LAZARO
2000 199 2257 260 CONCIO
2298 204 2389 260 IV.

3498 212 3633 268 1003

2044 320 2304 395 δικαστής
2337 326 2539 396 ἐρωτᾷ,
2565 325 2616 378 τί
2645 325 2701 379 δέ
2723 325 2751 378 6
2780 324 3071 388 κατάδικος
3105 324 3478 395 ἀποκρίνεται·
3511 327 3637 380 πολ·

2044 406 2122 476 λῷ
2157 407 2357 478 μᾶλλον
2387 408 2620 489 ἐνταῦθα
2662 408 2799 480 μετά
2834 409 3123 479 ἀκριϐείας
3156 408 3378 489 ἀκούειν
3417 409 3543 480 χρὴ,
3579 411 3634 464 τί

2048 491 2148 562 μὲν
2183 493 2211 544 6
2240 492 2529 557 κατάδικος
2559 485 2736 556 οὗτος,
2763 495 2791 545 ὁ
2819 491 3072 555 πλούσιος
3103 485 3268 560 λέγω,
3304 493 3465 559 ἀξιοῖ,
3495 494 3549 546 τί
3577 493 3636 547 δέ

2045 577 2073 629 6
2102 575 2305 641 δίκαιος
2338 576 2596 647 δικαστής
2621 576 2975 646 ἀποκρίνεται
2998 575 3086 628 διὰ
3119 576 3212 629 τοῦ
3247 576 3519 647 Ἀϐραάμ.
3557 578 3632 630 υύ

2044 659 2155 728 γάρ
2185 661 2213 712 6
2246 661 2590 731 πατριάρχης
2618 655 2687 728 ἦν
2708 660 2736 711 6
2765 658 3024 720 δικάζων,
3048 660 3096 710 εί
3123 659 3219 711 καὶ
3249 659 3415 722 αὐτὸς
3435 659 3636 728 ἐφθέγο

2045 757 2190 809 γετο’
2229 741 2345 795 ἀλλ’
2379 737 2568 812 ῶσπερ
2600 743 2692 794 ἐπὶ
2719 741 2827 793 τῶν
2865 740 3065 805 ἔξωθεν
3107 741 3477 811 δικαστηρίων
3506 741 3634 795 τού-

2045 842 2172 891 των,
2198 826 2324 879 ὃταν
2369 819 2471 878 ὧσί
2510 843 2656 888 τινες
2686 824 2978 878 ὑπεύθυνοι
3013 824 3207 897 λῃσταὶ
3255 826 3350 878 καὶ
3376 825 3635 897 ἀνδροφόο

2044 926 2147 971 νοι,
2187 909 2378 980 πόρρω
2406 908 2504 977 τῆς
2532 907 2707 977 ὄψεως
2745 908 2836 960 τοῦ
2873 907 3186 972 δικάζοντος
3224 908 3634 978 ἀποστήσαντες

2044 990 2263 1055 τούτους
2292 993 2339 1044 οί
2361 991 2538 1061 νόμοι,
2567 990 2668 1060 τῆς
2690 989 2785 1043 τοῦ
2816 989 3093 1062 κρίνοντος
3118 992 3219 1043 οὐκ
3245 991 3633 1062 ἐπιτρέπουσιν

2044 1073 2275 1127 ἀκοῦσαι
2315 1074 2517 1143 φωνῆς,
2550 1073 2652 1127 κᾶν
2698 1073 2873 1143 τούτῳ
2917 1073 3056 1143 μετά
3084 1074 3193 1125 τῶν
3222 1074 3395 1127 ἀλλων
3434 1076 3633 1136 αὐτοὺς

2045 1156 2423 1227 ἀτιμάζοντες,
2460 1154 2596 1209 ἀλλά
2618 1155 2782 1226 μέσος
2806 1174 2889 1219 τις
2914 1156 3154 1210 διακονεῖ
3179 1160 3300 1219 ταῖς
3329 1158 3631 1229 ἐρωτήσεσι

2044 1238 2136 1292 τοῦ
2165 1237 2498 1302 δικάζοντος,
2538 1239 2629 1292 καὶ
2670 1240 2790 1301 ταῖς
2833 1238 3160 1310 ἀποκρίσεσι
3201 1239 3308 1292 τῶν
3348 1238 3633 1310 δικαζομέ-

2045 1339 2149 1376 νων
2173 1333 2221 1362 ο·
2252 1322 2396 1376 οὕτω
2428 1323 2492 1394 δὴ
2520 1324 2616 1374 καὶ
2641 1322 2762 1375 τότε
2793 1320 3020 1390 ἐγίνετο.
3060 1323 3135 1375 Οὐ
3161 1322 3257 1376 τοῦ
3284 1322 3420 1376 Θεοῦ
3457 1323 3630 1392 φθεγ-

2044 1405 2276 1476 γομένου
2306 1405 2446 1477 πρὸς
2476 1405 2639 1458 αὐτὸν
2660 1406 2862 1476 ήκουεν
2893 1407 2921 1459 6
2960 1407 3270 1471 κατάδικος,
3301 1407 3436 1461 ἀλλά
3468 1408 3632 1478 μέσος

2042 1483 2110 1557 ἦν
2139 1489 2167 1540 ὁ
2202 1487 2472 1559 Ἀϐραὰμ,
2498 1487 2566 1540 τὰ
2587 1486 2741 1558 παρά
2766 1486 2859 1540 τοῦ
2881 1488 3197 1553 δικάζοντος
3214 1490 3632 1561 διακονούμενος

2043 1572 2121 1642 τῷ
2158 1572 2517 1643 δικαζομένῳ.
2546 1573 2620 1624 Οὐ
2648 1570 2757 1642 γὰρ
2792 1571 3003 1626 οἴκοθεν
3032 1574 3216 1643 ἔλεγεν
3244 1575 3388 1645 άπερ
3421 1575 3630 1642 ἔλεγεν,

2044 1655 2182 1709 ἀλλά
2202 1656 2380 1720 θείους
2404 1655 2736 1725 ἀνεγίνωσκε
2760 1654 2958 1725 νόμους
2986 1656 3156 1727 αὐτῷ,
3184 1659 3280 1710 καὶ
3304 1658 3400 1721 τὰς
3426 1657 3633 1712 ἄνωθεν

2046 1739 2351 1811 φερομένας
2379 1739 2563 1808 ἔλεγεν
2584 1736 2909 1806 ἀποφάσεις.
2938 1738 3135 1811 Διόπερ
3158 1733 3314 1803 οὗτος
3341 1739 3461 1793 οὐδέ
3484 1741 3633 1794 ἀντι-

2046 1821 2228 1891 λέγειν
2259 1818 2393 1892 εἶχε.

2117 1905 2181 1975 β’.
2201 1906 2566 1976 Προσέχωμεν
2584 1905 2765 1959 τοίνυν
2797 1909 2935 1981 μετά
2950 1906 3236 1978 ἀκριϐείας
3260 1909 3373 1969 τοῖς
3398 1905 3632 1977 λεγομέ-

2043 2004 2175 2051 νοις.
2212 1988 2322 2042 Καὶ
2348 1988 2459 2060 γὰρ
2492 1988 2748 2061 ἐπίτηδες
2778 1989 3099 2062 ἐνδιατρίϐω
3143 1988 3316 2063 ταύτῃ
3346 1992 3412 2060 τῇ
3450 2006 3631 2060 παρασ-

2044 2071 2195 2141 ϐολῇ,
2262 2073 2353 2125 καὶ
2419 2074 2686 2145 τετάρτην
2755 2074 2969 2147 ἡμέραν
3031 2073 3193 2144 ἔχων,
3260 2072 3466 2142 ταύτης
3528 2072 3631 2125 οὐκ

2042 2154 2371 2225 ἀφίσταμαι,
2419 2154 2607 2226 ἐπειδὴ
2656 2157 2750 2209 καὶ
2785 2156 2919 2210 πολὺ
2964 2155 3023 2208 τὸ
3075 2156 3265 2226 κέρδος
3319 2157 3382 2207 ἐκ
3438 2153 3629 2206 τούτου

2041 2236 2136 2289 τοῦ
2163 2236 2498 2307 διηγήματος
2520 2238 2631 2307 ὁρῶ
2658 2239 2943 2309 γινόμενον
2973 2238 3069 2291 καὶ
3098 2237 3378 2299 πλουσίοις
3411 2236 3506 2290 καὶ
3535 2235 3631 2287 πέ-

2043 2337 2189 2387 νησι,
2222 2321 2317 2375 καὶ
2346 2324 2458 2383 τοῖς
2490 2321 2629 2392 ὑπὲρ
2658 2322 2754 2392 τῆς
2783 2321 2893 2375 τῶν
2920 2320 3172 2392 πονηρῶν
3205 2319 3509 2391 εὐπραγίας
3535 2319 3633 2373 καὶ

2040 2405 2141 2474 τῆς
2184 2404 2291 2457 τῶν
2323 2403 2547 2458 δικαίων
2578 2405 2768 2469 πενίας
2809 2405 2903 2459 καὶ
2929 2403 3161 2473 θλίψεως
3188 2403 3627 2475 θορυϐουμένοις.

2043 2486 2154 2539 Καὶ
2174 2484 2283 2557 γὰρ
2312 2486 2464 2539 οὐδὲν
2492 2485 2636 2539 οὕτω
2664 2487 2791 2550 τοὺς
2816 2487 3045 2550 πολλοὺς
3072 2485 3448 2550 σκανδαλίζειν
3473 2485 3630 2539 εἴωθε

2044 2568 2139 2623 καὶ
2171 2570 2479 2641 ταράττειν,
2519 2568 2594 2632 ώς
2630 2569 2692 2622 τὺ
2726 2569 3016 2633 πλουσίους
3058 2571 3116 2624 ἐν
3151 2569 3388 2640 πονηρίᾳ
3420 2568 3632 2633 ζῶντας

2044 2652 2346 2723 εὐημερίας
2374 2652 2670 2707 ἀπολαύειν
2696 2643 2917 2725 πολλῆς,
2946 2653 3041 2706 καὶ
3073 2654 3316 2716 δικαίους
3340 2652 3478 2724 μετά
3500 2653 3633 2723 ἀρε-

2043 2736 2143 2807 τῆς
2159 2735 2370 2799 ζῶντας
2389 2734 2527 2805 πρὸς
2542 2736 2778 2807 ἐσχάτην
2792 2735 3113 2791 ἐλαύνεσθαι
3133 2736 3343 2800 πενίαν,
3361 2735 3632 2807 καῖέτερα

2046 2818 2215 2890 μυρία
2244 2819 2343 2889 τῆς
2365 2818 2559 2882 πενίας
2592 2820 2888 2890 ὑπομένειν
2909 2819 3266 2891 χαλεπώτερα
3296 2819 3629 2889 πράγματα.

2128 2899 2288 2953 Ἀλλά
2322 2898 2461 2971 αῦτη
2493 2902 2651 2972 ίκανή
2678 2904 2711 2972 ἡ
2744 2902 3027 2974 παραϐολὴ
3060 2904 3361 2973 παρασχεῖν
3390 2902 3460 2955 τὰ
3489 2903 3632 2973 φάρ-

2048 3000 2221 3053 μακα,
2252 2983 2379 3045 τοὺς
2407 2982 2508 3052 μὲν
2542 2983 2909 3049 πλουτοῦντας
2953 2983 3384 3055 σωφρονίζουσα,
3412 2986 3540 3047 τούς
3572 2984 3632 3037 δὲ

2046 3066 2286 3136 πένητας
2334 3066 2823 3138 παραμυθουμένη’
2869 3069 3115 3132 ἐκείνους
3165 3069 3263 3139 μέν
3300 3067 3631 3122 παιδεύουσα

2050 3149 2124 3221 μὴ
2158 3148 2299 3221 μέγα
2338 3152 2576 3220 φρονεῖν,
2620 3151 2747 3219 τοὺς
2784 3150 2841 3204 δέ
2880 3152 3119 3223 πένητας
3159 3150 3628 3222 παραμυθουμένη

2046 3232 2141 3285 ἐπὶ
2196 3235 2309 3295 τοῖς
2350 3232 2607 3305 παροῦσι·
2660 3234 2947 3297 κάκείνους
2997 3235 3095 3304 μὲν
3136 3234 3210 3304 μὴ
3265 3233 3629 3304 μεγαλαυχεῖν

2048 3315 2309 3370 πείθουσα
2328 3313 2380 3379 δ,
2425 3316 2553 3369 ὅταν
2592 3316 3022 3388 πονηρευόμενοι
3066 3316 3142 3388 μὴ
3185 3316 3347 3370 δῶσιν
3397 3315 3632 3369 ἐνταῦθα

2048 3401 2225 3472 δίκην,
2262 3400 2340 3464 ώς
2368 3400 2759 3473 χαλεπωτάτης
2798 3401 3256 3473 ἀπαντησομένης
3302 3401 3485 3464 αὐτοῖς
3514 3402 3634 3453 ἐκεῖ

2047 3482 2467 3555 τῆςτιμωρίαςο
2495 3484 2719 3546 τούτους
2738 3484 2794 3538 66
2821 3484 3237 3556 παρακαλοῦσα,
3265 3484 3341 3556 μή
3376 3486 3496 3548 ταῖς
3516 3483 3632 3537 ἐτέ-

2054 3583 2161 3638 ρων
2203 3566 2532 3637 εὐπραγίαις
2581 3566 2947 3638 θορυϐεῖσθαι,
3003 3568 3139 3639 μηδὲ
3181 3567 3426 3638 νομίζειν
3467 3568 3634 3639 ἀπρο-

2049 3650 2217 3720 νόητα
2244 3644 2384 3703 εἶναι
2414 3649 2483 3703 τά
2506 3650 2632 3703 καθ’
2662 3651 2832 3720 ἡμᾶς,
2866 3652 2993 3706 ὅταν
3031 3652 3240 3715 δίκαιος
3272 3653 3371 3722 μὲν
3398 3652 3634 3707 ἐνταῦθα

2051 3732 2236 3803 πάσχῃ
2293 3730 2498 3795 κακῶς,
2551 3733 2788 3804 πονηρὸς
2826 3732 2884 3786 δὲ
2931 3734 3025 3787 καὶ
3086 3733 3281 3804 μιαρὸς
3344 3734 3633 3806 ἄνθρωπος

2050 3815 2353 3887 εὐημερίας
2404 3813 2653 3888 ἀπολαύῃ
2696 3816 2998 3886 διηνεκοῦς.
3050 3817 3375 3889 Ἀμφότεροι
3422 3816 3532 3889 γὰρ
3570 3820 3634 3872 τὸ

2051 3902 2172 3954 κατ’
2217 3899 2374 3966 ἀξίαν
2407 3899 2780 3970 ἀπολήψονται
2822 3900 2961 3966 ἐκεῖ,
2999 3902 3027 3954 ὁ
3056 3903 3155 3972 μὲν
3182 3904 3310 3967 τοὺς
3336 3902 3635 3970 στεφάνους

2048 3984 2151 4055 τῆς
2179 3983 2458 4055 ὑπομονῆς
2495 3983 2592 4037 καὶ⁹
2625 3983 2727 4055 τῆς
2758 3984 3078 4055 καρτερίας,
3112 3987 3140 4037 6
3171 3984 3226 4037 66
3253 3986 3352 4048 τάς
3382 3985 3635 4049 κολάσεις

2051 4068 2147 4121 καὶ
2177 4066 2278 4130 τὰς
2312 4067 2585 4139 τιμωρίας
2624 4066 2725 4137 τῆς
2762 4066 3045 4139 πονηρίας.
3076 4066 3298 4139 Ταύτην
3327 4067 3425 4139 τήν
3453 4085 3634 4141 παρα-

2051 4148 2213 4221 ϐολήν
2232 4149 2547 4219 ἐγγράψατε
2581 4150 2676 4203 καὶ
2702 4148 2944 4202 πλούσιοι
2979 4150 3075 4204 καὶ⁵
3098 4150 3351 4223 πένητες·
3387 4151 3635 4205 πλούσιοι

2051 4235 2109 4287 ἐν
2155 4235 2266 4296 τοῖς
2307 4231 2506 4300 τοίχοις
2550 4232 2649 4302 τῆς
2682 4233 2951 4305 ὑμετέρας
2992 4234 3193 4299 οίκίας,
3233 4235 3465 4306 πένητες
3493 4236 3551 4290 66
3578 4239 3635 4289 ἐν

2049 4320 2164 4382 τοῖς
2190 4316 2390 4387 τοίχοις
2425 4315 2527 4386 τῆς
2553 4315 2813 4378 διανοίας*
2844 4315 2947 4369 κᾶν
2973 4316 3266 4390 ἐξαλειφθῇ
3305 4336 3437 4372 ποτε
3463 4318 3636 4391 λήθης

2052 4398 2432 4471 ἐγγινομένης,
2485 4398 2806 4471 ἐπιχρίσατε
2871 4400 3034 4454 πάλιν
3088 4400 3179 4455 διὰ
3245 4401 3348 4472 τῆς
3413 4403 3637 4473 μνήμης

2052 4483 2279 4539 ἀνωθεν.
2314 4482 2532 4538 Μᾶλλον
2562 4483 2619 4537 66
2645 4484 2737 4537 καὶ
2764 4485 2813 4537 οἱ
2838 4484 3085 4539 πλούσιοι
3115 4486 3222 4557 πρὸ
3244 4486 3347 4557 τῆς
3370 4487 3547 4551 οἰκίας
3578 4488 3637 4539 ἐν

2052 4571 2119 4639 τῇ
2154 4566 2361 4638 διανοίᾳ
2383 4566 2744 4638 διαγράψατε,
2777 4568 2873 4621 καὶ
2901 4569 3141 4640 συνεχῶς
3168 4570 3516 4641 περιφέρετε,
3544 4570 3636 4623 καὶ

2054 4652 2208 4705 ἔσται
2253 4650 2626 4705 διδασκαλεῖον
2687 4651 2817 4722 ύμῖν
2872 4652 2968 4706 καὶ
3012 4652 3269 4717 ὑπόθεσις
3315 4653 3637 4723 φιλοσοφίας

2056 4736 2293 4807 ἀπάσης.
2358 4733 2484 4791 Ἐάν
2546 4733 2657 4806 γὰρ
2715 4735 2920 4805 ταύτην
2967 4734 3229 4806 διηνεκῶς
3272 4732 3425 4806 [754]
3474 4738 3637 4804 ἐγγε-

2055 4817 2381 4892 γραμμένην
2414 4818 2627 4889 ἔχωμεν
2662 4819 2722 4871 ἐν
2749 4820 2816 4889 τῇ
2843 4812 3069 4888 διανοίᾳ,
3106 4815 3230 4869 οὔτε
3266 4817 3335 4871 τά
3361 4819 3634 4891 περιχαρῆ

2055 4902 2147 4959 τοῦ
2181 4902 2450 4974 παρόντος
2476 4902 2592 4973 βίου
2621 4903 2769 4972 ήμᾶς
2801 4902 3042 4972 φυσῆσαι
3072 4900 3384 4972 δυνήσεται,
3407 4900 3530 4956 οὕτε
3565 4904 3637 4957 τά

2054 4986 2276 5058 λυπηρά
2301 4984 2637 5039 ταπεινῶσαι
2670 4986 2763 5037 καὶ
2796 4982 3068 5038 καθελεῖν·
3101 4982 3238 5038 ἀλλά
3266 4984 3341 5047 ὡς
3372 4984 3510 5055 πρὸς
3536 4984 3636 5049 τάς

2057 5068 2376 5141 ζωγραφίας
2407 5068 2505 5131 τάς
2528 5071 2552 5099 ⁸
2580 5070 2637 5123 ἐν
2660 5070 2772 5131 τοῖς
2801 5068 3022 5138 τοίχοις,
3055 5065 3198 5121 οὕτω
3227 5067 3364 5137 πρὸς
3396 5067 3636 5139 ἑκάτερα

2055 5156 2231 5209 ταῦτα
2267 5152 2676 5223 διακεισόμεθα.
2712 5150 2979 5222 Καθάπερ
3026 5150 3136 5224 γάρ
3180 5154 3237 5206 ἐν
3279 5155 3394 5214 τοῖς
3434 5154 3637 5225 τοίχοις

2038 5236 2440 5310 ,γεγραμμένον
2487 5234 2721 5307 ὁρῶντες
2774 5235 3026 5289 πλούσιον
3085 5234 3181 5289 καὶ
3220 5235 3449 5308 πένητα,
3509 5236 3634 5294 οὔτε

2056 5320 2250 5392 ἐκείνῳ
2304 5318 2629 5389 φθονοῦμεν,
2679 5315 2803 5371 οὔτε
2850 5317 2944 5371 τοῦ
2994 5318 3225 5391 πένητος
3274 5324 3633 5400 ὑπερορῶμεν

2056 5405 2141 5460 διὰ
2179 5406 2239 5460 τὸ
2268 5402 2424 5459 σκιὰν
2456 5401 2595 5457 ἀλλά
2629 5402 2706 5474 μή
2736 5402 3076 5475 πραγμάτων
3104 5403 3362 5478 ἀλήθειαν
3400 5400 3538 5462 εἶναι
3565 5407 3632 5461 τὰ

2119 5545 2144 5575 ⁸
2173 5539 2272 5591 Alii
2298 5538 2383 5590 τοῦ
2404 5538 2727 5601 δικαζομένου.

2120 5603 2148 5645 ιι
2182 5605 2418 5652 Πείθουσα
2436 5596 2582 5650 όεεεί
2605 5604 2652 5649 in
2674 5596 2867 5647 duobus
2886 5612 3004 5647 mss.

2128 5672 2150 5698 ε
2172 5666 2270 5721 Alii
2295 5665 2395 5714 ἀλλ’
2420 5664 2580 5727 ὥσπερ
2598 5662 2698 5718 ταῖς
2722 5661 3001 5727 ζωγραφίαις
3022 5661 3139 5721 ταῖς.
