4018 6190
364 305 491 364 1009

359 420 628 484 videmus,
659 417 844 472 umbra
877 431 1050 472 rerum
1077 415 1202 482 sint,
1232 431 1338 470 non
1364 418 1557 471 veritas
1583 434 1595 471 :
1619 415 1695 470 sic
1721 427 1773 471 et
1800 414 1936 470 divi-

360 512 555 565 tiarum
581 518 633 563 et
664 508 1010 578 paupertatis,
1041 507 1223 578 glorite
1249 516 1302 560 et
1324 507 1651 577 ignominiae,
1681 507 1934 560 aliarum-

355 617 460 671 que
485 615 665 656 rerum
693 599 930 654 omnium
971 599 1083 652 sive
1124 598 1353 653 tristium
1379 598 1490 653 sive
1515 599 1756 653 lzctarutn
1786 606 1938 651 natu-

354 705 467 745 ram
496 693 538 744 si
570 691 895 756 noverimus,
942 688 1284 743 liberabitnur
1312 704 1340 741 a
1371 687 1688 754 turbatione,
1720 703 1840 758 qua:
1868 703 1932 741 ex

356 784 545 835 harum
585 796 898 850 unaquaque
942 780 992 833 in
1039 779 1194 833 nobis
1235 780 1377 850 gigni
1421 780 1575 834 solet.
1626 779 1749 833 Haec
1791 779 1932 833 enim

353 871 534 924 omnia
566 871 750 940 quavis
773 870 957 924 umbra
982 870 1253 924 fallaciora
1276 879 1433 936 sunt;
1465 871 1664 925 homini
1691 887 1813 925 vero
1829 872 1933 925 alta

353 969 533 1017 mente
564 963 789 1032 prmdito
818 972 975 1032 atque
1011 979 1273 1031 generoso
1314 963 1474 1018 nullae
1501 979 1588 1018 res
1615 964 1849 1018 illustres
1871 979 1934 1019 ac

349 1052 645 1120 splendida:
687 1055 954 1122 attollere,
994 1055 1153 1109 nulla:
1192 1055 1417 1110 humiles
1446 1054 1774 1124 abjectteque
1803 1069 1930 1108 con-

355 1145 569 1199 trahere
605 1145 840 1200 animutn
883 1154 1125 1215 possunt.
1166 1147 1362 1201 Verum
1406 1147 1514 1216 jam
1545 1157 1753 1216 tempus
1781 1148 1932 1201 nobis

349 1248 453 1301 esr,
486 1245 542 1288 ut
568 1236 746 1291 divitis
781 1238 944 1293 verba
969 1239 1284 1294 audiamus:
1315 1239 1504 1306 Orate,
1533 1241 1722 1309 inquit,
1751 1249 1926 1310 pater,

352 1328 454 1382 hoc
482 1339 563 1383 est
585 1330 811 1386 obsecro
837 1345 1090 1401 rogoque,
1120 1341 1171 1385 ut
1193 1332 1358 1386 mittas
1374 1330 1625 1385 Lazarum
1651 1333 1702 1385 in
1728 1332 1932 1385 domum

351 1421 511 1488 patris
540 1421 672 1486 mei;
702 1431 820 1474 sunt
859 1423 990 1475 enim
1021 1423 1144 1476 mihi
1169 1425 1387 1492 quinque
1409 1427 1622 1494 fratres;
1651 1433 1706 1476 ut
1749 1423 1931 1492 testiﬁ-

349 1521 490 1565 cetur
529 1511 667 1580 illis,
721 1530 784 1567 ne
825 1515 1026 1568 veniant
1073 1515 1124 1568 in
1165 1516 1298 1569 hunc
1340 1515 1505 1569 locum
1551 1525 1927 1569 tormentorum.

353 1602 641 1672 Postquam
689 1619 786 1672 pro
824 1619 885 1658 se
935 1621 1041 1659 non
1089 1605 1500 1674 impetraverat,
1541 1621 1638 1676 pro
1661 1607 1777 1661 aliis
1810 1607 1932 1662 facit

348 1695 817 1764 supplicationem.
862 1697 992 1752 Vide
1030 1713 1187 1768 quam
1237 1698 1544 1762 humanum,
1590 1714 1746 1768 quam
1773 1715 1928 1753 man-

346 1796 556 1842 suetum
595 1804 748 1858 pmna
794 1788 1084 1844 reddiderit
1113 1805 1256 1844 eum.
1284 1790 1384 1856 Qui
1414 1805 1643 1860 namque
1667 1789 1928 1844 Lazarum

350 1888 671 1950 praesentem
705 1879 1049 1950 despiciebat,
1084 1876 1307 1936 aliorum
1339 1882 1637 1938 absentium
1667 1899 1808 1937 nunc
1831 1898 1926 1938 cu-

346 1987 460 2025 ram
510 1971 672 2026 habet
705 1991 718 2026 :
751 1973 839 2043 qtti
883 1983 1009 2028 ante
1057 1974 1240 2028 oculos
1276 1974 1542 2044 jacentem
1586 1975 1925 2046 prteteribat,

345 2063 592 2116 meminit
636 2078 822 2118 eorum
867 2080 1002 2134 quos
1049 2081 1153 2119 non
1209 2065 1371 2130 videt,
1431 2066 1703 2136 multoque
1751 2065 1928 2120 studio

350 2154 624 2220 postulat,
673 2166 726 2209 ut
756 2157 932 2225 aliquo
963 2157 1120 2212 modo
1150 2159 1251 2213 illis
1297 2159 1651 2228 prospiciatur
1673 2159 1927 2216 adversus

345 2244 674 2300 imminentia
702 2249 835 2300 mala
863 2265 875 2300 :
899 2248 1247 2319 obsecratque
1272 2257 1328 2302 ut
1353 2249 1588 2305 Lazarus
1619 2250 1671 2304 in
1699 2251 1918 2305 domum

347 2336 515 2404 patris
536 2337 796 2404 mittatur,
824 2339 909 2393 ubi
937 2339 1035 2408 ipsi
1066 2339 1239 2395 fuerat
1267 2357 1427 2396 arena
1454 2342 1787 2414 stadiumque
1811 2344 1923 2397 vir-

343 2429 472 2482 tutis
499 2438 761 2498 apertum.
793 2429 868 2484 llli
913 2431 1125 2486 videant
1167 2431 1312 2486 illum
1344 2433 1631 2498 coronari,
1665 2436 1751 2503 qui
1778 2434 1925 2490 vide-

342 2528 472 2574 runt
503 2530 796 2575 certantem
828 2524 952 2591 :qui
981 2533 1143 2578 testes
1169 2524 1376 2579 luerunt
1405 2524 1479 2578 illi
1511 2526 1831 2594 paupertatis
1861 2541 1925 2581 ac

343 2608 533 2674 lamis,
582 2612 914 2683 aliorumque
952 2615 1212 2670 malorum
1259 2615 1747 2685 innumerabilium,
1796 2617 1923 2672 fiant

345 2709 512 2754 testes
535 2701 753 2756 honoris
784 2712 838 2757 et
863 2704 1163 2775 Ignominia:
1203 2707 1256 2760 in
1285 2721 1498 2762 omnem
1529 2707 1751 2777 gloriam
1778 2724 1949 2764 com-.

339 2803 561 2847 mutatae
593 2811 605 2848 :
635 2802 693 2848 ut
734 2795 986 2865 utrinque
1034 2798 1275 2867 castigati
1314 2797 1598 2870 doctique,
1649 2799 1790 2870 quod
1835 2814 1922 2854 res

340 2894 539 2939 nostra:
583 2901 911 2955 nequaquam
955 2888 1233 2956 prmsentis
1275 2889 1398 2943 vita:
1434 2889 1662 2944 termino
1688 2890 1920 2945 circum-

339 2974 660 3040 scribantur,
691 2976 902 3030 tandem
951 2986 1251 3047 pra-parent
1276 2993 1415 3044 sese,
1458 2988 1516 3034 ut
1542 2979 1677 3034 hanc
1707 2995 1919 3050 poenam

338 3067 738 3138 cruciatumque
757 3069 960 3139 possint
989 3068 1240 3140 effugere.
1264 3070 1401 3138 Quid
1425 3069 1583 3141 igitur
1606 3071 1919 3126 Abraham?

341 3154 562 3223 Habent,
611 3158 799 3227 inquit,
851 3157 1079 3230 Moysem
1122 3169 1168 3213 et
1198 3159 1489 3230 prophetas,
1536 3160 1746 3214 audiant
1779 3161 1916 3215 illos.

337 3250 452 3303 Non
495 3266 646 3319 mque
677 3261 733 3304 tu
760 3266 916 3305 curas
943 3251 1136 3307 fratres
1179 3261 1296 3307 tuos
1320 3263 1477 3321 atque
1508 3252 1648 3306 Deus
1678 3253 1766 3322 qui
1799 3253 1917 3309 illos

334 3341 572 3396 condidit
593 3358 607 3394 :
631 3347 939 3397 innumeros
983 3343 1086 3396 illis
1112 3342 1353 3396 adhibuit
1383 3343 1662 3411 magistros
1686 3384 1700 3408 ,
1736 3343 1920 3399 admo-

338 3435 565 3498 uitores,
614 3435 965 3497 consultores,
1009 3432 1396 3488 adhortatores.
1453 3433 1588 3499 Quid
1629 3433 1786 3503 igitur
1828 3433 1917 3489 ille

334 3524 646 3592 rCSpondit?
677 3523 818 3589 Non,
841 3524 1028 3592 inquit,
1050 3534 1192 3591 pater
1219 3523 1496 3589 Abraham,
1524 3523 1613 3577 sed
1640 3525 1685 3578 si
1711 3525 1822 3593 quis
1853 3541 1916 3578 ex

332 3613 545 3667 mortuis
572 3613 760 3677 redeat,
788 3614 866 3666 illi
895 3614 1112 3666 credent.
1137 3613 1263 3667 Hinc
1286 3622 1408 3666 sunt
1438 3613 1578 3682 vulgi
1610 3613 1790 3668 verba.
1811 3614 1912 3668 Ubi

333 3719 479 3759 nunc
509 3713 632 3758 sunt
659 3706 743 3774 qui
773 3703 990 3770 dicunt,
1038 3704 1183 3758 illinc
1212 3703 1401 3759 rediit?
1427 3704 1554 3771 Quis
1583 3718 1648 3758 ex
1689 3705 1915 3760 mortuis

330 3795 604 3850 surrexit?
631 3795 759 3862 Quis
782 3797 1015 3849 narravit
1039 3812 1156 3865 qua:
1182 3805 1307 3850 sunt
1325 3795 1462 3866 apud
1485 3795 1720 3851 inferos?
1741 3795 1911 3863 Quam

330 3885 500 3940 multa
529 3887 627 3939 alia
657 3896 904 3956 tantaque
935 3886 1142 3940 dicebat
1168 3886 1308 3954 apud
1346 3886 1578 3956 seipsum
1615 3887 1763 3942 dives
1787 3887 1905 3955 ille,

329 3991 451 4032 cum
491 3991 793 4033 versaretur
831 3979 881 4031 in
911 3977 1356 4050 deliciis?Neque
1396 3979 1536 4034 enim
1580 3987 1780 4035 temere
1819 3996 1912 4051 po-

330 4069 581 4132 stulabat,
618 4077 674 4122 ut
699 4070 887 4138 aliquis
917 4078 1160 4140 surgeret
1187 4085 1250 4125 ex
1283 4071 1528 4126 mortuis.
1559 4070 1752 4126 Verum
1778 4087 1911 4142 quo-

331 4160 474 4213 niam
498 4161 609 4228 ipse
635 4160 856 4216 audiens
871 4161 1173 4230 Scripturas
1197 4170 1608 4231 contempserat,
1628 4163 1908 4230 deriserat,

330 4251 536 4306 fabulas
583 4267 702 4306 esse
748 4268 866 4322 qua:
914 4253 1224 4307 dicebantur
1263 4253 1748 4324 credideratzerga
1798 4255 1911 4310 haec

327 4344 466 4396 sicut
499 4343 610 4412 ipse
633 4342 804 4398 fuerat
828 4343 1066 4411 aﬂ'ectus,
1101 4344 1169 4398 ita
1193 4343 1416 4399 habebat
1439 4345 1738 4413 opinionem
1765 4351 1817 4399 et
1843 4345 1910 4400 de

327 4434 584 4491 fratribus
632 4439 761 4492 suis.
809 4437 922 4505 llli,
971 4437 1172 4508 inquit,
1219 4437 1296 4492 sic
1333 4437 1652 4506 opinantur:
1682 4436 1822 4506 quod
1865 4437 1906 4492 si

328 4527 446 4594 quis
472 4541 534 4579 ex
566 4528 794 4581 mortuis
824 4527 1076 4594 redierit,
1107 4542 1210 4582 non
1242 4527 1572 4597 derogabunt
1604 4527 1761 4581 ﬁdem
1790 4527 1905 4594 illi,

329 4633 503 4688 neque
533 4617 882 4687 deridebunt,
923 4619 1015 4674 sed
1053 4621 1228 4690 potius
1256 4619 1629 4675 auscultabunt
1666 4620 1760 4685 iis,
1790 4633 1908 4689 qua:

328 4709 590 4764 dicentur.
621 4711 755 4778 Quid
791 4713 949 4781 igitur
978 4712 1278 4767 Abraham?
1305 4712 1366 4768 Si
1398 4711 1590 4766 Mosen:
1621 4722 1668 4766 et
1693 4712 1909 4784 prophe-
1988 4759 1991 4762 .

327 4812 405 4855 tas
430 4817 530 4855 non
542 4804 774 4869 audiunt,
793 4820 882 4856 nec
905 4803 1071 4873 siquis
1088 4821 1118 4856 a
1139 4804 1347 4857 mortuis
1367 4804 1660 4870 surrexerit,
1683 4803 1901 4858 credent.

329 4893 492 4963 quue
516 4908 698 4948 verum
728 4909 848 4950 esse
871 4936 886 4960 ,
917 4895 1058 4964 quod
1107 4895 1196 4964 qui
1240 4911 1344 4948 non
1387 4894 1533 4949 audit
1566 4893 1865 4963 Scripturas
1887 4935 1903 4959 ,

331 5000 504 5055 neque
532 5002 596 5041 ex
628 4988 850 5042 mortuis
875 4989 1128 5042 excitatos
1157 4988 1431 5042 auditurus
1451 4987 1539 5051 sit,
1572 4987 1908 5043 declararunt

327 5076 498 5132 Judtei
525 5077 645 5148 :qui
676 5079 924 5147 quoniam
953 5079 1152 5134 Mosen)
1184 5093 1244 5133 ac
1273 5078 1562 5148 prephetas
1591 5094 1694 5134 non
1725 5077 1906 5133 audie—

325 5175 450 5221 rant
470 5209 486 5232 ,
520 5184 692 5238 neque
729 5184 850 5224 cum
883 5179 1122 5224 mortuos
1146 5169 1402 5224 vidissent
1425 5169 1702 5235 excitatos,
1734 5167 1904 5223 credi-

322 5263 520 5316 derunt
543 5277 758 5318 :verum
779 5277 922 5317 nunc
950 5261 1163 5334 quidem
1191 5261 1446 5316 Lazarum
1475 5260 1720 5316 occidere
1745 5275 1905 5315 cona-

322 5355 541 5422 bantur,
571 5371 713 5410 nunc
739 5370 924 5411 rursus
945 5355 998 5409 in
1028 5354 1310 5425 Apostolos
1333 5355 1591 5424 impetum
1618 5352 1901 5418 faciebant,

319 5448 567 5516 quamvis
619 5447 767 5501 multi
813 5447 924 5517 jam
974 5462 1040 5502 ex
1090 5447 1314 5502 mortuis
1363 5454 1743 5513 surrexerant,
1797 5459 1904 5516 quo

324 5549 565 5608 tempore
593 5555 724 5594 crux
753 5538 1160 5609 prtrdicabatur.

393 5631 447 5685 ὅ.
482 5630 549 5686 Ut
592 5646 718 5685 vero
748 5641 800 5685 et
843 5629 1055 5685 aliunde
1096 5621 1384 5700 cogndscas
1413 5628 1550 5699 quod
1594 5627 1805 5698 gravior
1832 5627 1901 5682 sit

322 5721 718 5793 Scripturarum
746 5737 806 5776 ac
833 5722 1204 5792 prophetarum
1230 5721 1488 5787 doctrina,
1507 5736 1664 5792 quam
1691 5721 1842 5790 siqui
1869 5736 1898 5774 a

1594 304 1680 358 DE
1719 301 1990 358 LAZARO
2031 300 2271 358 CONCIO
2310 305 2396 359 IV.

3487 315 3620 373 {OM

2050 416 2272 470 mortuis
2314 415 2612 471 resuscitati
2639 418 2940 472 renuntient
2971 436 2984 474 :
3017 419 3140 475 illud
3182 422 3455 479 considera
3481 430 3622 494 quod

2039 503 2277 574 quisquis
2303 514 2541 560 mortuus
2570 517 2672 570 est,
2694 521 2881 562 servus
2904 518 3015 564 est:
3035 526 3152 580 qua:
3184 527 3310 568 vero
3332 514 3624 586 Scriptura:

2040 593 2364 664 loquuntur,
2416 597 2661 667 loquutus
2707 607 2791 653 est
2837 600 3108 655 Dominus.
3143 602 3372 658 Proinde
3411 607 3622 663 etiamsi

2037 693 2280 740 mortuus
2305 687 2604 753 reviviscat,
2623 687 2828 742 etiamsi
2853 691 3072 759 angelus
3101 708 3130 745 e
3157 694 3288 749 caelo
3309 694 3618 767 descendat,

2038 776 2269 832 maxime
2295 777 2531 832 omnium
2562 778 2885 834 credendum
2915 791 2997 836 est
3022 781 3330 852 Scripturis.
3359 786 3489 841 Nam
3521 804 3620 844 an-

2037 867 2275 936 gelorum
2307 870 2562 924 Dominus
2586 911 2600 936 ,
2630 881 2959 927 mortuorum
3002 876 3197 942 pariter
3237 893 3300 932 ac
3328 879 3617 936 viventium

2036 959 2301 1028 dominus,
2332 961 2443 1030 ipse
2472 977 2565 1017 eas
2592 963 2847 1018 condidit.
2874 964 2956 1018 Ad
2988 965 3098 1020 haec
3127 967 3266 1036 quod
3293 984 3616 1039 supervaca-

2037 1066 2134 1105 nea
2159 1060 2396 1120 quaerant
2423 1054 2510 1123 qui
2538 1053 2844 1110 desiderant
2869 1063 2927 1110 ut
2954 1059 3146 1111 mortui
3187 1058 3329 1114 illinc
3356 1060 3576 1117 redeant
3597 1103 3615 1130 ,

2035 1153 2230 1212 prmter
2255 1143 2368 1199 haec
2390 1160 2510 1215 qua:
2534 1146 2673 1201 dicta
2691 1155 2835 1214 sunt,
2867 1150 3026 1204 etiam
3053 1150 3119 1203 ab
3146 1149 3300 1220 hujus
3325 1154 3507 1208 mundi
3527 1156 3619 1209 tri-

2037 1235 2319 1289 bunalibus
2363 1238 2731 1295 demonstrare
2773 1239 2914 1295 licet.
2967 1240 3218 1297 Gehenna
3261 1260 3364 1299 non
3406 1247 3618 1303 videtur

2036 1327 2355 1383 incredulis:
2381 1345 2502 1383 nam
2528 1330 2869 1388 credentibus
2898 1342 2980 1387 est
3011 1335 3285 1404 perspicua
3315 1339 3618 1392 manifesta-

2034 1432 2156 1487 que,
2191 1427 2364 1473 tamen
2394 1420 2461 1474 ab
2491 1420 2780 1476 incredulis
2810 1437 2913 1475 non
2939 1424 3275 1492 perspicitur.
3308 1426 3616 1482 Tribunalia

2034 1511 2314 1578 videntur,
2364 1513 2706 1583 quotidieque
2749 1513 2994 1569 audimus
3040 1516 3180 1584 quod
3227 1517 3315 1572 ille
3355 1519 3617 1590 supplicio

2032 1600 2253 1658 affectus
2296 1611 2414 1668 est,
2449 1603 2587 1658 illius
2633 1607 2927 1674 proscripta
2975 1605 3111 1661 bona
3137 1649 3151 1671 ,
3183 1608 3319 1664 alius
3366 1619 3617 1679 operatur

2035 1693 2088 1747 in
2128 1694 2357 1762 fodinis,
2389 1696 2523 1750 alius
2567 1705 2787 1751 exustus
2826 1706 2908 1752 est
2949 1699 3092 1768 igni,
3127 1701 3259 1756 alius
3303 1702 3410 1758 alio
3437 1719 3614 1772 pinnae

2031 1781 2384 1855 vindictteque
2410 1801 2604 1856 genere
2630 1786 2784 1854 periit
2802 1803 2817 1840 :
2835 1795 2889 1841 et
2914 1797 3087 1842 tamen
3116 1787 3230 1843 haec
3255 1805 3373 1844 cum
3392 1793 3614 1848 audiunt

2033 1875 2156 1929 mali
2181 1890 2246 1930 ac
2277 1874 2560 1931 facinerosi
2587 1876 2918 1946 maleﬁclque
2944 1893 3050 1931 non
3076 1878 3446 1935 emendantur.
3474 1879 3612 1948 Quid

2031 1981 2160 2020 vero
2185 1966 2306 2022 dico
2333 1967 2523 2022 mirum
2549 2007 2563 2032 ,
2593 1967 2736 2036 quod
2780 1967 2814 2022 ii
2842 2007 2856 2032 ,
2903 1968 2992 2036 qui
3036 1984 3324 2039 numquam
3355 1971 3405 2026 in
3435 1987 3497 2026 ea
3528 1972 3613 2026 in-

2027 2055 2275 2120 ciderint,
2307 2071 2412 2110 non
2439 2057 2822 2111 emendantur?
2843 2057 2990 2112 Multi
3017 2057 3324 2129 frequenter
3349 2061 3400 2115 in
3431 2062 3494 2116 iis
3518 2061 3614 2117 dc-

2031 2145 2298 2214 prchensi.
2323 2155 2664 2217 posteaquam
2682 2146 2983 2217 effugerunt
3014 2163 3248 2218 pmnam,
3266 2150 3612 2222 perfossaque

2029 2251 2246 2291 carcere
2287 2237 2452 2304 elapsi
2481 2246 2640 2301 sunt,
2670 2253 2856 2292 rursus
2885 2237 3068 2292 eadem
3097 2239 3474 2308 aggrediuntur
3493 2281 3510 2307 ,
3555 2250 3612 2297 et

2029 2326 2198 2379 multo
2218 2325 2300 2379 his
2321 2325 2658 2380 sceleratiora
2683 2335 3007 2397 perpetrant.

2099 2416 2290 2470 Mortui
2316 2433 2472 2486 quare
2499 2435 2599 2472 non
2625 2428 2923 2489 appareant.
2939 2418 3102 2474 -—Ne
3127 2420 3285 2490 igitur
3309 2437 3611 2492 quaeramus

2029 2508 2141 2564 luec
2185 2510 2370 2565 audire
2399 2527 2428 2563 a
2458 2512 2684 2565 mortuis
2708 2553 2723 2578 ,
2754 2527 2872 2581 quae
2919 2512 3090 2566 multo
3132 2513 3327 2568 clarius
3374 2514 3611 2584 quotidie

2026 2615 2124 2654 nos
2149 2600 2343 2656 docent
2378 2615 2544 2656 sacrae
2571 2602 2758 2658 literae.
2789 2601 2922 2656 Nam
2950 2603 2994 2656 si
3034 2603 3267 2658 novisset
3295 2603 3396 2657 hoc
3427 2604 3566 2659 Deus
3588 2645 3608 2674 ,

2025 2695 2165 2764 quod
2218 2696 2413 2749 mortui
2459 2697 2673 2751 excitati
2725 2697 3024 2750 viventibus
3075 2706 3257 2752 essent
3304 2698 3606 2767 profuturi,

2025 2801 2356 2856 nequaquam
2398 2789 2702 2855 omisisset,
2752 2804 2922 2859 neque
2966 2798 3168 2844 tantum
3212 2791 3421 2846 lucrum
3465 2808 3606 2863 prte-

2025 2877 2292 2942 teriisset,
2324 2878 2413 2947 qui
2458 2887 2646 2932 cuncta
2677 2879 2831 2933 nobis
2871 2880 3016 2933 utilia
3067 2890 3335 2950 procurat.
3364 2882 3444 2936 Ad
3491 2883 3608 2939 hrec

2025 2970 2069 3023 si
2099 2970 2313 3025 assidue
2339 2980 2493 3024 erant
2516 2971 2778 3025 excitandi
2807 2972 3039 3037 mortui,
3071 2973 3330 3042 nobisque
3353 2989 3472 3043 qua:
3498 2975 3608 3030 illic

2021 3072 2277 3132 geruntur
2303 3063 2652 3117 renuntiaturi
2680 3103 2696 3129 ,
2727 3071 2781 3117 ct
2810 3063 2909 3117 hoc
2935 3064 3110 3132 ipsum
3151 3079 3434 3134 progressu
3465 3074 3602 3120 tem-

2022 3153 2166 3222 poris
2207 3153 2390 3207 fuisset
2417 3161 2775 3222 contemptum
2808 3169 2824 3206 :
2858 3161 3114 3222 praeterea
3145 3169 3390 3222 perversa
3439 3156 3598 3210 etiam

2019 3243 2266 3312 dogmata
2295 3241 2535 3297 diabolus
2570 3243 2893 3308 invexisset,
2927 3243 3082 3313 idque
3107 3244 3391 3300 admodum
3426 3245 3597 3301 facile.

2023 3334 2284 3388 Potuisset
2309 3334 2450 3388 enim
2497 3334 2802 3404 frequenter
2826 3334 3108 3389 ostendere
3148 3335 3426 3390 simulacra
3453 3375 3467 3400 ,
3510 3344 3604 3390 aut

2019 3425 2315 3479 subornare
2331 3425 2416 3494 qui
2446 3425 2997 3479 simularentmortem
3022 3439 3084 3479 ac
3110 3427 3456 3495 sepulturam,
3477 3442 3601 3482 mox

2017 3528 2204 3568 rursus
2230 3529 2350 3568 sese
2392 3515 2773 3580 ostenderent,
2803 3515 2953 3585 quasi
2982 3530 3014 3570 e
3041 3517 3263 3570 mortuis
3303 3518 3559 3572 excitatos
3581 3558 3601 3583 ,

2019 3621 2082 3660 ac
2125 3621 2222 3675 per
2267 3606 2385 3659 illos
2426 3619 2774 3674 qumcumque
2815 3605 2975 3659 vellet
3019 3605 3339 3674 persuadere
3379 3606 3600 3662 delusis.

2020 3699 2228 3752 Etenim
2258 3697 2303 3751 si
2334 3712 2472 3750 nunc
2501 3712 2620 3750 cum
2647 3697 2753 3751 tale
2779 3697 2912 3750 nihil
2939 3697 3030 3762 sit,
3059 3698 3264 3751 somnia
3294 3697 3598 3768 frequenter

2016 3785 2400 3841 dormientibus
2429 3787 2539 3840 visa
2557 3786 2716 3840 veluti
2742 3801 2949 3850 eorum,
2967 3786 3056 3855 qui
3087 3785 3209 3841 hinc
3232 3787 3600 3857 decesserunt,

2019 3878 2213 3932 multos
2266 3876 2627 3946 deccperunt,
2681 3875 3025 3945 perdiderunt
3077 3878 3596 3948 subverteruntque,

2018 3969 2184 4026 multo
2227 3968 2396 4038 magis
2443 3967 2493 4020 id
2535 3966 2852 4031 accidisset,
2899 3968 2943 4021 si
2989 3966 3089 4021 hoc
3127 3967 3323 4024 factum
3367 3969 3594 4038 fuisset,

2015 4067 2173 4128 atque
2199 4057 2250 4110 in
2280 4055 2547 4112 mentibus
2571 4055 2845 4110 hominum
2873 4056 3217 4123 obtinuisset;
3235 4059 3378 4127 quod
3405 4075 3597 4130 nempe

2015 4149 2165 4204 multi
2191 4148 2561 4204 defunctorum
2585 4148 2869 4204 rediissent
2895 4149 2947 4203 in
2974 4149 3156 4214 vitam,
3184 4150 3597 4208 innumerabiles

2013 4240 2302 4296 sceleratus
2343 4239 2434 4295 ille
2479 4239 2688 4294 damon
2731 4239 2882 4293 dolos
2928 4239 3223 4308 texuisset,
3268 4241 3598 4313 multamque

2015 4331 2256 4386 fraudem
2302 4331 2354 4383 in
2383 4330 2545 4384 vitam
2587 4328 2860 4383 hominum
2891 4329 3200 4384 induxisset.
3243 4329 3426 4400 quue
3454 4331 3594 4388 Deus

2012 4422 2238 4477 occlusit
2278 4421 2455 4488 fores,
2505 4434 2604 4475 nec
2644 4420 2904 4490 permittit
2948 4421 3177 4491 aliquem
3221 4421 3593 4478 defunctorum

2015 4515 2119 4571 huc
2145 4529 2419 4571 reversum
2449 4529 2686 4579 narrare,
2717 4512 2843 4583 quid
2874 4513 2982 4568 illic
3011 4515 3119 4579 fiat,
3152 4530 3220 4570 ne
3247 4515 3336 4570 ille
3371 4524 3592 4586 accepta

2012 4606 2292 4664 occasione
2307 4607 2522 4663 technas
2539 4620 2664 4662 suas
2677 4621 2864 4662 omnes
2877 4605 3111 4662 invehat.
3125 4606 3258 4663 Nam
3274 4623 3394 4664 cum
3413 4617 3592 4664 essent

2012 4699 2284 4769 prophette
2307 4739 2323 4764 ,
2370 4695 2864 4768 pseudoprophetas
2907 4697 3174 4752 excitabat
3204 4715 3220 4752 :
3251 4712 3371 4753 eum
3412 4708 3592 4753 essent

2011 4787 2276 4860 apostoli,
2311 4788 2748 4858 pseudapostolos
2781 4807 2796 4842 :
2827 4803 2944 4843 cum
2982 4789 3227 4844 Christus
3267 4798 3591 4858 appareret,

2013 4881 2445 4953 pseudochristos
2477 4899 2492 4937 :
2522 4897 2644 4937 cum
2673 4881 2919 4952 dogmata
2949 4895 3076 4935 sana
3104 4880 3316 4936 inducta
3345 4881 3591 4948 fuissent,

2011 4984 2262 5045 corrupta
2319 4974 2651 5039 inducebat,
2708 4973 2902 5043 ubique
2957 4971 3310 5027 disseminaus
3364 4973 3590 5028 zizania.

2013 5067 2194 5140 itaque
2216 5067 2424 5123 etiamsi
2469 5066 2600 5121 illud
2639 5067 2944 5130 evenisset,
2991 5063 3093 5120 hoc
3133 5079 3344 5135 quoque
3368 5073 3591 5120 conatus

2009 5158 2197 5215 fuisset
2239 5158 2435 5229 tingere
2475 5173 2571 5228 per
2613 5171 2707 5212 sua
2754 5171 2990 5226 organa,
3037 5171 3144 5212 non
3184 5173 3308 5212 vere
3347 5158 3590 5213 excitatis

2010 5252 2234 5308 mortuis
2256 5291 2271 5318 ,
2300 5250 2396 5305 sed
2427 5248 2701 5304 maleﬁciis
2725 5247 3039 5320 quibusdam
3063 5263 3127 5303 ac
3162 5246 3438 5304 fraudibus
3459 5264 3590 5305 con-

2011 5343 2268 5398 tuentium
2297 5340 2464 5396 oculis
2494 5340 2730 5410 deceptis
2751 5380 2768 5406 ,
2799 5348 2892 5394 aut
2915 5338 3178 5410 quosdam
3205 5339 3366 5394 etiam
3395 5339 3586 5394 subor-

2009 5450 2142 5492 nans
2163 5477 2177 5501 ,
2207 5432 2652 5505 quemadmodum
2690 5432 2868 5487 dicere
2893 5445 3159 5501 cmperam
3185 5471 3202 5498 ,
3233 5430 3323 5500 qui
3361 5438 3590 5487 mortem

2006 5528 2341 5593 simularent,
2369 5540 2578 5581 sursum
2606 5523 2858 5578 deorsum
2889 5522 3206 5587 miscuisset,
3235 5520 3589 5576 confudisset-

2007 5637 2111 5693 que
2134 5618 2332 5675 omnia.
2361 5615 2467 5672 Sed
2497 5616 2636 5671 Deus
2663 5657 2677 5682 ,
2704 5628 2824 5668 cum
2854 5613 2966 5668 tunc
2993 5611 3170 5668 omnia
3216 5610 3547 5681 praevidisset
3567 5638 3586 5676 ι

2010 5714 2270 5786 ρι’τιξειιιεὶι
2299 5711 2372 5766 illi
2402 5710 2537 5764 viam
2570 5707 2634 5763 ad
2666 5706 2762 5762 has
2794 5705 3012 5761 insidias
3034 5747 3049 5771 ,
3081 5704 3336 5775 nobisque
3364 5716 3590 5774 parcens
