4018 6190
509 287 637 341 {Oli

509 423 614 461 non
644 403 903 475 permisit,
925 411 977 456 ut
994 399 1271 469 quisquam
1292 409 1540 464 umquam
1560 390 1703 447 illinc
1723 390 1828 445 huc
1843 402 2094 446 reversus

507 497 574 551 de
602 497 667 551 iis
710 511 830 565 qua:
857 493 926 546 ibi
971 499 1094 543 sunt
1133 495 1372 542 narraret
1397 483 1697 539 viventibus
1741 480 2042 536 hominibus
2074 495 2089 532 :

507 592 704 644 docens
733 601 846 648 nos,
869 581 1228 651 utScripturis
1258 579 1434 648 potius
1461 574 1787 632 credendum
1818 572 2092 628 existime-

507 694 626 733 mus
651 719 666 743 ,
699 690 857 744 quam
903 670 1111 728 caeteris
1153 668 1420 723 omnibus.
1454 666 1739 734 Propterea
1781 662 1921 733 quod
1954 661 2094 716 Deus

504 771 678 824 multo
702 769 958 822 clariores
987 763 1410 834 insignioresque
1437 774 1522 814 res
1549 767 1727 828 gestas
1747 796 1765 823 ,
1793 769 1952 823 quam
1983 753 2093 821 ipsa

508 865 575 918 sit
620 859 982 922 resurrectio,
1033 855 1186 910 nobis
1231 849 1688 907 commonstravit.
1734 845 1928 902 Orbem
1974 843 2094 898 uni-

508 965 720 1007 versum
753 947 1035 1009 convertit,
1065 959 1301 1000 errorem
1331 941 1528 1010 abegit,
1562 938 1838 992 veritatem
1869 933 2092 999 induxit,

507 1058 604 1112 per
633 1041 876 1095 homines
905 1039 1198 1107 piscatores
1223 1049 1286 1088 ac
1329 1033 1460 1086 viles
1487 1030 1602 1084 lucc
1628 1028 1805 1082 omnia
1852 1026 2053 1096 peregit
2077 1064 2093 1088 ,

509 1135 736 1203 denique
785 1129 995 1185 abunde
1025 1141 1214 1198 magna
1264 1139 1373 1178 sua:
1404 1120 1748 1193 providentia:
1777 1118 2094 1173 documenta

507 1226 662 1280 nobis
687 1224 883 1293 ubique
914 1219 1154 1290 pnebuit.
1186 1216 1262 1270 Ne
1292 1215 1468 1284 itaque
1493 1221 1740 1283 putemus
1767 1224 1854 1266 res
1883 1216 2095 1262 nostras

506 1317 667 1385 hujus
697 1316 817 1368 vita:
846 1311 1073 1367 termino
1115 1306 1479 1364 circumscribi
1504 1344 1518 1367 .
1551 1303 1645 1358 sed
1673 1300 1966 1356 credamus.
1986 1299 2096 1352 fore

505 1406 758 1477 indicium
775 1419 838 1458 ac
859 1399 1340 1463 remunerationem
1363 1395 1622 1460 omnium,
1643 1406 1988 1462 quaecumque
2010 1388 2097 1442 hic

508 1516 537 1552 a
564 1498 716 1552 nobis
738 1503 1013 1566 geruntur.

579 1589 817 1648 Gentiles.
843 1585 1016 1639 Judwi
1033 1594 1079 1638 et
1103 1580 1338 1635 eretici
1361 1578 1674 1633 consentiunt
1695 1574 1759 1629 de
1780 1572 1976 1644 judicio
2009 1587 2096 1625 ea:-

504 1678 906 1734 tremo.—-Nam
934 1676 982 1730 id
1010 1683 1092 1729 est
1121 1673 1255 1727 adeo
1285 1669 1621 1725 manifestum
1645 1666 2096 1734 conspicuumque

505 1771 737 1834 cunctis,
786 1775 843 1822 ut
867 1777 920 1821 et
944 1764 1113 1820 Iud-.ei
1155 1772 1207 1816 et
1245 1761 1446 1825 Graeci,
1477 1768 1531 1813 et
1566 1757 1834 1823 haeretici,
1866 1755 2097 1810 breviter

505 1863 678 1916 omnis
701 1857 939 1929 quisquis
966 1865 1047 1911 est
1077 1856 1236 1908 homo
1257 1868 1418 1922 super
1443 1851 1527 1906 his
1555 1849 1870 1905 consentiat.
1899 1847 2097 1915 Quam-

502 1967 660 2022 quam
689 1951 830 2004 eniin
875 1963 980 2001 non
1021 1943 1466 2016 quemadmodum
1510 1941 1695 2006 decet,
1746 1939 1813 1995 de
1851 1953 2094 1995 resurre-

502 2043 680 2097 ctione
720 2038 1158 2109 phiIOSOphantur
1207 2049 1425 2099 omnes,
1477 2041 1710 2088 attamen
1757 2030 1824 2084 de
1857 2029 2091 2100 judicio,

503 2133 676 2205 deque
699 2130 890 2200 poenis,
923 2128 1094 2198 deque
1112 2125 1459 2180 tribunalibus
1479 2139 1596 2194 quae
1621 2122 1727 2178 illic
1747 2131 1890 2188 sunt,
1911 2135 2096 2174 omnes

503 2222 860 2286 consentiunt,
889 2220 996 2274 illic
1023 2233 1144 2274 esse
1164 2219 1392 2287 aliquam
1421 2231 1604 2271 eorum
1645 2230 1764 2285 quae
1792 2213 1878 2268 hic
1902 2228 2095 2283 gerun-

505 2320 590 2366 tur
626 2311 1106 2367 remunerationem
1140 2325 1157 2365 :
1193 2307 1331 2379 quod
1374 2309 1426 2362 ni
1468 2316 1644 2374 esset,
1688 2322 1793 2377 qua
1833 2306 1901 2361 de
1934 2320 2094 2361 causa

507 2403 649 2458 Deus
669 2403 857 2458 omium
876 2410 982 2455 tam
1007 2400 1240 2470 amplum
1263 2397 1610 2463 extettdisset,
1643 2407 1836 2452 terram
1858 2397 2095 2451 substra-

505 2494 696 2559 visset,
743 2509 892 2548 mare
940 2493 1246 2557 dilatasset,
1297 2505 1474 2546 aerem
1528 2488 1857 2556 dili‘udisset,
1897 2498 2092 2544 tantam

505 2586 886 2655 providentiam
925 2584 1269 2650 declarasset,
1313 2583 1412 2638 nisi
1442 2582 1510 2637 ad
1533 2583 1690 2638 finem
1723 2597 1890 2653 usque
1927 2581 2093 2637 nostri

503 2691 684 2730 curam
712 2675 987 2729 habiturus
1013 2675 1198 2729 esset?

572 2767 626 2820 4.
659 2765 846 2821 Nonne
873 2764 1022 2820 vides
1050 2764 1244 2818 multos
1268 2804 1283 2829 ,
1321 2764 1409 2834 qui
1436 2779 1554 2819 cum
1603 2763 1794 2817 virtute
1824 2765 2089 2824 vixerunt,

504 2858 888 2926 innumeraque
909 2856 1047 2911 ntala
1069 2856 1208 2927 passi
1231 2865 1374 2921 sunt,
1397 2855 1692 2910 decessisse
1719 2853 1858 2908 nulla
1875 2868 1933 2907 re
1953 2851 2092 2907 bona

503 2948 793 3018 percepta?
855 2948 1004 3002 Alios
1056 2957 1278 3015 contra,
1328 2961 1450 3000 cum
1512 2945 1730 3000 multam
1777 2943 2090 3015 pravitatem

501 3041 889 3105 commiserint,
936 3040 1138 3111 alienas
1167 3039 1442 3094 facultates
1475 3038 1783 3109 rapuerint,
1821 3038 2004 3092 viduas
2040 3046 2094 3092 et

501 3132 772 3201 orphanos
812 3131 1180 3201 spoliaverint,
1209 3129 1702 3200 oppresserintque,
1732 3129 1920 3198 opibus
1958 3127 2093 3182 deli-

502 3224 702 3294 ciisque
727 3231 780 3278 et
801 3222 1089 3277 innumeris
1117 3221 1269 3276 bonis
1299 3220 1440 3274 fruiti
1467 3219 1679 3282 fuerint,
1709 3217 2004 3274 decessisse
2027 3235 2093 3274 ne

502 3316 757 3370 tantulum
785 3313 997 3384 quidem
1021 3313 1142 3366 mali
1174 3311 1399 3381 passos?

576 3405 822 3460 Probatio
843 3403 1238 3458 immortalitatis
1259 3403 1459 3455 anitum.
1476 3431 1548 3443 -—
1561 3402 1814 3468 Quanam
1836 3402 1994 3471 igitur
2010 3401 2092 3457 vel

502 3499 580 3552 illi
611 3498 816 3567 priores
845 3496 1054 3549 virtutis
1085 3495 1303 3564 pra-mia
1330 3493 1609 3562 recipient,
1647 3493 1730 3548 vel
1753 3493 1838 3548 isti
1858 3494 2089 3562 pravita-

503 3589 569 3642 tis
595 3587 761 3641 ferent
784 3586 1060 3656 supplicia,
1087 3586 1128 3639 si
1150 3592 1344 3639 nostra:
1370 3600 1458 3639 res
1482 3585 1622 3638 ultra
1646 3585 1804 3638 vitam
1831 3584 1968 3639 hanc
1986 3601 2090 3640 non

495 3678 888 3753 proferuntur?
917 3677 1046 3731 Nam
1074 3678 1116 3730 si
1147 3677 1285 3731 Deus
1309 3686 1410 3741 est,
1441 3677 1595 3731 sicuti
1624 3691 1808 3732 revera
1828 3685 1929 3740 est,
1966 3691 2088 3732 eum

499 3771 696 3839 justum
727 3784 846 3824 esse
884 3784 1042 3824 nemo
1081 3785 1182 3822 non
1213 3767 1484 3822 fatebitur.
1515 3768 1673 3838 Atqui
1703 3767 1747 3822 si
1773 3768 1948 3837 justus
1985 3777 2086 3835 est,

500 3870 555 3914 et
577 3861 659 3915 his
688 3871 741 3915 et
774 3861 879 3913 illis
909 3859 1096 3914 reddet
1129 3874 1223 3928 pro
1262 3859 1498 3923 meritis,
1544 3870 1596 3913 et
1625 3858 1816 3919 hocin
1847 3858 2090 3912 confesso

501 3960 601 4004 est.
644 3949 797 4016 Quod
835 3951 878 4005 si
904 3958 958 4004 et
987 3950 1069 4004 his
1098 3958 1151 4004 et
1183 3949 1288 4003 illis
1313 3949 1572 4017 rependet
1608 3963 1702 4017 pro
1730 3949 1934 4003 meritis
1956 3989 1970 4012 ,
2005 3948 2090 4003 hic

503 4055 628 4096 vero
674 4040 851 4096 nullus
891 4054 1075 4095 eorum
1118 4039 1349 4108 recepit,
1395 4054 1568 4107 neque
1605 4039 1694 4093 ille
1737 4038 2089 4108 improbitatis

505 4149 737 4204 pcenam,
782 4148 954 4203 neque
985 4132 1071 4187 hic
1112 4131 1321 4186 virtutis
1351 4131 1566 4200 praemia
1603 4148 1616 4184 :
1647 4131 1981 4200 perspicuum
2007 4139 2090 4187 est

499 4236 704 4282 restare
747 4235 955 4295 tempus
996 4223 1204 4294 aliquod
1242 4223 1295 4278 in
1332 4238 1439 4294 quo
1481 4237 1779 4294 congruens
1810 4224 2086 4293 prmmium

501 4317 692 4370 horum
727 4325 947 4385 uterque
978 4315 1132 4371 feret.

569 4408 902 4463 Conscientia:
922 4406 1141 4460 tribunal
1161 4407 1531 4477 incorruptum.
1548 4437 1619 4446 —
1632 4405 1738 4462 Sed
1755 4422 1918 4478 quare
1936 4408 2088 4463 nobis

494 4499 736 4568 iudicem
767 4500 818 4553 in
848 4499 1027 4553 animo
1053 4499 1130 4553 sic
1156 4507 1414 4568 perpetuo
1440 4498 1742 4568 vigilantem
1761 4539 1776 4564 ,
1825 4508 1880 4552 et
1917 4509 2088 4554 atten-

498 4600 608 4644 tntn
648 4591 792 4644 Deus
817 4589 1132 4644 constituit?
1157 4589 1549 4644 Conscientiam
1579 4590 1787 4656 loquor.
1814 4589 1926 4644 Nec
1945 4591 2085 4644 enim

495 4692 577 4737 est
622 4682 760 4736 ullus
795 4681 936 4734 inter
965 4680 1206 4733 homines
1241 4680 1374 4733 adeo
1401 4679 1642 4749 vigilans,
1682 4689 1740 4733 ut
1781 4689 1864 4734 est
1907 4689 2086 4735 nostra

496 4772 846 4829 conscientia.
889 4769 1020 4826 Nam
1050 4771 1255 4825 externi
1277 4770 1482 4839 iudices
1507 4779 1560 4824 et
1586 4771 1824 4840 pecuniis
1851 4787 2090 4826 corrum-

501 4875 722 4934 puntur,
775 4874 828 4920 et
867 4862 1315 4920 assentationibus
1352 4862 1700 4930 deliniuntur,
1745 4872 1800 4920 et
1832 4872 1978 4918 metu
2014 4865 2088 4918 si-

501 4959 730 5024 mulant,
774 4957 1003 5026 denique
1029 4956 1191 5010 multa
1221 4962 1344 5009 sunt
1369 4955 1469 5008 alia
1495 4969 1614 5024 qua:
1641 4963 1843 5010 rectum
1878 4955 2086 5009 illorum

496 5051 753 5120 judicium
775 5049 1070 5118 depravant
1102 5066 1114 5101 :
1147 5056 1200 5102 at
1229 5047 1568 5102 conscientia:
1592 5046 1818 5101 tribunal
1843 5047 1969 5100 nulli
1992 5045 2089 5100 ho-

500 5143 703 5196 minum
738 5141 888 5194 novit
919 5139 1129 5205 cedere,
1172 5138 1266 5194 sed
1291 5137 1531 5204 quamvis
1555 5136 1766 5191 dederis
1794 5137 2082 5207 pecunias,

500 5233 742 5303 quamvis
771 5233 1013 5299 mineris,
1046 5232 1289 5302 quamvis
1311 5229 1452 5284 aliud
1481 5229 1738 5299 quidlibet
1760 5230 1969 5296 feceris,
1993 5230 2083 5300 ju-

500 5333 635 5376 stam
660 5323 796 5378 feret
814 5323 1134 5379 sententiam
1165 5321 1421 5376 adversus
1452 5329 1786 5388 peccatorum
1809 5320 2088 5390 cogitatio-

502 5428 618 5478 nes,
646 5414 784 5470 adeo
811 5424 866 5469 ut
898 5414 1014 5483 ipse
1037 5427 1250 5484 quoque
1277 5411 1367 5480 qui
1419 5420 1696 5480 peccatum
1723 5409 1960 5474 admisit,
2002 5426 2087 5467 se-

501 5503 674 5570 ipsum
731 5505 1089 5570 condemnet,
1120 5504 1280 5559 etiam
1333 5502 1378 5557 si
1432 5502 1568 5556 alius
1625 5502 1804 5556 nullus
1851 5511 2082 5556 accuset.

499 5590 680 5662 Neque
710 5594 762 5648 id
792 5595 958 5649 semel
987 5605 1146 5664 atque
1181 5595 1393 5654 iterum,
1441 5592 1536 5648 sed
1576 5593 1792 5661 sacpius,
1843 5591 1950 5646 imo
1992 5607 2086 5661 per

495 5704 713 5747 omnem
755 5687 914 5740 vitam
962 5687 1061 5741 hoc
1093 5687 1268 5742 facere
1316 5700 1422 5740 non
1457 5685 1652 5742 desinit
1683 5703 1695 5739 :
1729 5695 1782 5741 et
1823 5685 1947 5740 licet
1996 5685 2078 5739 itt-

1191 282 1249 339 s.
1287 275 1567 337 manans
1595 269 2068 332 CIIRYSOSTOMI
2112 268 2427 326 AltCtiiEP.
2469 269 3004 329 coasrammor.

3581 283 3695 338 liii?

2206 400 2340 457 gens
2390 387 2644 456 temporis
2692 386 3026 442 intervallum
3067 385 3441 454 intercesserit,
3477 407 3697 462 numquam

2204 490 2381 532 tamen
2420 478 2766 533 obliviscetur
2801 494 2986 532 eorum
3025 494 3140 549 qua:
3181 478 3313 534 facta
3351 493 3476 535 sunt.
3521 485 3630 550 Quin
3665 499 3702 543 et

2203 587 2324 626 cum
2370 580 2706 641 perpetralur
2760 581 3066 640 peccatum,
3126 584 3179 626 et
3239 574 3516 643 priusquam
3563 593 3710 650 perpe-

2207 671 2395 726 tretur,
2447 671 2501 716 et
2543 663 2819 732 postquam
2864 675 2946 719 est
2987 673 3371 734 perpetratum,
3420 669 3610 722 acerbus
3644 687 3717 726 no-

2201 755 2285 810 bis
2347 755 2588 810 imminet
2644 767 2946 820 accusator,
2995 758 3221 812 maxime
3273 772 3394 812 vero
3436 770 3720 830 posteaquam

2205 856 2564 915 perpetratum
2624 848 2799 902 fuerit.
2865 847 2996 902 Nam
3060 849 3111 902 in
3151 850 3489 919 perpetrando
3537 854 3719 922 scelere,

2204 936 2454 1005 quoniam
2503 936 2773 1007 voluptate
2819 951 3002 992 sumus
3040 937 3203 1002 ebrii,
3257 955 3357 992 non
3402 939 3594 1007 perinde
3633 954 3704 997 seu

2205 1026 2362 1079 timus
2409 1043 2423 1080 :
2471 1037 2724 1082 cmterum
2789 1027 2949 1082 simul
2998 1036 3157 1097 atque
3218 1029 3538 1084 commissum
3573 1031 3722 1096 fuerit.

2203 1119 2511 1189 ceperitque
2552 1119 2732 1187 tinem,
2778 1129 2886 1174 tum
2927 1119 3142 1176 demum
3189 1122 3441 1176 exstincta
3488 1123 3718 1193 voluptate,

2202 1223 2418 1265 amarus
2465 1211 2792 1278 poenitentia:
2833 1212 3079 1267 stimulus
3105 1213 3361 1278 succedit,
3408 1221 3574 1268 contra
3601 1231 3718 1284 quam

2202 1301 2445 1355 accidere
2493 1302 2629 1356 solet
2679 1301 2990 1358 mulieribus
3033 1303 3460 1373 parturientibus.
3508 1302 3618 1357 Nam
3647 1304 3722 1357 illis

2203 1401 2325 1446 ante
2352 1401 2561 1460 partum
2593 1392 2744 1446 labor
2769 1403 2851 1447 est
2876 1392 3061 1463 ingens
3081 1435 3094 1457 ,
3133 1409 3419 1464 gravesque
3446 1395 3581 1448 nixus
3600 1437 3612 1460 ,
3644 1395 3722 1449 dis-

2202 1491 2445 1537 secantes
2465 1497 2556 1538 eas
2590 1483 2935 1539 intolerandis
2955 1484 3233 1540 doloribus
3259 1501 3272 1538 :
3297 1493 3410 1554 post
3429 1494 3608 1554 partum
3630 1501 3722 1540 vero

2200 1576 2476 1644 relaxatio,
2519 1577 2702 1633 dolore
2739 1579 2894 1632 simul
2922 1594 3043 1632 cum
3072 1577 3274 1633 infante
3307 1578 3620 1648 egrediente:
3651 1595 3720 1632 ve-

2201 1683 2319 1722 rum
2344 1667 2428 1723 hic
2453 1684 2557 1722 non
2582 1671 2727 1735 item,
2755 1670 2847 1724 sed
2865 1669 2991 1724 dum
3013 1671 3336 1739 parturimus
3358 1671 3722 1739 concipinmsque

2200 1769 2480 1829 corruptos
2504 1759 2725 1816 affectus
2746 1803 2761 1827 ,
2801 1760 3130 1816 delectamur
3155 1760 3535 1831 gaudemusque
3565 1779 3578 1815 :
3607 1769 3722 1814 crte

2200 1865 2317 1904 rum
2334 1851 2417 1905 tibi
2435 1850 2690 1906 fuerimus
2711 1852 2852 1906 enixi
2872 1852 3066 1907 malum
3085 1853 3234 1906 illum
3255 1869 3469 1922 puerum
3489 1861 3722 1922 peccatum,

2203 1949 2310 1994 tum
2347 1950 2629 2010 conspecta
2657 1941 2891 1998 finditate
2935 1951 3139 2011 partus,
3173 1942 3537 1998 discruciamur
3563 1943 3724 2012 gravius

2200 2045 2356 2099 quam
2396 2031 2648 2087 mulieres
2683 2033 3056 2102 parturientes.
3086 2033 3421 2104 Quapropter
3443 2049 3529 2098 ne,
3565 2049 3590 2087 a
3616 2035 3724 2103 prin-

2199 2120 2339 2188 cipio
2369 2123 2614 2187 maxime,
2649 2125 3011 2193 concipiamus
3035 2125 3083 2177 in
3104 2125 3290 2178 animo
3315 2133 3594 2194 corruptam
3615 2125 3726 2195 cupi-

2199 2211 2415 2266 ditatem
2447 2231 2460 2267 :
2493 2214 2633 2284 quod
2663 2216 2704 2269 si
2735 2216 2946 2285 quando
2972 2217 3398 2286 conceperimus,
3423 2226 3578 2271 tamen
3601 2217 3722 2270 fetum

2200 2304 2341 2359 intus
2367 2302 2734 2374 praefocemus.
2778 2306 2980 2361 Rursus
3013 2307 3058 2360 si
3087 2306 3196 2363 huc
3225 2322 3389 2378 usque
3419 2306 3636 2361 fuerimus
3658 2321 3727 2360 nec

2198 2397 2455 2468 gligcntes
2474 2439 2488 2463 ,
2518 2398 2844 2467 iniquitatem
2876 2399 2926 2453 in
2973 2415 3105 2468 opus
3137 2415 3468 2470 progressam
3494 2415 3601 2454 mox
3623 2399 3726 2452 oeci.

2198 2487 2386 2543 damus
2418 2504 2510 2558 per
2538 2488 2949 2553 confessionem,
2991 2507 3086 2559 per
3108 2491 3396 2563 lacrymas,
3429 2507 3514 2561 per
3536 2489 3726 2561 proprio-

2198 2598 2314 2636 rum
2369 2583 2773 2638 commissorum
2825 2587 3249 2640 accusationem.
3309 2584 3444 2641 Nihil
3492 2584 3613 2639 enim
3649 2592 3726 2636 tam

2198 2673 2412 2729 exitiale
2454 2684 2693 2744 peccato,
2722 2691 2879 2746 quam
2913 2677 3113 2747 peccati
3156 2677 3426 2732 accusatio
3464 2675 3727 2731 condemna-

2198 2765 2397 2835 tioque,
2421 2780 2540 2820 cum
2572 2767 2898 2836 paenitudine
2929 2768 3290 2840 lacrytnisque
3319 2768 3596 2838 conjuncta.
3618 2766 3727 2821 Con-

2196 2856 2458 2913 demnasti
2495 2867 2639 2913 tuum
2677 2860 2989 2929 peccatum?
3030 2859 3332 2930 deposuisti
3358 2861 3610 2915 sarcinam.
3633 2855 3729 2924 Quis

2198 2946 2315 3003 haec
2342 2947 2508 3003 dicit?
2547 2950 2666 3019 Ipse
2685 2951 2848 3020 judex
2877 2951 3035 3005 Deus.
3065 2950 3163 3004 Dic
3195 2961 3253 3008 tu
3282 2961 3476 3022 peccata
3511 2962 3586 3004 tua
3605 2949 3727 3019 pn'or.

2198 3040 2557 3108 utjusti/iceris
2579 3040 2730 3112 (lsai.
2759 3043 2850 3097 45.
2880 3040 2996 3112 26).
3018 3038 3125 3096 Cur
3147 3043 3315 3111 igitur
3341 3051 3392 3097 te
3411 3085 3425 3109 ,
3447 3056 3630 3112 quaso.
3655 3053 3726 3106 ριι·

2196 3131 2320 3197 det,
2355 3141 2408 3186 et
2436 3133 2708 3189 erubescis
2732 3133 2911 3190 dicere
2951 3143 3166 3204 peccata
3199 3135 3332 3190 tua?
3359 3135 3486 3191 Nunt
3517 3133 3634 3188 enim
3659 3130 3728 3184 he

2199 3223 2328 3276 mini
2360 3222 2512 3289 dicis,
2549 3233 2606 3277 ut
2635 3233 2686 3279 te
2709 3223 2904 3293 probro
2933 3223 3166 3280 alliciat?
3200 3225 3340 3281 Num
3369 3227 3500 3280 enim
3525 3235 3732 3278 conservo

2195 3313 2486 3379 confiteris,
2529 3323 2586 3368 ut
2620 3314 2672 3368 in
2721 3315 2986 3384 publicum
3021 3315 3306 3385 proferat?
3349 3317 3454 3372 [mo
3478 3328 3588 3370 vero
3605 3313 3644 3368 ei
3663 3307 3731 3380 qui

2195 3403 2451 3459 Dominus
2479 3414 2580 3471 est,
2621 3406 2672 3461 ei
2697 3407 2785 3476 qui
2814 3406 2889 3460 tui
2915 3422 3096 3462 curam
3127 3409 3294 3476 gerit,
3336 3409 3383 3463 ei
3407 3407 3489 3478 qui
3521 3405 3730 3459 humanus

2194 3501 2296 3560 est,
2328 3495 2378 3549 ei
2405 3495 2496 3564 qui
2527 3495 2765 3551 medicus
2789 3507 2890 3563 εει,
2919 3497 3154 3551 ostendis
3177 3499 3419 3553 vulnera.

2271 3585 2438 3651 Quare
2466 3587 2512 3639 ei
2547 3587 2886 3655 confitendum
2913 3588 2997 3656 qui
3015 3589 3108 3641 scit
3135 3590 3330 3643 omnia.
3354 3587 3600 3656 ——Neque
3621 3582 3731 3638 enin:

2195 3675 2421 3745 ignorat,
2452 3678 2658 3732 etiamsi
2690 3687 2746 3732 tu
2772 3693 2877 3733 non
2907 3678 3126 3745 dixeris,
3163 3683 3258 3750 qui
3286 3681 3482 3736 sciebat
3505 3680 3641 3734 etiam
3660 3691 3732 3730 an-

2200 3777 2412 3837 tequam
2437 3780 2794 3838 perpetrarcs.
2820 3771 2954 3838 Quid
2983 3772 3140 3841 igitur
3160 3782 3247 3828 est
3277 3789 3466 3838 causae,
3485 3788 3578 3842 quo
3594 3769 3734 3824 minus

2193 3859 2378 3916 dicas?
2405 3861 2521 3916 Non
2544 3863 2684 3917 enim
2715 3878 2780 3918 ex
2807 3865 3144 3919 accusatione
3170 3873 3264 3920 tua
3297 3865 3351 3920 lit
3375 3866 3570 3936 gravius
3587 3873 3733 3931 pecca-

2194 3942 2349 4008 tum‘:
2394 3953 2502 4007 imo
2543 3969 2671 4009 vero
2711 3955 2890 4010 mitius
2931 3971 2994 4010 ac
3028 3956 3219 4011 levius.
3270 3959 3336 4012 Et
3375 3958 3441 4013 ob
3479 3956 3570 4010 hoc
3600 3954 3736 4022 ipsum

2195 4043 2336 4100 Deus
2364 4044 2474 4098 vult
2517 4053 2569 4099 te
2597 4045 2777 4100 dicere
2805 4063 2817 4099 :
2852 4063 2956 4101 non
2992 4058 3052 4102 ut
3083 4048 3343 4117 puniaris,
3372 4047 3463 4102 sed
3493 4056 3542 4100 ut
3567 4044 3734 4099 relaxe-

2193 4134 2300 4188 ris:
2333 4149 2435 4188 non
2466 4146 2523 4188 ut
2549 4135 2661 4204 ipse
2689 4137 3148 4206 sciatpcccatum:
3179 4153 3278 4192 cur
3297 4140 3438 4193 enim
3465 4138 3510 4192 id
3529 4133 3735 4206 postulet,

2192 4238 2311 4277 cum
2355 4225 2462 4294 jam
2496 4226 2665 4280 sciat?
2707 4227 2799 4282 sed
2832 4237 2888 4282 ut
2915 4227 3071 4294 scias,
3112 4238 3371 4297 quantum
3419 4228 3504 4282 tibi
3545 4222 3736 4280 debitum

2192 4315 2512 4370 remittatur.
2559 4316 2684 4372 ldeo
2709 4333 2837 4372 vero
2867 4318 2976 4372 vult
3016 4328 3065 4373 te
3089 4319 3226 4373 scire
3252 4317 3492 4375 beneﬁcii
3517 4313 3736 4385 magnitu-

2195 4408 2394 4475 dinem,
2443 4419 2502 4462 ut
2536 4419 2791 4478 perpetuo
2819 4411 3018 4480 gratias
3062 4426 3207 4482 agas,
3245 4422 3302 4466 ut
3348 4409 3552 4482 segnior
3589 4411 3667 4459 tias
3685 4401 3735 4456 ad

2194 4497 2554 4565 peccandum,
2610 4508 2668 4552 ut
2698 4499 2763 4553 ad
2793 4500 3039 4554 virtutem
3080 4503 3402 4571 promptior.
3449 4499 3552 4555 Nisi
3579 4493 3750 4551 dixeris-

2193 4586 2356 4641 debiti
2375 4589 2808 4658 magnitudinem,
2831 4606 2937 4644 non
2957 4607 3212 4660 agnosces
3224 4594 3409 4662 gratiae
3425 4588 3736 4648 eminentiam.

2193 4676 2329 4743 Non,
2361 4680 2549 4750 inquit,
2587 4696 2720 4751 cogo
2749 4682 2874 4735 tein
2907 4682 3137 4737 medium
3163 4683 3378 4752 prodire
3406 4683 3668 4742 theatrum.
3695 4690 3746 4728 ac

2193 4772 2390 4825 multos
2418 4773 2674 4828 adbibere
2702 4783 2864 4830 testes
2897 4792 2910 4828 :
2959 4775 3090 4829 milii
3129 4776 3229 4830 soli
3265 4775 3353 4830 dic
3377 4783 3633 4846 peccatum
3657 4766 3737 4837 βτί·

2193 4863 2386 4926 vatim,
2419 4873 2476 4917 ut
2513 4879 2694 4920 sanem
2739 4866 2890 4921 ulcus
2912 4909 2926 4932 ,
2964 4875 3123 4938 teque
3158 4867 3344 4923 dolore
3376 4869 3606 4922 liberem.
3645 4858 3738 4914 Ideo

2193 4955 2347 5009 nobis
2372 4956 2559 5010 indidit
2581 4959 2980 5022 conscientiam,
3020 4959 3179 5029 idque
3205 4961 3392 5029 quovis
3423 4969 3566 5028 patre
3587 4966 3733 5007 aman-

2194 5047 2319 5101 tius.
2351 5046 2482 5100 Nam
2508 5057 2655 5116 pater
2673 5049 2759 5104 ubi
2787 5051 2974 5116 semel,
3005 5051 3214 5113 iterum,
3237 5067 3297 5104 ac
3331 5050 3508 5115 tertio,
3537 5045 3734 5102 decies"!

2195 5135 2356 5191 ﬁlium
2387 5136 2737 5206 increpaverit
2767 5159 2779 5194 :
2811 5141 2854 5195 si
2886 5141 3077 5195 viderit
3097 5141 3511 5211 iucurrigibilcm
3537 5147 3730 5192 manem.

2191 5227 2480 5299 deSperans
2529 5229 2756 5298 abdicat,
2809 5232 3026 5301 expellit
3057 5247 3088 5287 e
3124 5231 3354 5296 familia,
3406 5247 3436 5286 a
3465 5227 3731 5300 cognatione

2194 5329 2416 5377 resecat.
2456 5323 2524 5375 At
2564 5337 2668 5376 non
2703 5324 2891 5378 eodem
2936 5323 3096 5378 modo
3120 5321 3476 5385 conscientia,
3520 5317 3604 5374 sed
3640 5313 3728 5367 licet

2193 5414 2377 5478 semel,
2409 5412 2530 5468 licet
2555 5414 2760 5480 iterum,
2787 5414 2908 5469 licet
2928 5424 3023 5479 ter,
3057 5415 3182 5470 licet
3203 5412 3396 5467 millies
3419 5401 3728 5465 admonuerit.

2194 5513 2352 5573 tuque
2386 5513 2502 5558 non
2523 5504 2881 5574 obtemperes,
2911 5505 3147 5560 monebit
3189 5506 3398 5569 iterum,
3429 5516 3525 5556 nec
3552 5493 3731 5552 desistet

2194 5612 2359 5666 usque
2383 5597 2447 5651 ad
2470 5613 2772 5667 supremum
2805 5598 3023 5654 halitum
3054 5600 3164 5654 sive
3184 5598 3342 5659 domi,
3371 5597 3483 5650 sive
3513 5596 3560 5646 in
3589 5584 3730 5642 biviis.

2197 5692 2306 5744 sive
2341 5689 2390 5743 in
2421 5704 2623 5758 mensa,
2653 5690 2765 5744 sive
2791 5690 2841 5746 in
2875 5691 3010 5758 foro,
3041 5690 3150 5746 sive
3173 5692 3223 5746 in
3251 5689 3436 5743 itinere
3469 5704 3481 5738 :
3521 5683 3728 5750 frequen-
