4018 6190
233 257 378 321 itii!

234 384 325 432 ter
354 374 419 433 e‘t’
453 374 508 430 in
551 372 775 430 sonutiis
812 369 943 444 ipsis
984 379 1321 443 peccatorum
1357 367 1512 424 nobis
1552 365 1833 422 simulacra

231 476 559 540 spectraque
580 471 930 536 reprasentat

308 563 367 619 6.
401 558 736 617 Conscientia
756 556 994 613 stimulus
1009 598 1026 622 ,
1054 570 1211 626 quare
1232 569 1334 609 non
1358 562 1433 608 est
1457 561 1745 635 perpetuas.
1767 578 1837 589 -—

234 655 378 710 Vide
410 662 613 708 .autem
659 649 754 706 Dei
803 649 1142 720 sapientiam.
1185 646 1303 702 Non
1353 644 1480 701 fecit
1523 650 1855 714 perpetuam.

232 745 586 805 conscientiae
609 743 1032 807 accusationem,
1056 755 1233 812 neque
1252 741 1398 795 enim
1429 738 1532 793 hoc
1554 749 1691 792 onus
1716 740 1831 806 pcr-

236 835 385 897 ierre
412 846 738 908 poteramus,
767 834 813 890 si
842 833 1041 904 jugiter
1065 838 1369 887 accusasset
1396 845 1410 883 :
1448 842 1620 899 neque
1652 838 1838 881 rursus

268 932 378 986 deo
405 930 575 986 levem
610 936 667 984 et
701 927 1040 993 imbecillem,
1070 934 1132 979 ut
1159 931 1278 995 post
1306 936 1466 977 unam
1500 928 1592 976 aut
1613 918 1836 974 alteram

236 1020 662 1077 admonitionem
698 1017 1028 1090 desperaret.
1070 1016 1203 1071 Nam
1239 1015 1284 1071 si
1322 1014 1546 1085 singulis
1567 1011 1755 1067 diebus
1782 1018 1840 1065 et

238 1115 391 1171 horis
408 1114 594 1179 fuisset
610 1127 709 1169 nos
724 1112 1074 1177 stimulatura,
1090 1126 1323 1168 mmrore
1344 1108 1586 1182 profecto
1606 1107 1838 1164 suifoca»

235 1221 427 1261 remur
453 1222 468 1259 :
492 1219 678 1260 rursus
697 1204 743 1259 si
768 1212 889 1276 post
908 1218 1066 1258 unam
1096 1209 1255 1273 atque
1273 1202 1497 1258 alteram
1520 1200 1840 1270 increpatio-

242 1312 367 1354 nem
410 1296 712 1362 desisteret,
736 1292 884 1350 haud
921 1294 1146 1349 multum
1182 1293 1385 1350 fructus
1422 1292 1576 1349 nobis
1600 1290 1833 1347 afferret.

233 1369 431 1458 .quue
473 1387 599 1442 fecit
635 1386 1058 1456 obiurgationem
1103 1392 1437 1456 perpetuam,
1483 1392 1540 1439 at
1581 1397 1688 1438 non
1728 1381 1839 1437 fre-

239 1489 495 1547 quentem
527 1493 541 1531 :
570 1465 881 1549 perpetuam
920 1477 1157 1548 quidem,
1188 1492 1257 1533 ne
1294 1478 1348 1532 in
1374 1475 1670 1533 socordiam
1710 1474 1842 1530 inci-

238 1566 517 1634 deremus,
562 1568 659 1624 sed
690 1582 904 1638 semper
940 1575 995 1623 et
1022 1582 1192 1639 usque
1228 1567 1296 1622 ad
1324 1575 1552 1623 mortem
1580 1566 1836 1623 admoniti

242 1658 616 1729 vigilaremus;
656 1673 765 1714 non
806 1656 1140 1729 frequentem
1174 1670 1305 1714 vero
1327 1672 1391 1714 ac
1416 1657 1610 1727 smpius
1638 1658 1837 1727 repeti-

243 1757 375 1815 tam,
406 1765 475 1805 ne
499 1749 678 1805 animo
713 1750 1140 1819 consideremus,
1169 1749 1265 1805 sed
1292 1759 1347 1806 ut
1374 1749 1600 1805 subinde
1628 1750 1839 1804 relaxa-

241 1841 392 1896 tione
437 1841 732 1911 solatioque
790 1843 1039 1911 quapiam
1101 1851 1357 1912 accepto,
1428 1842 1835 1911 respiraremus.

241 1929 709 2000 Quemadmodum
744 1933 887 1987 enim
913 1932 1135 1988 omnino
1163 1947 1268 1988 non
1293 1932 1480 1989 dolere
1515 1932 1582 1988 de
1608 1931 1839 2003 peccatis

241 2023 463 2078 exitiale
493 2033 597 2089 est,
629 2032 788 2095 atque
826 2026 985 2079 etiam
1024 2024 1146 2079 mali
1182 2010 1397 2080 sensum
1437 2023 1590 2080 nobis
1619 2020 1838 2093 prorsus

239 2113 479 2168 adimit:
523 2114 602 2168 sic
648 2121 708 2169 et
746 2113 947 2184 iugiter
990 2128 1262 2185 supraque
1298 2114 1517 2170 modum
1563 2114 1616 2169 id
1660 2112 1839 2169 facere

240 2204 463 2257 noxium
480 2213 583 2258 est.

315 2293 481 2349 Dolor
521 2294 821 2351 immodicus
846 2296 1059 2351 adducit
1084 2296 1358 2352 insaniam.
1383 2325 1455 2337 ——
1483 2295 1668 2352 Potest
1693 2296 1837 2351 enim
1884 2340 1891 2347 .

240 2397 297 2442 et
338 2385 540 2442 doloris
570 2387 852 2444 immodica
889 2388 1197 2460 magnitudo
1229 2388 1537 2461 frequenter
1562 2388 1835 2445 hominem

240 2494 272 2533 a
300 2480 631 2535 naturalibus
656 2482 930 2537 excutiens
950 2482 1215 2548 sensibus,
1246 2482 1481 2538 animum
1502 2481 1836 2554 demergere,

241 2582 299 2624 et
326 2570 394 2624 ad
433 2570 658 2627 honesta
688 2571 866 2627 omnia
892 2571 1129 2627 inutilem
1156 2572 1402 2629 reddere.
1459 2572 1758 2644 Eapropter
1784 2581 1839 2627 et

242 2660 371 2715 i'lud
432 2660 692 2731 providit,
752 2671 810 2717 ut
859 2677 927 2718 ex
981 2663 1273 2719 intervallis
1329 2662 1486 2719 nobis
1532 2663 1840 2719 immineret

240 2753 589 2808 CttltScieltlitn
610 2752 933 2825 redargutio,
962 2764 1247 2825 prepterea
1272 2755 1414 2826 quod
1442 2763 1525 2811 est
1548 2754 1836 2813 admodum

242 2858 471 2909 severa,
514 2852 570 2899 et
614 2844 805 2914 qnovis
847 2844 1065 2901 stimulo
1103 2846 1280 2902 acrius
1302 2860 1537 2917 pungere
1563 2846 1840 2902 consuevit

243 2943 605 3005 peccatorem.
645 2931 764 2989 Non
785 2934 929 2989 enim
961 2945 1085 2991 tunc
1104 2936 1314 3003 solum,
1354 2951 1475 2991 cum
1515 2936 1614 3006 ipsi
1646 2950 1840 3007 pecca-

243 3040 387 3092 mus,
414 3026 763 3080 verumetiam
790 3040 913 3083 cum
938 3027 1030 3082 alii
1058 3027 1399 3083 committunt
1421 3027 1609 3084 eadem
1628 3069 1644 3094 ,
1668 3029 1835 3085 vehe-

241 3124 458 3171 menter
476 3114 732 3185 insurgit,
774 3131 1071 3189 magnaque
1108 3118 1449 3174 contentione
1476 3117 1632 3174 nobis
1659 3119 1837 3176 occla-

242 3217 378 3263 mat.
408 3206 541 3263 Nam
575 3218 857 3277 scortator,
887 3210 1116 3278 adulter,
1143 3220 1237 3267 aut
1269 3210 1357 3267 fur
1388 3227 1496 3268 non
1518 3212 1683 3268 modo
1715 3227 1837 3268 cum

245 3310 532 3355 accusatur
569 3302 703 3373 ipse,
742 3305 1093 3360 verumetiam
1133 3318 1256 3360 cum
1297 3304 1447 3361 audit
1485 3305 1618 3360 alios
1649 3304 1841 3360 eadem

246 3406 409 3448 ausos
443 3395 709 3463 accusari,
738 3395 855 3467 ipse
887 3397 986 3452 sibi
1014 3397 1220 3453 videtur
1242 3396 1421 3469 ﬂagris
1447 3397 1580 3454 caedi
1607 3398 1733 3453 dum
1759 3398 1841 3453 in-

246 3495 537 3556 erepantur
562 3489 650 3542 alii
672 3528 689 3555 ,
729 3503 946 3544 suorum
991 3489 1345 3546 admissorum
1377 3482 1747 3560 reminiscens,
1785 3500 1842 3546 et

246 3581 384 3637 alius
412 3581 626 3652 quidem
651 3593 875 3639 vocatur
901 3584 955 3638 in
980 3582 1069 3654 jus
1089 3625 1106 3652 ,
1136 3583 1221 3640 hic
1247 3594 1380 3640 vero
1406 3581 1722 3655 ﬂagellatur,
1752 3583 1840 3639 cui

247 3673 458 3728 nullum
506 3676 709 3730 crimen
756 3674 1068 3742 intenditur,
1114 3676 1161 3732 si
1205 3675 1365 3735 fuerit
1412 3677 1599 3732 eadem
1654 3690 1836 3731 ausus.

247 3765 708 3834 Quemadmodum
735 3767 788 3822 in
818 3767 1043 3823 aliorum
1073 3774 1219 3824 recte
1240 3767 1394 3825 iactis
1410 3767 1537 3824 dum
1559 3766 1842 3823 laudantur

251 3866 306 3912 et
331 3866 679 3925 coronantur,
724 3857 818 3929 qui
846 3861 1033 3914 eadem
1078 3872 1202 3914 cum
1232 3857 1361 3930 ipsis
1389 3867 1535 3915 recte
1558 3859 1694 3915 tacta
1717 3873 1842 3931 ges-

250 3958 458 4015 serunt,
502 3949 736 4020 gaudent
777 3950 1179 4020 exsultantque,
1219 3950 1372 4021 quasi
1419 3965 1527 4007 non
1569 3950 1645 4005 illi
1673 3949 1843 4022 magis

251 4055 413 4111 quam
440 4041 537 4110 ipsi
558 4040 922 4097 laudarentur.
951 4040 1089 4108 Quid
1112 4041 1275 4113 igitur
1288 4056 1412 4099 esse
1435 4041 1603 4112 possit
1628 4042 1843 4098 homine

254 4140 537 4201 peccatore
563 4133 811 4189 miserius
830 4174 847 4200 ,
873 4134 963 4204 qui
982 4135 1199 4205 quoties
1225 4143 1544 4191 accusantur
1576 4135 1700 4200 alii,
1728 4133 1843 4205 ipse

252 4224 630 4279 exanimetur?
656 4224 851 4280 Contra
869 4267 884 4292 ,
926 4224 1055 4296 quid
1080 4240 1146 4281 eo
1174 4224 1383 4282 beatius
1401 4264 1418 4291 ,
1455 4227 1547 4297 qui
1590 4242 1712 4293 eum
1740 4227 1846 4281 vir-

255 4323 368 4371 tute
396 4316 546 4381 vivit,
575 4318 664 4386 qui
685 4316 810 4372 dum
838 4317 1124 4373 laudantur
1150 4316 1261 4385 alii,
1289 4316 1403 4387 ipse
1417 4317 1609 4389 gaudet
1635 4318 1847 4373 laetitia-

255 4423 361 4478 que
386 4408 600 4473 difﬂuit,
634 4423 697 4464 ex
730 4409 954 4466 aliorum
979 4409 1224 4465 laudibus
1248 4423 1467 4465 suorum
1498 4418 1645 4466 recte
1672 4408 1843 4467 facto-

258 4515 376 4555 rum
391 4501 714 4557 memoriam
736 4502 1041 4571 recipiens?
1065 4501 1196 4557 iizec
1214 4510 1341 4557 sunt
1358 4501 1552 4557 divinae
1571 4503 1845 4573 sapientia:

254 4607 443 4664 opera,
499 4592 613 4651 haec
660 4595 898 4649 maxima
937 4594 1076 4650 illius
1116 4593 1467 4664 providentiae
1510 4605 1636 4650 sunt
1683 4610 1845 4667 argu-

255 4694 437 4741 menta
462 4703 477 4741 :
500 4686 842 4742 conscientia:
865 4686 1157 4756 increpatio
1180 4700 1330 4743 saera
1356 4695 1440 4742 est
1463 4701 1661 4742 ancora
1679 4728 1694 4754 ,
1738 4703 1845 4742 non

255 4778 440 4833 sinens
460 4792 558 4832 nos
582 4778 794 4833 tandem
812 4778 864 4833 in
887 4786 1226 4846 peccatorum
1246 4778 1481 4851 demergi
1500 4778 1844 4849 profundum.

252 4866 443 4937 Neque
476 4868 619 4924 enim
646 4883 743 4939 per
770 4860 820 4923 id
857 4878 1063 4939 tempus
1092 4877 1296 4924 tantum
1318 4885 1429 4941 quo
1451 4880 1666 4942 peccata
1699 4886 1847 4928 cont-

253 4958 541 5028 mittimus,
564 4975 749 5017 verum
766 4960 927 5016 etiam
953 4969 1075 5031 post
1096 4960 1291 5017 multos
1307 4976 1567 5018 annorum
1596 4963 1849 5020 circuitus

251 5053 407 5109 novit
442 5069 538 5110 nos
576 5069 717 5126 sape
746 5054 940 5110 veteris
980 5052 1271 5111 admonere
1303 5056 1507 5125 peccati
1536 5074 1550 5112 :
1597 5057 1756 5128 idque
1780 5072 1847 5114 ex

251 5146 390 5216 ipsis
416 5146 689 5203 evidenter
711 5147 1073 5219 comprobabo
1092 5147 1399 5217 Scripturis.

328 5235 550 5292 Invidia:
575 5238 669 5293 vis.
687 5267 756 5279 —
772 5238 1140 5295 Vendiderunt
1163 5240 1292 5295 olim
1320 5239 1510 5297 fratres
1530 5240 1844 5314 Josephum,

251 5329 392 5384 nihil
417 5328 633 5401 quidem
670 5330 927 5387 habentes
952 5331 1092 5404 quod
1122 5332 1447 5401 incusarent,
1477 5334 1848 5407 sedquoniam

251 5422 466 5478 viderat
492 5423 699 5478 somnia
738 5424 837 5494 ipsi
880 5424 1103 5496 gloriam
1129 5434 1409 5482 venturam
1454 5427 1843 5497 portendentia.

264 5512 511 5568 Videbam
532 5555 547 5580 ,
594 5514 802 5584 inquit,
836 5516 1135 5592 manipulos
1163 5528 1347 5573 uestros
1371 5517 1639 5573 adorantes
1681 5519 1846 5575 mani-

256 5612 433 5674 pulum
462 5622 629 5660 meum
654 5605 809 5677 (Gen.
838 5607 928 5662 37.
960 5608 1038 5678 7).
1075 5607 1409 5681 Quamquam
1436 5608 1506 5663 ob
1532 5607 1648 5665 inec
1671 5608 1851 5666 decuit

252 5698 405 5755 illum
450 5712 667 5755 servare
714 5698 891 5769 potius
914 5740 928 5766 ,
955 5700 1103 5770 quod
1150 5700 1312 5759 totius
1358 5700 1574 5759 familiae
1600 5715 1841 5772 corona,

1461 250 1552 307 DE
1591 242 1861 306 LAZABO
1897 244 2142 305 CONCR)
2181 238 2264 304 iV.

3397 250 3533 316 ΝΗ

1943 362 2211 433 totiusque
2251 365 2463 434 generis
2491 365 2657 423 decus
2703 369 2818 424 erat
2857 364 3087 425 munus.
3117 368 3223 427 Sed
3265 371 3532 441 ejusmodi

1939 468 2027 513 res
2070 462 2156 511 est
2192 453 2388 513 invidia
2421 472 2436 509 :
2471 466 2667 528 pugnat
2691 457 2948 516 adversus
2965 455 3266 521 ‘domestica
3293 458 3489 521 decora
3515 501 3532 526 .

1940 547 2246 618 mavuitque
2290 547 2500 607 invidus
2554 552 2833 607 innumera
2878 552 3083 623 perpeti
3132 553 3314 621 mala,
3372 562 3534 626 quam

1940 635 2123 695 videre
2163 638 2467 707 proximum
2499 639 2551 695 in
2583 641 2755 711 pretio
2781 641 3018 704 habitum
3044 640 3077 709 ,‘
3093 643 3304 701 etiamsi
3334 646 3532 717 gloria

1942 740 2066 797 pars
2092 727 2161 785 ad
2185 729 2358 799 ipsum
2398 729 2472 785 sit
2500 743 2921 811 permanatura:
2952 749 3059 805 quo
3084 745 3217 793 sane
3241 737 3370 807 quid
3413 751 3536 796 esse

1941 818 2111 890 possit
2153 821 2444 879 miserius?
2467 823 2618 891 Quod
2642 833 2701 880 et
2744 825 2845 880 illis
2871 841 2971 883 usu
2999 828 3145 884 venit
3177 852 3192 890 :
3220 838 3346 886 cum
3387 832 3532 888 enim

1943 912 2196 971 vidissent
2250 914 2399 973 illum
2448 917 2633 986 procul
2688 918 2984 975 venientem
3010 960 3026 986 ,
3074 921 3309 995 ipsisque
3353 925 3531 981 cibum

1941 1002 2251 1060 offerentem
2274 1044 2290 1073 ,
2338 1007 2475 1063 inter
2516 1023 2576 1065 se
2613 1008 2862 1067 dicebant
2913 1028 2926 1066 :
2983 1011 3197 1083 Venite,
3241 1018 3533 1074 occidantur

1940 1110 2076 1163 eum,
2108 1112 2168 1150 ac
2194 1097 2452 1155 videamus
2479 1099 2603 1169 quid
2631 1103 2806 1172 futura
2831 1102 2934 1156 sint
2961 1102 3101 1159 illius
3125 1107 3321 1162 somnia
3374 1106 3528 1176 (Gen.

1941 1185 2031 1240 57.
2060 1187 2132 1243 20
2153 1187 2195 1257 ).
2230 1187 2295 1246 Ut
2325 1188 2542 1247 fratrem
2572 1206 2678 1246 non
2717 1194 3016 1250 reverearis
3037 1234 3054 1264 ,
3086 1210 3258 1266 neque
3282 1205 3531 1254 naturam

1940 1292 2198 1350 agnoscas
2216 1321 2237 1348 ,
2263 1289 2676 1345 certemensam
2702 1284 2872 1355 ipsam
2890 1286 3247 1343 conveniebat
3266 1289 3530 1357 revereri,

1942 1369 2225 1441 ipsumque
2250 1371 2532 1429 ministerii
2560 1373 2818 1444 ofﬁcium,
2847 1375 3281 1448 quandoquidem
3306 1378 3534 1435 aliturus
3574 1432 3579 1437 κ

1943 1471 1997 1518 te
2040 1464 2302 1525 veniebat.
2332 1465 2440 1523 Sed
2481 1467 2603 1524 vide
2644 1468 2915 1539 quomodo
2941 1478 2999 1527 et
3038 1470 3406 1543 imprudentes
3434 1488 3533 1528 va-

1943 1555 2249 1612 ticinantur.
2290 1556 2482 1624 Venite,
2514 1559 2780 1629 inquiunt,
2811 1562 3096 1617 occidamus
3124 1579 3259 1631 eunt,
3287 1573 3334 1618 et
3359 1564 3532 1619 videa-

1942 1664 2052 1704 mus
2079 1649 2201 1720 quid
2242 1654 2421 1721 futura
2440 1651 2544 1706 sint
2586 1651 2725 1707 illius
2750 1653 2967 1708 sonmia.
2997 1654 3205 1717 Etenim
3236 1657 3338 1712 nisi
3381 1667 3532 1713 stru-

1941 1740 2149 1796 xissent
2192 1742 2431 1809 insidias,
2461 1743 2564 1798 nisi
2610 1745 2763 1799 dolos
2808 1747 3122 1813 texuissent,
3149 1755 3203 1803 et
3248 1748 3533 1821 impudens

1943 1831 2072 1887 illud
2114 1833 2399 1888 concilium
2446 1836 2903 1905 coneimmssent,
2951 1853 3283 1910 nequaquam
3330 1854 3533 1912 cogno-

1944 1921 2145 1977 vissent
2172 1922 2279 1977 vim
2327 1923 2539 1981 illorum
2582 1926 2933 1982 somniorum.
2964 1926 3081 1983 Non
3125 1929 3270 1984 enim
3312 1931 3535 1999 perinde

1902 2052 1909 2057 η
1942 2027 2191 2083 maguum
2218 2022 2372 2079 erat,
2414 2015 2613 2087 .loseph
2638 2058 2655 2085 ,
2685 2017 2729 2072 si
2759 2017 2891 2072 nihil
2916 2019 3093 2074 acerbi
3120 2034 3311 2090 passus
3348 2030 3529 2090 esset,

1942 2105 2303 2162 conscendere
2329 2106 2578 2165 thronum
2604 2108 2819 2181 Egypti
2838 2151 2852 2175 ,
2883 2125 2946 2164 ac
2974 2119 3054 2166 tot
3093 2111 3381 2169 obstaculis
3414 2114 3532 2169 dis-

1941 2198 2144 2267 cussis,
2171 2198 2313 2255 hunc
2337 2200 2585 2257 eumdem
2610 2202 2821 2274 assequi
2844 2202 3208 2273 splendorem.
3251 2204 3361 2261 Nisi
3386 2206 3530 2267 enim
3567 2242 3571 2246 -

1942 2289 2016 2345 illi
2060 2292 2383 2347 struxissent
2427 2292 2686 2362 insidias,
2734 2309 2841 2349 non
2891 2295 3257 2352 vendidissent
3301 2313 3427 2356 eum
3478 2302 3529 2355 in
3621 2357 3635 2370 ,

1941 2381 2232 2455 ὢεγριυω
2263 2401 2277 2438 z
2310 2384 2409 2440 nisi
2436 2386 2488 2439 in
2517 2384 2808 2458 Egyptum
2838 2388 3204 2445 vendidissent
3228 2406 3375 2463 ,Inon
3402 2393 3533 2448 uda-

1942 2482 2120 2531 matus
2162 2474 2351 2531 fuisset
2391 2476 2461 2530 ab
2498 2475 2628 2532 hera
2660 2492 2675 2530 :
2704 2478 2754 2532 si
2782 2492 2890 2537 non
2934 2477 3121 2535 fuisset
3160 2479 3440 2540 adamatus
3463 2483 3532 2539 ab

1943 2565 2070 2627 hera
2095 2608 2111 2632 ,
2139 2581 2246 2623 non
2278 2567 2470 2631 fuisset,
2487 2568 2764 2639 coniectu
2799 2570 2857 2624 in
2887 2584 3156 2626 carcerem
3182 2612 3200 2639 ,
3228 2588 3334 2628 non
3362 2576 3532 2629 inter.

1943 2666 2185 2728 pretatus
2227 2657 2417 2717 fuisset
2456 2659 2665 2715 somnia
2693 2701 2709 2725 ,
2755 2676 2861 2716 non
2906 2676 3131 2732 regnum
3175 2663 3306 2725 illud
3346 2663 3535 2720 fuisset

1941 2758 2264 2821 assequutus
2294 2766 2308 2803 :
2339 2749 2386 2805 si
2413 2764 2520 2806 non
2552 2749 2739 2807 fuisset
2763 2766 2985 2822 regnum
3015 2761 3396 2824 consequutus,
3424 2771 3533 2811 non

1944 2841 2217 2901 venissent
2246 2841 2319 2899 illi
2346 2842 2761 2899 commercaturi
2786 2843 3113 2900 frumentum
3136 2885 3153 2912 ,
3183 2861 3284 2902 nec
3309 2847 3534 2903 adoras-

1942 2941 2080 2991 sent.
2108 2931 2290 3003 itaque
2305 2933 2557 3004 quoniam
2575 2934 2889 2991 occiderunt
2913 2934 3085 3002 illum,
3102 2937 3172 2993 ob
3190 2938 3290 2993 hoc
3304 2940 3537 2997 maxime

1944 3024 2326 3083 intellexerunt
2351 3026 2495 3082 illius
2523 3026 2752 3082 somnia.
2782 3027 2917 3095 Quid
2946 3029 3138 3100 igitur?
3164 3029 3342 3101 ipsine
3364 3034 3536 3089 bono-

1942 3133 2059 3175 rum
2105 3110 2344 3173 omnium
2385 3133 2505 3189 qum
2535 3127 2655 3207 post
2698 3128 3029 3188 evenerunt,
3063 3121 3311 3193 illiusque
3349 3124 3536 3194 glorias

1942 3208 2157 3266 fuerunt
2174 3210 2248 3266 illi
2264 3210 2671 3267 conciliaturas?
2686 3211 3031 3284 Nequaquam
3042 3256 3055 3269 .
3083 3214 3277 3271 Verum
3302 3217 3404 3286 ipsi
3418 3220 3537 3289 quis

1942 3301 2065 3356 dem
2096 3300 2457 3357 moliebantur
2489 3301 2636 3357 illum
2664 3304 2846 3367 morti,
2865 3303 3247 3374 deSperationi,
3265 3309 3532 3376 servituti,

1944 3392 2175 3447 breviter
2197 3393 2454 3448 extremis
2474 3392 2630 3449 malis
2654 3393 2867 3449 tradere
2898 3412 2910 3446 :
2942 3395 3038 3449 sed
3066 3396 3204 3450 Deus
3231 3397 3423 3453 melior
3448 3414 3537 3453 ar-

1946 3485 2071 3545 tifes
2096 3527 2112 3553 ,
2141 3486 2506 3541 insidiantium
2538 3486 2739 3541 malitia
2764 3488 2819 3542 in
2847 3487 3047 3543 venditi
3090 3488 3401 3560 insidiisque
3428 3491 3533 3544 itn‘t

1945 3579 2090 3648 petiti
2112 3578 2335 3648 gloriam
2358 3594 2485 3633 usus
2504 3587 2608 3633 est.

2015 3668 2069 3724 6.
2108 3668 2186 3724 Ne
2210 3684 2337 3724 vero
2362 3677 2579 3739 putares
2616 3683 2793 3724 rerum
2828 3679 3084 3734 eventus,
3114 3671 3198 3725 vel
3232 3686 3391 3728 casus
3414 3687 3537 3729 esse

1945 3760 2212 3831 fortuitos,
2243 3759 2326 3815 vel
2354 3761 2423 3815 ab
2449 3758 2801 3814 humanarum
2830 3774 3013 3814 rerum
3042 3760 3216 3815 subita
3241 3763 3537 3819 mutatione

1946 3854 2181 3925 pendere
2208 3871 2222 3909 :
2253 3868 2347 3923 per
2371 3868 2465 3907 eos
2491 3852 2582 3923 qui
2610 3851 2961 3909 adversantur
2990 3893 3007 3920 ,
3036 3868 3133 3924 per
3153 3868 3251 3911 eos
3271 3858 3363 3927 qui
3386 3858 3538 3914 obsi‘

1949 3956 2115 4010 stunt,
2130 3955 2379 4015 procurat
2394 3945 2554 4009 Deus,
2567 3952 2626 4000 ut
2641 3959 2730 3999 res
2747 3959 2867 4015 qua
2884 3954 3149 4011 vetantur,
3166 3947 3536 4017 conficiantur,

1948 4037 2176 4095 inimicis
2200 4037 2310 4094 suis
2343 4036 2410 4091 ad
2440 4051 2590 4093 suam
2619 4035 2842 4118 gloriam
2874 4046 3028 4092 utens
3055 4039 3334 4106 ministris,
3364 4050 3429 4096 ut
3453 4041 3540 4096 in.

1948 4132 2156 4202 telligas
2193 4130 2334 4201 quod
2374 4131 2515 4185 Deus
2547 4129 2806 4197 decrevit,
2836 4144 2866 4182 a
2898 4130 3112 4185 nemine
3137 4130 3407 4200 dissipari,
3434 4150 3538 4189 nec

1948 4240 2162 4280 manum
2190 4224 2333 4278 illam
2358 4222 2622 4279 excelsam
2651 4238 2681 4277 a
2705 4236 2972 4293 quoquam
2997 4236 3244 4277 aversum
3267 4224 3330 4279 iri
3359 4240 3371 4277 :
3395 4227 3540 4296 quod

1947 4316 1993 4371 si
2022 4315 2235 4387 quando
2262 4315 2331 4369 ab
2367 4315 2545 4385 aliquo
2585 4314 2783 4383 petaris
2820 4313 3047 4382 insidiis,
3079 4328 3152 4370 ne
3176 4319 3540 4373 consterneris

1945 4410 2147 4477 animo,
2168 4423 2305 4464 neve
2329 4409 2551 4463 moleste
2570 4407 2729 4474 feras,
2751 4407 2847 4472 sed
2870 4406 3011 4463 scire
3038 4410 3214 4477 possis
3240 4409 3459 4466 insidias
3484 4411 3539 4465 in

1949 4504 2145 4559 bonum
2184 4501 2346 4556 finem
2384 4501 2640 4568 exituras,
2675 4508 2879 4555 tantum
2925 4501 2970 4556 si
3012 4501 3217 4557 fortiter
3254 4502 3393 4559 feras
3420 4519 3541 4575 quas

1947 4593 2217 4651 accidunt.

2026 4686 2243 4741 Eventus
2268 4686 2320 4739 in
2344 4700 2498 4739 manu
2522 4683 2640 4738 Dei.
2669 4712 2739 4725 υ·-
2760 4684 2901 4740 Ecce
2921 4684 3009 4741 hic
3042 4701 3254 4757 quoque
3296 4687 3430 4743 livor
3456 4705 3541 4744 re.

1948 4796 2111 4853 gnum
2126 4780 2349 4850 peperit,
2376 4778 2573 4834 invidia
2594 4779 2895 4834 conciliavit
2917 4778 3184 4846 diadema,
3208 4780 3274 4835 ad
3288 4779 3539 4837 thronum

1952 4870 2201 4943 perduxit
2223 4913 2238 4938 ,
2284 4880 2444 4943 atque
2466 4869 2540 4925 illi
2570 4871 2667 4941 ipsi
2698 4871 2786 4942 qui
2831 4870 3104 4925 struebant
3134 4871 3353 4926 insidias
3391 4875 3542 4927 auxi-

1953 4964 2144 5020 liantes
2170 4972 2549 5035 promoverunt
2588 4963 2655 5018 ad
2698 4964 2839 5018 illius
2864 4961 3071 5033 imperii
3099 4963 3537 5033 magnitudinem.

1953 5055 2021 5111 Et
2040 5058 2084 5112 is
2102 5055 2319 5128 quidem
2340 5055 2424 5111 cui
2446 5061 2659 5111 structae
2692 5054 2900 5109 fuerant
2928 5053 3132 5110 insidiae
3164 5068 3383 5125 regnum
3414 5054 3544 5109 ade-

1954 5158 2075 5219 ptus
2103 5160 2186 5205 est
2212 5166 2225 5203 :
2259 5150 2293 5204 ii
2337 5163 2468 5205 vero
2493 5148 2582 5219 qui
2608 5157 2931 5215 stmxerant,
2975 5147 3273 5204 servierunt
3305 5165 3321 5204 :
3353 5148 3546 5204 adora-

1956 5240 2109 5297 batur
2138 5241 2247 5308 ille,
2296 5240 2351 5295 hi
2391 5239 2699 5295 adorarunt.
2745 5239 2922 5310 Itaque
2953 5251 3077 5295 cum
3117 5239 3209 5295 tibi
3253 5238 3544 5296 acciderint

1952 5335 2143 5391 acerba
2171 5334 2529 5403 continuaque
2571 5331 2733 5398 mala,
2765 5347 2832 5388 ne
2863 5332 3092 5388 turberis
3118 5347 3290 5404 neque
3316 5332 3542 5389 moleste

1955 5425 2112 5490 feras,
2141 5425 2235 5481 sed
2281 5433 2501 5497 expecta
2544 5424 2726 5479 linem.
2760 5423 2987 5481 Omnino
3028 5424 3297 5497 continget
3344 5425 3543 5497 aliquid

1954 5516 2204 5573 munifico
2252 5515 2366 5573 Deo
2394 5516 2632 5587 dignum.
2666 5524 2869 5572 tantum
2910 5515 2954 5572 si
2983 5531 3105 5572 cum
3130 5516 3421 5589 gratiarum
3450 5530 3542 5572 ac~

1957 5609 2101 5665 tione
2127 5606 2264 5664 feras
2310 5622 2428 5680 quae
2456 5607 2707 5665 accidunt
2736 5625 2749 5663 :
2775 5606 3203 5680 quandoquidem
3252 5622 3350 5665 nec
3400 5608 3542 5674 iste,

1957 5715 2080 5760 cum
2105 5699 2196 5758 illa
2223 5701 2562 5772 somniasset,
2584 5717 2706 5759 cum
2737 5703 2788 5759 in
2818 5711 3115 5759 extremum
3139 5701 3427 5759 discrimen
3458 5716 3543 5756 vc-
