4018 6190
544 228 695 290 liii?)

553 348 741 407 uisset,
774 355 893 395 cum
922 336 1165 393 venditus
1191 351 1220 390 a
1248 335 1517 399 fratribus,
1536 350 1656 390 eum
1684 333 1752 388 ab
1779 334 1905 388 hera
1932 331 2136 389 insidiis

550 436 835 505 appetitus,
866 432 1095 501 denique
1114 445 1234 486 cum
1281 429 1333 483 in
1377 444 1646 483 carcerem
1677 434 1820 482 esset
1843 424 2137 494 conjectus,

554 521 1066 593 dicebatapud‘sese
1092 537 1106 574 :
1136 519 1261 590 quid
1292 519 1503 574 tandem
1533 520 1633 573 hoc
1658 527 1740 573 est
1767 516 1889 572 rei?
1916 514 2140 570 Fefelle-

552 626 678 673 runt
705 630 791 671 me
830 615 918 671 illa
944 614 1146 669 somnia
1182 630 1196 667 :
1226 611 1411 667 exsule
1449 626 1477 664 a
1500 610 1695 680 patria,
1724 608 1980 680 spoliatus
2021 622 2137 661 sum

555 710 817 770 libertate,
845 714 1064 776 propter
1088 705 1251 758 Deum
1284 718 1387 757 non
1410 704 1545 757 cessi
1570 702 1710 756 hera:
1734 701 1799 755 ad
1822 700 2138 755 adulterium

552 799 793 855 invitanti
821 814 836 853 :
867 808 1085 869 propter
1106 796 1411 865 pudicitiam
1456 810 1520 851 ac
1546 798 1794 850 virtutem
1834 794 1904 849 do
1932 807 2136 863 pmnas,

549 905 705 947 ac~ue
727 891 803 945 sic
830 889 1042 958 quidem
1073 889 1214 943 ultus
1233 896 1316 942 cst
1334 886 1504 942 vicem
1530 900 1704 940 meam
1731 885 1888 949 Deus,
1912 894 2001 937 aut
2021 898 2137 937 ma-

550 996 677 1036 num
707 982 963 1050 porrexit,
1008 978 1102 1035 sed
1131 993 1318 1049 passus
1343 985 1426 1033 est
1453 992 1540 1033 me
1568 976 1700 1031 tradi
1730 975 1952 1030 vinculis
1979 988 2138 1044 super

548 1074 650 1127 alia
679 1072 799 1127 aliis
830 1088 847 1126 :
878 1071 1211 1126 calamitates
1243 1068 1544 1124 inciderunt
1596 1076 1883 1137 perpetuae,
1923 1074 2044 1137 post
2064 1066 2140 1120 ci-

550 1175 783 1219 sternam
800 1163 1049 1230 servitus,
1070 1170 1190 1232 post
1203 1162 1513 1216 servitutem
1532 1159 1758 1224 insidize,
1779 1168 1899 1228 post
1921 1157 2140 1213 insidias

549 1253 835 1319 calumnia,
859 1261 977 1323 pust
1000 1252 1317 1307 calumniam
1333 1265 1537 1306 carcer.
1569 1249 1767 1306 Verum
1794 1250 1981 1304 horum
2006 1248 2137 1304 nihil

550 1344 700 1399 illum
727 1342 1088 1413 perturbabat,
1116 1342 1210 1397 sed
1229 1342 1617 1413 perseverabat
1645 1341 1697 1396 in
1725 1356 1820 1411 spe
1848 1356 1969 1395 cum
1998 1340 2135 1396 bona

552 1435 763 1500 ﬁducia,
789 1435 964 1490 sciens
1001 1433 1141 1505 quad
1167 1449 1288 1505 quae
1317 1435 1454 1490 dicta
1479 1443 1603 1490 sunt
1629 1450 1661 1490 a
1689 1434 1817 1500 Deo,
1850 1449 2136 1507 numquam

555 1525 821 1579 excident.

502 1612 511 1616 ’
606 1615 759 1669 -Deus
798 1632 956 1687 quare
990 1632 1091 1670 non
1147 1616 1316 1670 statim
1364 1616 1513 1685 eripit
1563 1625 1781 1672 sanctos.
1821 1640 1892 1658 -ι-
1927 1615 2142 1673 Poterat

553 1706 765 1776 quitlem
814 1708 955 1762 Deus
983 1707 1170 1761 eodem
1199 1708 1359 1763 etiam
1387 1707 1475 1761 die
1511 1708 1611 1762 ista
1658 1708 1935 1777 perlicere,
1967 1708 2059 1763 sed
2089 1718 2146 1763 ut

555 1799 709 1852 simul
732 1806 786 1853 et
806 1814 955 1852 suam
978 1798 1213 1852 declaret
1231 1798 1539 1867 potentiam,
1562 1808 1617 1854 et
1644 1798 1801 1853 fidem
1827 1798 2142 1855 famulorum

556 1906 794 1953 suorum,
824 1890 1081 1958 permittit
1099 1890 1321 1944 multum
1347 1891 1602 1959 temporis
1627 1890 1976 1958 intercedere,
2009 1892 2146 1947 mul-

557 1989 713 2049 taque
738 1979 972 2034 incidere
1001 1980 1400 2049 impedimenta,
1431 1984 1506 2035 uti
1535 1981 1693 2035 simul
1717 1991 1773 2037 et
1793 1982 1958 2051 ipsius
1983 1983 2148 2037 robur

532 2066 868 2138 cognoscas,
924 2080 1033 2123 tum
1078 2071 1344 2140 explentis
1398 2072 1678 2141 promissa,
1723 2084 2063 2144 posteaquam
2093 2074 2146 2129 in

552 2158 982 2231 desperationem
1002 2160 1229 2217 adducta
1249 2176 1336 2217 res
1355 2171 1457 2228 est,
1480 2172 1532 2221 et
1552 2177 1834 2218 servorum
1856 2166 2150 2235 perspicias

558 2254 902 2308 tolerantiam
925 2267 989 2308 ac
1017 2251 1195 2318 fidem,
1225 2268 1361 2324 quos
1387 2254 1519 2309 nihil
1549 2256 1761 2323 horum,
1791 2272 1908 2326 quae
1940 2257 2151 2313 interim

560 2346 827 2410 accidunt,
864 2360 895 2399 a
945 2345 1081 2400 bona
1127 2360 1223 2416 spe
1250 2345 1485 2415 depellit.
1536 2346 1640 2402 Sed
1670 2348 1811 2417 quod
1839 2349 2018 2404 dicere
2045 2363 2154 2406 ete-

568 2455 773 2508 peram,
815 2441 1013 2496 reversi
1056 2450 1181 2495 sunt
1225 2442 1333 2508 isti,
1385 2440 1527 2495 fame
1559 2443 1675 2496 illos
1715 2443 1873 2497 veluti
1903 2443 2153 2499 carnifice

564 2532 862 2601 prmcipites
890 2533 1120 2602 agitante
1148 2573 1162 2598 ,
1212 2544 1272 2588 et
1324 2534 1545 2605 principi
1576 2534 1773 2604 Ioseph
1818 2536 2110 2593 exhibente
2136 2557 2157 2591 .-

561 2624 809 2679 volvbant
835 2640 1018 2681 emere
1048 2624 1391 2681 frumentum
1422 2644 1435 2679 :
1466 2627 1552 2683 hic
1598 2639 1773 2683 autem
1817 2632 1889 2685 ait
1941 2631 2006 2686 ad
2035 2647 2151 2700 eos,

560 2712 927 2784 Exploratores
972 2716 1088 2770 estis
1142 2714 1309 2786 (Gen.
1339 2718 1430 2771 42.
1458 2718 1548 2789 9).
1582 2718 1658 2772 Illi
1686 2720 1826 2788 apud
1861 2734 1980 2776 sese
2005 2723 2153 2779 dicc-

562 2806 713 2867 bant,
731 2806 982 2875 quidnam
1014 2810 1113 2862 hoc
1138 2817 1219 2861 est
1240 2808 1540 2863 ?Alimenta
1561 2818 1795 2879 emptum
1813 2812 2073 2880 venimus,
2097 2822 2153 2870 et

554 2897 632 2952 'de
659 2897 761 2951 vita
796 2897 1158 2969 periclitamur
1184 2900 1208 2953 ἲ
1237 2899 1424 2953 Merito
1453 2918 1467 2953 :
1501 2900 1933 2973 quandoquidem
1971 2914 2029 2960 et
2056 2906 2151 2962 ille

570 2991 719 3046 \obis
742 2990 1046 3046 alimoniam
1066 2992 1340 3058 afferebat,
1362 2992 1536 3064 deque
1555 2995 1660 3049 vita
1690 2996 2018 3066 periclitatus
2046 3008 2149 3054 est.

565 3080 829 3137 (ueterum
859 3083 949 3139 ille
977 3083 1190 3154 quidem
1213 3100 1339 3141 vere
1357 3100 1544 3156 passus
1570 3095 1653 3143 est
1676 3103 1690 3153 ;
1728 3103 1824 3144 vos
1849 3098 2025 3145 autem
2050 3090 2153 3147 hoc

565 3191 658 3245 per
687 3175 1082 3230 simulationem
1122 3176 1382 3247 patimini.
1408 3177 1523 3232 Non
1554 3179 1695 3234 enim
1740 3180 1985 3236 inimicus
2014 3191 2150 3250 erat,

565 3267 658 3322 sed
694 3266 895 3320 inimici
946 3282 1226 3335 personam
1275 3277 1678 3338 assumpserat,
1717 3274 1922 3341 utquid
1966 3274 2017 3328 in
2062 3289 2153 3344 pa-

568 3370 714 3410 terna
743 3355 942 3409 familia
983 3369 1230 3427 ageretur
1265 3358 1329 3411 ad
1370 3359 1581 3428 plenum
1614 3373 1979 3432 cognosceret.
2011 3366 2155 3432 Quo-

569 3450 709 3501 niam
747 3449 887 3501 enim
918 3448 1060 3502 circa
1108 3447 1279 3517 ipsum
1316 3449 1546 3518 improbi
1591 3452 1886 3523 ingratique
1925 3454 2152 3523 fuerant,

570 3538 839 3607 Betijamin
882 3548 1057 3593 autem
1089 3554 1208 3592 cum
1238 3540 1371 3609 ipsis
1400 3555 1505 3595 non
1548 3542 1794 3609 viderat,
1844 3547 2042 3601 veritus
2086 3549 2157 3605 de

569 3645 732 3699 [mero
760 3646 829 3685 ne
852 3630 1062 3700 quando
1080 3640 1134 3685 et
1157 3632 1244 3687 ille
1272 3631 1459 3688 eadem
1481 3649 1598 3705 qua:
1621 3634 1783 3690 frater
1805 3652 1992 3706 passus
2019 3639 2154 3695 fuis-

570 3731 666 3781 set.
694 3721 843 3790 jubet
876 3739 1038 3777 unum
1066 3739 1129 3778 cx
1157 3724 1261 3778 illis
1288 3726 1519 3779 vinctum
1551 3727 1656 3781 illic
1689 3727 1940 3798 detineri,
1964 3730 2156 3788 deinde

573 3814 692 3868 illos
727 3824 939 3883 sumpto
968 3815 1111 3868 omni
1141 3815 1406 3870 frumento
1426 3816 1719 3883 discedere,
1767 3830 1994 3875 mortem
2044 3823 2150 3876 illis

573 3904 947 3968 comminatus,
977 3905 1076 3959 nisi
1106 3904 1322 3961 fratrem
1347 3921 1501 3962 suum
1530 3908 1875 3965 adducerent.
1903 3911 2026 3967 llaec
2057 3913 2153 3983 igi-

572 3993 772 4050 tur’ubi
796 3995 929 4049 facta
955 4004 1098 4062 stntt,
1122 3997 1255 4051 dixit
1285 3998 1387 4052 illis
1415 4017 1429 4053 :
1462 3999 1767 4070 Rclinquitc
1790 4004 2016 4074 aliquem
2048 4006 2156 4072 hic,

569 4094 630 4142 et
663 4085 877 4143 fratrem
904 4098 1138 4143 vestrum
1166 4090 1450 4146 adducite:
1475 4092 1555 4146 sin
1597 4094 1791 4161 minus,
1833 4099 2152 4156 moriemini.

569 4179 711 4246 Quid
735 4188 844 4234 tum
870 4180 1011 4237 inter
1035 4196 1094 4237 se
1110 4181 1460 4252 loquebantur
1485 4184 1558 4238 illi
1581 4184 1605 4237 ἲ
1626 4185 1870 4242 Profecto
1895 4188 2010 4245 bare
2033 4191 2153 4260 jure

572 4272 725 4329 nobis
767 4272 1053 4328 accidunt:
1095 4289 1218 4328 nam
1269 4274 1322 4329 in
1361 4275 1592 4345 peccatis
1629 4294 1812 4334 sumus
1841 4321 1855 4345 ,
1894 4280 1961 4336 de
1990 4282 2152 4341 fratre

573 4373 754 4418 nostro
776 4376 895 4419 cum
922 4374 1133 4433 rogaret
1154 4379 1272 4420 nos.
1299 4365 1455 4420 Vides
1481 4377 1600 4436 post
1615 4378 1869 4437 quantum
1898 4377 2152 4442 temporis

574 4454 774 4522 peccati
814 4455 956 4509 illius
995 4455 1455 4511 recordabantur?
1488 4458 1552 4511 Et
1584 4459 1652 4513 ad
1702 4470 1903 4530 patrem
1937 4465 2150 4533 quidem

570 4543 849 4598 dixerant:
879 4542 1013 4597 Fara
1034 4546 1249 4612 pessima
1269 4547 1520 4601 devoravit
1539 4547 1728 4620 Ioseph
1752 4547 1905 4621 (Gen.
1922 4550 2011 4609 37.
2030 4553 2147 4623 55).

572 4636 838 4690 Cmterum
862 4636 975 4705 ipso
1000 4635 1199 4707 Joseph
1225 4651 1487 4707 prresente
1506 4642 1856 4713 audienteque
1878 4657 2151 4715 peccatum

572 4743 727 4783 suum
762 4726 1087 4794 prodebant.
1135 4728 1273 4795 Quid
1324 4731 1421 4784 hac
1471 4747 1531 4787 re
1578 4734 1869 4791 mirabilius
1910 4738 2150 4794 accidere

574 4819 790 4889 possit?
823 4818 1086 4875 iudicium
1131 4820 1331 4890 absque
1360 4822 1818 4894 redargutionibus
1862 4830 2147 4898 peragitur,

572 4919 624 4962 ιιι
650 4911 919 4964 excusatio
945 4912 1061 4964 sine
1095 4911 1451 4979 accusatione,
1494 4915 1736 4983 probatio
1762 4917 1877 4972 sine
1907 4920 2148 4986 testibus,

482 5004 487 5010 ‘
574 5003 699 5054 dum
725 4999 846 5070 ipsi,
873 4998 963 5069 qui
996 4997 1202 5054 facinus
1232 5010 1564 5071 peregerunt,
1581 5004 1785 5074 seipsos
1810 5006 2149 5076 redarguunt,

571 5088 821 5159 quodque
852 5089 986 5144 clam
1026 5088 1219 5144 factum
1257 5090 1449 5158 fuerat,
1494 5092 1744 5151 efferunt.
1783 5096 1911 5164 Quis
1937 5113 2155 5167 persua-

600 5192 2325 5229 mm

1543 5267 1649 5326 AD
1691 5218 2033 5328 HOh-HLIA
2043 5269 2103 5326 Μ

1862 5217 2192 5228 ..ι--ο-

661 5348 1055 5419 Chrysostomo
1107 5349 1247 5406 duce
1305 5350 1449 5407 bane
1502 5353 1783 5408 homiliam
1852 5351 2155 5409 secundum

590 5437 826 5497 quatuor
854 5428 974 5482 illas
1020 5427 1087 5483 de
1114 5427 1325 5484 Lazaro
1357 5435 1569 5502 priores
1597 5432 1870 5503 ponimus.
1926 5433 1982 5486 ld
2031 5450 2161 5489 vero

590 5521 700 5558 non
744 5505 906 5560 modo
939 5511 1202 5578 temporis
1230 5508 1580 5581 ordiuisque,
1617 5511 1713 5566 sed
1771 5512 1935 5566 etiam
1991 5527 2160 5583 argu-

590 5584 756 5660 menti
794 5584 934 5637 ratio
992 5587 1250 5654 postulat.
1309 5587 1443 5643 Nam
1492 5598 1613 5660 post
1660 5599 1895 5660 quatuor
1939 5591 2061 5646 illas
2092 5594 2161 5651 de

589 5659 801 5714 Lazaro
830 5676 888 5716 se
915 5663 1057 5720 banc
1095 5659 1504 5737 consequenter
1537 5659 1744 5725 dixisse
1782 5671 1942 5725 initio
1983 5672 2162 5730 decla-

595 5745 679 5792 rat
718 5738 853 5808 ipse.
887 5740 1006 5795 Dies
1044 5753 1273 5812 quatuor
1316 5747 1370 5800 in
1416 5747 1729 5817 explicanda
1787 5750 1929 5804 vobis
1966 5749 2163 5807 Lazari

1296 224 1351 280 S.
1393 222 1669 280 JOANNIS
1705 213 2181 276 CIIRYSOSTOMI
2219 213 2538 272 ARCHIEP.
2579 214 3111 276 CONSTANTiNOP.

2196 5217 2370 5227 —_

3629 231 3738 293 illi!

2272 331 2373 385 sit?
2393 331 2523 400 Quis
2554 331 2730 404 adegit
2754 333 2806 387 in
2834 332 3098 403 publicum
3124 334 3324 404 elfcrre,
3350 352 3452 409 qum.
3472 354 3569 399 ante
3584 355 3738 407 tantum

2271 424 2526 492 temporis
2543 432 2744 494 patrata
2762 425 2920 479 sunt?
2945 429 3130 480 Annon
3158 428 3465 497 perspicuum
3482 435 3739 497 estbueade.

2271 514 2414 583 gisse
2436 514 2836 582 conscientiam,
2869 516 3120 586 judicem,
3146 519 3230 571 cui
3255 519 3399 573 verba
3430 521 3526 575 dari
3551 539 3632 579 non
3652 544 3740 597 pos-

2274 616 2439 669 sunt;
2467 620 2588 675 qua:
2620 606 2834 661 assidue
2870 608 3202 662 concutiebat
3225 608 3420 664 illorum
3446 622 3746 680 mentem,ani-

2274 711 2524 766 mumquc
2551 697 2796 752 turbabat
2821 697 2844 752 '!
2873 698 2939 753 Et
2963 699 3052 754 ille
3073 700 3278 753 occisus
3305 711 3420 755 tunc
3443 704 3622 760 sedebat
3638 713 3749 767 tacite

2271 787 2515 857 judicans
2550 790 2669 843 illos
2694 806 2710 842 :
2735 805 2964 859 cumque
3001 790 3141 847 nulla
3183 793 3431 848 sententia
3457 794 3501 849 in
3524 796 3638 866 ipsos
3653 814 3750 857 esset

2280 882 2636 950 pronuntiata,
2661 882 2762 950 ipsi
2804 881 3262 938 condemnatiouis
3301 885 3534 939 calculum
3566 888 3750 947 adversus

2279 986 2397 1026 sese
2426 970 2682 1026 ferebant.
2715 972 2779 1026 Et
2803 972 2886 1026 isti
2908 972 3118 1041 quidem
3144 974 3253 1027 haec
3278 972 3529 1029 dicebant:
3548 978 3752 1034 aliusvero

2279 1076 2399 1117 sese
2419 1063 2727 1129 excusabat,
2754 1062 2937 1117 dicens
2963 1082 2978 1117 :
3011 1062 3199 1117 Nouné
3215 1064 3318 1117 dixi
3338 1065 3400 1117 ad
3414 1080 3488 1119 vos
3509 1067 3568 1118 ita
3584 1069 3752 1136 togam:

2282 1152 2366 1208 Ne
2395 1154 2590 1208 (sedatis
2624 1171 2854 1223 puerum,
2883 1171 3002 1208 neue
3041 1155 3311 1225 quidquam
3355 1157 3464 1210 mali
3489 1157 3554 1210 illi
3574 1160 3749 1227 faciatis,

2279 1244 2515 1314 quoniam
2551 1245 2711 1315 frater
2733 1255 2902 1298 noster
2925 1254 2997 1299 est
3019 1261 3038 1298 .'
3066 1258 3111 1298 et
3141 1261 3249 1299 ecce
3284 1261 3410 1298 nunc
3448 1249 3618 1317 sanguis
3644 1250 3753 1317 ipsius

2279 1337 2560 1406 exquiritur
2582 1336 2645 1390 de
2670 1336 2900 1390 manibus
2923 1337 3106 1390 nostris
3124 1336 3151 1389 ?
3175 1335 3321 1407 (Gen.
3341 1336 3425 1390 42.
3450 1337 3551 1407 2'2).
3579 1341 3752 1396 Altamen

2281 1426 2327 1481 is
2352 1427 2439 1496 qui
2473 1427 2587 1481 lucc
2605 1426 2834 1495 dicebat,
2863 1427 2988 1481 nihil
3012 1428 3078 1482 de
3097 1429 3243 1483 caule
3263 1439 3351 1481 aut
3372 1428 3675 1485 interiectione
3696 1432 3753 1485 illa

2280 1519 2484 1575 dixerat
2509 1537 2523 1574 :
2551 1534 2823 1574 verumne
2864 1519 2976 1589 ipse
2998 1518 3212 1589 quidem
3243 1519 3426 1574 sedens
3444 1519 3673 1589 quidquam
3688 1522 3754 1576 tale

2280 1612 2573 1682 qua'rebat,
2626 1612 2719 1666 sed
2764 1612 2925 1666 alium
2974 1611 3189 1665 fratrem
3233 1611 3553 1681 requirebat:
3589 1613 3756 1680 ipsorum

2282 1714 2454 1761 tamen
2472 1706 2797 1761 conscientia
2825 1722 2923 1777 per
2941 1705 3175 1762 oblatam
3197 1708 3507 1763 occasionem
3528 1706 3755 1769 iusurrexit,

2280 1799 2667 1869 momorditqne
2710 1800 2921 1855 illorum
2969 1800 3213 1864 animos,
3258 1800 3501 1864 efﬁciens,
3527 1809 3575 1854 ut
3608 1800 3757 1853 nemine

2281 1891 2654 1960 compellcnte,
2698 1906 2793 1945 sua
2830 1890 3216 1946 confiterentur
3267 1886 3513 1945 facinora.
3548 1889 3698 1943 Eadem
3723 1899 3758 1943 et

2281 1984 2434 2037 nobis
2452 1984 2696 2040 accidunt
2717 1985 2768 2038 in
2799 1984 3030 2053 peccatis
3054 1983 3353 2053 prtetcritis.
3380 1982 3498 2038 Cum
3524 1982 3636 2037 enim
3654 1982 3759 2035 malis

2279 2088 2376 2128 nos
2388 2075 2850 2130 circumstantibus
2867 2070 3263 2143 examinamur,
3276 2072 3491 2143 priorum
3509 2082 3758 2143 peccatorum

2280 2167 2687 2222 reminiscimur.

2352 2260 2402 2313 7.
2448 2260 2574 2314 Haec
2612 2259 2768 2330 igitur
2795 2260 2976 2314 omnia
3003 2273 3131 2315 cum
3169 2259 3411 2327 sciamus,
3440 2257 3518 2313 ubi
3540 2255 3640 2331 quid
3662 2254 3759 2329 pravi

2274 2352 2622 2421 gesserimus,
2647 2366 2715 2406 ne
2741 2361 3114 2422 exspectemus
3134 2351 3456 2408 calamitates
3482 2353 3760 2419 malorumque

2276 2443 2568 2508 incursum,
2600 2457 2772 2513 neque
2793 2442 3049 2511 pericula,
3071 2458 3251 2515 neque
3277 2444 3489 2507 vincula,
3508 2442 3586 2496 sed
3603 2443 3761 2510 singulis

2273 2544 2330 2589 et
2356 2533 2503 2588 horis
2534 2542 2590 2589 et
2607 2534 2798 2588 diebus
2831 2549 3158 2589 renovemus
3198 2534 3331 2604 apud
3367 2548 3458 2588 nos
3475 2534 3593 2603 ipsos
3610 2532 3685 2585 hoc
3700 2532 3759 2599 ju-

2276 2622 2498 2691 dicium,
2554 2624 2871 2679 sententiam
2894 2624 3154 2681 adversus
3176 2640 3272 2680 nos
3296 2625 3430 2695 ipsos
3453 2623 3661 2687 feramus,
3683 2636 3761 2675 om-

2276 2717 2434 2786 nique
2459 2716 2616 2772 modo
2643 2732 2899 2772 conemur
2926 2718 3035 2773 Deo
3060 2733 3165 2774 nos
3193 2734 3429 2790 purgare,
3453 2733 3509 2771 ac
3539 2730 3673 2786 neque
3694 2714 3761 2784 ipsi

2275 2808 2342 2863 de
2361 2808 2751 2863 resurrectione
2770 2808 2942 2879 deque
2958 2809 3169 2879 judicio
3192 2810 3494 2872 dubitemus,
3515 2821 3653 2875 neque
3668 2805 3764 2857 alios

2276 2907 2347 2952 tta
2377 2897 2652 2968 loquentes
2675 2898 2930 2963 feramus,
2955 2898 3049 2954 sed
3075 2900 3253 2955 modis
3272 2898 3499 2953 omnibus
3522 2912 3597 2966 per
3613 2909 3662 2949 ea
3683 2904 3764 2962 qua

2276 2989 2413 3044 dicta
2436 2997 2577 3053 sunt,
2604 2988 2710 3043 illis
2735 2990 3044 3045 obturemus
3073 3005 3159 3046 os.
3192 2990 3320 3046 Nam
3350 2989 3392 3043 si
3431 2989 3525 3043 illic
3546 3002 3632 3041 non
3658 2998 3764 3038 esse.

2278 3097 2396 3137 mus
2410 3081 2580 3137 daturi
2604 3097 2787 3153 pinnas
2802 3083 3184 3148 admissorum,
3208 3084 3343 3138 Deus
3358 3094 3640 3152 nequaquam
3658 3076 3764 3131 nobis

2278 3173 2365 3229 hie
2390 3174 2750 3230 constituisset
2780 3174 2885 3229 tale
2918 3174 3206 3244 judicium.
3241 3174 3344 3229 Sed
3374 3183 3424 3228 et
3448 3172 3535 3226 hoc
3560 3171 3693 3238 ipsum
3711 3173 3768 3219 est

2285 3267 2424 3321 illius
2449 3266 2789 3336 benignitatis
2822 3265 3091 3320 indicium.
3134 3266 3393 3333 Quoniam
3417 3264 3542 3321 enim
3564 3270 3660 3313 tunc
3677 3269 3771 3309 exa-

2280 3339 2463 3412 cturus
2505 3366 2589 3412 est
2635 3373 2664 3411 a
2702 3357 2855 3411 nobis
2894 3358 3150 3412 rationem
3178 3358 3508 3418 delictorum,
3534 3350 3706 3407 instituit
3733 3350 3769 3398 in

2282 3448 2433 3503 nobis
2480 3449 2620 3504 hunc
2671 3448 2897 3517 iudicem
2939 3448 3437 3515 incorruptibilem,
3480 3453 3529 3499 ut
3561 3445 3598 3497 is
3635 3441 3697 3493 hic
3723 3436 3770 3490 de

2281 3540 2579 3595 commissis
2600 3540 2753 3595 nobis
2789 3539 3049 3610 judicium
3074 3539 3326 3603 reddens,
3372 3535 3771 3598 emendatioresquo

2281 3632 2503 3701 faciens,
2548 3649 2613 3689 ex
2639 3634 2729 3688 illo
2767 3633 2956 3704 eripiat
2998 3631 3245 3702 judicio:
3276 3632 3410 3703 quod
3443 3640 3491 3685 et
3517 3626 3672 3683 Paulus
3688 3622 3768 3675 ait:

2287 3723 2425 3778 Nam
2448 3726 2493 3779 si
2542 3727 2870 3793 nosmetipsos
2879 3725 3255 3794 judicareittus,
3277 3741 3374 3778 non
3402 3723 3553 3792 utique
3572 3717 3767 3789 judicare-

2286 3834 2397 3870 mur
2415 3834 2444 3869 a
2466 3815 2738 3888 Domino(l
2753 3814 2890 3870 .Cor.
2907 3816 3112 3881 ΗΖΛ).
3133 3815 3202 3872 Ut
3237 3817 3388 3887 igitur
3423 3826 3573 3882 neque
3595 3816 3681 3861 tum
3699 3818 3773 3872 pll-

2285 3907 2512 3972 niamur,
2542 3921 2711 3977 neque
2757 3915 2865 3960 tum
2907 3918 3090 3976 pinnas
3113 3905 3327 3972 demus,
3370 3906 3418 3959 in
3459 3914 3588 3959 suam
3608 3895 3772 3966 quisque

2284 3998 2661 4053 conscientiam
2711 3997 3056 4067 ingrediatur,
3105 3994 3611 4067 vitamquaesplicet
3633 4006 3644 4042 :
3666 4000 3763 4040 cun-

2285 4089 2491 4158 ctisque
2521 4089 2820 4144 commissis
2838 4087 3120 4158 diligenter
3139 4088 3377 4143 excussis
3398 4083 3672 4142 condemnet
3688 4073 3771 4128 ssi-

2286 4195 2424 4233 mam
2448 4219 2466 4246 ,
2521 4195 2639 4250 qua;
2682 4180 2798 4235 haec
2832 4180 3089 4249 patravit,
3123 4180 3407 4249 puniatque
3443 4171 3772 4246 cogitationem.

2281 4272 2498 4343 almam.
2531 4274 2837 4343 crucielquc
2863 4286 3012 4327 suam
3057 4272 3224 4341 ipsius
3267 4278 3510 4333 mentem,
3529 4259 3772 4332 supplicium

2280 4383 2309 4420 a
2337 4367 2515 4437 seipso
2553 4366 2726 4437 exigat
2762 4380 2856 4435 pro
2899 4364 3147 4434 peccatis,
3191 4379 3291 4434 per
3328 4353 3770 4417 condemnationem.

2286 4473 2378 4527 per
2402 4459 2682 4528 diligenter
2705 4468 2875 4513 actam
2903 4457 3290 4526 paenitentiam,
3330 4471 3423 4527 per
3448 4452 3687 4518 lacrymas,
3705 4453 3775 4510 P"

2282 4552 2689 4617 confessionem,
2734 4566 2831 4621 per
2864 4550 3144 4619 jejunium,
3192 4563 3288 4617 per
3323 4548 3684 4611 eleemosynam.

2281 4642 2659 4698 continentiam
2685 4658 2747 4696 ac
2774 4642 3068 4705 caritatem,
3098 4649 3157 4694 ut
3200 4638 3457 4707 possimus
3491 4643 3649 4687 omnes
3666 4634 3768 4677 om"!

2283 4736 2440 4791 modo
2482 4735 2568 4791 hic
2609 4735 2861 4804 depositis
2888 4733 3115 4802 peccatis
3136 4731 3298 4786 multa
3327 4745 3442 4783 cum
3482 4721 3644 4778 ﬁducia
3683 4713 3767 4810 illuc

2282 4827 2755 4896 proficisci:quam
2798 4824 2952 4879 nobis
3004 4823 3252 4878 omnibus
3290 4819 3543 4886 contingat
3577 4819 3761 4897 assequi:

2277 4919 2442 4988 gratia
2472 4934 2534 4972 ac
2561 4918 2881 4985 benignitate
2909 4914 3117 4971 Domini
3149 4912 3313 4967 nostri
3339 4910 3460 4966 Jesu
3482 4900 3666 4961 Christi.
3687 4908 3762 4962 ειη·-

2276 5024 2397 5064 cum
2427 5008 2566 5063 Patri
2593 5021 2647 5064 et
2685 5017 2870 5063 sancto
2908 5007 3106 5079 Spiritu
3135 5005 3324 5077 gloria,
3365 5004 3415 5056 in
3446 4996 3617 5055 siccata
3639 5000 3757 5043 sacu-

2273 5098 2463 5154 lorum.
2494 5102 2681 5156 Amen.

3106 5187 3734 5233 ﬂ
3818 5186 3822 5189 ’

2374 5216 2643 5229 ~—_—____

2264 5357 2521 5425 parabole
2550 5363 2990 5427 consumpsimus.
3026 5361 3215 5432 Neque
3239 5372 3411 5418 tamen
3450 5379 3504 5419 se
3530 5362 3753 5430 argtunen‘

2267 5444 2378 5489 tum
2422 5446 2652 5500 mutare,
2699 5438 2790 5490 sed
2823 5440 3010 5491 eodeni
3060 5440 3177 5510 ipso
3240 5442 3483 5496 insistere
3516 5439 3753 5512 proﬁtetur.

2265 5529 2387 5569 cum
2411 5516 2543 5573 dicit
2573 5534 2586 5571 :
2628 5514 2727 5569 Ille
2753 5516 2816 5569 de
2845 5515 3056 5572 Lazaro
3079 5507 3430 5592 evangelicus
3471 5507 3633 5571 cantus
3664 5507 3755 5589 [nili

2264 5593 2349 5647 hic
2374 5594 2695 5663 apostolicus
2725 5612 2927 5660 sonus;
2985 5599 3076 5651 sed
3106 5615 3241 5655 unus
3281 5607 3351 5653 est
3381 5604 3664 5651 concentus:
3703 5596 3753 5633 τί·

2263 5674 2470 5742 quidem
2508 5676 2561 5728 in
2597 5674 2691 5728 illa
2730 5677 2986 5744 parabola
3024 5681 3192 5735 multa
3244 5680 3304 5734 de
3345 5668 3755 5752 resurrectioncfl

2265 5755 2326 5807 de
2358 5753 2450 5807 illo
2484 5741 2741 5809 tribunali
2768 5757 3127 5833 philosophati
3179 5774 3396 5827 sumus;
3450 5768 3573 5809 nunc
3601 5751 3643 5803 iit
3690 5741 3755 5795 Μ’
