4018 6190
199 317 341 373 ιθιδ

191 435 290 489 καὶ
307 430 537 506 πραθεὶς
555 429 665 487 ὑπὸ.
681 430 790 486 τῶν
810 429 1074 502 ἀδελφῶν,
1097 431 1192 483 καὶ
1206 429 1358 503 παρά
1370 429 1471 501 τῆς
1489 428 1778 500 δεσποίνης

189 515 627 580 ἐπιϐουλευθεὶς,
669 517 765 570 καὶ
791 515 954 569 πάλιν
979 517 1058 579 είς
1081 514 1457 586 δεσμωτήριον
1487 511 1744 585 ἐμπεσὼν
1760 552 1775 576 ,

185 599 297 655 οὑκ
324 595 448 654 εἷπε
470 598 607 673 πρὸς
622 600 834 665 ἐαυτὸν,
859 600 926 654 Τί
953 617 1083 654 ποτε
1107 598 1266 653 τοῦτό
1289 600 1471 666 ἐστιν;
1502 597 1687 667 ἀπάτη
1710 594 1781 650 τὰ

188 684 454 756 ὀνείρατα
481 685 667 737 ἐκεῖνα
690 678 779 754 ἦν,
823 682 1080 748 ἐξέπεσον
1105 684 1207 755 τῆς
1236 681 1517 753 πατρίδος,
1545 682 1782 734 ἀπεστε-

192 768 376 841 ρήθην
406 766 736 838 ἐλευθερίας·
768 766 854 820 διά
879 766 970 820 τὸν
998 760 1130 820 Θεὸν
1155 766 1257 819 οὑκ
1287 760 1405 830 εἶξα
1427 767 1497 836 τῇ
1524 763 1782 834 δεσποίνῃ

190 854 334 926 πρὸς
362 850 607 925 μοιχείαν
641 850 903 923 καλούση·
946 850 1035 905 διά
1080 850 1435 923 σωφροσύνην
1457 849 1552 904 καὶ
1578 846 1781 920 ἀρετὴν

191 936 519 1009 κολάξομαι·
538 935 634 990 καὶ
655 936 775 989 οὑδέ
792 933 966 998 οὑτως
988 935 1214 1006 ἤμυνεν,
1232 933 1351 987 οὑδέ
1372 934 1530 1004 χεῖρα
1555 930 1779 1001 ὤρεξεν,

190 1022 311 1078 ἀλλ’
343 1022 495 1075 εἴασε
527 1018 898 1091 παραδοθῆναι
920 1018 1139 1089 δεσμοῖς
1174 1017 1494 1088 ἐπαλλήλοις
1530 1017 1627 1069 καὶ
1660 1032 1783 1068 συν-

192 1109 349 1180 εχέσι
384 1106 709 1179 συμφοραῖς·
748 1102 886 1174 μετά
916 1101 1026 1174 γάρ
1046 1103 1135 1155 τὸν
1161 1102 1364 1183 λάκκον
1378 1099 1610 1164 δουλεία,
1645 1098 1783 1171 μετά

86 1198 91 1203 ’
189 1192 441 1249 δουλείαν
486 1189 769 1261 ἐπιϐουλὴ,
795 1187 934 1260 μετά
960 1186 1253 1258 ἐπιϐουλὴν
1269 1184 1622 1255 συκοφαντία,
1645 1183 1783 1255 μετά

194 1274 565 1347 συκοφαντίαν
591 1273 984 1345 δεσμωτήριον.
1027 1271 1167 1326 Ἀλλ’
1206 1270 1360 1325 οὐδὲν
1391 1269 1597 1325 τούτων
1621 1268 1783 1322 αὑτὸν

190 1360 469 1434 ἐθορύϐει,
498 1357 611 1412 ἀλλ’
638 1356 880 1429 ἕμενετῇ
907 1357 1083 1411 ἐλπίδι
1115 1356 1355 1430 θαρρῶν,
1396 1355 1493 1411 καὶ
1518 1353 1673 1420 εἰδὼς
1699 1356 1783 1408 ὃτι

190 1447 263 1500 τά
287 1443 555 1515 εἰρημένα
581 1442 643 1496 οὑ
677 1444 1019 1497 διαπεσεῖται
1047 1442 1325 1496 οὐδέποτε.

282 1529 536 1583 Ἐδύνατο
570 1527 669 1599 μὲν
694 1525 805 1597 γάρ
827 1529 855 1580 ὀ
879 1525 1012 1590 Θεὸς
1028 1526 1123 1580 καὶ
1143 1528 1274 1599 παρ’
1290 1527 1463 1597 αὑτὴν
1486 1525 1628 1581 αὑτά
1657 1525 1786 1599 πλη-

196 1614 373 1687 ρῶσαι
406 1613 507 1683 τὴν
559 1611 797 1683 ⁴ἡμέραν,
830 1609 943 1665 ἀλλ’
976 1611 1063 1665 ἴνα
1095 1611 1189 1666 καὶ
1219 1610 1318 1682 τὴν
1360 1611 1525 1665 αὑτοῦ
1554 1610 1784 1682 δύναμιν

192 1694 558 1766 ἐπιδείξηται,
576 1695 670 1746 καὶ
691 1693 789 1763 τὴν
816 1692 999 1747 πίστιν
1021 1694 1128 1747 τῶν
1149 1692 1317 1747 αὑτοῦ
1345 1693 1566 1759 δούλων,
1588 1694 1781 1764 ἀφίησι

192 1780 391 1853 χρόνον
422 1777 624 1850 μεταξὺ
661 1781 1037 1849 παρεμπεσεῖν
1062 1779 1292 1851 μακρὸν,
1315 1779 1409 1832 καὶ
1442 1778 1609 1833 πολλά
1631 1777 1786 1848 γενέ-

195 1865 325 1919 σθαι
354 1861 673 1934 κωλύματα,
706 1862 794 1915 ἴνα
816 1863 909 1915 καὶ⁸
928 1863 1027 1935 τὴν
1055 1862 1221 1917 αὑτοῦ
1251 1862 1428 1934 μάθῃς
1460 1863 1636 1933 ἰσχὺν,
1665 1862 1785 1915 τότε

193 1947 534 2019 πληροῦντος
568 1946 636 2000 τά
684 1944 1104 2016 ἐπηγγελμένα,
1159 1946 1289 2001 ὅταν
1338 1949 1420 2010 είς
1476 1948 1787 2016 ἀπόγνωσιν

193 2032 453 2107 ἐμπέσῃ,
500 2031 597 2084 καὶ
647 2031 749 2101 τὴν
790 2029 900 2083 τῶν
946 2029 1151 2084 δούλων
1193 2030 1310 2103 ἴδῃς
1364 2031 1641 2102 ὑπομονὴν
1694 2032 1788 2085 καὶ

196 2116 406 2179 πίστιν,
438 2114 614 2167 οὐδενὶ
632 2111 739 2167 τῶν
770 2112 830 2165 ἐν
856 2113 1006 2184 μέσῳ
1033 2112 1437 2183 συμϐαινόντων
1460 2114 1557 2185 τῆς
1579 2113 1789 2184 ἀγαθῆς

195 2198 531 2270 προσδοκίας
570 2195 968 2250 ἐκπιπτόντων.
1016 2196 1181 2260 Ἀλλ’,
1210 2197 1349 2268 ὅπερ
1386 2197 1592 2267 ἔλεγον,
1621 2199 1788 2253 ἐποιν-

194 2282 367 2354 ἣλθον
403 2275 571 2345 οὗτοι,
611 2280 707 2333 τοῦ
732 2278 917 2349 λιμοῦ,
951 2277 1206 2350 καθάπερ
1243 2277 1577 2351 στρατιώτου
1606 2280 1787 2344 τινὸς,

197 2366 297 2421 ἐπὶ
331 2364 576 2435 κεφαλὴν
607 2363 807 2427 αὑτοὺς
847 2359 1119 2427 ὠθοῦντος
1159 2362 1256 2417 καὶ
1300 2363 1664 2435 παριστάντος
1692 2363 1791 2433 ἄρ·

195 2467 351 2522 χοντι
375 2447 455 2520 τῷ
487 2447 708 2519 Ἰωσὴφ,
741 2447 838 2501 καὶ
865 2446 1147 2500 ἐϐούλοντο
1178 2446 1442 2517 πρίασθαι
1482 2450 1645 2500 σῖτον·
1678 2448 1714 2507 ὁ,
1734 2446 1792 2499 δὲ
1844 2452 1855 2459 ’

192 2533 255 2587 τί
281 2550 417 2605 φησι
448 2532 585 2603 πρὸς
606 2529 835 2597 αὑτούςς
867 2528 1251 2589 Κατάσκοποί
1281 2530 1442 2584 ἐστε.
1460 2530 1525 2584 Oi
1553 2531 1611 2584 δὲ
1639 2523 1793 2583 εἶπον

196 2618 256 2670 ἐν
300 2618 535 2679 ἑαυτοῖς,
580 2614 646 2666 Τί
699 2630 830 2667 ποτε
881 2611 1041 2666 τοῦτό
1097 2614 1246 2679 ἐστι;
1308 2612 1515 2685 τροφὴν
1557 2612 1793 2684 ἤλθομεν

195 2698 679 2771 ἐμπορευσόμενοι
699 2740 713 2764 ,
745 2696 842 2750 καὶ
875 2697 1006 2769 περὶ
1043 2694 1223 2767 ψυχῆς
1250 2694 1667 2766 κινδυνεύομεν;
1696 2695 1787 2748 Ei-

198 2782 399 2847 κότως,
431 2782 554 2834 ἐπεὶ
584 2781 677 2834 καὶ
705 2780 868 2845 αὑτὸς
905 2778 1112 2852 τροφὴν
1135 2780 1264 2850 ὑμῖν
1286 2778 1531 2851 ἐκόμισε,
1551 2780 1646 2833 καὶ
1668 2779 1796 2851 περὶ

195 2866 303 2936 τῆς
329 2866 475 2937 ζωῆς
519 2864 919 2919 ἐκινδύνευσεν·
964 2864 1082 2917 ἀλλ’
1111 2863 1274 2927 αὑτὸς
1303 2864 1403 2934 μὲν
1431 2863 1661 2937 ἀληθείᾳ
1688 2865 1794 2918 ὑπο

198 2951 421 3022 έμενεν,
467 2949 628 3020 ὑμεῖς
661 2948 719 3002 δέ
776 2947 1066 3021 ὑποκρίσει
1115 2946 1275 3001 τοῦτο
1305 2946 1563 3018 πάσχετε·
1598 2949 1660 3001 οὑ
1685 2946 1794 3019 γὰρ

197 3033 397 3105 ἐχθρὸς
421 3027 511 3104 ἦν,
536 3031 673 3085 ἀλλά
705 3033 1049 3104 προσωπεῖον
1078 3030 1340 3084 ἀνέλαϐεν
1365 3031 1586 3103 ἐχθροῦ,
1614 3031 1703 3085 ἵνα
1726 3032 1795 3085 τά

197 3116 347 3171 κατά
383 3115 484 3188 τὴν
508 3116 686 3170 οἰκίαν
728 3117 865 3187 μετὰ
894 3114 1180 3187 ἀκριϐείας
1218 3114 1384 3188 μάθῃ.
1439 3115 1655 3187 Ἐπειδὴ
1685 3115 1795 3187 γὰρ

198 3201 435 3273 πονηροὶ
466 3201 596 3271 περὶ
622 3201 785 3254 αὑτὸν
814 3200 1066 3270 ἐγένοντο
1092 3202 1187 3253 καὶ
1232 3198 1570 3271 ἀγνώμονες,
1610 3200 1700 3253 τόν
1734 3216 1794 3253 τε

200 3283 466 3354 Βενιαμὶν
491 3284 593 3338 οὑκ
618 3280 725 3338 εἶδε
771 3285 887 3356 μετ’
915 3284 1095 3338 αὑτῶν
1127 3283 1277 3349 ὄντα,
1310 3283 1492 3346 δείσας
1528 3283 1668 3355 ὑπὲρ
1698 3278 1794 3337 τοῦ

200 3367 422 3432 παιδὸς,
456 3369 669 3447 μήποτε
712 3370 967 3432 κάκεῖνος
1000 3368 1072 3421 τὰ
1101 3367 1308 3437 ἀδελφά
1341 3367 1490 3439 αὑτῷ
1534 3366 1793 3434 πέπονθε,
1832 3374 1843 3380 ’

202 3450 420 3506 κελεύει
465 3451 687 3523 δεθῆναι
738 3469 862 3506 τινα
912 3451 1009 3506 ἕνα
1064 3452 1159 3510 καὶ
1191 3450 1458 3523 ἀφεθῆναι
1506 3453 1639 3506 ἐκεῖ·
1677 3447 1797 3505 εἶτα

202 3535 407 3599 αὑτοὺς
431 3534 699 3600 λαϐόντας
730 3535 824 3588 τὸν
857 3537 1001 3589 σῖτον
1025 3532 1272 3599 ἅπαντας
1316 3532 1471 3607 [761]
1508 3534 1795 3599 ἀπελθεῖν,

202 3617 516 3690 ἀπειλήσας
554 3618 784 3673 θάνατον
817 3621 1023 3683 αὑτοῖς,
1075 3620 1125 3672 εί
1179 3619 1255 3693 μὴ
1311 3619 1402 3673 τὸν
1449 3620 1675 3689 ἀδελφὸν
1706 3620 1798 3674 τὸν

206 3702 423 3758 ἑαυτῶν
448 3703 804 3771 ἐπαγάγοιεν.
847 3703 1000 3756 Ἐπεὶ
1055 3698 1148 3757 οὖν
1196 3702 1371 3757 ταῦτα
1427 3703 1666 3772 ἐγένετο,
1703 3702 1800 3755 καὶ

134 3800 139 3807 '
207 3782 385 3852 εἶπεν,
422 3785 627 3855 Ἀφετέ
671 3803 792 3839 τινα
839 3786 1094 3854 ἐνταῦθα,
1134 3787 1229 3843 καὶ
1272 3785 1364 3843 τὸν
1390 3786 1616 3857 ἀδελφὸν
1644 3786 1799 3858 ὑμῶν

207 3871 473 3939 ἀγάγετε·
507 3870 637 3923 εἰδὲ
669 3870 766 3941 μὴ,
791 3869 1008 3941 θανάτῳ
1045 3869 1424 3924 ἀποθανεῖσθε·
1460 3870 1513 3924 τί
1545 3870 1681 3943 πρὸς
1702 3868 1800 3923 ἀλ-

207 3954 407 4026 λήλους
436 3954 621 4023 ἔλεγον
647 3955 875 4020 ἐκεῖνοι;
903 3954 1032 4018 Ναὶ,
1057 3956 1116 4008 ἐν
1146 3956 1445 4027 ἁμαρτίαις
1470 3956 1637 4028 ἐσμέν
1672 3957 1802 4029 περὶ

206 4036 308 4092 τοῦ
345 4037 583 4107 ἀδελφοῦ
614 4036 797 4109 ἡμῶν,
827 4038 915 4091 ὅτε
945 4038 1235 4093 κατεδέετο
1266 4038 1446 4111 ἡμῶν.
1474 4035 1631 4106 Εἶδες
1663 4039 1802 4112 μετά

206 4122 378 4178 πόσον
401 4122 596 4193 χρόνον
642 4124 741 4193 τῆς
790 4123 1067 4195 ἁμαρτίας
1096 4124 1518 4196 ἀνεμνήσθησαν
1546 4124 1800 4196 ἐκείνης;

208 4207 323 4260 Καὶ
344 4205 485 4277 πρὸς
510 4207 609 4277 μέν
629 4206 722 4260 τὸν
747 4207 960 4279 πατέρα
1005 4205 1211 4275 ἔλεγον·
1267 4209 1488 4275 Θηρίον
1532 4207 1802 4275 πονηρὸν

206 4288 510 4359 κατέφαγε
535 4289 644 4342 τὸν
683 4290 919 4359 Ἰωσήφ·
956 4290 1122 4344 αὑτοῦ
1150 4290 1208 4344 δέ
1226 4289 1320 4344 τοῦ
1358 4291 1559 4362 Ἰωσὴφ
1597 4290 1801 4360 παρόν-

205 4389 303 4437 τος
324 4374 420 4426 καὶ
452 4371 764 4436 ἀκούοντος,
796 4374 895 4445 τὴν
923 4373 1200 4445 ἁμαρτίαν
1249 4373 1561 4446 ἐξήλεγχον.
1591 4374 1658 4427 Τί
1684 4372 1803 4427 τού-

204 4472 307 4510 του
356 4455 788 4528 παραδοξότερον
833 4455 1029 4524 γένοιτ’
1066 4456 1164 4524 ἄν;
1222 4459 1584 4530 Δικαστήριον
1632 4457 1802 4528 χωρὶς

208 4538 455 4610 ἐλέγχων
477 4539 706 4608 γίνεται,
732 4540 824 4593 καὶ
852 4539 1116 4609 ἀπολογία
1146 4542 1314 4613 χωρὶς
1335 4541 1802 4613 κατηγορίας,καὶ

208 4622 493 4689 ἀπόδειξις
535 4624 662 4678 ἀνευ
718 4623 1049 4696 μαρτύρων,
1081 4624 1260 4679 αὑτῶν
1315 4625 1424 4679 τῶν
1470 4625 1530 4678 τὸ
1572 4628 1805 4700 πρᾶγμα

213 4709 616 4780 ἐργασαμένων
644 4710 871 4772 ἐαυτοὺς
903 4709 1263 4779 ἐλεγχόντων,
1302 4710 1396 4765 καὶ
1420 4710 1482 4764 τὸ
1508 4710 1683 4783 λάθρα
1714 4727 1805 4779 γε-

211 4794 519 4865 γενημένον
550 4794 1024 4865 ἐκπομπευόντων.
1044 4794 1139 4859 Τίς
1163 4794 1368 4859 ἔπεισε,
1386 4796 1469 4860 τίς
1493 4798 1805 4867 ἠνάγκασεν

218 4879 301 4942 είς
327 4878 495 4949 μέσον
531 4877 833 4946 ἐξενεγκεῖν
875 4878 944 4931 τά
995 4878 1102 4951 πρὸ
1148 4879 1403 4933 τοσούτου
1458 4879 1800 4952 τολμηθέντα

214 4961 418 5030 κρόνου
439 4977 454 4991 ·
483 4962 598 5015 om:
624 4960 867 5032 εύδηλον,
900 4962 983 5016 δτι
1022 4962 1082 5015 τὸ
1113 4963 1369 5028 συνειδὸς,
1410 4965 1439 5015 ὁ
1468 4963 1803 5036 ἀπαραλόγι-

1161 320 1250 375 DE
1289 319 1570 376 LAZARO
1610 316 1856 376 συκοιο
1889 310 1946 371 ν.
1975 343 2045 355 -
2070 307 2410 368 ΜΟΝΙΊΊΣΜ.

3330 304 3462 361 ιοιν

1886 443 2010 492 στος
2036 426 2319 497 δικαστὴς,
2346 427 2585 497 συνεχῶς
2612 423 2792 479 αὑτῶν
2812 418 3064 478 κατέσειε
3086 416 3184 490 τὴν
3206 415 3470 501 διάνοιαν,

1885 510 1981 565 καὶ
1998 510 2096 582 τὴν
2110 511 2288 583 ψυχὴν
2312 510 2560 582 ἐθορύϐει
2576 527 2591 576 ;
2615 511 2726 563 Καὶ
2745 510 2772 561 ὁ
2795 501 3079 577 φονευθεὶς
3093 503 3214 555 τότε
3236 500 3475 573 ἐκάθητο

1888 596 2014 665 σιγῇ
2065 594 2304 659 δικάζων
2350 593 2580 657 αὐτούς·
2620 595 2715 645 καὶ
2765 588 3040 663 μηδεμιᾶς
3097 584 3475 657 ἐξενεχθείσης

1886 676 2217 745 ἀποφάσεως
2245 676 2365 730 καθ’
2392 676 2606 731 ἐαυτῶν
2640 677 2739 747 τὴν
2770 670 3243 735 καταδικάζουσαν
3276 668 3475 734 αὑτοὺς

1885 758 2066 829 ψῆφον
2114 759 2269 813 αὐτοὶ
2307 760 2522 832 ἔφερον.
2572 759 2685 812 Καὶ
2716 752 2861 811 οῦτοι
2911 756 3011 826 μὲν
3048 752 3221 806 ταῦτα
3251 752 3470 820 ἔλεγον·

1886 841 2073 913 ἕτερος
2102 842 2160 896 δὲ
2212 843 2534 912 ἀπελογεῖτο
2554 884 2569 908 ,
2613 840 2808 911 λέγων·
2840 840 2962 893 Οὐκ
3006 835 3287 904 ἐλάλησα
3322 834 3472 903 πρὸς

1885 925 2065 997 ὑμᾶς,
2096 928 2251 982 οὕτω
2276 927 2491 998 λέγων·
2529 926 2627 995 Μὴ
2663 923 2994 991 ἀδικήσητε
3036 923 3105 975 τὸ
3136 919 3473 988 παιδάριον,

1882 1010 2038 1081 μηδὲ
2061 1012 2356 1081 ποιήσητε
2404 1010 2592 1066 ἀύτὸν
2609 1010 2809 1081 μηδὲν
2843 1007 3033 1061 κακὸν
3052 1048 3067 1073 ,
3098 1004 3187 1060 ὅτι
3208 1004 3469 1074 ἀδελφὸς

1888 1095 2057 1167 ἡμῶν
2093 1096 2243 1151 ἐστι·
2270 1096 2370 1151 καὶ
2409 1096 2537 1151 ἰδοὺ
2582 1094 2699 1149 νῦν
2727 1093 2793 1147 τὸ
2830 1088 2974 1161 αἷμα
3008 1088 3469 1157 αὺτσῦρκζητεῇ

1888 1197 2003 1246 ται,
2046 1180 2233 1251 φησὶν,
2265 1181 2334 1235 ὲκ
2360 1178 2480 1234 τῶν
2505 1176 2723 1250 χειρῶν
2746 1174 2950 1246 ἡμῶν;
2982 1174 3173 1227 Καίτοι
3198 1172 3352 1226 ούδέν
3381 1172 3476 1226 αὑ-

1888 1264 1980 1326 τὸς
2005 1267 2034 1319 ὁ
2062 1264 2236 1319 ταῦτα
2259 1264 2434 1334 λέγων
2476 1262 2607 1336 περὶ
2652 1260 2745 1316 τοῦ
2781 1261 2942 1330 φόνου
2991 1258 3217 1328 καὶτῆς
3260 1257 3476 1328 σφαγῆς

1889 1348 2106 1418 ἐκείνης
2139 1344 2317 1413 εἶπεν,
2341 1346 2453 1400 ἀλλ’
2472 1346 2633 1409 αὐτὸς
2666 1344 2766 1417 μὲν
2792 1343 3099 1414 καθήμενος
3124 1341 3274 1395 οὐδὲν
3304 1338 3477 1394 τοιοῦ-

1887 1449 1979 1487 τον
2006 1433 2211 1503 ἐζήτει,
2244 1432 2379 1486 ἀλλά
2406 1431 2497 1485 τὸν
2527 1430 2717 1502 ἕτερον
2748 1427 2976 1497 ἀδελφὸν
3007 1426 3283 1496 ἐπεζήτει·
3324 1424 3383 1477 τὸ
3418 1424 3476 1477 δὲ

1894 1515 2135 1585 συνειδὸς,
2158 1515 2337 1571 αὑτῶν
2395 1514 2793 1585 ἐπιλαϐόμενον
2835 1510 3061 1583 καιροῦ,
3098 1509 3348 1579 διανέστη
3381 1508 3477 1562 καὶ

1890 1598 2174 1671 καθήψατο
2196 1600 2295 1671 τῆς
2317 1600 2542 1653 ἐκείνων
2571 1597 2829 1660 διανοίας,
2856 1595 2950 1649 καὶ
2974 1592 3200 1665 μηδενὸς
3226 1590 3476 1661 ἀναγκά-

1891 1680 2110 1747 ζοντος,
2157 1683 2227 1736 τά
2254 1680 2632 1754 τετολμημένα
2678 1678 3012 1750 ὁμολογῆσαι
3065 1674 3472 1746 παρεσκεύασε.

1886 1765 2074 1826 Ταῦτα
2094 1766 2188 1820 καὶ
2204 1767 2362 1837 ἡμεῖς
2384 1765 2643 1829 πολλάκις
2659 1764 2964 1834 πάσχομεν,
2978 1759 3357 1831 παρελθόντων
3370 1756 3478 1819 τῶν

1889 1849 2320 1921 ἁμαρτημάτων·
2349 1852 2407 1904 ἐν
2432 1850 2629 1925 δεινοῖς
2658 1846 2766 1921 γὰρ
2801 1844 3176 1916 ἐξεταζόμενοι
3205 1846 3299 1899 καὶ
3320 1860 3479 1914 περι-τ

1891 1933 2135 1996 στάσεσι,
2156 1931 2569 2005 μνημονεύομεν
2586 1931 2698 1986 τῶν
2724 1930 3009 2003 προτέρων
3038 1927 3487 2001 ἁμαρτημάτων..

1960 2031 2024 2096 ζ’.
2051 2030 2231 2102 ’Δπερ
2262 2025 2354 2083 οὖν
2391 2031 2606 2085 ᾶπαντα
2629 2028 2851 2096 εἰδότες,
2869 2026 3089 2082 ἐπειδάν
3106 2044 3159 2079 τι
3180 2024 3481 2097 πράξωμεν

1891 2114 2146 2186 πονηρὸν,
2180 2113 2255 2185 μὴ
2285 2113 2649 2185 ἀναμένωμεν
2684 2110 2971 2183 συμφοράς
3000 2111 3094 2177 καὶ
3125 2108 3493 2181 περιστάσεις,

1895 2198 2030 2270 μηδέ
2062 2196 2346 2261 κινδύνους
2386 2196 2481 2250 καὶ
2512 2195 2709 2267 δεσμά,
2734 2194 2871 2249 ἀλλὰ
2899 2194 3020 2248 καθ’
3052 2193 3290 2264 ἐκάστην
3327 2190 3498 2262 ὥραν,

1889 2299 1949 2336 τε
1975 2282 2070 2336 καὶ
2096 2281 2312 2353 ἡμέραν
2340 2280 2687 2351 ἀνακινῶμεν
2721 2274 2852 2351 παρ’
2879 2280 3094 2356 ἑαυτοῖς
3135 2276 3197 2330 τὸ
3222 2276 3482 2347 δικαστή-

1897 2382 2011 2438 ριον
2046 2364 2228 2429 τοῦτο,
2266 2364 2361 2418 καὶ
2390 2365 2489 2428 τὰς
2522 2363 2735 2435 ψήφους
2789 2362 2913 2417 καθ’
2946 2360 3155 2421 ἑαυτῶν
3202 2361 3480 2432 φέρωμεν,

1894 2449 1989 2502 καὶ
2031 2448 2355 2520 πειρώμεθα
2398 2449 2563 2501 παντὶ
2587 2447 2776 2519 τρόπῳ
2811 2445 3200 2516 ἀπολογεῖσθαι
3226 2445 3304 2516 τῷ
3336 2446 3480 2517 Θεῷ,

1894 2533 1989 2586 καὶ
2016 2532 2155 2603 μήτε
2178 2532 2332 2585 αὑτοὶ
2360 2531 2490 2603 περὶ
2518 2531 2616 2601 τῆς
2633 2531 2984 2593 ἀναστάσεως
3007 2530 3102 2583 καὶ
3122 2530 3222 2601 τῆς
3248 2528 3505 2601 κρίσεως.

1895 2614 2355 2687 ἀμφισϐητῶμεν,
2391 2616 2529 2685 μήτε
2577 2614 2784 2686 ἐτέρων
2822 2613 3093 2682 λεγόντων
3134 2612 3483 2684 ἀνεχώμεθα,

1896 2696 2033 2752 ἀλλά
2082 2698 2248 2753 παντὶ
2279 2697 2468 2769 τρόπῳ
2513 2697 2602 2750 διά
2635 2697 2745 2750 τῶν
2778 2696 3090 2769 εἰρημένων
3138 2696 3337 2759 αὑτοὺς
3365 2697 3488 2749 ἐπι-

1899 2781 2265 2853 στομίξωμεν.
2299 2782 2374 2835 Ού
2397 2781 2506 2853 γάρ
2531 2779 2620 2843 ἂν,
2653 2781 2701 2835 εί
2742 2781 2820 2852 μὴ
2844 2780 2967 2834 τότε
2991 2779 3300 2852 ἐμέλλομεν
3328 2778 3487 2833 εὐθύ-

1898 2883 1996 2930 νας
2027 2865 2245 2935 ὑφέξειν
2289 2866 2399 2919 τῶν
2437 2863 3014 2935 πεπλημμελημένων,
3066 2863 3308 2917 τοιοῦτον
3355 2864 3488 2933 ἡμῖν

1899 2948 2133 3002 ἐνταῦθα
2161 2949 2221 3002 τὸ
2249 2948 2602 3019 δικαστήριον
2655 2946 3057 3017 ἐγκατέστησεν
3082 2947 3111 3000 ὁ
3136 2945 3288 3010 Θεός.
3326 2944 3490 3000 Ἀλλά

1896 3030 2174 3085 καὶτοῦτο
2200 3031 2300 3103 τῆς
2322 3028 2487 3084 αὑτοῦ
2519 3028 2927 3100 φιλανθρωπίας
2954 3029 3273 3101 τεκμήριον.
3307 3029 3489 3082 Ἐπει-

1894 3116 1959 3186 δὴ
1987 3114 2099 3186 γάρ
2128 3115 2246 3169 τότε
2278 3114 2462 3185 μέλλει
2483 3114 2639 3184 λόγον
2658 3113 2808 3185 ἡμᾶς
2830 3113 3081 3167 ἀπαιτεῖν
3098 3112 3209 3168 τῶν
3229 3112 3487 3184 πεπλημ-

1903 3199 2248 3271 μελημένων,
2285 3198 2656 3269 ἐγκατέστησε
2678 3195 2871 3251 τοῦτον
2909 3196 3003 3250 τὸν
3036 3195 3336 3251 ἀδέκαστον
3364 3213 3487 3268 κρι-

1894 3283 2015 3356 τὴν,
2035 3285 2122 3338 ἵνα
2152 3279 2306 3347 οὗτος
2335 3281 2568 3336 ἐνταῦθα
2592 3281 2735 3353 ὑπὲρ
2762 3280 2871 3335 τῶν
2892 3279 3303 3353 ἡμαρτημένων
3333 3279 3489 3334 δικά-

1897 3366 2007 3433 ζων
2035 3368 2186 3439 ἡμῖν,
2215 3366 2312 3419 καὶ
2345 3365 2826 3436 σωφρονεστέρους
2858 3363 3359 3438 ποιῶν,ἐξαρπάσῃ
3390 3366 3490 3436 τῆς

1901 3450 2207 3522 μελλούσης
2240 3452 2357 3505 ἐκεῖ
2413 3450 2670 3521 κρίσεως.
2711 3451 2893 3522 Ὅπερ
2948 3444 3043 3504 οὗν
3096 3450 3193 3503 καὶ
3223 3451 3251 3503 ὁ
3278 3448 3492 3515 Παῦλος

1898 3535 2077 3606 λέγει·
2120 3537 2188 3591 El
2214 3535 2322 3604 γὰρ
2356 3534 2613 3601 ἑαυτοὺς
2635 3534 2977 3605 ἑκρίνομεν,
3003 3537 3116 3590 οὐκ
3148 3535 3225 3589 ἂν
3261 3536 3493 3604 ἐκρινό-

1894 3626 2046 3693 μεθα
2060 3620 2179 3677 ὑπὸ
2203 3620 2309 3674 τοῦ
2334 3621 2578 3687 Κυρίου.
2595 3619 2713 3674 Ἵνα
2738 3615 2831 3675 οῦν
2865 3620 2939 3692 μὴ
2963 3620 3086 3674 τότε
3111 3619 3490 3692 κολαζώμεθα,

1903 3708 1979 3779 μὴ
2012 3706 2135 3760 τότε
2175 3704 2409 3765 εὐθύνας
2448 3703 2764 3774 ὑπέχωμεν,
2804 3705 3034 3768 ἕκαστος
3063 3706 3143 3767 είς
3167 3703 3228 3757 τὸ
3255 3704 3492 3768 συνειδὸς

1900 3791 2190 3846 εἰσελθέτω
2242 3788 2303 3844 τὸ
2348 3788 2568 3854 ἐαυτοῦ,
2602 3789 2695 3842 καὶ
2734 3789 2835 3861 τὴν
2867 3786 3011 3859 ζωὴν
3033 3786 3363 3853 ἀναπτύξας.
3398 3789 3493 3842 καὶ

1902 3878 2122 3933 ἅπαντα.
2163 3872 2232 3927 τά
2278 3871 2797 3944 πεπλημμελημένα
2838 3872 2979 3942 μετά
3008 3871 3295 3942 ἀκριϐείας
3329 3869 3492 3923 ἐπελ-

1902 3959 2032 4026 θὼν,
2060 3956 2523 4025 καταγινωσκέτω
2566 3957 2666 4027 τῆς
2695 3955 2877 4026 ψυχῆς
2925 3954 3026 4024 τῆς
3058 3953 3232 4008 ταῦτα
3263 3955 3494 4027 ἐργασα-

1906 4045 2097 4118 μένης,
2138 4041 2419 4107 κολαζέτω
2441 4042 2571 4106 τοὺς
2596 4041 2918 4112 λογισμοὺς,
2947 4040 3197 4104 θλιϐέτω,
3228 4056 3494 4111 στενοχω-

1906 4130 2069 4205 ρείτω
2103 4126 2255 4201 [³162]
2278 4128 2377 4198 τὴν
2407 4127 2603 4181 ἐαυτοῦ
2630 4126 2892 4189 διάνοιαν,
2915 4124 3070 4196 δίκην
3098 4123 3293 4178 ἐαυτὸν
3322 4123 3493 4177 ἀπαι-

1906 4215 2067 4270 τείτω
2095 4211 2205 4266 τῶν
2238 4210 2647 4284 ἡμαρτημένων
2689 4209 2778 4264 διά
2817 4209 2915 4281 τῆς
2958 4207 3377 4277 καταγνώσεως,
3405 4206 3519 4266 διὰ,

1874 4297 2009 4368 ’τῆς
2061 4295 2353 4367 μετανοίας
2385 4297 2484 4366 τῆς
2521 4292 2933 4366 ὴκριϐωμένης,
2966 4290 3054 4347 διά
3091 4291 3366 4361 δακρύων,
3405 4290 3497 4345 διὰ

1910 4378 2370 4453 ἐξομολογήσεως,
2406 4377 2495 4431 διὰ
2541 4376 2796 4448 νηστείας
2837 4377 2933 4431 καὶ
2978 4375 3371 4447 ἐλεημοσύνης,
3405 4373 3496 4429 διά

1908 4462 2239 4536 ἐγκρατείας
2273 4461 2369 4515 καὶ
2402 4462 2645 4531 ἀγάπης,
2675 4460 2764 4515 ῖνα
2812 4460 2979 4516 παντὶ¹
3009 4460 3199 4533 τρόπῳ
3254 4459 3497 4532 δυνηθῶ-

1912 4567 2012 4621 μεν
2046 4549 2228 4602 πάντα
2243 4545 2477 4601 ἐνταῦθα
2494 4544 2821 4616 ἀποθέμενοι
2840 4544 2909 4599 τά
2927 4546 3149 4617 άμαρτή
3159 4561 3326 4615 ματα,
3355 4542 3504 4615 με·τάΔ

1906 4632 2109 4701 πολλῆς
2127 4629 2382 4685 ἀπελθεῖν
2413 4629 2530 4682 ἐκεῖ
2544 4628 2644 4700 τῆς
2670 4629 2985 4702 παρρησίας
3000 4646 3014 4659 ·
3031 4624 3100 4701 ἦς
3123 4628 3335 4698 γένοιτο
3356 4627 3494 4680 πάν-

1905 4732 2004 4780 τας
2025 4716 2171 4786 ἠμᾶς
2199 4713 2497 4784 ἐπιτυχεῖν,
2520 4712 2707 4785 χάριτι
2740 4713 2833 4767 καὶ
2857 4712 3240 4785 φιλανθρωπία
3260 4711 3355 4764 τοῦ
3377 4711 3492 4764 Ku-

1911 4799 2025 4870 ρίου
2057 4798 2213 4871 ήμῶν
2247 4796 2423 4869 Ἰησοῦ
2452 4796 2714 4869 Χριστοῦ,
2738 4796 2859 4868 μεθ’
2878 4791 2939 4851 οῦ
2961 4795 3040 4867 τῷ
3073 4794 3250 4868 lim-9i.
3280 4794 3314 4861 ἡ
3334 4792 3490 4859 δόξα,

1909 4882 2025 4955 ἅμα
2049 4883 2127 4954 τῷ
2142 4883 2283 4955 ἁγίῳ
2305 4880 2605 4952 Πνεῦματι,
2626 4882 2706 4946 εἰς
2738 4882 2864 4945 τοὺς
2889 4881 3088 4945 αἰῶνας
3117 4880 3226 4937 τῶν
3255 4877 3491 4934 αἰώνων.

1922 4968 1980 5020 ’Δ
1988 4968 2116 5036 μήν.

1815 5268 2170 5281 ,—_—————-

254 5264 3482 5308 mm

1660 5334 2056 5399 MONITUM.

242 5422 420 5490 ipsum
450 5430 817 5490 argumentum
857 5435 951 5473 nos
1000 5419 1173 5474 oratio
1203 5420 1437 5476 deduxit.
1480 5420 1818 5490 Quapropter

239 5500 293 5581 in
329 5500 566 5557 vetustis
594 5501 783 5555 multis
808 5498 1090 5555 codicibus
1146 5510 1269 5570 post
1300 5510 1537 5581 quatuor
1582 5502 1704 5561 illas
1748 5499 1818 5555 de

238 5579 452 5637 Lazaro
476 5583 769 5638 conciones
804 5583 922 5637 Iuno
965 5582 1200 5649 locatur,
1233 5591 1288 5638 et
1333 5579 1523 5653 Quinta
1563 5582 1818 5638 inscribi-

239 5666 353 5715 tur.
378 5659 496 5716 Etsi
530 5675 661 5716 vero
688 5660 757 5715 de
787 5661 1192 5718 resurrectione
1222 5672 1280 5718 ut
1327 5663 1622 5733 plurimum
1653 5662 1817 5719 verba

239 5736 431 5803 faciat,
466 5739 520 5794 in
543 5753 639 5793 eos
672 5738 913 5793 maxime
945 5738 1238 5806 invehitur,
1281 5743 1375 5812 qui
1420 5757 1517 5811 pro
1547 5740 1819 5798 defunctis

240 5816 478 5874 nimium
522 5819 1055 5891 immoderatumque
1094 5819 1300 5875 luctum
1340 5821 1679 5894 exhiberem,
1720 5839 1818 5879 nec

1924 5422 2044 5476 sine
2074 5435 2266 5491 magna
2298 5422 2580 5493 gentilium
2602 5419 2841 5484 nﬂ‘ensa;
2884 5423 3133 5491 exemplo
3160 5431 3340 5478 autem
3368 5423 3493 5481 Julii

1923 5510 1979 5555 ct
2021 5500 2297 5554 Abraham
2341 5502 2407 5555 ad
2461 5502 2695 5556 liliorum
2740 5501 2987 5571 jacturas
3032 5501 3273 5572 aequiore
3306 5504 3491 5558 animo

1924 5580 2177 5637 ferendas
2211 5582 2552 5635 cohortatur.

1993 5660 2178 5717 Jacobi
2228 5658 2458 5732 Gounyli
2494 5661 2991 5731 interpretationem
3043 5659 3313 5726 Latinam,
3371 5672 3493 5728 qua

1925 5741 2110 5796 multis
2140 5743 2285 5799 vitiis
2332 5742 2636 5809 laborabat,
2685 5740 2995 5813 rejccimus,
3050 5755 3360 5811 novamque
3406 5737 3493 5795 ie-

1925 5838 2118 5878 cuntis.
