4018 6190
300 252 452 309 1017

415 413 2265 456 ________________________—-

1489 216 1578 274 BE
1615 209 1890 271 LAZARO
1926 206 2172 263 CONCIO
2236 204 2299 259 γ.

3404 175 3540 234 1018

2275 390 3446 424 ______________.____.__..__————-

1036 709 1219 817 ΙΝ
1278 705 1468 812 DI
1468 705 1558 810 C
1571 699 1907 810 TUM
1974 672 2778 802 APOSTOLI
2825 667 2950 776 (‘0:

374 1053 458 1101 ns
501 1046 977 1098 uoumuurmus
1021 1045 1240 1093 suum
1282 1042 1446 1091 nono
1489 1041 1611 1087 vos
1647 1036 2004 1091 resonans,
2051 1029 2336 1077 FBATBES
2385 1009 2442 1089 (1
2488 1005 2696 1068 Thess.
2745 999 2804 1061 ιι.
2854 998 2978 1077 12),
3026 1013 3107 1055 er
3135 1010 3195 1053 is
3240 1008 3351 1052 sou
3396 972 3471 1048 et

1762 1134 2091 1187 ABBAIIAM.

376 1804 429 1859 ὲ.
470 1799 595 1856 Dies
622 1804 851 1870 quatuor
878 1795 931 1851 in
961 1790 1270 1865 explicanda
1293 1791 1444 1849 vobis
1466 1787 1648 1846 Lazari
1667 1784 1892 1858 parabo-

306 1895 358 1950 h
385 1888 838 1961 consumpsimus,
890 1884 1302 1954 thesaurumque
1335 1880 1701 1946 exhausimus,
1731 1890 1890 1947 quem

305 1983 610 2042 invenimus
635 1981 688 2036 in
727 1992 952 2049 corpore
979 1950 1252 2032 ulceribus
1276 1979 1516 2029 scatente
1541 1988 1554 2025 :
1582 1970 1890 2025 thesaurum
1930 1950 1943 1956 ’

306 2077 361 2132 in
384 2091 491 2147 quo
517 2088 617 2129 nec
640 2086 851 2137 aurum,
869 2083 970 2125 nec
991 2074 1289 2138 argentum,
1317 2078 1417 2119 nec
1444 2060 1646 2133 lapides
1675 2054 1893 2130 pretiosi

307 2171 552 2232 inerant;
579 2163 671 2220 sed
695 2159 1056 2234 philosophia,
1086 2155 1360 2221 fortitudo,
1384 2151 1659 2224 patientia,
1683 2149 1897 2219 ingens-

305 2275 413 2335 que
444 2255 859 2330 perseverantia.
889 2248 1348 2321 Quemadmodum
1377 2245 1522 2302 enim
1553 2242 1606 2296 in
1632 2237 1899 2296 thesauris

306 2333 410 2407 sub
423 2363 636 2405 sensum
652 2344 964 2402 cadentibus
987 2340 1264 2412 contingit,
1283 2346 1342 2393 ut
1355 2333 1661 2407 superficies
1688 2342 1896 2401 Spmas,

308 2441 541 2499 tribulos
579 2436 925 2523 asperiusque
948 2433 1121 2489 solum
1150 2445 1260 2502 pra:
1279 2444 1339 2485 se
1368 2428 1527 2493 ferat,
1550 2425 1596 2479 si
1624 2422 1745 2494 quis
1772 2434 1899 2474 vero

309 2533 472 2588 altius
495 2512 689 2585 terram
719 2525 985 2592 effoderit,
1009 2536 1216 2593 magna:
1243 2519 1438 2575 adsunt
1470 2515 1707 2581 divitias;
1743 2512 1821 2566 sic
1847 2518 1903 2566 et

309 2626 366 2682 in
397 2625 597 2681 Lacaro
621 2619 879 2690 contigit;
903 2617 1032 2673 foris
1055 2616 1297 2681 vulnera,
1326 2613 1477 2668 intus
1491 2608 1688 2664 divitim
1712 2607 1897 2676 ingen-

312 2728 429 2775 tes:
453 2729 649 2786 corpus
691 2712 1003 2777 resolutum,
1036 2708 1189 2762 fortis
1210 2704 1442 2776 vigilque
1475 2700 1684 2755 animus
1711 2714 1726 2752 :
1756 2695 1904 2750 vide-

313 2823 481 2879 reque
508 2813 622 2861 erat
647 2803 848 2859 dictum
876 2799 1224 2870 apostolicum
1266 2796 1365 2850 hac
1400 2793 1455 2848 in
1481 2806 1541 2847 re
1580 2789 1854 2860 impletum
1887 2802 1901 2841 :

318 2899 578 2966 Quantum
610 2902 841 2949 externus
874 2891 1024 2944 homo
1064 2886 1423 2956 corrumpitur,
1449 2891 1644 2936 tantum
1680 2879 1907 2933 internus

316 2995 588 3043 renovatur
615 2983 691 3056 (2.
717 2982 834 3038 Cor.
864 2981 918 3038 4.
950 2979 1065 3050 16).

390 3080 580 3136 Contra
630 3075 965 3131 Manio/meos.
993 3101 1067 3114 -—
1091 3072 1169 3128 Ac
1221 3069 1416 3126 licebat
1464 3065 1681 3139 quidem
1741 3061 1905 3118 etiam

319 3172 484 3229 hodie
503 3171 642 3226 hanc
669 3167 977 3241 parabolam
1004 3171 1254 3227 tractare,
1285 3172 1338 3216 ct
1367 3175 1487 3215 cum
1511 3155 1777 3211 luereticis
1808 3168 1909 3223 pu-

323 3278 513 3337 gnare,
558 3261 649 3332 qui
691 3269 845 3315 vetus
873 3256 1278 3312 Testamentum
1320 3250 1642 3320 vituperant,
1689 3245 1912 3315 patriar-

323 3359 454 3414 chas
504 3361 796 3419 accusant,
840 3362 895 3407 et
945 3358 1134 3433 contra
1191 3345 1564 3402 universorum
1614 3349 1913 3396 creatorem

325 3451 500 3508 Deum
528 3449 765 3520 linguam
810 3450 1048 3501 acuunt:
1077 3454 1261 3496 verum
1307 3452 1375 3493 ne
1413 3436 1713 3491 satietatem
1754 3439 1915 3499 atque

327 3544 601 3600 fastidium
628 3540 800 3596 oratio
818 3537 972 3594 vobis
995 3533 1203 3597 afferat,
1234 3530 1351 3586 brec
1376 3526 1666 3585 certamina
1691 3520 1834 3579 aliud
1862 3520 1915 3576 in

327 3644 542 3706 tempus
569 3640 912 3703 seponentes,
937 3642 1037 3699 age
1063 3624 1131 3681 ad
1155 3623 1297 3680 aliud
1317 3628 1687 3692 argumentum
1715 3628 1920 3671 sermo-

329 3741 456 3783 nem
475 3712 873 3781 convertainus.
909 3719 1044 3775 Nam
1082 3717 1242 3773 unius
1279 3712 1491 3786 generis
1514 3711 1636 3766 cibo
1662 3710 1920 3765 instructa

333 3830 519 3872 mensa
538 3814 837 3871 satietatem
864 3810 1024 3882 parit,
1042 3807 1206 3863 variis
1226 3819 1354 3861 vero
1376 3802 1569 3860 eduliis
1590 3800 1923 3871 frequentata

335 3908 633 3980 appetitum
671 3906 895 3962 excitat.
937 3899 1011 3960 Ut
1045 3900 1205 3972 igitur
1249 3898 1301 3953 in
1344 3895 1446 3951 bac
1484 3894 1743 3951 concione
1783 3890 1922 3947 idem

337 3999 570 4067 eveniat,
611 3996 679 4053 ad
717 4005 958 4051 sanctum
997 3992 1218 4049 Paulum
1247 3989 1406 4059 longo
1428 3987 1539 4057 jam
1566 3982 1821 4055 temporis
1855 3982 1929 4036 in-

339 4091 567 4150 tervallo
603 4097 958 4147 revertamur.
990 4083 1205 4141 Etenim
1246 4088 1546 4150 opportune
1588 4076 1751 4133 nobis
1770 4073 1929 4129 hodie

340 4184 493 4242 locus
518 4178 745 4252 apostoli
772 4178 946 4234 lectus
988 4184 1092 4241 est,
1130 4173 1220 4244 qui
1262 4185 1435 4240 nuper.
1457 4167 1613 4223 dictis
1641 4172 1930 4223 consenta-

342 4292 444 4332 nea
482 4270 860 4344 suppeditabit.
892 4266 1129 4323 Audistis
1156 4265 1333 4333 itaque
1369 4260 1592 4316 Paulum
1636 4256 1793 4313 hodie
1818 4257 1930 4313 cla-

343 4376 580 4431 mantem
607 4380 672 4422 ac
695 4363 999 4419 dicentem:
1030 4357 1107 4413 De
1130 4354 1495 4412 dormientibus
1520 4361 1683 4407 autem
1705 4350 1823 4405 nolo
1847 4366 1933 4405 vos

346 4462 603 4533 ignorare,
656 4464 714 4510 ut
764 4471 865 4510 non
918 4446 1299 4515 contristemini,
1342 4447 1471 4501 sicut
1511 4455 1559 4499 et
1608 4442 1794 4507 cteteri,
1848 4442 1936 4513 qui

347 4531 490 4623 spem
530 4565 634 4605 non
680 4546 863 4602 habent
906 4544 982 4615 (1.
1011 4540 1194 4596 Thess.
1238 4540 1292 4595 4.
1338 4535 1452 4607 12).
1497 4535 1589 4590 llle
1630 4532 1698 4590 de
1736 4531 1937 4588 Lazaro

349 4621 691 4712 evangelicus
728 4644 922 4692 cantus
946 4633 1062 4698 fuit,
1099 4630 1189 4687 hic
1227 4626 1553 4700 apostolicus
1599 4638 1802 4687 sonus;
1843 4621 1938 4677 sed

352 4748 492 4790 unus
521 4740 601 4788 est
627 4739 941 4786 concentus.
971 4726 1025 4782 Si
1055 4722 1269 4796 quidem
1296 4722 1351 4777 in
1372 4720 1464 4776 illa
1492 4717 1750 4792 parabole
1775 4716 1939 4772 multa

352 4826 421 4881 de
450 4821 865 4891 resurrectione,
896 4817 1047 4876 etde
1073 4818 1165 4871 illo
1191 4812 1438 4871 tribunali
1466 4807 1824 4882 philosophati
1853 4823 1943 4863 su-

354 4933 506 4983 mus;
550 4928 693 4971 nunc
733 4913 789 4969 in
825 4912 1056 4982 idipsum
1102 4914 1473 4978 argumentum
1512 4916 1609 4958 nos
1651 4900 1823 4955 oratio
1850 4898 1946 4953 de-

356 5011 528 5067 duxit.
554 5007 734 5079 Itaque
763 5004 971 5062 etiamsi
998 5003 1106 5074 jam
1135 5001 1311 5056 locum
1336 4994 1561 5068 apostoli
1587 4992 1942 5056 defodiamus,

359 5101 608 5159 eumdem
648 5108 824 5154 tamen
873 5095 960 5151 hic
994 5093 1302 5149 thesaurum
1343 5086 1691 5158 reperiemus.
1735 5082 1945 5138 Etenim

363 5205 492 5250 tunc
535 5206 715 5249 sermo
746 5196 928 5244 noster
958 5194 1099 5241 totus
1136 5196 1203 5239 eo
1243 5178 1536 5251 spectabat,
1583 5185 1640 5230 ut
1678 5173 1947 5229 auditores

364 5285 683 5343 doceremus
706 5323 722 5349 ,
754 5278 886 5335 nihil
915 5278 971 5332 in
1009 5276 1108 5330 hac
1144 5274 1252 5328 vita
1278 5267 1612 5341 splendidum
1640 5264 1949 5322 existiman-

426 5380 503 5443 (τι)
533 5378 963 5443 minuemus?-
983 5368 1143 5443 “satis
1165 5354 1951 5443 1.?)9215’99slﬁiiiﬂ‘l'i’fl‘l'li“

366 5418 1003 5501 ιθῖἨὶῖιῖοξῖιῖεοάίω
1025 5418 1156 5501 ἄἸδε
1287 5418 1951 5501 ῖηεαὲίξὶειξξζέἓμξὶἓςεέἴέ;

365 5478 583 5562 ἶδίηΐίνῗ
594 5478 1074 5562 ﬁﬁiii‘ié'c'dsjqu.
1096 5490 1431 5562 adquircenses
1452 5488 1663 5562 pergunt
1678 5478 1952 5562 inscribitur

362 5545 944 5633 b‘lﬁiid'ﬁ'iiii‘squinm
968 5545 1264 5614 inscribitur,
1287 5557 1338 5600 et
1362 5545 1482 5599 vere
1507 5545 1679 5609 quinta
1703 5548 1795 5591 est.

2000 1780 2150 1845 dum,
2178 1773 2272 1830 sed
2302 1785 2397 1840 spe
2436 1766 2659 1821 ulterius
2682 1756 3167 1835 progrediendum,
3201 1763 3358 1824 atque
3401 1751 3580 1805 animo

1996 1842 2231 1942 quotidie
2246 1858 2595 1932 reputantium
2617 1867 2758 1918 esse,
2781 1850 2963 1921 quales
2983 1847 3089 1903 illic
3103 1842 3399 1908 sementim,
3422 1855 3582 1911 quam

1999 1934 2333 2015 formidabile
2353 1951 2609 2025 judicium
2639 1948 2869 2002 futurum
2910 1942 2978 1997 sit
3004 1959 3017 1996 :
3044 1954 3202 2011 quam
3232 1934 3403 1992 fraudi
3428 1934 3582 2004 inop-

2000 2058 2263 2123 portunus
2285 2045 2467 2118 iudex.
2496 2040 2608 2097 Hoc
2629 2037 2821 2094 Paulus
2850 2034 2903 2088 in
2926 2031 3183 2087 hodierna
3202 2027 3433 2083 lectione
3455 2037 3588 2080 con-

2001 2119 2159 2209 sulit;
2205 2138 2301 2195 scd
2342 2137 2577 2192 animum
2617 2127 2895 2186 advertite.
2927 2123 3007 2179 De
3038 2119 3589 2176 dormientibusautem

2004 2235 2120 2288 nolo
2147 2248 2231 2286 vos
2270 2230 2524 2301 ignorare,
2553 2224 2755 2294 fratres,
2799 2228 2855 2273 ut
2883 2233 2984 2271 non
3009 2210 3368 2269 contristemiui
3392 2210 3519 2264 sicut
3543 2217 3590 2262 et

2003 2326 2190 2390 ueteri,
2233 2300 2321 2392 qui
2358 2334 2497 2390 spem
2537 2330 2638 2370 non
2677 2302 2877 2366 habent.
2918 2307 2979 2363 Si
3025 2305 3157 2361 enim
3185 2302 3433 2358 credimus
3456 2300 3590 2369 quod

2004 2415 2155 2470 Jesus
2192 2420 2415 2466 mortuus
2451 2415 2542 2474 est,
2571 2416 2618 2460 et
2646 2400 2916 2460 resurrexit
2964 2415 2985 2453 :
3034 2399 3105 2452 ita
3145 2405 3191 2450 et
3219 2394 3356 2449 Deus
3385 2409 3467 2448 eos
3507 2392 3593 2462 qui

2005 2505 2316 2560 dormierunt
2346 2517 2433 2571 per
2461 2497 2636 2552 Iesum
2659 2493 2872 2548 adducet
2897 2505 3012 2543 cum
3039 2503 3095 2541 eo
3124 2482 3287 2556 (Ibid.
3319 2484 3429 2553 l5).

2077 2594 2180 2651 Cur
2200 2590 2388 2649 Christi
2414 2599 2646 2652 mortem,
2671 2583 2889 2639 aliorum
2908 2577 3259 2632 dormitionem
3281 2580 3416 2627 vocet
3446 2569 3586 2653 [fau-

2010 2683 2336 2743 lus.——Iloc
2377 2681 2606 2752 primum
2648 2670 3048 2745 disquirendnm
3089 2667 3242 2723 nobis
3290 2662 3587 2725 incumbit,

1960 2785 1966 2790 ’
2009 2795 2106 2836 cur
2133 2792 2253 2833 cum
2275 2774 2342 2830 de
2359 2773 2573 2828 Christo
2593 2767 2845 2839 loquitur,
2872 2763 2988 2833 ejus
3012 2760 3214 2817 obitum
3240 2763 3467 2812 mortem
3494 2766 3593 2808 vo-

2010 2848 2281 2939 cet,‘cum
2326 2872 2505 2919 autem
2552 2860 2619 2916 de
2670 2856 2888 2914 interitu
2931 2861 3115 2907 nostro
3152 2849 3280 2920 agit,
3326 2862 3450 2901 eum
3492 2859 3598 2899 non

2013 2935 2262 3024 mortem,
2306 2955 2401 3010 sed
2429 2949 2804 3017 dormitionem
2834 2943 3085 3014 appellet.
3116 2940 3232 2996 Non
3259 2938 3403 2994 enim
3443 2935 3599 3000 dixit,

2014 3050 2081 3108 de
2102 3047 2328 3105 mortuis
2357 3055 2571 3106 autem;
2599 3039 2695 3094 sed
2722 3036 2884 3107 quid?
2914 3032 2991 3087 De
3015 3028 3371 3085 dormientibus
3398 3036 3562 3080 autem
3581 3040 3601 3079 :

2016 3151 2072 3200 et
2096 3154 2330 3204 rursum,
2359 3135 2443 3190 Ita
2471 3144 2519 3189 et
2549 3131 2686 3185 Deus
2713 3145 2818 3194 eos,
2845 3126 2930 3197 qui
2956 3123 3264 3178 dormierunt
3293 3135 3381 3188 per
3401 3117 3601 3179 Iesum,

2016 3235 2233 3292 adducet
2272 3245 2386 3285 cum
2410 3243 2466 3282 eo
2488 3226 2563 3297 (1.
2608 3222 2784 3277 Thess.
2813 3220 2867 3275 4.
2901 3218 3026 3287 15);
3074 3228 3173 3269 nec
3212 3212 3368 3278 dixit,
3396 3210 3604 3278 eosqui

2018 3325 2212 3384 mortui
2242 3329 2368 3379 sunt
2395 3337 2410 3374 :
2439 3327 2494 3375 et
2521 3318 2738 3379 iterum,
2774 3310 2885 3365 Nos
2913 3309 2998 3380 qui
3026 3307 3263 3370 uiuimus,
3301 3302 3385 3374 qui
3420 3299 3606 3355 residui

2020 3431 2190 3474 sumus
2217 3414 2272 3469 in
2304 3411 2573 3466 adventum
2620 3402 2846 3469 Domini,
2881 3416 2983 3456 non
3022 3396 3379 3469 prteveniemus
3413 3406 3496 3446 eos
3521 3390 3607 3459 qui

2022 3505 2334 3563 dormierunt
2360 3500 2463 3576 (Ib.
2494 3498 2604 3567 14).
2635 3494 2817 3565 Neque
2845 3491 2933 3547 hic
2973 3488 3128 3554 dixit,
3172 3498 3267 3541 eos
3290 3484 3381 3553 qui
3415 3479 3610 3536 mortui

2024 3606 2172 3667 sunt,
2196 3595 2289 3651 sed
2317 3602 2400 3649 ter
2425 3590 2748 3646 mentionem
2771 3584 2888 3654 ejus
2916 3580 3137 3643 faciens,
3168 3586 3249 3633 ter
3278 3582 3504 3630 mortem
3526 3583 3614 3621 vo-

2025 3657 2171 3748 cavit,
2191 3684 2591 3743 dormitionem.
2623 3678 2700 3732 De
2725 3674 2941 3731 Christo
2966 3678 3161 3725 autem.
3186 3681 3292 3721 non
3322 3665 3447 3718 item
3474 3679 3487 3715 :
3517 3657 3614 3715 scd

2026 3777 2334 3855 quomodo?
2380 3774 2441 3831 Si
2478 3772 2612 3827 enim
2643 3768 2893 3823 credimus
2918 3762 3052 3833 quod
3077 3758 3227 3814 Iesus
3251 3765 3478 3810 mortuus
3516 3761 3613 3806 est.

2028 3843 2146 3931 lion
2183 3868 2338 3934 dixit,
2372 3859 2733 3924 obdormivit,
2762 3854 2880 3917 sed,
2919 3859 3147 3907 mortuus
3186 3855 3278 3902 est.
3305 3844 3414 3900 Cur
3437 3843 3619 3910 itaque

2031 3964 2227 4024 Christi
2275 3960 2479 4016 obitum
2517 3960 2765 4018 mortem,
2806 3955 3048 4003 nostrum
3075 3954 3205 3997 vero
3241 3934 3615 3994 dormitionem

2033 4052 2351 4130 appellavit?
2375 4065 2480 4106 non
2509 4046 2652 4102 enim
2680 4051 2881 4098 temere
2916 4046 2971 4093 et
3008 4035 3123 4090 sine
3147 4031 3372 4130 delectu.
3393 4026 3493 4081 bac
3517 4038 3616 4077 vo-

2034 4116 2155 4205 cum
2184 4139 2564 4201 observatione
2587 4143 2671 4190 est
2709 4144 2857 4194 usus,
2888 4125 2983 4182 sed
3025 4120 3299 4192 sapientia:
3323 4116 3535 4187 plenum
3564 4121 3621 4166 et

2037 4251 2285 4310 magnum
2329 4231 2454 4304 quid
2505 4238 2787 4298 apparans.
2837 4220 2913 4275 De
2955 4214 3169 4271 Christo
3209 4211 3350 4266 enim
3376 4207 3620 4310 ‘loqucns

2038 4292 2267 4388 inuitem
2315 4292 2467 4386 dixit,
2520 4292 2593 4372 ut
2626 4310 2859 4385 passioni
2900 4306 3057 4361 fidem
3106 4302 3324 4366 faceret,
3360 4295 3428 4352 de
3466 4292 3621 4348 nobis

2040 4383 2225 4495 age—ns,
2253 4383 2640 4473 dormitionem?
2661 4403 2891 4468 vocavit,
2920 4407 2983 4454 ut
3014 4396 3255 4453 dolorem
3280 4390 3495 4446 leniret.
3518 4383 3618 4442 Ubi
3672 4444 3679 4451 ,

2042 4490 2183 4573 enim
2227 4513 2336 4585 jam
2387 4506 2729 4566 resurrectio
2758 4504 3127 4574 praecesserat,
3181 4490 3350 4545 fidens
3398 4491 3624 4540 mortem

2044 4573 2339 4669 memorat;
2387 4600 2485 4656 ubi.
2522 4606 2696 4653 autem
2735 4573 2935 4648 tantum
2965 4584 3299 4657 sperabatur,
3348 4573 3627 4633 dormitio-

2046 4711 2169 4754 nem
2198 4702 2374 4759 vocat,
2400 4691 2502 4746 hac
2532 4704 2662 4744 voce
2697 4699 2825 4741 usus
2867 4680 2933 4735 ad
2981 4676 3148 4732 nostri
3183 4666 3626 4729 consolationem,

2046 4803 2103 4849 et
2130 4790 2196 4846 ad
2224 4756 2375 4859 Spem
2400 4780 2783 4855 suggerendam
2811 4794 2824 4831 :
2856 4788 2976 4829 nam
3014 4769 3104 4841 qui
3130 4764 3347 4827 dormit,
3379 4760 3496 4859 sine
3524 4756 3627 4812 du-

2045 4883 2145 4939 bio.
2179 4851 2440 4949 resurget,
2469 4851 2705 4944 nihilque
2744 4866 2888 4923 aliud
2919 4867 3207 4935 morsxest,
3246 4868 3403 4926 quam
3435 4851 3627 4919 longus

2048 4988 2292 5031 somnus.
2317 4970 2395 5026 Ne
2424 4967 2553 5024 mihi
2591 4963 2810 5028 dixeris,
2841 4966 3106 5014 mortuum
3150 4964 3251 5005 nec
3292 4945 3498 5010 audire,
3531 4955 3632 4996 nec

2058 5341 2135 5395 tui
2164 5354 2267 5393 non
2312 5337 2458 5399 item,
2499 5330 2592 5386 sed
2633 5327 2834 5398 vigilat.
2883 5324 2970 5387 At,
3010 5316 3238 5389 inquies,
3277 5319 3642 5399 mortuus-pu-

2056 5431 2243 5490 trescit
2284 5436 2338 5485 et
2384 5392 2764 5491 corrumpitur,
2806 5413 3079 5487 pulvisque
3120 5416 3175 5462 et
3219 5402 3361 5459 cinis
3388 5392 3642 5453 efﬁcitur.

2059 5524 2196 5596 Quid
2232 5531 2340 5578 tum
2377 5516 2519 5585 inde,
2572 5510 2798 5571 dilecte?
2845 5506 2968 5564 Ideo
3013 5498 3243 5559 maxime
3274 5496 3642 5575 gaudendum.
