4018 6190
183 282 322 342 1019

181 399 294 453 Καὶ
329 399 457 461 τοὺς
498 395 861 466 ἐκϐληθέντας
897 396 958 451 οὐ
1006 395 1167 449 λυπεῖ
1193 393 1255 446 τὸ
1286 393 1594 464 γινόμενον,
1630 389 1765 445 ἀλλά

179 482 281 537 καὶ.
315 480 597 550 εὐφραίνει
642 480 823 533 πλέον’
875 479 936 532 οὐ
980 476 1089 549 γὰρ
1130 479 1196 548 τῇ
1226 477 1551 547 καθαιρέσει
1597 489 1770 545 προσ-

176 565 367 638 έχουσι
387 566 452 634 τῇ
471 562 801 634 βλεπομένῃ,
833 560 972 616 ἀλλά
995 560 1094 631 τὴν
1118 560 1419 631 μέλλουσαν
1443 558 1730 628 οἰκοδομὴν
1745 569 1771 597 ι

177 649 550 719 φαντάζονται
581 647 684 718 τὴν
720 648 782 699 ού
809 646 1166 717 βλεπομένην.
1201 643 1359 700 Οὕτω
1382 643 1447 714 δὴ
1478 644 1571 696 καὶ
1595 641 1774 704 ὀΘεὺς

177 735 362 789 ποιεῖν
425 730 637 804 μέλλων
676 730 937 784 καταλύει
980 730 1140 801 ἡμῶν
1187 728 1251 782 τὸ
1284 727 1478 798 σῶμα,
1528 728 1623 781 καὶ
1675 725 1772 797 τὴν

177 816 503 871 ἐνοικοῦσαν
533 817 590 869 ἐν
618 814 766 885 αὐτῷ
797 814 975 886 ψυχὴν
1001 814 1185 883 ἐξάγει
1211 813 1497 884 πρότερον,
1517 810 1771 882 καθάπερ

182 902 244 969 ιε
270 901 447 964 οίκίας
468 899 635 963 τινος,
664 900 750 953 ἵνα
772 899 1161 971 λαμπροτέραν
1186 898 1356 967 αὐτὴν
1382 896 1769 967 οἰκοδομήσας,

180 984 329 1056 μετά
344 982 589 1045 πλείονος
627 983 796 1052 αὐτὴν
810 982 968 1051 δόξης
985 981 1256 1053 εἰσαγάγῃ
1280 979 1462 1034 πάλιν.
1482 980 1574 1050 Μὴ
1590 979 1770 1033 τοίνυν

175 1071 249 1140 τῇ
287 1065 608 1138 καθαιρέσει
647 1066 1024 1138 προσέχωμεν,
1045 1064 1181 1118 ἀλλά
1216 1066 1283 1135 τῇ
1328 1062 1595 1136 μελλούσῃ
1628 1064 1772 1134 λαμ-

177 1151 435 1222 πρότητι.

254 1236 324 1306 β’.
343 1234 510 1288 Πάλιν
532 1233 824 1305 ἀνδριάντα
854 1251 936 1298 τις
964 1232 1104 1304 ἔχων
1128 1232 1191 1304 ἰῷ
1206 1233 1297 1287 καὶ
1316 1232 1493 1303 χρόνῳ
1513 1230 1770 1304 διεφθαρ-

181 1321 374 1391 μένον,
424 1318 519 1372 καί¹
552 1318 723 1371 πολλά
748 1318 857 1371 τῶν
890 1317 1073 1389 μερῶν
1113 1317 1605 1387 ἀποτεθλασμένον,
1642 1333 1771 1369 συν-

177 1402 383 1473 τρίψας
419 1401 582 1456 αὐτὸν
611 1404 692 1465 εἰς
745 1402 1110 1473 χωνευτήριον
1154 1399 1435 1471 ἐμϐάλλει,
1468 1400 1563 1454 καὶ
1602 1399 1772 1470 τήξας

179 1487 353 1541 αὐτὸν
419 1484 694 1556 ἀκριϐῶς,
757 1484 900 1537 οὕτω
970 1483 1354 1556 λαμπρότερον
1421 1482 1769 1537 ἀποδίδωσιν.

181 1570 403 1642 Ὠσπερ
424 1566 517 1623 οὖν
544 1570 577 1639 ἡ
616 1570 673 1622 ἐν
710 1568 787 1639 τῷ
826 1568 1177 1640 χωνευτηρίῳ
1218 1567 1475 1639 συντριϐὴ
1504 1569 1603 1621 οὐκ
1633 1569 1773 1637 ἀφα-

180 1654 400 1725 νισμὺς,
427 1653 564 1706 ἀλλὰ
593 1651 989 1721 άνακαινισμός
1041 1650 1124 1716 τίς
1158 1651 1272 1704 ἐστι
1313 1650 1409 1703 τοῦ
1458 1650 1773 1723 ἀνδριάντος

179 1738 422 1792 ἐκεῖνον’
448 1734 591 1788 οὕτω
615 1734 840 1788 καὶτῶν
873 1732 1160 1804 ἡμετέρων
1188 1735 1457 1805 σωμάτων
1486 1736 1513 1786 6
1542 1733 1774 1798 θάνατος

180 1822 287 1875 οὐκ
308 1817 557 1873 ἀπώλειά
583 1817 666 1880 τίς
690 1818 857 1880 ἐστιν,
876 1816 1012 1869 ἀλλά
1046 1817 1368 1880 ἀνανέωσις.
1396 1816 1565 1870 Ὅταν
1592 1816 1773 1871 τοίνυν

184 1903 327 1975 ἴδῃς,
370 1900 623 1971 καθάπερ
670 1901 730 1953 ἐν
762 1899 1135 1971 χωνευτηρίῳ,
1167 1900 1584 1971 καταρρέουσαν
1615 1900 1773 1970 ἡμῶν

180 1987 287 2056 τὴν
324 1986 502 2056 σάρκα
529 1984 623 2037 καὶ
653 1983 991 2054 σηπομένην,
1014 1982 1087 2055 μὴ
1118 1984 1249 2052 στῇς
1280 1982 1442 2053 μέχρι
1468 1981 1570 2052 τῆς
1597 1980 1774 2051 ὅψεως

182 2068 412 2138 ταύτης,
443 2066 580 2120 ἀλλά
604 2067 705 2137 τὴν
733 2065 1105 2136 ἀναχώνευσιν
1133 2067 1390 2136 ἀνάμενε·
1412 2065 1508 2119 καὶ
1533 2065 1668 2136 μηδέ
1694 2064 1774 2135 τῷ

186 2151 383 2222 μέτρῳ
410 2149 504 2203 τοῦ
548 2150 991 2221 παραδείγματος
1022 2149 1300 2221 ἀρκεσθῇς
1325 2150 1522 2220 τούτῳ,
1550 2148 1665 2202 ἀλλ’
1682 2149 1775 2203 ἐπὶ

180 2234 247 2287 τὸ
276 2233 542 2305 πρότερον
576 2232 807 2303 πρόελθε
836 2232 914 2304 τῷ
947 2233 1111 2304 λόγῳ.
1162 2232 1219 2286 Ὀ
1252 2230 1353 2303 μὲν
1387 2231 1497 2303 γὰρ
1522 2230 1771 2302 ἀνδριαν·

181 2317 409 2379 τοποιδς
465 2316 701 2387 χαλκοῦν
754 2314 1008 2386 ἐμϐαλὼν
1062 2314 1251 2385 σῶμα,
1303 2314 1363 2367 οὐ
1413 2313 1647 2386 χρυσοῦν
1680 2313 1777 2368 καὶ

183 2400 464 2456 ἀθάνατόν
487 2417 568 2453 σοι
592 2398 886 2453 ἀποδίδωσι
912 2399 1004 2452 τὸν
1034 2399 1348 2472 ἀνδριάντα,
1376 2398 1513 2454 ἀλλά
1540 2398 1776 2469 χαλκοῦν

183 2481 485 2557 ἐργάζεται
521 2482 702 2537 πάλιν·
732 2483 760 2535 6
791 2482 846 2535 δέ
866 2481 999 2546 Θεὸς
1031 2482 1130 2552 οὐχ
1153 2481 1344 2546 οῦτως.
1387 2481 1525 2537 ἀλλά
1554 2483 1778 2553 πήλινον

185 2567 288 2621 καὶ
339 2565 533 2636 θνητὸν
576 2563 833 2635 ἐμϐαλὼν
867 2565 1046 2635 σῶμα,
1099 2565 1336 2635 χρυσοῦν
1382 2567 1478 2619 καὶ
1510 2566 1778 2620 ἀθάνατον

184 2648 492 2703 ἀποδίδωσί
547 2664 629 2701 σοι
681 2648 774 2703 τὸν
830 2648 1159 2719 ἀνδριάντα’
1206 2648 1447 2719 φθαρτὸν
1497 2649 1668 2721 γὰρὴ
1702 2648 1777 2719 γῆ

182 2730 461 2801 δεξαμένη
492 2730 554 2784 τὸ
582 2731 739 2802 σῶμα
771 2734 861 2785 καί
887 2731 1173 2802 ἐπίκηρον,
1213 2731 1488 2803 ἄφθαρτον
1524 2733 1618 2785 καὶ
1644 2734 1780 2802 ἀκή-

186 2832 358 2889 ρατον
388 2815 679 2869 ἀποδίδωσι
708 2815 769 2868 τὸ
794 2815 947 2868 αὐτό.
978 2815 1070 2886 Μὴ
1117 2816 1297 2869 τοίνυν
1321 2816 1437 2887 ἴδῃς
1457 2817 1661 2870 ἐκεῖνον
1686 2815 1779 2869 τὸν

188 2900 485 2972 μεμυκότα
536 2901 662 2963 τοὺς
711 2899 1047 2970 ὀφθαλμοὺς,
1081 2899 1174 2953 τὸν
1229 2900 1444 2969 ἄφωνον
1492 2901 1777 2971 κείμενον,

187 2984 329 3041 άλλά
388 2984 480 3037 τὸν
528 2981 923 3053 ἀνιστάμενον,
964 2982 1057 3043 τὸν
1111 2984 1570 3055 ἀπολαμϐάνοντα
1617 2985 1778 3051 δόξαν

184 3070 436 3143 ἄρρητον
464 3068 559 3122 καὶ
600 3067 847 3139 φρικώδη
896 3067 993 3120 καὶ
1037 3065 1378 3139 θαυμαστὴν,
1414 3069 1510 3122 καὶ
1547 3069 1655 3123 ἀπὸ
1681 3069 1781 3140 τῆς

185 3152 480 3224 παρούσης
511 3151 687 3220 ὅψεως
737 3152 876 3221 πρὸς
931 3151 1031 3220 τὴν
1080 3151 1383 3222 μέλλουσαν
1427 3151 1621 3205 ἐλπίδα
1652 3169 1780 3223 μετ·

186 3238 371 3311 ἀγαγε
404 3238 529 3298 τοὺς
560 3234 879 3303 λογισμούς.
932 3233 1093 3287 Ἀλλά
1145 3234 1431 3304 συνήθειαν
1476 3234 1777 3306 ἐπιζητεῖς,

188 3322 288 3378 καὶ
315 3319 409 3373 διά
448 3318 607 3377 τοῦτο
628 3318 793 3389 ὀδύρῃ
828 3319 923 3370 καὶ
952 3316 1172 3390 θρηνεῖς
1195 3335 1209 3384 ;
1248 3319 1358 3371 Καὶ
1381 3317 1498 3383 πῶς
1523 3318 1626 3371 οὐκ
1652 3319 1779 3374 ἄτο-

190 3423 317 3469 πον,
349 3405 402 3457 εἰ
440 3403 539 3475 μὲν
564 3402 782 3473 νυμφίῳ
811 3402 871 3455 τὸ
913 3400 1208 3472 θυγάτριον
1227 3401 1399 3473 δοίης,
1441 3398 1562 3455 εἶτα
1598 3397 1781 3458 λαϐὼν

189 3492 281 3552 εἰς
306 3488 526 3558 μακρὰν
549 3488 755 3549 ἐκεῖ.ος
781 3485 1009 3541 ἀπέλθοι
1033 3485 1239 3556 χώραν,
1268 3487 1364 3540 καὶ
1394 3487 1574 3552 καλῶς
1603 3488 1781 3560 πράτ-

190 3589 301 3627 των
327 3570 622 3641 διατελοίη.
644 3569 812 3641 μηδὲν
837 3569 1088 3639 ἡγεῖσθαι
1123 3569 1296 3623 δεινὸν
1312 3570 1373 3622 τὸ
1388 3572 1779 3643 γεγενημένον,

188 3660 259 3728 τῇ
288 3655 392 3726 τῆς
419 3654 731 3725 εὐπραγίας
768 3654 926 3726 φήμῃ
959 3653 1401 3724 παραμυθεῖσθαι
1444 3654 1545 3724 τῆς
1576 3655 1782 3725 ἀποδη-

194 3741 326 3811 μίας
363 3738 466 3793 τὶιν
502 3737 760 3808 ἀθυμίανο
792 3735 1026 3795 ἐνταῦθα
1057 3735 1113 3795 δὲ
1159 3736 1262 3789 οὐκ
1311 3736 1623 3807 ἀνθρώπου,
1658 3738 1784 3792 οὐδὲ

193 3820 489 3878 συνδούλου
515 3821 679 3885 τινὸς,
715 3820 830 3874 ἀλλ’
861 3819 1028 3874 αὐτοῦ
1061 3818 1157 3872 τοῦ
1203 3819 1477 3875 Δεσπότου
1528 3820 1784 3886 λαϐόντος

193 3906 287 3970 τὸν
316 3905 662 3976 προσήκοντα
682 3943 696 3966 ,
722 3903 910 3972 ἀλγεῖν
949 3906 1044 3961 καὶ
1064 3902 1382 3975 ὀδύρεσθαι;

266 3989 382 4040 Καὶ
406 3985 523 4050 πῶς
553 3986 664 4042 οἶόν
688 4003 770 4049 τε,
806 3987 963 4056 φησὶ,
998 3985 1072 4058 μὴ
1101 3986 1286 4055 ἀλγεῖν
1312 3987 1597 4060 ἄνθρωπον
1621 3988 1781 4057 δντα;

195 4070 336 4141 φύδέ
363 4068 478 4137 ἐγὼ
519 4069 678 4122 τοῦτο
708 4069 854 4138 λέγω
874 4086 889 4101 ·
925 4070 1047 4129 οὐδέ
1080 4070 1180 4140 τὴν
1209 4068 1467 4139 ἀθυμίαν,
1511 4069 1650 4125 ἀλλά
1682 4074 1784 4144 τὴν

192 4158 449 4220 ἐπίτασιν
478 4156 577 4227 τῆς
620 4154 859 4224 ἀθυμίας
892 4153 1135 4225 ἀναιρῶο
1168 4153 1230 4206 τὸ
1275 4154 1376 4226 μὲν
1408 4154 1784 4228 γάριάθυμεῖν

193 4245 297 4314 τῆς
341 4228 696 4312 φύσεωςίτὸ
733 4239 789 4291 δὲ
832 4238 974 4309 πέρα
1015 4237 1110 4293 τοῦ
1149 4238 1349 4310 μέτρου
1397 4239 1555 4295 τοῦτο
1610 4242 1784 4295 ποιεῖν

200 4326 401 4390 μανίας
439 4325 535 4378 καὶ
573 4322 997 4395 παραφροσύνης
1037 4324 1131 4380 καὶ
1175 4321 1545 4391 γυναικώδους
1579 4323 1781 4397 ψυχῆς.

200 4409 500 4478 Ἀλγησον,
545 4407 835 4478 δάκρυσον,
881 4405 1016 4462 ἀλλά
1062 4407 1135 4479 μὴ
1185 4398 1655 4481 ἀποδυσπετήσῃς,
1708 4411 1784 4481 μὴ

192 4493 575 4564 δυσχεράνῃς,
639 4492 714 4564 μὴ
780 4491 1201 4563 ἀγανακτήσῃς·
1259 4490 1654 4563 εὐχαρίστησον
1706 4494 1786 4565 τῷ

194 4577 554 4644 λαμϐάνοντι,
584 4575 670 4628 ἵνα
706 4574 857 4647 [765]
891 4576 1179 4647 κοσμήσῃς
1210 4574 1302 4628 τὸν
1333 4574 1659 4641 ἀπελθόντα,
1690 4579 1784 4631 καὶ

194 4660 433 4731 λαμπρά
481 4657 655 4712 ταῦτα
702 4657 853 4727 αὐτῷ
902 4658 1210 4729 συμπέμψῃ
1256 4658 1507 4729 ἐντάφια.
1536 4659 1635 4712 Ἂν
1683 4659 1783 4730 μὲν

192 4745 311 4814 γάρ
343 4743 701 4814 δυσχερὰνῃς,
737 4742 990 4796 κάκεῖνον
1028 4741 1397 4813 καθύϐρισας,
1437 4743 1533 4797 καὶ
1570 4742 1662 4797 τὸν
1689 4743 1785 4799 λα-

193 4828 369 4888 ϐόντα
411 4825 771 4897 παρώξυνας,
819 4828 913 4880 καὶ
962 4828 1161 4881 σαυτὸν
1214 4827 1589 4897 κατέϐλαψαςο
1633 4830 1699 4883 ἂν
1729 4831 1786 4886 δέ

193 4914 628 4982 εὐχαριστήσῃς,
663 4912 915 4964 κάκεῖνον
948 4911 1291 4982 ἐκόσμησας,
1314 4909 1407 4964 καὶ
1436 4912 1526 4965 τὸν
1553 4912 1787 4970 λαϐόντα

192 4995 498 5061 ἐδόξασας,
547 4996 640 5047 καὶ
682 4995 879 5048 σαυτὸν
927 4994 1239 5065 ὠφέλησας.
1294 4995 1576 5066 Δάκρυσον
1632 4998 1707 5062 ὼς
1757 5004 1788 5055 ὁ

194 5084 482 5147 Δεσπότης
526 5096 619 5141 σου
671 5079 936 5149 ἐδάκρυσε
978 5079 1069 5131 τὸν
1095 5076 1370 5149 Λάζαρον,
1407 5079 1580 5151 μέτρα
1619 5082 1789 5147 τιθεὶς

198 5167 337 5237 ἡμῖν
371 5166 465 5217 καὶ
507 5164 737 5227 κανόνας
770 5164 865 5217 καὶ
900 5165 1061 5234 ὄρους
1108 5164 1368 5235 ἀθυμίας,
1384 5162 1494 5227 ,οὒς
1526 5167 1788 5238 ὑπερϐαί-

199 5266 316 5302 νειν
359 5249 422 5301 οὐ
468 5248 567 5301 δεῖ.
606 5246 762 5299 Οῦτω
797 5247 890 5300 καὶ
943 5246 1154 5312 Παῦλος
1199 5244 1350 5302 εἷπε·
1384 5251 1523 5320 Περί
1558 5249 1627 5303 δὲ
1671 5250 1789 5305 τῶν

202 5332 670 5403 κεκοιμημένων.
698 5332 882 5403 φησὶν,
910 5334 982 5385 οὐ
1013 5331 1165 5388 Οέυίω
1206 5332 1361 5403 ὑμᾶς
1391 5336 1653 5405 ἀγνοεῖν,
1680 5337 1787 5393 ἵνα

197 5417 286 5487 μὴ
333 5416 647 5484 λυπῆσθε.
690 5417 773 5483 ὡς
817 5415 912 5469 καί
966 5418 1020 5469 οὶ
1071 5417 1273 5471 λοιποί
1324 5421 1378 5472 οἱ
1417 5419 1504 5488 μὴ
1544 5419 1790 5488 ἔχοντες

201 5500 445 5558 ἐλπίδα.
469 5499 675 5565 Λυποῦ,
694 5500 879 5570 φησὶν,
906 5499 1042 5553 ἀλλά
1060 5500 1134 5572 μὴ
1151 5502 1225 5565 ὡς
1243 5502 1441 5572 Ἕλλην
1468 5505 1495 5554 6
1511 5503 1788 5571 ἀπογινώ-

206 5599 355 5637 σκων
382 5584 753 5649 ἀναστάσεως,
776 5587 804 5639 ὀ
826 5583 1141 5648 ἀπελπίζων
1163 5585 1262 5656 τὴν
1288 5585 1587 5656 μέλλουσαν
1614 5587 1761 5659 ζωήν

292 5713 308 5739 ⁰
328 5718 464 5768 l'nus
486 5719 759 5783 οἰκοδομήν,
786 5719 910 5772 alius
942 5721 1320 5785 οἰκοδομηθῆναι,
1347 5722 1470 5773 alius
1490 5724 1777 5785 οἰκοδομεῖ

1421 274 1510 330 DE
1547 272 1826 331 LAZARO
1863 270 2111 331 CONCIO
2152 274 2214 330 V.

3325 279 3464 338 ιοτο

1879 387 2625 461 Αἰσχύνομαιγπιστεύσατε,
2664 392 2759 447 καὶ
2795 390 3051 465 ἐρυθριῶ,
3082 392 3171 447 διὰ
3202 391 3302 467 τῆς
3329 395 3461 464 ἀγο-

1878 474 1974 542 ρᾶς
2014 474 2208 545 χοροὺς
2238 474 2515 542 γυναικῶν
2562 474 2706 547 ὀρῶν
2758 474 3227 548 ἀσχημονοῦντας,
3271 478 3460 549 τρίχας

1874 557 2209 628 τιλλομένας,
2245 557 2538 629 βραχίονας
2564 560 2927 631 τεμνομένας,
2958 561 3188 632 παρειάς
3219 580 3464 634 σπαρατ-

1872 640 2126 710 τομένας,
2183 641 2287 693 ὑπὸ
2337 643 2449 705 τοῖς
2482 640 2784 712 ὀφθαλμοῖς
2832 642 2940 695 τῶν
2974 639 3242 713 Ἑλλήνων
3286 643 3465 699 ταῦτα

1873 724 2152 793 γινόμενα.
2204 723 2269 776 Τί
2324 723 2432 796 γὰρ
2490 725 2590 777 οὐκ
2643 724 2860 796 ἐροῦσιν
2914 728 3146 793 ἐκείνοις
3192 726 3245 779 τί
3294 726 3352 779 δέ
3398 728 3464 782 οὐ

1873 805 2195 875 φθέγξονται
2239 807 2370 877 περὶ
2402 807 2588 878 ἡμῶνς
2621 802 2780 861 Οὗτοί
2814 807 2954 861 είσίν
2985 810 3034 861 οἰ
3074 809 3203 882 περὶ
3236 808 3463 863 ἀναστά-

1874 905 2014 953 σεως
2049 889 2502 959 φιλοσοφοῦντες;
2562 890 2708 943 Πάνυ
2762 907 2843 960 γε.
2882 892 2956 944 Οὐ
3006 890 3115 961 γὰρ
3174 889 3461 962 συμϐαίνει

1870 976 1984 1037 τοῖς
2012 973 2245 1044 δόγμασι
2290 973 2359 1027 τά
2389 984 2687 1046 γινόμενα·
2720 975 2778 1028 ἐν
2808 975 3015 1046 ῥήμασι
3058 974 3128 1028 τὰ
3160 976 3288 1046 περὶ
3329 977 3461 1030 ἀνα-

1875 1058 2117 1140 στάσεως
2153 1057 2525 1127 φιλοσοφοῦσι,
2556 1058 2649 1111 καὶ
2690 1060 2749 1112 ἐν
2783 1062 2893 1122 τοῖς
2928 1059 3218 1130 πράγμασι
3246 1059 3315 1113 τά
3353 1061 3463 1113 τῶν

1872 1136 2269 1208 ἀπεγνωκότων
2314 1141 2590 1196 ποιοῦσιν·
2631 1143 2680 1195 εί
2712 1142 2976 1214 ἐθάρρουν
3019 1136 3183 1207 οὗτοι,
3215 1143 3297 1197 ὅτι
3331 1142 3464 1197 ἀνά-

1875 1222 2063 1285 στασίς
2111 1226 2293 1289 ἐστιν,
2346 1226 2448 1278 οὐκ
2498 1224 2564 1277 ἂν
2609 1223 2782 1277 ταῦτα
2832 1223 3124 1295 ἐποίησαν·
3175 1226 3223 1278 εί
3272 1241 3463 1279 πεπει-

1872 1306 2030 1371 κότες
2055 1302 2195 1378 ἦσαν
2222 1309 2467 1371 ἑαυτοὺς,
2494 1309 2578 1362 ὅτι
2606 1309 2742 1380 πρὸς
2774 1308 3019 1378 βελτίονα
3047 1308 3197 1381 λῆξιν
3220 1308 3464 1379 ἀνῆλθεν

1873 1385 2057 1453 οὗτος,
2101 1390 2203 1443 οὐκ
2236 1389 2303 1443 ἂν
2344 1390 2676 1462 ἐθρήνησαν.
2718 1391 2905 1444 Ταῦτα
2952 1391 3047 1444 καί¹
3086 1390 3309 1444 πλείονα
3338 1389 3463 1444 τού-

1872 1489 1981 1527 των
2012 1472 2259 1541 λέγουσιν
2285 1474 2334 1526 οἱ
2360 1474 2577 1528 ἄπιστοι
2602 1475 2709 1528 τῶν
2747 1474 2960 1546 θρήνων
2991 1475 3214 1530 ἐκείνων
3242 1474 3465 1527 ἀκούον-

1873 1572 1984 1619 τες.
2020 1555 2417 1627 Αἰσχυνώμεθα
2448 1557 2646 1623 τοίνυν,
2679 1557 2775 1611 καὶ
2829 1558 3221 1630 σοφρωνῶμεν,
3253 1557 3349 1611 καὶ
3382 1557 3459 1628 μὴ

1873 1637 2141 1709 τοσαύτην
2187 1639 2282 1693 καὶ
2335 1641 2549 1704 ἑαυτοῖς
2604 1642 2846 1704 καὶτοῖς
2891 1640 3063 1713 ὀρῶσι
3113 1641 3462 1713 προξενῶμεν

1872 1721 1973 1792 τὴν
2028 1720 2257 1790 βλάϐην.
2293 1721 2449 1785 Τίνος
2482 1721 2591 1792 γάρ
2617 1721 2829 1788 ἕνεκεν,
2865 1723 2986 1775 εἰπέ
3044 1739 3168 1793 μοι,
3202 1723 3463 1794 δακρύεις

1873 1803 2016 1857 οῦτω
2046 1805 2138 1857 τον
2177 1803 2516 1870 άπελθόντα;
2562 1806 2643 1859 ὅτι
2684 1806 2920 1878 πονηρὸς
2968 1801 3073 1877 ἦνς
3120 1805 3329 1859 Οὐκοῦν
3374 1804 3464 1858 διὰ

1873 1886 2033 1940 τοῦτο
2079 1888 2421 1957 εὐχαριστεῖν
2454 1887 2553 1953 δεῖ,
2602 1888 2687 1941 δτι
2727 1888 2962 1959 ἐνεκόπη
3020 1886 3091 1940 τὰ
3129 1888 3229 1957 τῆς
3266 1887 3460 1951 κακίας

1876 1969 2044 2040 αὐτῷ.
2090 1970 2248 2023 Ἀλλά
2293 1970 2530 2041 χρηστὸς
2560 1970 2654 2023 καὶ
2692 1972 2978 2043 ἐπιεικήςς
3017 1971 3128 2025 Καὶ
3169 1970 3257 2025 διά
3305 1971 3465 2026 τοῦτο

1874 2052 2086 2126 χαίρειν
2113 2052 2214 2118 δεῖ,
2257 2054 2340 2107 ὅτι
2387 2052 2595 2123 ταχέως
2636 2053 2882 2126 ἡρπάγη,
2931 2055 3061 2125 πρὶν
3108 2053 3142 2125 ἢ
3181 2056 3247 2125 τῇ
3292 2054 3463 2124 κακία

1877 2124 2083 2207 ἀλλάξῃ
2127 2134 2365 2198 σύνεσιν,
2414 2136 2507 2188 καὶ
2543 2124 2787 2205 ἀπῆλθεν
2820 2138 2899 2199 εἰς
2949 2124 3149 2208 χωρίον
3192 2124 3322 2190 ἔνθα
3373 2139 3460 2189 ἐπ’

1878 2218 2178 2290 ἀσφαλείας
2219 2218 2406 2271 λοιπὸν
2443 2218 2664 2289 ἕστηκε,
2714 2219 2809 2271 καὶ
2844 2219 3146 2289 μεταϐολὴν
3185 2219 3284 2273 οὐκ
3317 2220 3462 2273 ἐστιν

1881 2301 2224 2356 ὑποπτεῦσαί
2258 2319 2402 2356 τινα.
2440 2300 2601 2354 Ἀλλά
2634 2301 2751 2365 νέος
2784 2296 2881 2370 ἧνς
2920 2301 3029 2354 Καὶ
3060 2302 3149 2356 διά
3188 2302 3347 2356 τοῦτο
3378 2303 3463 2357 δό-

1879 2384 2040 2451 ξασον
2080 2385 2170 2438 τὸν
2196 2384 2449 2448 λαϐόντα,
2475 2385 2558 2437 ὅτι
2595 2384 2805 2454 ταχέως
2848 2384 3007 2438 αὐτὸν
3051 2386 3185 2458 πρὸς
3212 2387 3312 2455 τὴν
3344 2385 3463 2457 βελ-

1876 2468 2027 2522 τίονα
2077 2466 2230 2539 λῆξιν
2272 2466 2552 2522 ἐκάλεσεν.
2593 2467 2755 2520 Ἀλλά
2808 2467 3167 2539 γεγηρακώς;
3219 2470 3329 2523 Καί⁸
3376 2469 3464 2523 διὰ

1876 2550 2035 2603 τοῦτο
2064 2550 2479 2620 εὐχαρίστησον,
2507 2551 2601 2603 καί⁵
2627 2550 2720 2603 τὸν
2752 2550 2986 2605 λαϐόντα
3018 2550 3242 2615 δόξασον
3277 2552 3460 2606 πάλιν.

1876 2631 2207 2703 Δίσχύνθητι
2247 2631 2309 2684 τδ
2347 2632 2533 2701 σχῆμα
2578 2632 2678 2702 τῆς
2708 2634 2977 2703 ἐκφορᾶς·
3008 2632 3336 2705 ψαλμῳδίαι,
3370 2636 3465 2688 καὶ

1879 2715 2066 2785 εὐχαὶ,
2104 2715 2199 2768 καὶ
2241 2714 2493 2785 πατέρων
2539 2713 2813 2783 σύλλογος,
2860 2716 2955 2768 καὶ
2987 2715 3189 2785 πλῆθος
3223 2716 3467 2787 ἀδελφῶν

1877 2798 2152 2864 τοσοῦτον,
2195 2797 2295 2868 οὐχ
2328 2798 2416 2851 ἵνα
2458 2788 2651 2870 κλαίῃς
2694 2798 2789 2851 καὶ
2821 2797 2989 2871 ὀδύρῃ
3030 2799 3124 2852 καὶ
3165 2799 3469 2854 ἀποδυσπε-

1877 2886 1998 2955 τῇς,
2032 2882 2149 2938 ἀλλ’
2180 2882 2269 2936 ἵνα
2299 2880 2630 2953 εὐχαριστῇς
2669 2881 2749 2952 τῷ
2776 2880 3016 2935 λαϐόντι.
3059 2882 3328 2954 Καθάπερ
3356 2884 3466 2957 γάρ

1877 2967 2006 3030 τοὺς
2058 2964 2146 3018 ἐπ’
2175 2963 2350 3036 ἀρχὴν
2404 2964 2774 3035 καλουμένους
2832 2964 3020 3018 πολλοὶ
3078 2966 3467 3037 προπέμπουσι

1878 3051 1998 3113 ταῖς
2032 3048 2353 3119 εὐφημίαις,
2389 3046 2533 3101 οὕτω
2562 3049 2655 3103 καὶ
2688 3047 2795 3103 τῶν
2829 3049 3001 3117 ἀγίων
3028 3050 3152 3113 τοὺς
3183 3050 3465 3114 ἀπιόντας,

1880 3129 1977 3184 άτε
2029 3130 2124 3183 ἐπὶ
2178 3129 2403 3206 μείζονα
2455 3129 2757 3201 κληθέντας
2817 3132 3006 3202 τιμὴν,
3060 3132 3200 3202 μετὰ
3265 3132 3466 3204 πολλῆς

1880 3212 2122 3277 ἅπαντες
2149 3213 2541 3285 προπέμπουσι
2568 3213 2671 3283 τῆς
2699 3214 2999 3285 εὐφημίας.
3402 3258 3407 3262 .

1963 3296 2294 3361 Ἀνάπαυσίς
2332 3298 2478 3350 ἐστιν
2504 3298 2532 3350 6
2560 3295 2812 3363 θάνατος,
2847 3296 3085 3370 ἱδρώτων
3114 3298 3209 3352 καὶ
3251 3300 3468 3370 φροντί-

1879 3381 1987 3435 δων
2033 3380 2288 3452 βιοτικῶν
2336 3379 2651 3452 ἀπαλλαγή.
2684 3380 2855 3434 Ὅταν
2900 3376 2994 3435 οῦν
3037 3382 3153 3453 ῖδῃς
3189 3382 3314 3436 τινά
3359 3382 3469 3437 τῶν

1881 3463 2265 3536 προσηκόντων
2310 3462 2615 3518 ἀπελθόντα
2650 3463 2935 3528 ἐντεῦθεν,
2978 3464 3054 3535 μὴ
3100 3465 3468 3538 δυσχεράνῃς,

1881 3547 2021 3602 ἀλλά
2071 3547 2433 3618 κατανύγηθι,
2471 3547 2609 3619 πρὸς
2657 3548 2882 3601 σεαυτὸν
2916 3548 3197 3613 ἐπάνελθε,
3233 3549 3295 3602 τὸ
3346 3567 3471 3603 συν-

1883 3632 2021 3696 ειδὸς
2053 3632 2331 3697 ἐξέτασον.
2365 3632 2640 3703 σκόπησον
2679 3633 2761 3687 ὅτι
2802 3633 2896 3685 καὶ
2926 3633 2986 3686 σὲ
3020 3633 3214 3705 μικρὸν
3244 3633 3471 3706 ὕστερον

1881 3714 2040 3769 τοῦτο
2075 3715 2228 3786 μένει
2259 3714 2320 3768 τὸ
2346 3715 2523 3779 τέλος.
2553 3714 2716 3770 Γενοῦ
2748 3715 3185 3787 σωφρονέστερος
3206 3717 3296 3769 καὶ
3322 3718 3472 3782 δέξαι

1884 3798 2051 3867 φόϐον
2094 3798 2202 3850 ἀπὸ
2241 3797 2342 3867 τῆς
2374 3797 2560 3871 ἐτέρου
2599 3798 2882 3869 τελευτῆς,
2913 3798 3009 3851 καὶ
3056 3798 3326 3870 ῥαθυμίαν
3368 3817 3469 3853 πε‹

1889 3880 2111 3952 ρίκοψον
2145 3880 2381 3946 ἃπασαν,
2425 3881 2744 3950 ἀναλόγισαι
2780 3882 2850 3935 τά
2900 3880 3284 3952 πεπραγμένα,
3326 3882 3471 3957 διόρ-

1886 3963 2059 4018 θωσον
2096 3964 2167 4019 τὰ
2198 3964 2582 4035 ἡμαρτημένα,
2617 3965 2847 4037 ἀρίστην
2882 3965 3107 4037 ποίησον
3143 3965 3466 4042 μεταϐολήν.

1885 4046 2074 4119 Τούτῳ
2106 4047 2469 4119 διεστήκαμεν
2492 4047 2603 4101 τῶν
2635 4048 2900 4113 ἀπίστων,
2928 4048 3007 4119 τῷ
3042 4049 3252 4120 κρίσεις
3276 4048 3471 4123 ἐτέρας

1885 4131 2014 4203 περὶ
2063 4130 2174 4185 τῶν
2233 4132 2574 4202 πραγμάτων
2644 4131 2807 4203 ἔχειν.
2852 4132 2985 4204 Ὀρᾷ
3032 4132 3124 4186 τὸν
3167 4133 3395 4204 οὐρανὸν
3440 4136 3470 4189 6

1885 4215 2145 4278 ἄπιστος,
2197 4215 2293 4267 καὶ
2340 4217 2674 4285 προσκυνεῖ*
2724 4215 2844 4269 θεὸν
2877 4216 2985 4287 γάρ
3044 4211 3182 4270 εἰναι
3228 4215 3466 4287 νομίζει·

1885 4299 1989 4369 ὀρᾷ
2044 4298 2144 4367 τὴν
2191 4298 2316 4368 γῆν,
2365 4296 2517 4370 [766]
2557 4298 2653 4353 καὶ
2705 4299 3016 4370 θεραπεύει,
3068 4300 3163 4353 καὶ
3217 4300 3354 4371 πρὸς
3402 4303 3471 4357 τά

1887 4382 2121 4452 αἰσθητά
2153 4382 2400 4454 κέχηνεν.
2441 4382 2582 4436 Ἀλλ’
2614 4385 2774 4455 ⁴ἡμεῖς
2806 4385 2904 4456 οὐχ
2947 4385 3120 4450 οῦτως
3140 4402 3153 4416 ·
3183 4388 3299 4441 ἀλλ’
3331 4389 3471 4462 ὀρῶ-

1891 4484 1989 4536 μεν
2015 4466 2107 4519 τὸν
2135 4463 2381 4535 οὐρανὸν,
2423 4467 2517 4520 καὶ
2547 4467 2639 4520 τὸν
2672 4469 3010 4539 πεποιηκότα
3051 4470 3214 4524 αὐτὸν
3253 4472 3470 4545 θαυμά-

1889 4550 2088 4619 ζομενο
2121 4550 2182 4602 οὐ
2212 4548 2321 4619 γάρ
2379 4548 2500 4603 θεὸν
2555 4550 2739 4616 αὐτον,
2798 4550 2913 4605 ἀλλ’
2965 4552 3126 4624 ἔργον
3164 4550 3303 4609 εἶναι
3332 4557 3468 4610 Θεοῦ

1890 4630 2360 4702 πεπιστεύκαμεν.
2401 4631 2544 4703 Ὀρῶ
2592 4633 2693 4704 τὴν
2744 4635 2922 4689 κτίσιν
2982 4637 3222 4703 ἃπασαν,
3276 4640 3368 4693 καὶ
3400 4639 3470 4694 δι’

1889 4715 2061 4785 αὐτῆς
2119 4714 2565 4787 χειραγωγοῦμαι
2609 4716 2750 4788 πρὸς
2806 4718 2899 4773 τὸν
2944 4718 3297 4792 δημιουργόν.
3338 4723 3471 4793 Ὁρᾷ

1889 4799 2119 4853 πλδῦτον
2147 4800 2375 4863 ἐκεῖνος,
2409 4801 2505 4853 καὶ
2549 4800 2747 4872 κέχηνε
2785 4802 2879 4856 καὶ
2905 4803 3319 4876 ἐκπέπληκται·
3358 4807 3470 4877 ὀρῶ

1890 4881 2120 4936 πλοῦτον
2164 4882 2297 4952 ἐγὼ,
2337 4882 2432 4937 καὶ
2465 4884 2774 4953 καταγελῶ.
2808 4886 2943 4957 Ὀρᾷ
2991 4887 3182 4941 πενίαν
3229 4891 3467 4954 ἐκεῖνος,

1890 4966 1985 5020 καὶ
2018 4964 2299 5037 ὀδύρεται*
2334 4966 2448 5041 ὀρῶ
2480 4967 2669 5022 πενίαν
2694 4966 2827 5037 ἐγὼ,
2856 4968 2949 5022 καὶ
2977 4969 3299 5043 άγάλλομαι.
3330 4973 3473 5027 Ἐτέ-

1894 5066 2001 5120 ρως
2029 5047 2142 5119 ἐγὼ
2177 5049 2359 5120 βλέπω
2386 5050 2457 5104 τά
2495 5051 2816 5121 πράγματα,
2860 5052 2954 5106 καὶ
2995 5053 3199 5126 ἑτέρως
3240 5057 3467 5120 ἐκεῖνος.

1890 5130 2051 5189 Οῦτω
2098 5134 2194 5186 καὶ
2238 5134 2330 5187 ἐπὶ
2374 5132 2469 5187 τοῦ
2519 5134 2752 5188 θανάτου
2799 5135 3093 5207 ποιοῦμεν·
3143 5138 3246 5209 ὀρᾷ
3277 5139 3471 5211 νεκρὸν

1890 5215 2116 5281 ἐκεῖνος,
2163 5218 2258 5270 καὶ
2296 5216 2505 5287 νομίζει
2535 5218 2728 5287 νεκρὸν
2756 5214 2894 5273 εἶναι
2920 5238 2934 5252 ο
2967 5223 3079 5294 δρῶ
3117 5223 3309 5295 νεκρὸν
3337 5224 3469 5294 ἐγὼ,

1891 5301 1985 5354 καὶ
2028 5300 2196 5353 ῦπνον
2229 5300 2351 5353 ἀντὶ
2397 5300 2628 5355 θανάτου
2667 5301 2870 5373 βλέπω.
2915 5306 3024 5359 Καὶ
3071 5306 3325 5379 καθάπερ
3374 5310 3464 5363 ἐπὶ

1891 5384 1999 5439 τῶν
2025 5384 2368 5456 γραμμάτων
2392 5387 2505 5449 τοῖς
2541 5385 2641 5457 μὲν
2668 5387 2852 5450 αὐτοῖς
2880 5387 3093 5459 ὁρῶμεν
3114 5390 3254 5445 αὐτά
3276 5390 3472 5461 ὀφθαλ-

1894 5470 2014 5539 μοῖς
2054 5468 2107 5521 οἶ
2139 5485 2199 5521 τε
2233 5467 2457 5533 εἰδότες,
2485 5469 2539 5522 οἵ
2570 5486 2630 5522 τε
2680 5469 3002 5539 ἀγνοοῦντες
3043 5472 3113 5527 τά
3144 5474 3469 5546 γράμματα,

1890 5552 1951 5604 οὐ
1976 5554 2042 5624 τῇ
2069 5552 2212 5623 αὐτῇ
2237 5552 2295 5605 δὲ
2321 5552 2552 5624 διανοίᾳ,
2579 5552 2695 5607 ἀλλ’
2726 5554 2777 5607 οἱ
2810 5553 2911 5626 μὲν
2935 5556 3036 5610 οὐκ
3062 5556 3262 5621 εἰδότες
3292 5559 3447 5630 γράμ

1897 5652 2063 5705 ματα,
2089 5636 2276 5702 άπλῶς
2316 5633 2457 5691 εἶναι
2496 5637 2778 5707 νομίζουσι
2822 5637 2894 5692 τά
2950 5639 3276 5711 βλεπόμενα,
3316 5644 3365 5695 οί
3415 5641 3474 5695 δὲ

1899 5721 2246 5791 ἐπιστάμενοι
2280 5722 2417 5794 μετά
2464 5721 2664 5794 πολλῆς
2701 5723 2897 5795 τέχνης
2930 5724 3019 5780 τὸν
3052 5725 3469 5798 ἐναποκείμεν.ν
