4018 6190
634 222 762 282 {021

631 336 754 392 νοῦν
780 333 1154 401 ἀναλέγονται⁹
1188 331 1330 386 οὕτω
1355 332 1418 402 δὴ
1464 333 1558 389 καὶ
1593 333 1685 385 ἐπὶ
1712 335 1819 386 τῶν
1860 336 2199 404 πραγμάτοιν

632 421 746 482 τοῖς
782 419 880 488 μὲν
911 417 1093 478 αὐτοῖς
1139 414 1435 485 ὀφθαλμοῖς
1464 414 1678 485 ὁρῶμεν
1711 414 1780 468 τὰ
1814 414 2198 484 συμϐαίνοντα,

633 503 694 555 ού
743 503 808 570 τῇ
844 499 982 568 αὐτῇ
1015 497 1072 551 δὲ
1125 497 1333 570 διανοίᾳ
1378 498 1470 550 καὶ
1512 497 1726 569 γνώμῃ.
1778 497 1841 551 Οί
1881 496 2060 552 τοίνυν
2106 497 2200 550 ἐπὶ

629 583 737 636 τῶν
791 581 965 635 ἀλλων
1015 580 1268 634 ἁπάντων
1316 579 1657 651 διεστηκότες
1700 579 1902 646 αὐτῶν,
1955 581 2014 633 ἐν
2079 583 2200 644 ταῖς

630 665 756 735 περὶ
785 663 878 717 τοῦ
912 662 1140 718 θανάτου
1173 665 1540 735 συμπέσωμεν
1573 661 1801 735 ψήφοις,

698 756 768 818 γ’.
800 748 1080 820 Ἐννόησον
1114 744 1252 814 πρὸς
1273 747 1395 800 τίνα
1411 745 1643 818 ἀπῆλθε,
1676 747 1768 799 καὶ
1784 745 1914 799 λαϐὲ
1945 763 2202 817 παραμυ-

628 832 783 886 θίανο
839 831 968 885 ἔνθα
1017 829 1227 894 Παῦλός
1259 832 1428 896 ἐστιν,
1481 829 1612 883 ἔνθα
1657 829 1882 900 Πέτρος,
1913 828 2043 882 ἔνθα
2092 829 2200 881 τῶν

629 917 798 985 ἁγίων
823 917 852 968 6
869 914 1028 988 χορὸς
1049 914 1194 978 ἀπας
1209 931 1224 946 ο
1255 914 1505 985 ἐννόησον
1530 912 1647 976 πῶς
1673 913 2054 984 ἀναστήσεται,
2078 912 2198 983 μεθ’

626 999 759 1068 ὅσης
785 998 942 1069 δόξης
989 999 1084 1051 καὶ
1130 995 1514 1068 λαμπρότητος
1534 1012 1548 1026 ο
1602 996 1854 1064 ἐννόησον
1877 996 1958 1048 ὅτι
1989 993 2198 1048 πενθῶν

627 1083 722 1138 καὶ
752 1081 1074 1152 ὀδυρόμενος
1105 1078 1227 1133 οὔτε
1257 1079 1316 1133 τὸ
1348 1077 1711 1150 γεγενημένον
1741 1078 1948 1149 δυνήσῃ
1977 1077 2199 1150 διορθώ-

629 1164 825 1218 σασθαι
857 1165 969 1226 τοῖς
1012 1162 1286 1234 ὀδυρμοῖς,
1344 1161 1440 1215 καὶ
1474 1160 1669 1215 σαυτὸν
1717 1160 2086 1230 καταϐλάψεις
2130 1159 2200 1214 τά

625 1247 828 1319 ἔσχατα
845 1267 859 1282 ο
891 1247 1140 1318 ἐννόησον
1163 1246 1314 1310 τίνας
1346 1248 1484 1317 μιμῇ
1505 1245 1664 1299 τοῦτο
1692 1245 1880 1308 ποιῶν,
1905 1245 2001 1300 καὶ
2031 1243 2198 1314 φεῦγε

625 1333 724 1402 τὴν
741 1330 1024 1385 κοινωνίαν
1046 1333 1146 1402 τῆς
1170 1330 1459 1401 ἁμαρτίας.
1485 1329 1648 1392 Τίνας
1676 1327 1769 1382 οὖν
1807 1331 1946 1400 μιμῇ
1986 1328 2080 1381 καὶ
2103 1328 2200 1398 ζη-

625 1418 736 1480 λοῖς
762 1433 777 1482 ;
812 1415 951 1478 Τοὺς
982 1412 1246 1476 ἀπίστους
1271 1425 1321 1479 α,
1345 1413 1472 1476 τοὺς
1505 1413 1605 1466 οὐκ
1627 1411 1848 1483 ἔχοντας
1873 1411 2082 1476 ἐλπίδα,
2101 1428 2200 1465 κα-

625 1499 802 1570 θάπερ
825 1499 920 1551 καὶ
943 1497 972 1549 ὀ
1003 1495 1214 1560 Παῦλος
1255 1490 1442 1550 εἷπεν·
1477 1495 1610 1552 Ἵνα
1660 1495 1738 1564 μὴ
1779 1495 2080 1563 λυπῆσθε,
2117 1494 2199 1560 ὡς

624 1582 723 1636 καὶ
755 1584 810 1635 οὶ
835 1579 1036 1635 λοιποὶ
1065 1582 1120 1634 οἱ
1140 1579 1227 1650 μὴ
1255 1578 1501 1648 ἔχοντες
1525 1579 1763 1635 ἐλπίδα.
1822 1579 1931 1632 Καὶ
1963 1579 2198 1650 πρόσεχε

621 1668 690 1736 τῇ
719 1664 813 1720 τοῦ
848 1665 1088 1736 ῥήματος
1112 1663 1397 1734 ἀκριϐείᾳο
1425 1664 1484 1716 οὑ
1510 1662 1618 1734 γάρ
1650 1661 1822 1725 εἶπεν,
1853 1663 1917 1716 Ol
1949 1662 2024 1734 μὴ
2050 1661 2197 1732 έχον-

622 1770 715 1816 τες
744 1752 934 1806 ἐλπίδα
958 1752 1326 1814 ἀναστάσεως,
1353 1750 1468 1803 ἀλλ’
1501 1748 1708 1813 ἁπλῶς,
1745 1752 1809 1802 υἱ
1833 1748 1920 1818 μὴ
1952 1750 2198 1817 ἔχοντες

621 1835 860 1890 ἐλπίδα.
902 1835 959 1888 '0
980 1835 1088 1905 γὰρ
1124 1833 1314 1886 ἐλπίδα
1341 1834 1440 1903 τῆς
1489 1834 1604 1886 ἐκεῖ
1652 1832 1882 1903 κρίσεως
1913 1832 1987 1904 μὴ
2018 1832 2157 1904 ἔχων
2180 1871 2194 1896 ,

623 1917 878 1989 οὐδεμίαν
904 1915 1094 1971 ἐλπίδα
1133 1915 1269 1987 ἔχει,
1301 1916 1408 1970 οὐδ’
1434 1917 1517 1969 ὅτι
1541 1915 1672 1979 Θεός
1698 1917 1847 1970 ἐστιν
1876 1911 2016 1969 οἶδεν
2036 1956 2051 1977 ,
2087 1916 2196 1970 οὐδ’

623 2001 706 2056 ὅτι
738 2004 1044 2072 προνοεῖται
1072 2000 1182 2054 τῶν
1222 2000 1504 2070 παρόντων
1553 1999 1923 2071 πραγμάτων,
1976 1999 2085 2052 οὐδ’
2113 2000 2196 2054 ὅτι

621 2085 691 2139 τὰ
720 2086 898 2140 πάντα
927 2084 1048 2139 Θεία
1070 2102 1155 2148 τις
1177 2085 1348 2156 ἐφορᾷ
1377 2084 1522 2156 δίκη.
1567 2085 1624 2136 Ὀ
1644 2083 1814 2136 ταῦτα
1839 2082 1896 2137 δὲ
1922 2083 2022 2136 οὐκ
2041 2083 2197 2149 εἰδὼς

622 2170 744 2224 οὐδὲ
776 2169 1033 2241 νομίζων,
1070 2169 1261 2240 θηρίου
1296 2167 1496 2229 παντός
1531 2169 1677 2220 ἐστιν
1708 2166 2065 2239 ἀλογώτερος,
2104 2171 2197 2222 καὶ

623 2255 821 2324 νόμους
843 2256 938 2308 καὶ
960 2254 1281 2325 δικαστήρια
1311 2253 1406 2307 καὶ
1429 2252 1662 2320 θεσμοὺς
1691 2253 1786 2305 καὶ
1803 2251 1980 2305 πάντα
2011 2253 2196 2316 ἁπλῶς

621 2339 690 2392 τὰ
713 2338 892 2406 ἀγαθά
921 2337 1028 2392 ἀπὸ
1057 2337 1158 2406 τῆς
1180 2338 1386 2401 οἰκείας
1414 2335 1664 2409 ἐξορίσας
1687 2335 1894 2406 ψυχῆς
1924 2337 1952 2389 ό
1979 2335 2087 2406 γὰρ
2120 2339 2194 2408 μὴ

623 2421 938 2495 προσδοκῶν
955 2421 1182 2485 εὐθύνας
1201 2423 1417 2490 ὑφέξειν
1441 2423 1548 2475 τῶν
1571 2424 1996 2495 πεπραγμένων,
2017 2425 2196 2493 πάσης

625 2509 724 2578 μὲν
756 2507 956 2578 ἀρετῆς
1001 2504 1282 2574 ἀφέξεται,
1325 2507 1501 2576 πάσης
1535 2505 1592 2558 δὲ
1642 2505 1842 2569 κακίας
1895 2505 2192 2570 ἀνθέξεται.

622 2589 790 2643 Ταῦτ’
811 2585 903 2642 οὖν
925 2587 1292 2659 ἐννοήσαντες,
1317 2589 1411 2640 κα)⁸
1434 2589 1532 2658 τὴν
1561 2587 1746 2640 ἄνοιαν
1775 2589 1868 2640 καὶ
1898 2588 1994 2658 τήν
2017 2605 2196 2657 παρα-

622 2673 853 2744 πληξίαν
873 2673 982 2725 τῶν
1010 2671 1294 2741 Ἑλλήνων,
1322 2666 1403 2733 οἷς
1430 2670 1791 2739 κοινωνοῦμεν
1816 2670 1902 2724 διά
1931 2671 2038 2724 τῶν
2064 2670 2196 2742 θρή-

621 2775 748 2822 νων,
784 2756 1154 2826 λογισάμενοι,
1200 2754 1490 2824 φεύγωμεν
1535 2753 1632 2824 τὴν
1665 2754 1799 2824 πρὸς
1833 2754 2032 2816 αὐτοὺς
2062 2771 2194 2824 συμ-

621 2841 847 2912 φωνίαν.
883 2839 983 2893 Διά
998 2838 1107 2910 γὰρ
1131 2837 1290 2892 τοῦτο
1305 2837 1400 2891 καὶ
1430 2836 1639 2899 Παῦλος
1661 2837 1839 2890 αὐτῶν
1858 2837 2190 2909 ἀνεμνήσθη,

622 2927 708 2981 Im.
746 2924 847 2996 τὴν
877 2921 1100 2989 ἀτιμίαν
1133 2921 1394 2991 ἐννοήσας
1426 2920 1562 2992 πρὸς
1591 2920 1658 2992 ἣν
1707 2919 2092 2984 καταπίπτεις,
2129 2921 2193 2973 ἐκ

619 3009 718 3081 τῆς
745 3007 882 3080 πρὸς
903 3006 1144 3070 ἐκείνους
1165 3005 1480 3075 συμφωνίας
1495 3002 1791 3074 ἀνανήψῃς,
1817 3003 1911 3056 καὶ
1936 3003 2072 3074 πρὸς
2095 3004 2193 3075 τὴν

617 3091 825 3146 οἰκείαν
857 3089 1135 3158 εὐγένειαν
1165 3087 1482 3160 ἐπανέλθῃς.
1528 3085 1636 3139 Καὶ
1679 3087 1778 3139 οὐκ
1824 3086 2055 3140 ἐνταῦθα
2098 3088 2194 3156 μό-

619 3193 730 3240 νον,
764 3175 900 3229 ἀλλά
927 3173 1192 3243 πολλαχοῦ
1221 3171 1378 3225 τοῦτο
1400 3173 1541 3224 ποιεῖ
1570 3171 1662 3224 καὶ
1687 3171 1925 3240 συνεχῶς
1957 3173 1984 3224 6
2017 3170 2193 3240 μακά-

620 3276 736 3330 ριος
766 3256 996 3320 Παῦλος.
1029 3257 1198 3308 Ὅταν
1228 3255 1338 3324 γὰρ
1371 3254 1678 3321 ἀπαγαγεῖν
1712 3253 1820 3304 τῶν
1860 3253 2193 3323 ἁμαρτημά-

616 3359 726 3397 των
763 3340 1037 3409 βούληται,
1088 3339 1327 3408 δείκνυσι
1379 3335 1488 3387 τίσι
1531 3333 1895 3404 κοινωνοῦμεν
1950 3335 2040 3390 διὰ
2084 3335 2191 3390 τῶν

619 3423 1052 3496 ἁμαρτημάτων,
1068 3421 1154 3473 ἵνα
1169 3423 1234 3489 τῇ
1259 3418 1503 3487 ποιότητι
1529 3417 1621 3470 τοῦ
1644 3417 1935 3488 προσώπου
1951 3419 2190 3490 δηχθεὶς,

617 3508 716 3578 τήν
743 3505 1027 3560 κοινωνίαν
1051 3502 1250 3573 φύγῃς.
1285 3499 1742 3553 Θεσσαλονικεῦσι
1775 3501 1905 3568 γοῦν
1941 3503 2187 3574 γράφων,

616 3589 789 3652 οῦτως
812 3589 997 3655 ἔλεγεν
1017 3605 1030 3618 ·
1063 3585 1356 3649 Ἕκαστος
1381 3581 1446 3636 τὸ
1469 3582 1685 3636 ἑαυτοῦ
1709 3581 1879 3650 σῶμα
1913 3584 1939 3624 ιι
1969 3584 2191 3640 κτᾶσθε

617 3672 688 3737 ἐν
721 3667 994 3741 ἁγιασμῷ
1021 3669 1119 3722 καί
1150 3666 1309 3737 τιμῇ,
1337 3664 1422 3735 μὴ
1451 3665 1522 3719 ἐν
1542 3663 1713 3718 πάθει
1735 3665 1988 3735 ἀτιμίας,
2011 3667 2190 3721 καθείς

617 3779 729 3833 περ
749 3762 891 3830 ἔθνη
926 3760 996 3815 τὰ
1006 3761 1091 3830 μὴ
1108 3759 1304 3814 εἰδότα
1335 3759 1500 3813 Θεόν.
1535 3755 1646 3810 Καὶ
1673 3756 1833 3810 πάλιν
1848 3774 1860 3788 ·
1881 3757 1976 3826 Μὴ
1997 3761 2191 3825 καθὼς

615 3847 690 3902 τὰ
736 3847 919 3901 λοιπὰ
966 3846 1110 3912 ἔθνη
1164 3842 1312 3916 [767]
1389 3840 1759 3910 περιπατεῖτε
1832 3842 1899 3895 ἐν
1944 3845 2187 3910 ματαιό-

615 3947 748 3998 τητι
795 3929 899 3983 τοῦ
952 3928 1094 3995 νοὸς
1127 3925 1342 3981 αὐτῶν.
1389 3924 1547 3978 υῦτω
1586 3923 1650 3993 δὴ
1691 3925 1784 3976 καὶ
1810 3924 2070 3978 ἐνταῦθα’
2106 3928 2188 3980 Οὐ

617 4012 771 4069 θέλω
798 4012 867 4066 δὲ
897 4009 1051 4081 ὑμᾶς
1079 4009 1337 4079 ἀγνοεῖν,
1363 4005 1634 4074 ἀδελφοὶ,
1675 4005 1808 4074 περὶ
1848 4006 1968 4060 τῶν
2001 4024 2190 4061 κεκοι-

613 4099 914 4170 μημένων,
945 4096 1149 4166 ἵναμὴ
1180 4093 1481 4162 λυπῆσθε,
1514 4089 1706 4156 καθὼς
1748 4091 1846 4144 καί
1888 4094 1943 4146 οἱ
1989 4093 2190 4146 λοιποί

616 4186 671 4238 οι
688 4183 773 4252 μὴ
793 4183 1038 4249 ἔχοντες
1072 4180 1310 4233 ἐλπίδα.
1330 4177 1405 4230 Οὐ
1426 4175 1533 4245 γάρ
1561 4177 1594 4246 ή
1617 4174 1775 4244 φύσις
1799 4174 1907 4226 τῶν
1931 4178 2190 4247 πραγμά-

615 4285 750 4331 των,
789 4266 958 4336 ἀλλ’ἢ
997 4263 1311 4335 προαίρεσις
1336 4264 1368 4332 ή
1401 4260 1646 4332 ἡμετέρα
1677 4257 1866 4312 λυπεῖν
1891 4261 2036 4329 ἡμᾶς
2061 4259 2188 4312 εἴω-

617 4351 736 4405 θεν·
769 4352 866 4420 οὑχ
899 4352 927 4402 6
961 4349 1187 4410 θάνατος
1205 4345 1296 4399 τοῦ
1320 4345 1664 4409 ἀπελθόντος,
1707 4342 1822 4396 ἀλλ’
1862 4345 1895 4414 ή
1936 4342 2188 4399 ἀσθένεια

615 4434 726 4487 τῶν
756 4431 1112 4504 θρηνούντων.
1139 4431 1241 4484 Τὸν
1263 4429 1393 4499 γοῦν
1424 4428 1612 4482 πιστὸν
1649 4427 1801 4481 οὐδὲν
1835 4429 1944 4480 τῶν
1988 4429 2189 4500 παρόν-

613 4534 724 4571 των
764 4517 1002 4584 λυπῆσαι
1053 4514 1362 4585 δυνήσεται,
1408 4511 1546 4566 ἀλλά
1602 4511 1707 4583 πρὸ
1742 4511 1850 4564 τῶν
1887 4511 2186 4581 μελλόντων

615 4599 833 4668 ἀγαθῶν
862 4598 956 4651 καὶ
981 4599 1038 4650 ἐν
1061 4596 1138 4667 τῷ
1171 4596 1395 4667 παρόντι
1423 4595 1673 4666 διέστηκε
1696 4594 1804 4649 τῶν
1828 4595 2092 4659 ἀπίστων,
2126 4597 2185 4650 ού

620 4683 790 4754 μικρά
808 4680 1206 4752 ἀπολαμϐάνων
1235 4681 1300 4732 ἐκ
1325 4678 1425 4749 τῆς
1450 4677 1590 4731 κατά
1617 4677 1850 4749 Χριστὸν
1870 4678 2186 4747 φιλοσοφίας

616 4766 814 4834 ἀγαθὰ,
852 4766 946 4820 καὶ
979 4763 1239 4836 μεγίστην
1269 4764 1333 4816 ἐκ
1376 4762 1567 4814 τούτου
1607 4760 1990 4832 καρπούμενος
2025 4762 2185 4815 εύθυσ-

620 4851 746 4918 μίαν
767 4851 862 4904 καὶ
891 4848 1113 4919 διηνεκῆ
1135 4846 1330 4918 χαράν.
1352 4845 1443 4898 Διὸ
1471 4846 1608 4898 καὶὸ
1632 4845 1842 4908 Παῦλός
1859 4863 1991 4916 φησι
2012 4862 2024 4875 ·
2047 4847 2187 4901 Χαί-

623 4950 747 5001 ρετε
767 4934 837 4986 ἐν
857 4932 1051 5000 Κυρίῳ
1074 4930 1329 4984 πάντοτε
1346 4946 1360 4961 °
1393 4927 1579 4984 πάλιν
1595 4926 1727 4997 ἐρῶ,
1757 4930 2008 4995 χαίρετε.
2026 4930 2188 4986 Ὥστε

618 5019 710 5082 καὶ
731 5017 838 5088 πρὸ
869 5017 969 5085 τῆς
996 5016 1343 5077 ἀναστάσεως
1362 5015 1422 5067 ού
1453 5012 1656 5084 μικρὰν
1687 5010 1890 5081 ταύτην
1923 5014 2188 5086 ἐλάϐομεν

616 5102 871 5174 ἀμοιϐὴν,
901 5099 979 5170 τῷ
1012 5100 1086 5170 μὴ
1121 5099 1481 5153 καταπίπτειν
1514 5099 1606 5151 ἐπὶ
1634 5096 1823 5167 μηδενὶ
1847 5098 1958 5153 τῶν
1991 5118 2190 5172 συμπι.

617 5187 858 5254 πτόντῳν
889 5183 1096 5247 δεινῶν,
1127 5183 1260 5237 ἀλλά
1295 5185 1361 5254 τῇ
1397 5182 1506 5235 τῶν
1537 5181 1837 5252 μελλόντων
1871 5184 2046 5240 ἐλπίδι
2081 5205 2188 5240 πα-

619 5267 891 5341 ραμυθίας
918 5267 1210 5320 ἀπολαύειν
1240 5265 1460 5336 πολλῆς.
1497 5265 1708 5337 Ὥσπερ
1730 5261 1822 5318 οὖν
1849 5268 2188 5340 ἑκατέρωθεν

619 5351 775 5421 ἡμεῖς
805 5351 1179 5422 κερδαίνομεν,
1211 5349 1382 5411 οὕτως
1405 5351 1434 5401 6
1461 5347 1688 5412 ἄπιστος
1714 5350 2056 5423 ἑκατέρωθεν
2091 5369 2187 5406 κα-

681 5536 706 5561 ⁸
731 5534 813 5581 Sic
833 5546 947 5580 mss.
970 5530 1024 5579 In
1049 5529 1194 5580 editis
1218 5530 1325 5585 τοῦς
1343 5529 1568 5585 ἀπίστους
1587 5531 1750 5579 deest.

681 5593 710 5631 ἲ)
735 5594 844 5641 Mss.
869 5594 929 5657 τό
946 5591 1114 5657 ἑαυτοῦ
1128 5590 1328 5657 σκεῦος,
1351 5602 1404 5657 ει
1430 5593 1495 5637 sic
1520 5592 1669 5641 Savil.
1718 5595 1765 5640 in
1793 5606 1941 5657 marg.
1968 5595 2018 5644 in
2046 5598 2184 5644 textu

623 5667 736 5706 vero
758 5667 867 5704 cum
890 5653 1008 5703 Mor.
1034 5654 1088 5701 τὸ
1121 5652 1288 5702 ἑαυτοῦ
1309 5655 1465 5714 σῶμα.

1351 221 1412 278 S.
1447 220 1733 279 JOANNIS
1765 221 2252 282 CIIRYSOSTOMI
2291 226 2608 285 ARCHIEP.
2649 228 3204 288 CONSTANTINOP.

3633 241 3752 296 10Ξὲ

2307 333 2699 421 ταϐλάπτεται,
2740 338 2832 390 καὶ
2853 337 2931 408 τῷ
2957 337 3274 421 κολάζεσθαι
3295 338 3488 412 ὕστερον
3508 343 3574 398 διὰ
3590 349 3660 420 τὴν
3675 352 3753 421 τῆς

2309 416 2658 482 ἀναστάσεως
2685 420 2967 484 ἀπιστίαν,
2999 423 3092 475 καὶ
3124 420 3201 492 τῷ
3233 424 3548 478 καταπίπτειν
3577 416 3643 480 tui

2309 499 2545 570 παροῦσι
2591 502 2902 574 πράγμασι,
2956 505 3042 560 διὰ
3069 507 3132 559 τὸ
3179 506 3338 576 μηδὲν
3366 510 3613 581 προσδοκᾷν
3655 517 3754 583 μετά

2305 583 2479 637 ταῦτα
2513 586 2768 656 χρηστόν.
2819 588 2894 640 Οὐ
2927 586 3106 640 τοίνυν
3133 587 3220 641 διὰ
3257 587 3348 658 τὴν
3381 590 3622 646 ἀνάστασιν
3648 596 3756 664 μόνον

2305 666 2592 738 ὀφείλομεν
2617 669 2958 739 εὐχαριστεῖν
2983 670 3058 741 τῷ
3089 671 3228 741 Θεῷ,
3258 672 3385 725 ἀλλά
3407 673 3488 726 καὶ
3517 675 3588 727 διὰ
3608 677 3682 746 τὴν

2307 748 2435 802 πίδα
2460 751 2558 818 τῆς
2591 753 2961 818 ἀναστάσεως,
2986 756 3020 826 ἢ
3042 756 3137 809 καὶ
3166 755 3262 827 τήν
3281 755 3578 828 ὀδυνωμένην
3602 759 3759 816 δύναται

2308 833 2811 906 παραμυθήσασθαι
2839 837 3038 908 ψυχὴν,
3072 839 3170 892 καὶ
3205 841 3380 892 πεῖσαι
3409 839 3520 908 περὶ
3546 842 3631 893 τῶν
3651 845 3760 896 ἀπελ-

2308 915 2509 969 θόντων
2543 916 2789 988 θαρρεῖν,
2819 920 2896 982 ὡς
2937 921 3383 992 ἀναστησομένων
3431 922 3567 974 πάλιν
3591 925 3660 976 καὶ
3684 943 3760 979 συν-

2309 999 2584 1069 εσομένων
2611 1002 2764 1071 ἡμῖν.
2790 1001 2852 1054 El
2881 1002 2988 1074 γὰρ
3015 1002 3199 1072 ἀλγεῖν
3227 1003 3328 1074 χρὴ
3363 1003 3449 1057 καὶ
3471 1005 3658 1071 πενθεῖν,
3678 1010 3762 1073 τοὺς

2306 1081 2365 1134 ἐν
2395 1083 2690 1154 ἁμαρτίαις
2733 1083 2942 1150 ζῶντας
2983 1085 3198 1141 πενθεῖν
3228 1086 3307 1140 δεῖ
3343 1087 3430 1139 καὶ
3453 1087 3701 1158 ὀδύρεσθαι,
3721 1094 3761 1144 οὺ

2305 1165 2433 1229 τοὺς
2494 1166 2830 1232 ἀπελθόντας
2880 1169 2998 1240 μετ’
3050 1170 3274 1242 ἀρετῆς.
3330 1170 3474 1224 Οῦτω
3511 1172 3586 1224 καὶ
3618 1173 3762 1239 Παῦλος

2307 1251 2479 1302 ποιεῖ’
2513 1250 2822 1322 Κορινθίοις
2875 1250 2983 1323 γάρ
3040 1252 3366 1306 ἐπιστέλλων
3393 1253 3538 1324 φησί·
3575 1255 3647 1320 Μή
3682 1273 3764 1322 ,τως

2304 1331 2558 1385 ἐλθόντα
2581 1349 2652 1401 με
2667 1333 2813 1401 πρὸς
2842 1333 2997 1402 ὑμᾶς
3011 1333 3346 1402 ταπεινώσῃ
3375 1339 3405 1389 ὀ
3423 1335 3564 1402 Θεὸς,
3580 1338 3654 1389 καί
3673 1354 3764 1390 πεν-

2307 1413 2473 1480 θήσω
2517 1417 2807 1483 πολλούς.
2865 1417 2980 1472 Οὐκ
3025 1412 3148 1471 εἶπε
3178 1419 3284 1473 τῶν
3311 1419 3652 1485 ἀποθανόντων,
3676 1422 3766 1476 am

2306 1495 2416 1550 τῶν
2447 1499 2977 1570 προημαρτηκότων,
3024 1499 3122 1554 καὶ
3180 1500 3255 1572 μὴ
3291 1501 3675 1572 μετανοησάντων
3705 1504 3764 1554 ἐπὶ

2305 1582 2371 1651 τῇ
2407 1581 2664 1652 ἀσελγείᾳ
2699 1583 2792 1636 καὶ
2821 1583 3140 1655 ἀκαθαρσία
3166 1579 3200 1658 ᾖ
3229 1583 3458 1655 ἔπραξαν
3480 1601 3492 1616 ⁸
3530 1586 3696 1650 τούτους
3713 1588 3764 1640 δεῖ

2306 1665 2709 1719 πενθεῖν.υῦτω
2737 1665 2830 1718 καὶ
2860 1666 3019 1731 ἀλλος
3045 1671 3301 1739 παραινεῖ
3336 1669 3495 1736 λέγων
3513 1685 3527 1701 ·
3563 1670 3765 1724 Κλαῦσον

2304 1745 2402 1799 ἐπὶ
2433 1747 2644 1815 νεκρῷ,
2664 1747 2905 1813 ἐξέλιπε
2928 1750 3035 1820 γὰρ
3055 1749 3184 1820 φῶς
3203 1767 3218 1781 ο
3246 1751 3340 1804 καὶ
3367 1751 3456 1804 ἐπὶ
3473 1751 3620 1821 μωρῷ
3638 1751 3756 1806 πλοῦ.

2306 1847 2442 1895 σον,
2481 1831 2722 1896 ἐξέλιπε
2770 1833 2880 1902 γὰρ
2926 1835 3204 1900 σύνεσις.
3253 1834 3449 1903 Ὀλίγον
3501 1835 3683 1888 κλαῦσεν
3707 1835 3766 1889 ἐπὶ

2305 1913 2504 1984 νεκρῷ,
2534 1915 2616 1967 ὅτι
2648 1915 3053 1980 ἀναπέπαυται,
3084 1916 3178 1970 τοῦ
3209 1916 3265 1970 δέ
3289 1917 3462 1987 μωροῦ
3488 1917 3606 1989 ὑπὲρ
3624 1918 3689 1971 τὸν
3709 1917 3767 1972 θά-

2305 2013 2462 2050 νατον
2481 1999 2515 2068 ή
2543 1997 2656 2068 ζωὴ
2693 2001 2922 2069 πονηρά.
2955 2002 3018 2053 Εἰ
3046 2000 3105 2054 δὲ
3136 2003 3165 2055 6
3193 2002 3450 2065 συνέσεως
3482 2002 3765 2071 ἀπεστερημέ-

2305 2096 2393 2142 νος
2413 2079 2704 2145 διαπαντὸς
2725 2081 2873 2147 ἄξιος
2900 2082 2966 2136 ἂν
2993 2083 3078 2154 εἴη
3106 2084 3436 2155 θρηνεῖσθαι,
3459 2083 3611 2153 πολλῷ
3635 2083 3766 2152 μᾶλλον

2303 2165 2332 2216 ὀ
2368 2163 2726 2236 δικαιοσύνης,
2752 2166 2980 2237 ἕρημος,
3035 2167 3134 2218 καὶ
3165 2167 3263 2238 τῆς
3311 2166 3445 2221 κατά
3477 2167 3588 2220 Θεὸν
3623 2165 3766 2227 ἐλπίδος

2305 2246 2692 2310 ἐκπεπτωκώς.
2752 2248 2989 2311 Τούτους
3024 2244 3137 2323 οῦν⁶
3175 2249 3450 2320 πενθῶμεν
3489 2246 3768 2320 ἡμεῖς’τοῦτο

2307 2331 2408 2402 μὲν
2442 2331 2549 2402 γάρ
2576 2331 2690 2402 ἔχει
2719 2331 2910 2402 κέρδος
2940 2333 3000 2386 τὺ
3038 2333 3258 2395 πένθος.
3289 2333 3534 2396 Πολλάκις
3571 2331 3672 2400 γοῦν
3689 2330 3768 2392 τοὺς

2303 2415 2575 2478 τοιούτους
2604 2416 2928 2487 θρηνοῦντες
2957 2415 3409 2488 διωρθωσάμεθα.

2375 2523 2447 2575 Τὸ
2471 2523 2528 2576 δὲ
2552 2524 2646 2576 ἐπὶ
2673 2525 2785 2587 τοῖς
2815 2523 3170 2589 ἀπελθοῦσιν,
3198 2525 3442 2595 ἀνόνητον
3465 2522 3579 2594 ὁμοῦ
3598 2521 3669 2576 καὶ
3687 2521 3774 2591 βλα-

2304 2604 2483 2676 ϐερόν.
2550 2606 2640 2675 Μὴ
2668 2606 2853 2658 ’τοίνυν
2913 2605 3366 2677 ἀντιστρέψωμεν
3401 2608 3489 2677 τὴν
3527 2606 3664 2669 τάξιν,
3699 2603 3775 2656 ἀλλ’

2305 2686 2575 2756 ἁμαρτίαν
2599 2687 2889 2758 θρηνῶμεν
2923 2689 3082 2759 μόνον
3105 2706 3118 2720 ·
3167 2690 3237 2742 τά
3263 2689 3318 2742 δὲ
3347 2689 3471 2742 ἀλλα
3512 2690 3679 2748 πάντα,
3709 2685 3776 2738 κᾶν

2303 2770 2484 2836 πενία,
2521 2770 2622 2823 κᾶν
2652 2772 2827 2836 νόσος,
2863 2771 2964 2824 κᾶν
3007 2771 3246 2837 θάνατος
3287 2772 3775 2844 ἀωρος,κάνέπὴρεια,

2302 2851 2405 2906 κᾶν
2443 2853 2799 2921 συκοφαντία,
2827 2855 2932 2908 κᾶν
2961 2855 3142 2908 ὁτιοῦν
3183 2858 3484 2927 προσπίπτῃ
3519 2855 3608 2908 τῶν
3629 2853 3775 2923 ἀνθρω-

2301 2934 2471 2989 πίνων
2500 2936 2706 3001 κακῶν,
2743 2936 2920 2991 πάντα
2957 2939 3230 3006 γενναίως
3263 2939 3520 3010 φέρωμεν.
3569 2934 3777 2995 ’Υπόθεσις

2302 3017 2411 3090 γὰρ
2434 3021 2566 3089 ἡμῖν
2592 3019 2660 3072 τὰ
2685 3020 2832 3074 δεινά
2856 3020 3029 3075 ταῦτα
3056 3022 3342 3091 στεφάνων
3367 3021 3467 3075 εἰσὶ
3492 3020 3714 3080 πλειόνων,
3734 3015 3777 3068 ἂν

2302 3103 2581 3172 νήφωμεν.

2371 3201 2433 3254 6'.
2456 3202 2564 3256 Καὶ
2586 3201 2697 3264 πῶς
2720 3202 2864 3256 ἐστιν
2891 3203 3182 3277 ἄνθρωπον
3208 3205 3355 3271 ὄντα,
3376 3205 3514 3274 φησὶ,
3537 3202 3596 3272 μὴ
3621 3200 3778 3266 ἀλγεῖνς

2302 3285 2623 3338 Τούναντίον
2652 3286 2749 3357 μὲν
2779 3282 2870 3340 οὖν
2903 3287 3047 3354 λέγω
3067 3305 3080 3319 ·
3111 3288 3235 3353 πῶς
3267 3289 3409 3342 ἔστιν
3441 3287 3674 3357 ἄνθρωπον
3691 3283 3780 3335 ὄντα

2301 3367 2506 3436 ἀλγεῖν,
2531 3367 2672 3438 λόγῳ
2698 3369 3002 3438 τιμηθέντα
3024 3369 3118 3422 καὶ
3147 3370 3396 3442 λογισμῷ
3419 3411 3433 3436 ,
3465 3370 3546 3422 καὶ
3568 3369 3662 3429 ταῖς
3691 3365 3780 3433 mp!

2299 3451 2406 3503 τῶν
2447 3449 2748 3522 μελλόντων
2789 3452 2971 3506 ἐλπίσι
2996 3470 3011 3517 ;
3041 3455 3150 3507 Καὶ
3185 3456 3271 3518 τίς
3292 3457 3435 3508 ἐστιν
3453 3493 3466 3518 ,
3499 3453 3553 3512 ὃς
3581 3451 3657 3517 οὐχ
3681 3446 3781 3500 ἑάλω

2298 3533 2375 3604 τῷ
2415 3533 2577 3588 πάθει
2619 3532 2836 3604 τούτῳ;
2880 3537 3036 3605 φησί.
3091 3537 3292 3590 Πολλοὶ
3323 3539 3410 3591 καὶ
3441 3531 3687 3602 πολλαχοῦ,
3716 3529 3779 3580 καὶ

2298 3619 2384 3686 ἐφ’
2417 3617 2574 3688 ἡμῶν
2593 3657 2608 3680 ,
2639 3619 2736 3672 καὶ
2761 3618 2853 3670 ἐπὶ
2881 3619 2987 3672 τῶν
3014 3621 3302 3688 προγόνων
3342 3621 3444 3674 τῶν
3473 3616 3716 3689 ἡμετέρων.
3741 3611 3779 3661 ’θ

2297 3699 2427 3768 γοῦν
2461 3699 2601 3766 Ἰὼϐ,
2632 3700 2924 3772 ὁλοκλήρου
2970 3701 3064 3754 τοῦ
3107 3704 3277 3774 χοροῦ
3311 3703 3415 3756 τῶν
3458 3701 3631 3755 παίδων
3660 3693 3776 3749 ἀπελ-

2299 3786 2509 3850 θόντος,
2567 3786 2795 3840 ἄκουσον
2851 3787 2905 3840 τί
2959 3803 3151 3856 φησιν’
3204 3789 3257 3841 '0
3313 3789 3512 3855 Κύριος
3550 3777 3779 3837 ἕδωκεν.ό

2301 3871 2515 3936 Κύριος
2545 3869 2824 3936 ἀφείλετο
2845 3886 2858 3900 ·
2895 3870 2976 3935 ὠς
3011 3869 3090 3932 τῷ
3109 3873 3310 3938 Κυρίῳ
3335 3869 3547 3934 ἔδοξεν,
3575 3865 3694 3919 οὕτω
3711 3857 3779 3912 καὶ

2301 3951 2448 4024 [768]
2495 3951 2754 4022 ἐγένετο.
2781 3953 3083 4023 Θαυμαστά
3121 3953 3225 4025 μὲν
3254 3951 3345 4008 οῦν
3365 3953 3522 4006 ταῦτα
3548 3949 3624 4003 καὶ
3648 3943 3780 4025 ἁπλῶς

2297 4035 2630 4106 ἀκουόμενα·
2672 4034 2739 4088 ἀν
2766 4035 2822 4088 δὲ
2850 4037 2944 4089 καὶ
2970 4038 3087 4108 μετ’
3111 4037 3398 4108 ἀκριϐείας
3429 4035 3648 4102 ἐξετάσῃς
3666 4024 3777 4083 αὐτὰ,

2297 4119 2417 4171 τότε
2468 4117 2729 4188 μειζόνως
2775 4117 2893 4187 ὄψει
2939 4120 2999 4172 τὸ
3049 4120 3254 4190 θαῦμα.
3311 4119 3568 4188 Ἐννόησον
3599 4113 3697 4181 γὰρ.
3726 4108 3778 4190 ὂῖι

2299 4203 2418 4272 οὐχὶ
2454 4202 2579 4265 τοὺς
2624 4201 2841 4272 ήμίσεις
2869 4201 3060 4258 ἐλαϐεν
3088 4205 3116 4254 6
3158 4189 3423 4265 διάϐολος,
3452 4199 3536 4253 καὶ
3571 4197 3672 4255 τοὺς
3693 4189 3779 4272 ἡμί-

2300 4271 2415 4347 σεις
2455 4271 2686 4354 ἀφῆκεν,
2738 4283 2859 4336 οὐδέ
2901 4285 3029 4348 τοὺς
3082 4285 3337 4349 πλείονας
3383 4282 3558 4344 ἔλαϐε,
3596 4271 3779 4331 καὶτοὺς

2297 4368 2549 4430 ἐλάττους
2614 4360 2859 4437 ἀφῆκεν·
2929 4367 3065 4421 ἀλλά
3131 4368 3422 4439 ὀλόκληρον
3480 4362 3697 4434 ἐτρύγησε
3719 4354 3778 4404 τὸν

2297 4451 2528 4522 καρπὸν,
2553 4452 2648 4503 καὶ
2679 4451 2739 4504 τὸ
2766 4450 2978 4522 δένδρον
3001 4453 3063 4505 ού
3089 4453 3358 4506 κατέϐαλε
3377 4467 3390 4481 ο
3420 4449 3578 4501 πᾶσαν
3598 4442 3776 4522 tm}???

2295 4521 2393 4607 τὴν
2433 4535 2700 4590 θάλατταν
2734 4535 2871 4605 μετὰ
2892 4521 3010 4589 τῶν
3037 4536 3320 4606 κυμάτων,
3365 4535 3455 4588 καὶ
3477 4533 3531 4585 τὸ
3555 4529 3718 4595 σκάφος
3737 4521 3776 4607 οὐ

2297 4603 2680 4672 κατεπόντισεν
2700 4636 2712 4648 ·
2737 4603 2876 4689 νὸλην
2910 4619 3008 4689 τὴν
3056 4603 3286 4689 δύναμιν
3348 4616 3581 4679 ἐκένωσε,
3612 4608 3686 4662 καὶ
3716 4603 3776 4655 τὸν

2297 4703 2504 4774 πύργον
2532 4703 2629 4754 ούκ
2659 4701 2856 4756 ἔσεισε.

2382 4808 2541 4861 Ἀλλά
2573 4808 2814 4876 εἱστήκει
2842 4805 3104 4859 πάντοθεν
3138 4805 3475 4876 βαλλόμενος,
3503 4799 3586 4854 καὶ
3616 4791 3771 4876 ἀκλεής

2299 4893 2495 4964 μένων.
2529 4890 2622 4944 καὶ
2660 4875 2876 4958 νιφάδες
2916 4889 3170 4960 ἐφέροντο
3196 4875 3383 4958 βελῶν,
3407 4887 3495 4940 καὶ
3521 4883 3605 4936 οὐκ
3634 4875 3767 4966 ἐπλήξ-

2295 4955 2447 5032 τετοο
2481 4973 2676 5044 μᾶλλον
2703 4955 2760 5025 δὲ
2791 4955 3102 5042 ἐπέμποντο
3139 4955 3256 5041 μέν,
3287 4970 3386 5023 οὐκ
3423 4955 3765 5044 ἐτίτρωσκονδέ.

2309 5038 2586 5130 Ἐννόησον
2617 5058 2740 5110 ὅσον
2777 5038 2914 5121 ἐστὶ,
2947 5038 3233 5118 τοσούτους
3269 5053 3461 5115 παῖδας
3493 5049 3602 5102 ἰδεῖν
3625 5038 3765 5130 ἀπολω-

2297 5125 2572 5207 λόταςίΤί
2623 5141 2731 5212 γὰρ
2761 5141 2858 5193 οὐκ
2910 5135 2980 5210 ἦν
3026 5137 3211 5192 ίκακὸν
3257 5136 3495 5199 δάκνειν;
3541 5133 3594 5183 τὸ

2297 5225 2727 5299 ἀναρπασθῆναι,
2761 5225 2822 5277 τὸ
2850 5224 3056 5286 πάντας
3087 5221 3276 5294 ἀθρόον
3308 5219 3400 5273 καὶ
3427 5220 3479 5270 ὲν
3691 5215 3768 5299 wgf

2297 5314 2358 5366 τὸ
2392 5283 2450 5366 έν
2478 5309 2625 5379 αύτῷ
2659 5311 2756 5382 τῆς
2792 5306 3008 5378 ἡλικίας
3034 5305 3110 5376 τῷ
3132 5305 3303 5364 ἄνθει,
3333 5303 3394 5356 τὸ
3432 5298 3608 5367 πολλὴν
3632 5283 3770 5358 ἀρετὴν

2299 5391 2765 5424 ι...ἓ-ἓρ.υηέυηιιρ
2819 5390 2880 5424 σιλ
2913 5391 3100 5424 anAn-nn
3140 5387 3361 5424 pnam'unn
3391 5379 3630 5424 ε-ιηωηίαε
3657 5381 3771 5424 κατΫ

2299 5379 2786 5462 ἐπιδεδειγμένους,
2819 5390 2880 5442 τὺ
2913 5391 3100 5461 τρόπῳ
3140 5387 3361 5456 τοιούτῳ
3391 5379 3630 5454 τιμωρίας
3657 5387 3697 5466 κξ

3679 5467 3772 5513 am

2300 5481 2454 5532 λῦσαι
2493 5478 2584 5532 τὸν
2619 5476 2753 5546 βίον,
2781 5475 2842 5527 τὸ
2885 5474 3022 5543 μετά
3060 5473 3324 5534 τοσαύτας
3364 5466 3560 5537 πληγὰς
3601 5462 3676 5546 {rx

2301 5561 2655 5633 ἐπενεχθῆναι
2703 5559 2924 5627 ταύτην,
2964 5558 3024 5610 τὺ
3066 5559 3410 5626 φιλόστοργον
3448 5547 3571 5603 εἶναι
3710 5547 3774 5633 ἴεῖ

2301 5647 2632 5718 γεννηκότα,
2688 5645 2744 5696 τὸ
2791 5642 3072 5706 ποθεινοὺς
3127 5639 3259 5695 εἶναι
3309 5639 3426 5700 τοὺς
3483 5625 3773 5688 ἀπελθόνταςί
