4018 6190
247 256 388 313 1021

248 382 574 432 contentum
620 368 904 441 colligant;
952 371 1030 428 sic
1073 381 1124 428 et
1173 372 1224 427 in
1272 371 1402 442 ipsis
1455 372 1616 428 rebus
1658 372 1848 428 iisdem

246 463 429 519 oculis
458 461 702 517 videmus
738 479 801 518 ea
834 467 961 534 qua:
1003 466 1338 535 contingunt.
1387 463 1483 520 sed
1515 479 1620 520 non
1661 465 1848 520 eadem

248 564 438 612 mente
465 563 522 611 et
544 555 748 610 animo.
774 557 856 611 An
886 556 1047 627 igitur
1070 557 1158 627 qui
1187 556 1240 611 in
1271 557 1521 612 omnibus
1548 557 1666 612 aliis
1692 557 1851 612 rebus

249 646 326 702 ab
372 647 479 702 illis
523 646 926 717 diserepamns,
972 649 1024 702 in
1071 649 1136 703 iis
1184 665 1303 721 qua:
1341 649 1407 704 ad
1449 661 1677 706 mortem
1723 666 1849 722 spe-

252 748 407 795 ctant
432 738 684 796 eumdem
711 755 870 810 quem
907 741 982 795 illi
1009 741 1271 797 calculum
1303 743 1602 812 ponemus?

326 832 382 887 3.
413 829 600 901 Cogita
625 831 693 885 ad
722 845 881 900 quem
907 832 1138 899 abierit,
1167 841 1220 888 et
1241 835 1661 890 consolationem
1705 834 1847 890 acci-

252 937 325 992 pe
350 938 364 976 ε
399 937 465 977 eo
493 921 698 978 scilicet
726 921 813 977 ubi
843 922 1037 978 Paulus
1063 933 1165 990 est,
1192 925 1280 980 ubi
1296 925 1504 991 Petrus,
1527 925 1618 980 ttbi
1639 935 1852 981 sancto-

253 1029 378 1068 rum
426 1013 625 1070 chorus
670 1015 866 1070 omnis.
911 1013 1096 1087 Cogita
1143 1017 1414 1086 quomodo
1454 1027 1850 1074 resurrecturus

254 1107 367 1172 sit,
395 1122 518 1163 cum
547 1116 744 1178 quanta
770 1109 938 1178 gloria
967 1119 1022 1165 et
1049 1109 1356 1179 splendore.
1393 1111 1589 1166 Animo
1615 1120 1806 1181 reputa
1831 1151 1849 1177 ,

259 1208 313 1254 te
343 1199 469 1254 fletu
495 1209 550 1254 et
573 1200 824 1272 lacrymis
849 1201 900 1256 in
942 1216 1001 1256 re
1030 1201 1118 1257 illa
1158 1201 1291 1257 nihil
1333 1202 1735 1257 immutaturum
1765 1203 1849 1258 vel

258 1290 714 1359 emendaturum,
762 1291 855 1348 sed
900 1293 991 1348 tibi
1023 1293 1121 1363 ipsi
1163 1294 1416 1349 damnum
1461 1295 1647 1365 ingens
1675 1294 1852 1350 illatu-

255 1397 380 1440 rum
413 1401 426 1437 :
459 1384 628 1454 cogita
659 1400 793 1454 quos
815 1385 864 1440 id
892 1385 1090 1440 faciens
1117 1386 1338 1444 imiteris
1358 1429 1374 1454 ,
1396 1396 1452 1444 ct
1485 1387 1604 1458 fuge
1627 1403 1852 1443 consor-

257 1476 396 1531 tium
444 1476 496 1530 in
546 1479 779 1546 peccatis
832 1478 1156 1547 bujusmodi.
1208 1480 1354 1548 Quos
1413 1495 1542 1551 ergo
1587 1480 1852 1537 imitaris?

259 1582 400 1638 quos
446 1569 748 1625 :emularis?
795 1568 1082 1637 infideles,
1115 1573 1205 1642 qui
1259 1587 1411 1643 spem
1456 1589 1562 1628 non
1614 1573 1848 1641 habent,

259 1661 716 1732 quemadmodum
745 1670 799 1716 et
823 1661 1020 1718 Paulus
1045 1663 1178 1718 dixit
1211 1681 1224 1717 :
1259 1663 1326 1718 Ut
1347 1680 1448 1718 non
1469 1665 1850 1734 contristemini,

261 1756 394 1808 sicut
415 1765 460 1808 et
483 1755 650 1809 caueri
674 1795 690 1818 ,
723 1755 810 1824 qui
834 1771 975 1826 spem
1010 1771 1112 1809 non
1137 1755 1340 1810 habent.
1377 1757 1442 1811 Et
1480 1756 1853 1814 animadverte

263 1843 396 1898 dicti
437 1844 832 1900 accurationem
861 1863 876 1898 :
910 1859 1017 1900 non
1037 1845 1180 1900 enim
1211 1845 1378 1912 dixit,
1419 1847 1508 1917 qui
1557 1861 1708 1916 spem
1747 1862 1853 1902 non

271 1937 471 1991 habent
496 1929 906 1993 resurrectionis
929 1979 944 2004 ,
974 1937 1069 1993 sed
1095 1938 1410 2008 simpliciter
1427 1977 1444 2006 ,
1471 1939 1571 2006 Qui
1594 1955 1735 2008 spem
1753 1955 1854 1993 non

266 2029 470 2082 habent.
498 2027 629 2084 Nam
657 2029 746 2098 qui
769 2042 920 2098 spem
963 2042 1069 2082 non
1099 2027 1259 2083 habet
1295 2027 1481 2098 judicii
1508 2029 1615 2084 illic
1643 2028 1807 2083 futuri
1834 2069 1850 2096 ,

264 2119 464 2173 nullam
496 2134 646 2189 spem
676 2119 871 2185 habet,
905 2133 1079 2188 neque
1103 2119 1272 2174 Deum
1314 2134 1433 2174 esse
1463 2119 1648 2185 novit,
1680 2134 1856 2190 neque

269 2213 375 2268 scit
399 2227 520 2267 eum
553 2227 639 2267 res
667 2211 929 2266 humanas
958 2225 1053 2267 sua
1076 2226 1262 2281 regere
1289 2209 1615 2280 providentia
1640 2251 1656 2276 ,
1682 2225 1856 2281 neque

265 2303 500 2358 divinam
541 2303 824 2374 quamdam
867 2302 1128 2373 justitiam
1173 2301 1288 2357 haec
1331 2302 1511 2356 omnia
1568 2301 1852 2370 inspicere.

263 2394 366 2462 Qui
393 2404 572 2450 autem
602 2393 716 2449 brec
743 2408 848 2448 non
881 2393 1161 2464 intelligit,
1195 2407 1366 2463 neque
1395 2407 1577 2448 secum
1608 2401 1854 2462 reputat,

263 2486 379 2540 fera
424 2485 608 2556 quavis
651 2484 895 2539 stolidior
936 2493 1057 2550 est,
1090 2483 1178 2554 qui
1217 2484 1400 2553 leges,
1451 2483 1648 2554 judicia
1673 2525 1688 2550 ,
1734 2483 1854 2554 jura

268 2575 517 2645 bonaque
559 2575 737 2629 omnia
783 2589 849 2630 ex
881 2574 1060 2628 animo
1100 2588 1200 2629 suo
1238 2573 1549 2629 eliminavit.
1582 2574 1682 2642 Qui
1713 2574 1857 2629 enim

268 2676 676 2738 nonexspectat
718 2682 778 2722 se
825 2667 1119 2722 facinorum
1168 2668 1428 2721 rationem
1479 2667 1855 2734 redditurum,

269 2760 524 2814 virtutem
553 2773 772 2828 prorsus
820 2758 1069 2826 deseret,
1099 2759 1497 2830 nequitiamque
1524 2775 1740 2815 omnem
1773 2775 1859 2816 se-

267 2852 516 2907 ctabitur.
542 2851 666 2907 Haec
689 2850 985 2922 cogitantes
1004 2893 1020 2918 ,
1051 2867 1115 2906 ac
1157 2852 1436 2907 stultitiam
1467 2852 1860 2924 amentiamque

267 2941 563 3001 Gentilium
585 2984 600 3005 ,
630 2943 945 3014 quibuscum
975 2941 1206 3013 lugendo
1227 2943 1684 2998 communicamus
1703 2984 1718 3009 ,
1744 2943 1860 2998 ani-

269 3050 360 3090 mo
392 3043 702 3106 reputantes
725 3076 740 3101 ,
771 3051 839 3091 ne
861 3037 1253 3090 committamus
1279 3043 1338 3090 ut
1362 3051 1482 3090 cum
1501 3035 1608 3090 illis
1633 3049 1860 3091 consen-

270 3127 487 3182 tianms.
535 3127 659 3182 Ideo
702 3142 932 3198 namque
968 3127 1164 3182 Paulus
1206 3127 1326 3183 illos
1354 3136 1774 3194 commemorat,
1803 3137 1862 3182 ut

269 3219 508 3275 dedecus
553 3218 606 3274 in
646 3220 786 3290 quod
818 3220 1046 3275 incurris
1075 3229 1328 3290 reputans
1355 3261 1370 3284 ,
1402 3221 1470 3275 ab
1497 3220 1708 3274 illorum
1746 3234 1863 3275 mo-

270 3313 421 3368 ribus
447 3311 636 3381 pedem
674 3311 873 3366 referas
898 3353 911 3377 ,
935 3320 990 3367 et
1014 3311 1080 3366 ad
1109 3312 1374 3381 propriam
1403 3311 1592 3366 redeas
1617 3310 1862 3366 nobilita-

269 3415 380 3459 tem
406 3447 422 3470 ,
455 3419 631 3474 neque
659 3403 748 3460 hic
784 3405 954 3460 Solum
979 3447 993 3469 ,
1029 3403 1123 3459 sed
1164 3405 1322 3460 etiam
1352 3404 1533 3459 multis
1562 3405 1613 3459 in
1641 3404 1770 3459 locis
1799 3418 1863 3460 ac

268 3497 578 3566 frequenter
598 3498 649 3552 id
676 3498 983 3568 agitbeatus
1003 3497 1214 3552 Paulus.
1245 3497 1376 3552 Cum
1406 3497 1548 3553 enim
1573 3511 1602 3551 a
1630 3497 1863 3568 peccatis

274 3589 390 3643 vult
409 3589 697 3656 abducere,
717 3590 948 3645 ostendit
963 3589 1274 3659 quibuscum
1297 3590 1752 3646 eommunicemus
1771 3605 1864 3660 per

271 3679 387 3750 ipsa
433 3689 673 3750 peccata,
692 3689 750 3734 ut
774 3697 838 3734 ex
870 3696 1111 3751 persona:
1138 3681 1442 3736 conditione
1471 3689 1666 3747 motus,
1694 3682 1866 3736 socie-

275 3770 370 3825 tati
400 3773 692 3852 renun‘ties.
715 3771 1279 3828 ThessalOnicensibns
1306 3772 1463 3843 igitur
1482 3772 1724 3828 scribens
1744 3813 1760 3839 ,
1791 3773 1862 3827 ita

274 3865 488 3918 dicebat
519 3882 531 3917 :
570 3863 921 3935 Unusquisque
964 3874 1181 3919 vestrum
1208 3865 1461 3935 possideat
1498 3880 1681 3933 corpus
1717 3881 1865 3920 suum

277 3957 328 4010 in
360 3957 758 4025 sanctiﬁcatione
797 3967 844 4010 et
876 3956 1093 4020 honore,
1140 3974 1241 4010 non
1289 3958 1339 4010 in
1372 3957 1605 4024 passione
1641 3955 1864 4026 ignomi-

277 4053 404 4116 nite,
433 4052 561 4103 sicut
608 4060 776 4120 gentes
803 4066 918 4122 qua:
956 4049 1119 4102 Deum
1159 4065 1261 4102 non
1291 4058 1534 4102 noverunt
1564 4048 1638 4118 (1.
1683 4046 1862 4103 Thess.

279 4147 333 4204 ὁ.
365 4145 416 4198 4.
451 4145 538 4214 5).
580 4146 658 4199 Ac
682 4157 869 4198 rursus
903 4161 916 4197 :
965 4141 1085 4196 Non
1111 4143 1238 4195 sicut
1260 4147 1451 4194 cazterw
1491 4150 1660 4211 gentes
1683 4140 1866 4194 ambu-

281 4239 390 4288 lunt
417 4236 469 4288 in
494 4237 709 4288 vanitate
734 4233 901 4287 cordis
931 4233 1010 4286 sui
1039 4230 1202 4300 (Eph.
1241 4232 1292 4285 4.
1327 4232 1449 4299 17).
1481 4231 1570 4286 Sic
1609 4239 1662 4284 et
1691 4231 1742 4284 in
1767 4233 1872 4287 hoc

283 4331 401 4382 loco
433 4344 447 4379 :
481 4326 616 4381 Nolo
640 4342 724 4380 vos
747 4327 983 4396 ignorare
1005 4364 1020 4389 ,
1052 4328 1233 4394 fratres
1258 4363 1272 4388 ,
1299 4323 1362 4376 de
1389 4320 1750 4375 dormientibus
1769 4360 1787 4386 ,
1813 4331 1867 4372 ut

282 4437 384 4474 non
409 4417 767 4473 contristemini
795 4418 922 4472 sicut
949 4425 998 4470 et
1025 4415 1194 4469 ueteri
1213 4455 1228 4479 ,
1258 4414 1344 4483 qui
1368 4429 1505 4483 spem
1534 4429 1635 4466 non
1660 4411 1866 4465 habent.

282 4511 397 4566 Non
424 4512 566 4566 enim
598 4509 675 4564 rei
707 4509 873 4579 ipsius
899 4517 1086 4579 natura
1106 4549 1121 4572 ,
1149 4505 1241 4560 sed
1271 4505 1431 4559 animi
1461 4504 1629 4559 nostri
1671 4519 1868 4573 propo-

281 4607 444 4658 situm
474 4602 712 4656 dolorem
741 4601 893 4655 nobis
913 4599 1104 4653 afferre
1124 4597 1288 4652 solet:
1311 4612 1416 4651 non
1449 4611 1592 4650 mors
1611 4595 1866 4661 defuncti,

282 4697 379 4751 sed
410 4696 698 4766 lugentium
731 4693 1030 4749 infirmitas.
1066 4690 1300 4746 Fidelem
1324 4691 1502 4759 itaque
1530 4689 1670 4744 nulla
1689 4705 1868 4744 rerum

286 4789 626 4856 praesentium
673 4786 856 4840 dolore
900 4784 1117 4840 afficere
1161 4782 1390 4852 poterit;
1421 4781 1514 4835 sed
1555 4779 1714 4834 etiam
1747 4791 1871 4836 ante

283 4881 459 4934 futura
494 4880 627 4933 bona
659 4889 714 4934 et
740 4879 790 4932 in
817 4876 1065 4946 praesenti
1095 4875 1198 4928 vita
1220 4873 1287 4926 ab
1309 4872 1607 4927 infidelibus
1634 4879 1873 4924 remotus

282 4984 388 5038 est,
421 4990 526 5027 non
558 4988 718 5042 parva
765 4987 829 5026 ex
873 4967 1205 5039 phiIOSOpbia
1249 4966 1544 5021 Christiana
1575 4963 1871 5034 percipiens

286 5067 446 5129 bona,
488 5064 878 5132 maximamque
905 5061 1026 5116 inde
1055 5070 1260 5113 metens
1302 5058 1650 5119 alacritatem.
1683 5072 1873 5125 perpe-

286 5168 544 5227 tuumque
571 5155 844 5226 gaudium.
873 5154 1051 5222 Quare
1081 5151 1272 5207 Paulus
1293 5150 1366 5203 ait
1400 5167 1411 5203 :
1443 5148 1667 5203 Gaudete
1691 5151 1743 5202 in
1768 5148 1872 5201 Do-

285 5251 425 5302 mino
451 5265 677 5318 semper,
723 5249 907 5300 iterant
941 5245 1054 5300 dico
1079 5285 1093 5310 ,
1143 5243 1357 5316 gaudete
1385 5241 1643 5312 (Philipp.
1690 5240 1744 5294 4.
1789 5239 1868 5310 4).

286 5341 471 5410 itaque
501 5341 662 5394 etiam
700 5349 826 5394 ante
870 5339 1322 5393 resurrectionem
1355 5349 1460 5388 non
1494 5347 1708 5401 parvam
1737 5332 1872 5384 bane

285 5430 590 5484 mercedem
616 5431 937 5500 accipimus,
968 5429 1109 5499 quod
1137 5429 1186 5481 in
1217 5426 1359 5480 nulla
1399 5423 1751 5478 accidentium
1780 5437 1872 5476 ca-

287 5522 588 5575 lamitatum
637 5523 818 5575 animo
863 5520 1240 5582 concidamus;
1286 5516 1379 5572 sed
1434 5516 1729 5570 futurorum
1779 5530 1873 5584 spe

287 5613 457 5669 multo
488 5613 724 5667 fruamur
763 5612 974 5667 solatio.
1003 5609 1457 5680 Quemadmodum
1505 5609 1662 5678 igitur
1700 5607 1869 5661 ulrin.

294 5719 399 5782 que
427 5705 631 5770 lucrum
659 5704 877 5763 facimus
899 5746 914 5773 ,
945 5704 1015 5758 ita
1045 5702 1269 5758 infidelis
1301 5701 1545 5771 utrinque
1573 5699 1765 5754 damno
1793 5695 1867 5753 af-

1451 259 1540 316 DE
1578 259 1854 316 LAZARO
1899 258 2142 318 CONCIO
2177 261 2243 317 ν.

3401 263 3540 320 1022

1955 373 2163 441 ficitur,
2193 383 2247 431 et
2286 373 2429 446 quod
2464 375 2679 432 demum
2724 377 3006 448 puniatur,
3038 384 3161 451 quia
3186 389 3546 448 reSurreetio-

1955 480 2076 520 nem
2118 481 2223 520 non
2270 466 2536 535 credidit,
2567 477 2624 525 et
2651 469 2794 538 quod
2829 470 3010 550 animo
3034 473 3280 528 concidat
3303 475 3357 530 in
3403 491 3544 545 prte-

1954 557 2195 612 sentibus
2246 557 2443 624 rebus,
2491 559 2614 629 quia
2659 560 2792 614 nihil
2823 572 2941 631 post
2983 561 3123 618 hanc
3149 564 3312 618 vitam
3357 581 3543 635 sperat

1958 646 2100 700 boni.
2150 647 2265 701 Non
2295 648 2469 702 solum
2512 663 2640 719 ergo
2669 658 2887 719 propter
2930 653 3379 708 resurrectionem
3428 656 3539 711 Deo

1882 737 2152 834 flgratias
2178 752 2336 808 agere
2378 738 2636 794 debemus
2657 780 2671 804 ,
2711 740 2806 795 sed
2835 741 2994 796 etiam
3034 753 3250 812 propter
3271 758 3418 813 spem
3447 761 3537 801 re.

1953 828 2298 882 surrectionis
2314 869 2328 893 ,
2353 844 2470 898 quae
2490 838 2542 884 et
2566 839 2879 886 manentem
2899 831 3137 886 animum
3155 833 3314 888 solari
3335 843 3532 903 potest,

1953 926 2010 974 et
2038 920 2360 989 persuadere
2389 920 2544 975 nobis
2588 930 2647 976 ut
2674 922 2816 977 circa
2861 921 3142 978 defunctos
3173 923 3538 993 confidamus,

1955 1024 2050 1064 eos
2079 1025 2272 1079 nempe
2303 1021 2698 1067 resurrecturos
2723 1054 2736 1078 ,
2766 1027 2829 1069 ac
2853 1014 3130 1069 nobiscum
3163 1013 3369 1072 futuros
3393 1031 3536 1074 esse.

1953 1097 2089 1156 Naln
2137 1103 2181 1157 si
2212 1117 2445 1158 moerere
2471 1104 2721 1158 convenit
2759 1119 2822 1160 ac
2857 1105 3037 1176 lugere
3059 1148 3074 1172 ,
3097 1107 3314 1178 lugendi
3343 1109 3376 1162 ii
3401 1151 3417 1176 ,
3449 1111 3539 1179 qui

1957 1192 2011 1247 in
2041 1194 2274 1263 peccatis
2294 1195 2510 1259 vivunt,
2543 1209 2648 1249 non
2699 1194 2734 1249 ii
2784 1196 3020 1266 quicum
3069 1199 3265 1253 virtute
3307 1198 3542 1256 defuncti

1955 1294 2097 1340 sunt.
2125 1285 2213 1341 Sic
2232 1295 2289 1342 et
2317 1286 2511 1342 Paulus
2537 1285 2663 1342 facit
2692 1304 2706 1342 :
2736 1286 3028 1343 Corinthiis
3053 1291 3248 1361 quippe
3278 1292 3542 1362 scribens,

1954 1376 2028 1428 ait
2051 1393 2064 1430 :
2093 1374 2376 1446 Nequando
2404 1376 2472 1430 ad
2497 1394 2581 1431 vos
2604 1379 2878 1432 venientem
2909 1396 2984 1433 me
3027 1378 3169 1434 Deus
3197 1381 3428 1436 humiliet
3451 1425 3466 1449 ,
3496 1391 3546 1440 et

1955 1470 2146 1523 multos
2179 1470 2378 1541 lugeam
2408 1469 2486 1541 (2.
2517 1469 2636 1524 Cor.
2666 1469 2754 1526 12.
2783 1469 2896 1542 21).
2925 1470 3041 1526 Non
3071 1473 3264 1528 multos
3298 1489 3362 1529 ex
3393 1489 3542 1530 mor-

1960 1561 2063 1615 tuis
2092 1560 2265 1625 dixit;
2294 1560 2387 1616 sed
2417 1577 2481 1615 ex
2505 1559 2569 1615 iis
2592 1602 2607 1628 ,
2639 1561 2869 1631 quicum
2896 1571 3020 1617 ante
3040 1564 3426 1633 peccavissent,
3450 1579 3545 1621 eos

1958 1658 2134 1705 tamen
2179 1652 2410 1706 lascivize
2441 1652 2772 1722 impuneque
2798 1652 2920 1707 vita:
2949 1668 3053 1708 non
3085 1655 3370 1724 paeniteret
3399 1673 3414 1712 :
3447 1654 3546 1712 bos

1957 1743 2140 1813 lugere
2166 1745 2433 1798 convenit.
2465 1743 2553 1798 Sic
2577 1743 2715 1797 alius
2741 1753 2922 1798 mouet
2953 1744 3035 1799 bis
3075 1745 3250 1801 verbis
3284 1764 3297 1800 :
3333 1745 3428 1801 Fle
3453 1764 3544 1802 su-

1955 1853 2046 1902 per
2075 1845 2272 1890 mortuo
2307 1851 2325 1890 :
2355 1837 2538 1908 defecit
2585 1837 2717 1891 enim
2749 1837 2960 1904 lumen;
3003 1848 3048 1894 et
3068 1855 3219 1908 super
3240 1840 3394 1893 stulto
3431 1841 3499 1909 fle
3524 1855 3549 1898 :

1958 1927 2143 1999 defecit
2189 1928 2322 1982 enim
2350 1928 2684 1997 intelligentia
2714 1927 2898 1998 (Eccli.
2926 1929 3016 1984 22.
3056 1929 3169 2001 10).
3203 1928 3392 1983 Parum
3419 1928 3546 1984 fleas

1957 2034 2118 2090 super
2147 2029 2358 2074 mortuo
2379 2061 2392 2082 ,
2423 2022 2673 2090 quoniam
2698 2021 2994 2091 requievit;
3028 2023 3174 2077 stulti
3204 2029 3381 2076 autem
3407 2036 3550 2075 more

1960 2119 2012 2165 te
2039 2110 2144 2164 vita
2171 2119 2254 2165 est
2276 2109 2528 2165 deterior.
2551 2110 2703 2178 Quod
2730 2115 2772 2165 si
2803 2112 3166 2182 intelligentia:
3185 2126 3378 2185 expers
3403 2127 3549 2167 sem-

1960 2216 2055 2271 per
2083 2200 2332 2274 lacrymis
2359 2202 2549 2272 dignus
2574 2212 2654 2257 est
2681 2218 2696 2268 ;
2728 2203 2896 2256 multo
2916 2204 3083 2274 magis
3104 2204 3306 2274 justitia
3327 2221 3546 2276 vacuus,

1959 2303 2013 2348 et
2039 2294 2127 2363 qui
2154 2310 2184 2346 a
2215 2308 2310 2364 spe
2335 2293 2386 2347 in
2411 2294 2573 2347 Deum
2606 2293 2822 2355 excidit.
2856 2293 2964 2348 llos
2994 2294 3172 2365 itaque
3213 2295 3538 2367 lugeamus:

1961 2386 2048 2441 hic
2097 2387 2270 2442 luctus
2324 2387 2470 2440 luero
2517 2401 2623 2440 non
2657 2395 2739 2440 est
2774 2386 3061 2442 destitutus
3095 2405 3108 2442 :
3138 2402 3280 2459 smpe
3319 2404 3550 2460 namque

1961 2480 2104 2534 luctu
2136 2489 2321 2534 nostro
2353 2479 2472 2532 illos
2497 2478 2918 2534 emendevimus.

2030 2571 2305 2626 Peccatum
2335 2571 2497 2625 solum
2525 2571 2819 2642 lugendum.
2846 2600 2918 2611 —
2939 2570 3228 2627 Defunctos
3251 2581 3430 2626 autem
3470 2573 3550 2628 lu-

1950 2679 2092 2741 gere
2114 2679 2236 2718 cum
2271 2663 2494 2738 inutile,
2528 2671 2638 2716 tum
2665 2661 2983 2717 damnosum
3011 2670 3114 2717 est.
3161 2661 3240 2717 Ne
3269 2662 3426 2733 igitur
3457 2679 3552 2719 or-

1962 2757 2139 2812 dinem
2167 2756 2498 2811 invertamus
2522 2796 2539 2821 ,
2591 2754 2688 2809 sed
2717 2763 2993 2823 peccatum
3025 2754 3198 2808 solum
3225 2754 3501 2825 lugeamus
3532 2773 3548 2812 :

1962 2850 2165 2919 reliqua
2189 2864 2317 2903 vero
2341 2847 2519 2902 omnia
2544 2888 2558 2913 ,
2583 2848 2696 2902 sive
2717 2856 3081 2916 paupertatem
3105 2888 3120 2911 ,
3143 2847 3256 2901 sive
3277 2847 3544 2912 morbum,

1962 2941 2074 2994 sive
2122 2939 2456 2993 immaturam
2507 2945 2769 3000 mortem,
2818 2937 2930 2991 sive
2968 2936 3219 2991 damnum
3245 2977 3260 2998 ,
3304 2936 3422 2992 sive
3463 2952 3552 2991 ca-

1964 3030 2256 3094 lumniam,
2311 3028 2423 3082 sive
2471 3026 2613 3080 aliud
2653 3025 2919 3096 quidpiam
2965 3025 3256 3080 humanum
3307 3027 3549 3095 malum,

1964 3120 2172 3176 fortiter
2197 3120 2455 3175 feramus.
2491 3119 2616 3173 Haec
2643 3118 2840 3188 quippe
2884 3117 3022 3172 mala
3047 3159 3064 3185 ,
3092 3119 3138 3173 si
3184 3126 3545 3189 temperantes

1963 3211 2224 3269 fuerimus
2248 3254 2264 3278 ,
2293 3211 2476 3281 plures
2502 3208 2655 3265 nobis
2683 3223 2910 3264 coronas
2937 3217 3245 3279 procurant.

2034 3306 2089 3358 4.
2120 3304 2190 3358 At
2219 3303 2306 3373 qui
2331 3345 2346 3367 ,
2394 3302 2636 3373 inquies,
2670 3300 2785 3356 fieri
2815 3301 3018 3370 possit,
3049 3310 3110 3356 ut
3154 3301 3403 3357 homines
3427 3316 3550 3359 cum

1965 3396 2132 3451 simus
2154 3437 2167 3461 ,
2197 3395 2382 3451 dolore
2408 3408 2513 3446 non
2543 3391 2876 3447 afficiamur?
2897 3395 2966 3445 At
2989 3406 3088 3461 ego
3119 3401 3302 3447 contra
3330 3407 3550 3462 quaero:

1966 3490 2056 3562 qui
2089 3488 2200 3544 fleri
2228 3487 2395 3558 possit
2415 3497 2471 3541 ut
2497 3486 2675 3556 lugeat
2697 3485 2878 3551 homo,
2896 3484 2985 3554 qui
3013 3485 3234 3540 rationis
3257 3485 3555 3556 particeps,

1965 3591 2020 3634 et
2043 3581 2339 3634 futurorum
2368 3592 2464 3648 spe
2493 3576 2652 3631 fultus
2671 3575 2790 3630 est?
2812 3574 3028 3645 Ecquis,
3060 3575 3300 3645 'inquies,
3325 3590 3557 3644 unquam

1967 3673 2086 3739 fuit,
2101 3672 2188 3742 qui
2222 3671 2320 3725 hac
2336 3668 2651 3740 aegritudine
2676 3682 2783 3722 non
2804 3676 2992 3736 captus
3019 3667 3130 3720 sit?
3157 3665 3301 3720 Multi
3318 3675 3370 3720 et
3392 3667 3558 3736 pluri-

1967 3767 2067 3821 bus
2093 3766 2145 3819 in
2177 3764 2338 3829 locis,
2373 3772 2482 3816 tum
2515 3771 2700 3816 nostro
2720 3800 2734 3825 ,
2766 3769 2874 3813 tum
2907 3758 3304 3828 progenitorum
3339 3769 3554 3814 nostro-

1969 3871 2088 3912 rum
2110 3870 2244 3910 :evo.
2278 3853 2488 3907 Etenim
2519 3850 2642 3905 audi
2669 3848 2794 3920 quid
2821 3847 2942 3914 Job,
2964 3847 3160 3902 amisso
3189 3857 3300 3902 toto
3322 3847 3554 3904 filiorum

1968 3956 2113 4004 cmtu
2138 3988 2153 4012 ,
2195 3946 2340 4001 dicat
2369 3963 2382 3999 :
2410 3943 2658 3997 Dominus
2687 3941 2858 4006 dedit,
2890 3937 3134 3994 Dominus
3165 3937 3372 3992 abstulit
3401 3953 3421 3993 :
3447 3943 3551 3995 sic-

1968 4049 2022 4094 ut
2058 4037 2277 4092 Domino
2300 4035 2509 4107 placuit,
2537 4034 2609 4086 ita
2634 4034 2822 4103 factum
2851 4039 2922 4084 est
2969 4029 3089 4101 (Job
3116 4029 3167 4083 1.
3192 4027 3308 4098 21).
3338 4027 3432 4082 Vel
3459 4043 3555 4082 au-

1974 4130 2087 4185 ditu
2113 4127 2329 4197 quidem
2359 4127 2473 4180 haec
2514 4122 2779 4178 mirabilia
2809 4128 2968 4176 sunt:
2995 4128 3051 4174 at
3095 4119 3140 4175 si
3171 4120 3259 4174 illa
3306 4130 3561 4176 accurato

1969 4218 2442 4289 expenderis,tunc
2459 4214 2630 4283 majus
2643 4226 2831 4268 cernes
2850 4209 3186 4265 miraculum.
3202 4207 3385 4280 Cogita
3407 4225 3529 4264 nam
3541 4242 3561 4250 ο

1968 4327 2072 4382 que
2088 4309 2380 4372 diabolum,
2401 4323 2507 4361 non
2523 4306 2811 4360 liberorum
2831 4303 3109 4357 dimidium
3133 4303 3436 4367 abstulisse;
3463 4319 3559 4358 ne-

1970 4417 2072 4472 que
2106 4401 2285 4471 plures
2310 4398 2592 4453 abstulisse
2612 4439 2628 4464 ,
2661 4395 2937 4466 pauciores
2955 4393 3256 4464 reliquisse;
3276 4393 3369 4448 sed
3397 4404 3564 4448 totum

1970 4494 2198 4549 fructum
2228 4489 2584 4546 demessuisse
2607 4529 2622 4554 ,
2670 4501 2768 4542 nec
2793 4485 3038 4540 arborem
3053 4485 3312 4555 dejecisse
3342 4503 3355 4540 :
3396 4494 3566 4539 telum

1973 4602 2120 4641 mare
2140 4599 2259 4640 cum
2277 4583 2522 4637 fluctibus
2550 4579 2786 4644 induxit,
2808 4593 2980 4649 neque
3001 4585 3180 4634 tamen
3199 4578 3447 4648 scapham
3469 4577 3567 4632 de-

1972 4678 2157 4733 mersit
2181 4695 2192 4730 :
2214 4685 2376 4730 totam
2406 4675 2512 4727 vim
2541 4671 2811 4731 adhibuit,
2837 4685 3014 4740 neque
3039 4671 3224 4725 turrim
3253 4671 3568 4726 commovit.

2041 4766 2140 4820 Job
2170 4763 2454 4835 exemplum
2485 4763 2756 4834 patientiuz.
2777 4760 2971 4814 —Sed
3017 4761 3164 4814 stetit
3202 4761 3292 4815 ille
3336 4760 3570 4826 undique

1975 4862 2094 4916 telis
2111 4860 2402 4930 impetitus.
2424 4856 2814 4923 immobilisque
2843 4866 3098 4906 manens:
3124 4851 3224 4906 tela
3248 4852 3414 4906 instar
3434 4847 3582 4920 nit'ig

1976 4954 2027 5007 itt
2049 4970 2169 5008 eum
2192 4950 2468 5007 confertim
2493 4947 2818 5011 ferebantur;
2847 4959 3018 5013 neque
3044 4944 3134 4997 ille
3157 4944 3567 5014 percellebalttr;

1977 5046 2082 5100 imo
2106 5043 2452 5100 mittebantur
2492 5039 2706 5108 quidem
2733 5079 2748 5100 ,
2779 5045 2834 5089 at
2855 5050 2961 5088 non
2989 5033 3355 5092 vulnerabant.
3389 5034 3574 5107 Cogita

1975 5148 2228 5208 quantum
2253 5137 2320 5191 sit
2343 5145 2418 5189 tot
2445 5133 2580 5187 filios
2603 5140 2840 5184 mortuos
2867 5143 3109 5182 cernere.
3137 5124 3276 5194 Quid
3301 5127 3574 5196 enimnon

1975 5229 2218 5284 dolorem
2272 5224 2572 5280 inferebat?
2608 5221 2758 5290 Quod
2805 5233 2995 5274 omnes
3039 5228 3353 5288 raperentur
3377 5259 3392 5285 ,
3423 5216 3564 5287 quod

1977 5336 2164 5375 oumes
2190 5318 2345 5374 simul
2374 5331 2478 5370 uno
2497 5315 2584 5370 die
2604 5357 2618 5378 ,
2651 5312 2789 5382 quod
2819 5312 2868 5367 in
2902 5311 3016 5380 ipso
3045 5311 3218 5366 tetatis
3246 5309 3396 5378 flore,
3427 5311 3569 5381 quod

1978 5431 2098 5470 cum
2126 5417 2233 5482 jam
2260 5414 2528 5482 egregium
2558 5407 2830 5462 dedissent
2859 5403 3064 5458 virtutis
3085 5403 3355 5473 specimen
3382 5447 3396 5468 ,
3419 5405 3561 5474 quod

1979 5505 2220 5576 supplicii
2268 5518 2417 5557 more
2456 5500 2620 5554 vitam
2664 5499 2915 5560 finirent,
2943 5494 3085 5566 quod
3119 5504 3238 5565 post
3269 5505 3345 5549 tot
3387 5497 3568 5565 plagas

1980 5598 2094 5654 bmc
2119 5605 2382 5667 postrema
2407 5594 2708 5655 inferretur,
2737 5589 2877 5660 quod
2904 5598 3051 5660 pater
3092 5596 3235 5643 esset
3286 5587 3569 5642 liberorum

1982 5709 2166 5751 amans
2191 5733 2206 5761 ,
2241 5690 2379 5763 quod
2407 5687 2643 5753 defuncti
2670 5684 2945 5742 amabiles.
2969 5682 3104 5740 Cum
3131 5681 3272 5738 enim
3299 5677 3574 5754 improbos

2805 5835 2830 5852 Χ
