4018 6190
422 321 562 379 1023

419 433 681 505 quis-piam
706 430 900 485 liberos
927 425 1154 491 amittit,
1179 423 1248 479 de
1266 423 1471 493 jactura
1491 410 1702 491 quidem
1723 415 1888 482 dolet,
1916 412 2009 467 sed

420 541 529 580 non
551 538 670 578 cum
695 522 834 574 ta‘uta
859 514 1192 571 vehementia
1218 530 1232 567 :
1265 512 1634 568 defunctorum
1659 510 1800 564 enim
1822 508 2012 575 impro

413 616 558 666 bitas
591 626 696 665 non
738 609 809 663 ita
834 622 1011 662 acrem
1038 605 1164 660 sinit
1202 618 1321 659 esse
1347 601 1609 657 dolorem.
1654 601 1789 655 Cum
1834 608 2010 653 autem

418 697 618 757 virtute
649 700 853 769 praediti
884 706 1040 764 sunt,
1068 696 1262 750 vulnus
1302 695 1391 749 diu
1406 691 1673 765 'perdurat
1698 733 1711 756 ,
1754 692 2009 745 memoria

423 794 537 862 ejus
564 806 669 845 non
689 790 944 844 amittitur
967 805 981 842 :
1005 787 1202 842 malum
1223 801 1435 840 omnem
1457 783 1873 839 consolationem
1896 784 2014 838 vin-

424 885 515 949 cit,
547 883 743 953 duplex
765 880 1009 937 stimulus
1028 888 1131 944 est,
1156 878 1288 932 alter
1317 893 1347 931 a
1374 885 1584 941 natura,
1615 875 1751 930 alter
1769 890 1799 929 a
1821 875 2014 931 virtute

426 976 816 1031 defunctorum.
845 973 995 1042 Quod
1023 981 1201 1027 autem
1239 971 1312 1026 illi
1342 971 1535 1025 virtute
1580 969 1753 1024 ornati
1794 958 1972 1023 essent
1996 1010 2012 1034 ,

428 1069 552 1122 hinc
575 1067 748 1138 palam
773 1108 789 1133 ,
817 1065 958 1136 quod
985 1074 1134 1134 pater
1168 1079 1411 1133 magnam
1437 1077 1621 1118 eorum
1650 1077 1830 1116 curam
1855 1061 2015 1117 habe-

429 1160 784 1229 ret,quodque
806 1157 1005 1213 hostias
1029 1171 1123 1226 pro
1151 1155 1258 1210 illis
1283 1153 1593 1219 offerret,de
1611 1153 1834 1209 occultis
1852 1154 2012 1209 etiam

384 1258 393 1268 '
429 1268 616 1307 eorum
669 1252 906 1322 peccatis
945 1249 1238 1314 sollicitus,
1279 1246 1519 1316 nihilque
1561 1245 1659 1315 ipsi
1707 1245 1826 1315 plus
1866 1243 2016 1299 cordi

433 1353 572 1399 erat.
614 1344 669 1398 ld
698 1358 825 1397 vero
855 1357 958 1396 non
981 1340 1140 1396 modo
1188 1338 1440 1394 virtutem
1468 1338 1694 1392 ﬁliorum
1740 1336 2013 1404 declarat,

430 1436 525 1491 sed
551 1437 709 1491 etiam
740 1436 904 1505 patris
928 1448 1185 1489 amorem.
1217 1432 1349 1487 Cum
1381 1431 1540 1502 igitur
1583 1439 1637 1486 et
1663 1439 1811 1500 pater
1834 1437 2016 1495 esset,

431 1537 488 1583 et
530 1544 694 1597 usque
714 1527 848 1583 adeo
871 1527 1035 1597 prolis
1059 1540 1263 1590 amans,
1291 1526 1377 1595 qui
1407 1540 1511 1579 non
1543 1523 1837 1579 naturalem
1861 1523 2020 1578 modo

432 1618 700 1686 affectum,
731 1619 825 1675 sed
854 1620 1012 1674 etiam
1043 1634 1187 1685 eum,
1216 1619 1305 1688 qui
1332 1634 1397 1672 ex
1422 1617 1615 1688 pietate
1642 1615 2017 1687 proﬁcisceba-

433 1719 556 1775 tur,
582 1710 896 1791 exhiberet’;
922 1725 1040 1764 cum
1072 1710 1230 1764 etiam
1270 1708 1499 1763 defuncti
1542 1717 1703 1762 tanta:
1740 1706 2018 1777 probitatis

433 1811 646 1868 essent,
677 1802 799 1857 hinc
829 1802 1021 1871 triplex
1058 1801 1307 1856 maeroris
1345 1801 1479 1871 ignis
1512 1800 1844 1871 gignebatur.
1878 1800 2022 1854 Prm-

432 1902 577 1949 terea
607 1910 726 1949 cum
758 1895 946 1964 partim
975 1902 1176 1948 tantum
1198 1892 1551 1963 abripiuntur,
1570 1893 1798 1962 aliquam
1828 1905 2022 1947 conso-

435 1986 684 2042 lationem
706 1986 807 2042 hoc
824 1987 1018 2040 malum
1045 1986 1220 2041 habet.
1260 1984 1620 2041 Nam'residui
1663 1984 1763 2055 ﬁlii,
1781 1983 2022 2038 dolorem

434 2079 502 2133 de
525 2078 747 2132 aliorum
778 2086 949 2133 morte
978 2079 1262 2133 obscuraut
1299 2087 1353 2132 et
1378 2077 1638 2147 mitigant.
1668 2077 1737 2130 At
1764 2089 2022 2130 cunuuno

436 2176 677 2238 tempore
706 2168 936 2223 universi
966 2169 1264 2223 moriuntur
1287 2209 1302 2232 ,
1345 2168 1409 2222 ad
1439 2183 1594 2238 quem
1623 2166 1893 2236 respicere
1923 2180 2021 2235 po-

437 2261 562 2316 terit
606 2260 727 2326 ille,
779 2261 867 2331 qui
906 2262 1193 2315 multorum
1233 2260 1462 2315 ﬁliorum
1491 2270 1640 2330 pater
1672 2259 1781 2329 jam
1813 2258 2023 2328 penitus

433 2353 596 2408 orbus
621 2355 745 2409 est?
774 2354 853 2408 Ad
893 2353 1006 2409 hzee
1034 2354 1269 2423 quintam
1297 2354 1455 2408 etiam
1486 2353 1689 2423 plagam
1738 2365 2019 2407 recensere

437 2443 579 2498 licet.
604 2445 859 2513 Qumnam
890 2446 978 2499 illa
1007 2445 1132 2501 est?
1155 2445 1306 2514 Quod
1336 2445 1624 2514 derepente
1652 2459 1840 2499 omnes
1886 2444 2026 2498 inte-

437 2535 642 2589 rierint.
679 2535 810 2589 Nam
847 2535 892 2589 si
920 2552 1041 2591 eum
1082 2537 1219 2590 intra
1266 2545 1373 2591 tres
1402 2546 1492 2590 aut
1525 2536 1757 2606 quinque
1780 2534 1895 2590 dies
1923 2534 2028 2587 vita

437 2623 728 2693 funguntur
747 2625 930 2695 aliqui,
960 2636 1082 2680 tunc
1104 2627 1352 2680 mulieres
1375 2636 1430 2681 et
1457 2626 1664 2696 cognati
1688 2640 1874 2679 omnes
1900 2623 2029 2678 illud

439 2716 667 2770 maxime
703 2716 980 2785 deplorant
1003 2757 1017 2780 ,
1051 2717 1190 2787 quod
1216 2717 1323 2772 cito
1352 2726 1406 2772 et
1434 2718 1724 2787 derepente
1749 2715 2031 2770 defunctus

437 2805 504 2860 ab
531 2821 713 2860 eorum
758 2807 925 2861 oculis
953 2807 1203 2877 abreptus
1242 2807 1345 2873 sit;
1388 2815 1587 2878 quanto
1632 2806 1800 2877 magis
1828 2806 1912 2860 hic
1951 2806 2031 2860 in-

356 2886 361 2901 ’
438 2895 624 2963 doluit,
647 2897 737 2967 qui
760 2913 862 2952 non
888 2898 1024 2953 intra
1050 2908 1156 2955 tres
1180 2899 1261 2955 vel
1288 2899 1442 2965 duos,
1466 2899 1546 2955 vel
1574 2915 1734 2954 unum
1751 2899 1913 2968 diem,
1936 2896 2032 2954 sed

440 2986 569 3042 hora
605 3004 707 3043 una
736 3001 922 3045 omnes
964 2992 1043 3045 sic
1069 2991 1267 3045 amisit.
1310 2991 1504 3046 Malum
1547 2990 1871 3061 aliquamdiu
1907 2998 2032 3046 ante

439 3080 718 3146 prtevisum
744 3122 759 3147 ,
809 3083 1015 3137 etiamsi
1061 3082 1347 3138 admodum
1392 3083 1724 3139 intolerabile
1764 3084 1870 3150 sit,
1918 3083 2031 3154 ipsa

440 3179 616 3226 tamen
647 3176 1043 3243 exspectatione
1082 3176 1237 3232 facile
1263 3176 1494 3232 lenitur:
1527 3175 1669 3246 quod
1697 3184 1873 3231 autem
1912 3175 2032 3230 ino-

439 3260 674 3330 pinatum
700 3263 909 3331 accidit,
944 3267 1331 3323 intolerandum
1372 3276 1474 3323 est.
1496 3266 1628 3322 Cum
1656 3265 1813 3337 igitur
1836 3266 2034 3337 aliquid

441 3364 536 3420 per
581 3364 639 3404 se
665 3366 856 3420 grave,
886 3355 1213 3422 inopinatum
1245 3366 1507 3427 prmlerca
1536 3358 1791 3428 contingit
1811 3398 1826 3421 ,
1860 3358 2033 3428 cogita

441 3462 600 3513 quam
626 3442 958 3502 intolerabile
986 3446 1073 3508 sit,
1105 3457 1281 3501 utnec
1303 3448 1431 3503 satis
1457 3448 1635 3503 verbis
1660 3447 1884 3518 exprimi
1911 3462 2034 3518 pos-

442 3539 530 3590 sil.
579 3537 897 3595 vis'sextam
944 3537 1152 3606 plagam
1197 3538 1421 3594 audire?
1450 3538 1506 3593 In
1551 3540 1669 3609 ipso
1704 3540 1874 3596 aetatis
1900 3538 2035 3596 ﬂore

442 3642 629 3683 omnes
673 3629 919 3697 perdidit.
954 3625 1112 3687 Scitis
1155 3638 1410 3699 quantum
1448 3644 1734 3687 mmrorem
1777 3638 1833 3689 et
1873 3644 2034 3705 quam

444 3718 647 3780 varium
670 3720 863 3775 luctum
887 3720 1112 3777 inferant
1126 3729 1467 3792 praematura:
1480 3733 1701 3781 mortes.
1729 3724 1854 3781 ll.ec
1877 3741 2034 3795 porro

445 3822 591 3862 mors
618 3824 720 3863 non
751 3823 1062 3880 prmniatura
1093 3825 1315 3882 tantum,
1341 3816 1434 3871 sed
1461 3817 1620 3871 etiam
1644 3816 1872 3870 violenta
1893 3826 2031 3883 erat,

446 3898 517 3951 ita
545 3908 602 3952 ut
633 3900 744 3954 ιιωο
774 3904 998 3971 septima
1028 3905 1175 3977 plaga
1202 3916 1362 3962 esset.
1398 3907 1514 3962 Non
1533 3906 1675 3962 enim
1705 3908 1757 3961 in
1780 3909 1916 3962 lecto
1939 3922 2034 3963 eos

446 3989 721 4058 exspirare
764 3992 1099 4065 animamque
1127 3996 1311 4051 efﬁare
1339 3998 1503 4063 vidit,
1544 3997 1639 4052 sed
1663 3998 1854 4052 domus
1882 3999 2035 4052 ruina

447 4079 668 4136 obrutos
694 4098 898 4140 omnes.
932 4085 1207 4156 Perpende
1226 4090 1231 4095 ’
1250 4088 1436 4159 igitur,
1476 4103 1580 4159 quo
1605 4089 1784 4142 animo
1818 4099 1961 4143 esset
1991 4089 2037 4143 is

447 4173 537 4241 qui
566 4175 833 4231 cumulum
878 4177 1029 4232 illum
1060 4178 1318 4235 effodiens
1341 4221 1357 4248 ,
1404 4196 1543 4235 nunc
1574 4180 1802 4250 lapidem
1830 4222 1845 4248 ,
1892 4194 2036 4235 nunc

449 4263 746 4319 membrum
774 4266 998 4338 alicujus
1023 4284 1054 4324 e
1081 4270 1207 4324 filiis
1233 4271 1559 4337 extraheret,
1584 4272 1673 4343 qui
1711 4286 1922 4326 manum
1951 4273 2035 4325 vi-

448 4352 597 4409 deret
625 4355 800 4412 adhuc
829 4360 1075 4429 poculum
1107 4371 1396 4430 tenentem,
1424 4378 1653 4434 moxque
1676 4364 1914 4419 dextram
1945 4378 2038 4433 pa-

452 4444 578 4499 tina:
609 4447 909 4517 impositam
930 4493 945 4516 ,
976 4461 1249 4525 totumque
1272 4471 1468 4527 corpus
1491 4456 1843 4513 deformatum
1863 4499 1879 4525 ,
1910 4474 2037 4512 cun-

452 4537 577 4590 trito
609 4553 760 4605 naso,
788 4543 1061 4598 confracto
1087 4550 1279 4616 capite,
1303 4548 1577 4603 exstinctis
1601 4550 1786 4614 oculis,
1815 4549 2037 4604 cerebro

450 4624 554 4681 huc
574 4638 626 4682 et
650 4628 775 4685 illuc
801 4631 1044 4702 disjecto,
1078 4643 1207 4704 tota,
1233 4646 1292 4692 ut
1316 4654 1423 4693 uno
1452 4640 1614 4694 verbo
1636 4640 1828 4705 dicam,
1858 4640 2039 4708 specie

452 4716 783 4786 labefactata,
807 4723 875 4778 ita
896 4734 952 4779 ut
974 4741 1068 4795 per
1086 4727 1360 4784 vulnerum
1383 4731 1689 4787 varietatem
1719 4748 1821 4787 non
1855 4733 2045 4791 liceret

448 4812 811 4869 amantissimo
830 4817 1037 4886 parenti
1064 4818 1236 4875 vultus
1262 4820 1640 4878 internoscere.
1666 4824 1791 4881 Hzrc
1822 4825 2043 4881 audien-

455 4913 535 4960 tes
582 4909 970 4967 conturbamini
1013 4926 1075 4967 ac
1120 4910 1281 4967 ﬁctis.
1333 4914 1524 4971 Animo
1550 4928 1790 4987 reputate
1838 4920 2037 4991 igitur,

454 4997 575 5066 quis
611 4997 700 5054 ille
740 5009 921 5066 esset,
960 5002 1051 5071 qui
1086 5001 1203 5059 hcce
1243 5004 1623 5075 conspiciebat.
1669 5008 1727 5064 Si
1771 5011 1910 5064 enim
1942 5024 2041 5064 nos

461 5097 582 5155 post
611 5098 813 5145 tantum
844 5094 1098 5160 temporis
1129 5095 1460 5151 intervallum
1490 5115 1593 5152 non
1621 5114 1903 5168 possumus
1929 5110 2039 5154 tra-

457 5182 684 5249 gmdiam
711 5183 856 5238 illam
887 5184 1002 5240 sine
1031 5186 1278 5259 lacrymis
1303 5188 1386 5245 vel
1412 5190 1595 5246 auditu
1641 5192 1799 5257 ferre,
1833 5192 2041 5245 etiamsi

459 5273 647 5329 aliena:
670 5275 999 5332 calamitates
1029 5289 1349 5345 narrentur;
1382 5283 1500 5352 quis
1530 5270 1644 5338 erat
1671 5284 2041 5339 adamantinos

462 5362 572 5427 ille,
603 5369 693 5434 qui
725 5366 826 5420 hoc
850 5366 1026 5421 oblato
1053 5371 1376 5439 spectaculo,
1415 5388 1518 5426 non
1547 5375 1598 5427 iu
1628 5375 1834 5439 alienis,
1868 5372 1961 5427 sed
1987 5374 2038 5427 in

462 5454 573 5508 suis
592 5456 743 5511 malis
755 5456 1220 5530 phil050phabatur
1238 5461 1253 5493 ¹
1271 5462 1294 5517 ?
1311 5462 1490 5533 Neque
1509 5466 1650 5520 enim
1671 5465 1882 5536 indigne
1904 5464 2039 5525 tulit.

463 5663 504 5683 ,η
516 5613 632 5683 λιιι
663 5625 875 5683 ιιιιοηωε.
899 5618 969 5667 sic
992 5620 1277 5670 terminatur
1312 5620 1417 5683 hcce
1460 5622 1658 5672 ttomilia
1691 5635 1704 5670 :
1733 5617 2044 5683 Nequecm'm

457 5666 656 5746 ittdtgne
707 5677 815 5746 tulit
837 5666 1097 5746 unquam,"
1112 5666 1267 5746 ita};
1301 5666 1430 5746 ιῖἱῖεἷι
1458 5666 1658 5746 ἷρᾙιῖ
1668 5666 1761 5731 Ιὶοέ
1776 5666 2045 5733 ignea

458 5732 587 5786 dixit
622 5738 892 5789 :Domt'uus
915 5732 1076 5800 'dédtt,
1107 5732 1331 5794 Dominus
1355 5732 1563 5796 abstulit.
1586 5732 1739 5807 (mod
1778 5745 1839 5805 si.
1878 5732 2041 5798 exm-

1131 310 1186 367 S.
1226 285 1516 367 JOANNIS‘
1542 293 2014 362 CllBYSOSTOIII
2053 292 2374 353 ARCHIEP.
2418 296 2948 353 CONSTANTINOP.

3564 301 3709 359 1094

2118 424 2291 481 neque
2317 413 2492 470 simile
2519 413 2788 485 quidpiam
2823 415 2951 470 dixit
2979 433 2993 471 :
3021 413 3156 484 Quid
3182 416 3285 472 hoc
3311 418 3437 473 est?
3472 418 3712 479 limine

2117 504 2458 575 benignitatis
2501 520 2636 561 mea:
2675 507 3083 562 remuneratio?
3109 507 3243 563 Num
3266 510 3388 567 ideo
3417 509 3719 584 hospitibus

2116 595 2336 675 domum
2365 612 2537 651 meam
2567 598 2785 666 aperui,
2812 608 2871 654 ut
2892 616 3010 656 eam
3042 601 3331 658 liberorum
3354 604 3617 658 tumulum
3640 622 3729 665 γι.

2120 690 2344 745 derem?
2386 690 2581 747 ldeone
2613 700 2811 748 tantam
2854 708 2977 764 erga
3018 694 3137 750 illos
3176 695 3429 750 virtutem
3457 694 3718 764 exhibui,

2120 793 2180 837 ut
2207 782 2306 838 hac
2348 796 2524 840 morte
2573 784 2991 840 occumbereut?
3016 786 3160 842 Nihil
3185 789 3376 841 horum
3415 787 3503 840 vel
3544 786 3722 853 dixit,

2120 874 2207 928 vel
2235 875 2523 944 cogitavit;
2552 876 2647 931 sed
2669 877 2845 931 omnia
2868 876 3077 932 fortiter
3106 878 3254 943 tulit,
3290 878 3416 932 licet
3446 886 3567 947 post
3598 888 3723 931 tan-

2121 972 2227 1020 tam
2250 980 2433 1021 curam
2455 968 2637 1023 orbus.
2661 967 2810 1023 Sicut
2830 970 2973 1024 enim
2997 968 3198 1039 peritus
3219 970 3511 1023 statuarius
3529 983 3725 1024 aureas

2124 1061 2380 1130 imagines
2406 1060 2668 1130 efﬁngens
2688 1101 2704 1128 ,
2735 1076 2930 1131 magno
2955 1074 3048 1115 eas
3077 1061 3253 1115 studio
3280 1070 3542 1123 exornat;
3573 1063 3639 1115 ita
3666 1071 3726 1117 ct

2123 1151 2211 1208 ille
2239 1167 2426 1207 eorum
2463 1153 2671 1208 animos
2710 1152 3101 1221 componebat,
3132 1151 3451 1207 informabat
3472 1153 3724 1208 ornabat-

2123 1260 2248 1316 que.
2276 1247 2353 1302 Ac
2379 1246 2824 1315 quemadmodum
2845 1246 3144 1312 laboriosus
3166 1248 3397 1318 agricola
3422 1249 3723 1320 palmarum

2080 1366 2096 1372 ι
2123 1337 2210 1392 vel
2233 1336 2473 1392 olearum
2520 1338 2713 1409 stirpes
2757 1339 2931 1409 rigat,
2978 1340 3226 1395 munitet
3252 1340 3424 1410 sepit,
3470 1342 3727 1410 omnique

2122 1428 2328 1482 ratione
2347 1427 2523 1483 colere
2544 1443 2650 1483 non
2683 1429 2986 1493 cessatyita
3013 1437 3068 1484 ct
3088 1430 3175 1484 ille
3205 1445 3309 1485 non
3338 1431 3589 1485 cessabat
3610 1434 3724 1486 sin-

2124 1518 2370 1588 gulorum
2387 1520 2639 1585 animam,
2667 1518 2817 1590 quasi
2843 1520 3033 1574 olivam
3057 1520 3401 1587 frurtifcram,
3426 1521 3495 1575 ad
3516 1522 3724 1591 majora

2125 1610 2336 1665 virtutis
2381 1611 2704 1666 incrementa
2735 1611 3022 1667 deducere.
3065 1610 3177 1667 Sed
3216 1613 3351 1667 vidit
3374 1615 3571 1684 Stirpes
3604 1630 3724 1667 ma-

2126 1701 2253 1772 ligni
2277 1701 2491 1773 spiritus
2512 1702 2706 1772 impetu
2728 1703 2961 1769 avulsas,
2991 1712 3148 1773 atque
3174 1703 3225 1757 in
3252 1713 3451 1758 terram
3474 1716 3719 1774 prostra-

2130 1801 2229 1856 tas,
2263 1793 2728 1864 miserabilemque
2757 1795 2878 1849 vitae
2898 1796 3096 1849 exitum
3120 1810 3401 1866 perpessas
3422 1838 3438 1863 ,
3468 1796 3606 1850 nihil
3640 1807 3722 1854 tas

2127 1898 2249 1938 men
2278 1883 2544 1941 maledicti
2574 1885 2810 1954 protulit,
2839 1886 2942 1940 sed;
2963 1886 3071 1942 Deo
3099 1888 3296 1958 gratias
3321 1902 3509 1958 agens,
3542 1887 3724 1943 letha-

2130 1973 2233 2030 lem
2260 1973 2474 2030 diabolo
2500 1975 2701 2045 plagam
2732 1975 2942 2031 inflixit.

2200 2066 2254 2122 5.
2295 2066 2350 2123 Si
2379 2082 2505 2122 vero
2532 2067 2731 2123 dixeris
2756 2109 2771 2129 ,
2803 2068 2995 2123 multos
3034 2068 3122 2123 ille
3163 2069 3299 2124 filios
3336 2069 3557 2125 habuit:
3586 2071 3726 2128 alius

2131 2173 2259 2213 vero
2288 2174 2431 2229 saepe
2459 2160 2672 2214 unicum
2700 2159 2927 2229 perdidit
2962 2160 3126 2215 ﬁlium
3149 2203 3163 2226 ,
3194 2178 3367 2233 neque
3396 2164 3510 2232 pari
3536 2163 3731 2223 dolore

2129 2251 2350 2308 affectus
2371 2261 2473 2321 est,
2496 2252 2694 2323 optime
2716 2252 2951 2322 loqueris
2981 2272 2995 2309 :
3024 2265 3181 2324 atque
3213 2256 3262 2309 in
3291 2255 3509 2311 hoc‘tibi
3535 2272 3727 2315 assea-

2133 2344 2255 2410 tior,
2278 2345 2420 2415 quod
2441 2358 2546 2399 non
2573 2360 2669 2414 par
2689 2344 2846 2399 fuerit
2870 2345 3041 2408 dolor,
3068 2346 3161 2400 sed
3182 2346 3301 2401 Jobi
3332 2347 3503 2401 multo
3529 2348 3728 2417 major.

2132 2438 2262 2507 Quae
2299 2440 2440 2494 enim
2470 2439 2544 2493 illi
2582 2454 2647 2495 ex
2689 2453 2973 2494 numerosa
3013 2440 3196 2496 sobole
3222 2441 3459 2496 utilitas?
3488 2440 3723 2495 Eviden-

2072 2586 2083 2589 ι
2133 2532 2323 2587 tiorem
2353 2534 2450 2602 ipsi
2481 2540 2639 2603 atque
2668 2532 2995 2588 acerbiorem
3026 2532 3266 2589 dolorem
3299 2534 3495 2589 vulnus
3522 2534 3728 2602 intulit,

2133 2623 2186 2679 in
2211 2624 2448 2693 pluribus
2472 2626 2786 2695 corporibus
2806 2634 3106 2694 acceptum.

2205 2713 2480 2769 Abrahami
2507 2716 2811 2786 exemplum.
2834 2747 2905 2757 —
2924 2715 3148 2782 Quodsi
3179 2714 3324 2772 lubet
3350 2716 3517 2771 alium
3546 2717 3731 2773 videre

2134 2815 2396 2871 sanctum,
2420 2808 2505 2863 cui
2531 2807 2717 2864 unicus
2738 2816 2853 2864 erat
2879 2808 3038 2876 ﬁlius,
3066 2808 3200 2878 pari,
3231 2809 3338 2863 imo
3356 2808 3544 2880 majori
3564 2808 3731 2863 animi

2135 2900 2496 2971 magnitudine
2521 2916 2676 2957 usum
2698 2942 2712 2967 ,
2740 2898 3028 2957 recordare
3053 2902 3340 2957 Abrahami
3368 2902 3688 2973 patriarcha“:
3709 2945 3728 2966 ,

2134 2991 2224 3061 qui
2254 2990 2489 3047 lsaacum
2515 2992 2730 3062 quidem
2774 2994 3090 3049 morientem
3132 3007 3240 3048 non
3273 2992 3429 3058 vidit;
3460 2994 3557 3049 sed
3586 2993 3744 3065 quocf

2135 3084 2292 3155 longe
2310 3085 2553 3140 acerbius
2574 3084 2910 3155 amariusque
2932 3091 3067 3150 erat,
3087 3085 3203 3155 ipse
3225 3100 3348 3140 eum
3370 3096 3606 3141 mactare
3617 3087 3732 3162 jus-

2137 3193 2229 3233 sus
2249 3188 2366 3245 est;
2397 3194 2496 3255 nec
2521 3179 2771 3234 mandato
2797 3180 3125 3250 repugnabat
3152 3180 3261 3247 ille,
3285 3196 3389 3240 non
3414 3180 3733 3257 indignaba-

2137 3279 2259 3338 tur,
2292 3286 2464 3341 neque
2491 3271 2665 3327 simile
2704 3271 2974 3341 quidpiam
3016 3271 3224 3333 dicebat
3251 3294 3267 3332 :
3301 3278 3490 3333 ideouc
3519 3296 3604 3334 me
3629 3294 3730 3351 pa-

2137 3370 2273 3415 trem
2296 3361 2483 3427 fecisti,
2521 3368 2580 3416 ut
2603 3361 2696 3415 ﬁlii
2717 3360 3037 3421 homicidam
3058 3366 3296 3422 faceres?
3333 3368 3520 3422 Melius
3544 3369 3729 3424 fuisset

2135 3454 2356 3508 omnino
2376 3470 2482 3508 non
2503 3453 2736 3526 dedisse,
2754 3475 2911 3529 quam
2934 3460 3113 3514 datum
3136 3459 3227 3514 tali
3249 3462 3407 3515 modo
3422 3461 3724 3516 sustulisse.

2138 3545 2272 3605 Eum
2312 3561 2527 3622 prorsus
2567 3550 2646 3606 vis
2689 3551 2922 3606 habere?
2968 3548 3075 3606 Cur
3122 3568 3245 3606 euut
3302 3567 3333 3606 a
3378 3568 3465 3607 me
3509 3554 3725 3607 mactari

2136 3641 2369 3711 imperas
2388 3681 2404 3708 ,
2431 3656 2709 3710 meamque
2733 3640 3006 3696 dexteram
3037 3643 3290 3710 sanguine
3321 3643 3440 3712 ejus
3464 3643 3725 3696 contami-

2136 3733 2292 3789 nari?
2333 3734 2529 3788 Annon
2576 3733 2842 3804 pollicitus
2876 3749 3010 3812 (eras
3058 3749 3146 3789 me
3190 3750 3285 3804 per
3320 3727 3460 3790 hunc
3504 3751 3725 3804 puerum

2137 3834 2306 3880 totum
2344 3825 2530 3880 orbem
2577 3825 2725 3895 prole
2763 3840 2879 3880 mea
2927 3826 3312 3896 impleturum?
3351 3821 3469 3895 Qui'
3498 3828 3723 3881 fructum

2136 3914 2290 3971 dabis
2309 3916 2488 3971 avulsa
2511 3916 2723 3971 radice?
2749 3916 3028 3984 Quomodo
3061 3918 3262 3986 prolem
3292 3917 3576 3987 promittis,
3604 3934 3724 3973 cum

2138 4008 2305 4062 ﬁlium
2355 4015 2589 4062 mactare
2625 4005 2851 4077 jubeas?
2888 4006 3017 4075 Quis
3060 4007 3181 4062 talia
3223 4004 3464 4062 vidit’vel
3491 4007 3725 4062 audivit?

2140 4098 2402 4167 Deceptus
2429 4113 2547 4152 sum
2574 4112 2638 4152 ac
2668 4096 3079 4153 circumventus.
3110 4096 3250 4152 Nihil
3278 4098 3453 4153 simile
3481 4099 3617 4153 dixit
3638 4109 3727 4155 aut

2137 4190 2408 4258 cogitavit,
2432 4190 2760 4249 nonrestitit
2779 4189 3080 4258 imperanti,
3096 4204 3201 4243 non
3222 4190 3473 4259 expetivit
3495 4189 3616 4245 facti
3645 4206 3724 4244 ra-

2142 4281 2362 4347 tionem,
2390 4279 2486 4336 sed
2508 4281 2591 4336 his
2616 4281 2811 4337 auditis
2838 4301 2852 4335 :
2880 4280 3063 4351 Accipe
3087 4281 3252 4350 ﬁlium
3278 4291 3452 4349 tuum,
3480 4299 3626 4354 quem
3651 4284 3727 4335 di-

2141 4374 2276 4445 ligis,
2305 4371 2477 4439 Isaac,
2502 4381 2548 4425 et
2576 4373 2743 4426 adduc
2773 4389 2892 4427 eum
2925 4373 2978 4427 in
3004 4390 3160 4426 unum
3185 4374 3451 4438 montium,
3472 4391 3620 4444 quem
3648 4375 3728 4426 di-

2139 4479 2260 4518 xero
2282 4464 2370 4518 tibi
2395 4462 2558 4532 (Gen.
2588 4461 2679 4515 22.
2701 4462 2794 4534 2),
2822 4477 2944 4518 cum
2975 4471 3119 4517 tanta
3145 4463 3418 4518 alacritate
3447 4464 3640 4531 paruit,
3672 4473 3730 4519 ut

2143 4560 2261 4629 plus
2280 4558 2461 4624 etiam,
2483 4572 2639 4627 quam
2666 4556 2982 4625 imperatum
3009 4565 3171 4622 esset,
3196 4554 3415 4611 faceret.
3442 4556 3571 4610 Nam
3597 4573 3729 4611 uxo-

2143 4667 2256 4707 rem
2285 4650 2386 4706 hoc
2412 4649 2601 4705 celavit
2628 4656 2682 4704 et
2708 4663 2919 4713 servos,
2951 4648 3182 4718 ipsisque
3212 4648 3265 4701 in
3303 4648 3501 4702 montis
3551 4648 3730 4703 radice

2144 4745 2378 4801 dimissis
2398 4787 2413 4812 ,
2444 4744 2555 4799 sola
2583 4758 2763 4799 secum
2793 4742 2953 4797 ducta
2980 4742 3196 4796 victima
3222 4741 3481 4796 ascendit.
3518 4740 3591 4795 lt~a
3626 4756 3731 4798 non

2146 4838 2361 4904 invitus,
2384 4836 2477 4891 sed
2505 4850 2622 4890 cum
2654 4834 2923 4888 alacritate
2953 4834 3116 4888 multa
3140 4834 3289 4902 jussa
3314 4834 3732 4904 exsequebatur.

2144 4929 2328 4999 Cogita
2357 4943 2485 4998 ergo
2511 4935 2764 4997 quantum
2793 4924 2919 4979 illud
2949 4934 3096 4988 erat,
3128 4925 3298 4979 solum
3324 4939 3444 4979 cum
3471 4925 3598 4979 solo
3628 4924 3735 4979 ﬁlio

2145 5022 2394 5091 colloqui,
2419 5031 2678 5090 praesente
2706 5019 2935 5083 nemine,
2957 5034 3077 5073 cum
3102 5018 3306 5072 viscera
3330 5018 3564 5071 maxime
3587 5032 3733 5071 com-

2145 5123 2442 5179 moventur,
2474 5113 2778 5183 amorisque
2802 5113 2879 5167 vis
2906 5111 3076 5180 major
3102 5117 3217 5175 est,
3245 5109 3403 5179 idque
3434 5125 3544 5162 nun
3578 5110 3730 5162 unius

2145 5207 2227 5262 vel
2253 5206 2477 5263 duorum
2498 5245 2513 5271 ,
2545 5204 2638 5259 sed
2667 5205 2896 5275 plurium
2923 5202 3129 5257 dierum
3169 5201 3360 5270 spatio.
3390 5198 3526 5255 Nam
3555 5202 3599 5255 si
3626 5209 3725 5253 sta-

2147 5300 2241 5354 tim
2268 5298 2480 5354 fecisset
2507 5297 2644 5367 quod
2670 5297 2985 5367 imperatum
3013 5301 3148 5361 erat,
3177 5308 3426 5363 magnum
3457 5292 3722 5346 mirabile

2145 5433 2278 5499 plum
2299 5433 2366 5483 ad
2388 5445 2472 5483 nos
2493 5429 2748 5499 ﬂectciues,
2776 5430 2900 5499 beat:
2928 5428 3041 5499 Joh;
3071 5429 3246 5499 agendi
3284 5434 3522 5499 rationem
3559 5428 3724 5479 imth

2143 5490 2502 5563 fiteﬁuwsmori
2522 5492 2664 5563 modo
2706 5490 2758 5543 in
2775 5490 3124 5563 aﬂiictiouibus;
3150 5491 3235 5541 sed
3271 5504 3325 5563 ut
3352 5492 3720 5563 quibuscumque

2137 5552 2252 5612 aliis
2272 5552 2599 5619 incommodis,
2633 5567 2744 5619 cum
2782 5552 3181 5619 puri__Dom_inum
3205 5552 3439 5619 nostrum
3460 5552 3716 5619 adibimus,

2145 5626 2255 5683 tum,
2284 5618 2511 5683 stabimus
2531 5616 2691 5683 securi
2711 5613 2821 5667 ante
2845 5614 3056 5683 tribunal
3098 5613 3276 5683 Christi
3311 5627 3329 5664 :
3365 5626 3477 5683 qua:
3492 5613 3719 5683 κςωέζπιε

2146 5678 2519 5750 nobispnuu'bus
2543 5679 2684 5750 detur
2706 5690 2793 5750 per
2816 5676 3023 5744 gratiam
3045 5684 3090 5729 ct
3112 5676 3494 5728 miscricordiam
3536 5676 3717 5728 Domini.

2149 5745 2298 5798 nostri
2318 5753 2429 5797 .Icsu
2452 5743 2645 5800 Christi,
2673 5748 2766 5791 etc.
2820 5743 2823 5744 ⁷
3352 5772 3357 5779 ,
