4018 6190
245 282 390 338 εωῦ

238 400 412 456 Ὅταν
455 397 563 467 γὰρ
593 398 860 470 πονηροὺς
905 397 1150 468 ἀποϐάλῃ
1184 415 1267 462 τις
1297 399 1514 463 παῖδας,
1555 399 1810 453 δάκνεται

237 486 341 556 μὲν
375 481 453 554 τῷ
490 481 673 543 πάθει,
714 482 854 553 πλὴν
899 482 1013 536 ἀλλ’
1042 483 1103 535 οὑ
1137 482 1275 553 μετά
1304 483 1505 552 πολλῆς
1533 484 1633 556 τῆς
1682 500 1813 551 σφο-

233 570 529 640 δρότητος·
571 566 603 636 ή
651 565 762 636 γὰρ
802 566 1034 636 πονηρία
1075 565 1183 620 τῶν
1226 565 1567 619 ἀπελθόντων
1615 564 1810 635 δριμυ-

233 652 405 725 τέραν
430 651 530 704 οὑκ
562 650 757 721 ἀφίησι
790 644 1039 718 γενέσθαι
1066 650 1165 720 τὴν
1195 649 1388 721 ὀδύνην
1407 666 1422 679 ·
1455 650 1585 703 ὅταν
1616 649 1673 701 δέ
1717 647 1814 701 καὶ

236 736 485 805 ἐνάρετοι
515 726 639 795 ὦσι,
672 731 896 802 μόνιμον
921 732 981 785 τὸ
1009 731 1228 803 τραῦμα
1255 731 1484 799 γίνεται,
1520 730 1749 801 ἀληστος
1778 732 1811 802 ή

240 817 454 887 μνήμη,
481 813 911 886 ἀπαραμύθητον
932 814 993 867 τὸ
1023 814 1211 876 κακὸν,
1236 814 1454 869 διπλοῦν
1480 815 1540 869 16
1565 814 1809 885 κέντρον,

234 899 300 952 16
343 899 442 969 μὲν
468 899 575 951 ἀπὸ
625 898 724 966 τῆς
757 895 991 966 φύσεως,
1023 897 1085 950 16
1110 897 1166 950 δὲ
1196 898 1305 951 ἀπὸ
1335 897 1437 967 τῆς
1473 897 1675 968 ἀρετῆς
1702 896 1812 950 τῶν

236 980 601 1035 ἀπελθόντων.
631 981 751 1033 Ὅτι
779 980 835 1032 δὲ
881 975 1021 1050 ἦσαν
1054 980 1295 1050 ἐνάρετοι
1314 1022 1329 1045 ,
1361 981 1519 1052 δῆλον
1564 979 1770 1033 ἐκεῖθεν
1793 995 1807 1007 ·

238 1065 447 1135 Πολλὴν
484 1063 660 1117 αὑτῶν
688 1065 717 1116 6
747 1062 928 1134 πατὴρ
957 1065 1191 1117 ἐποιεῖτο
1217 1064 1316 1136 τὴν
1355 1064 1690 1135 ἐπιμέλειαν,
1722 1065 1813 1116 καὶ

236 1148 596 1218 ἀνιστάμενος
646 1146 834 1208 θυσίας
895 1147 1232 1217 προσέφερεν
1282 1148 1423 1220 ὑπὲρ
1472 1146 1673 1210 αὐτῶν,
1720 1146 1814 1198 καὶ

236 1230 381 1300 ὑπὲρ
407 1227 516 1281 τῶν
546 1227 755 1299 ἀδήλων
785 1229 1199 1300 ἁμαρτημάτων
1225 1229 1500 1293 δεδοικὼς,
1534 1229 1628 1284 καὶ
1659 1228 1813 1283 οὐδὲν

235 1312 391 1383 αὐτῷ
416 1311 605 1365 τούτου
637 1311 1024 1382 προτιμότερον
1057 1308 1145 1383 ἦν.
1173 1312 1344 1367 Τοῦτο
1372 1313 1428 1366 δὲ
1457 1314 1518 1366 οὑ
1548 1312 1657 1365 τῶν
1689 1310 1815 1365 παία

235 1395 344 1449 δων
374 1396 473 1467 τὴν
523 1394 724 1465 ἀρετὴν
762 1393 999 1449 δείκνυσι
1056 1396 1237 1466 μόνον,
1269 1396 1405 1449 ἀλλά
1450 1396 1545 1448 καὶ
1577 1393 1673 1465 τὴν
1717 1391 1811 1446 τοῦ

236 1479 447 1549 πατρὸς
484 1477 882 1547 φιλοστοργίαν.
913 1477 1082 1530 Ὅταν
1116 1473 1210 1531 οὖν
1252 1480 1346 1531 καὶ¹
1382 1476 1563 1549 πατὴρ
1594 1473 1682 1548 ἦν,
1717 1474 1812 1531 καὶ

235 1560 383 1613 οὑτω
430 1559 803 1630 φιλόστοργος,
837 1559 911 1630 μὴ
957 1559 1049 1614 16v
1097 1561 1205 1614 ἀπὸ
1234 1561 1334 1630 τῆς
1380 1559 1595 1630 φύσεως
1648 1557 1814 1613 πόθον

235 1642 645 1712 ἐνδεικνύμενος
679 1641 861 1712 μόνον,
911 1641 1047 1695 ἀλλά
1078 1643 1174 1696 καὶ
1223 1643 1314 1697 16v
1354 1643 1461 1696 ἀπὸ
1504 1643 1603 1714 τῆς
1652 1642 1813 1696 εὐλα-

238 1727 412 1790 ϐείας,
452 1726 587 1780 ἀλλά
618 1726 711 1779 καὶ
739 1726 788 1778 οἱ
829 1725 1151 1789 ἀπελθόντες
1181 1725 1353 1790 οὕτως
1399 1726 1663 1796 ἐνάρετοι,
1695 1742 1817 1796 τρι-

235 1809 347 1880 πλῆ
380 1808 588 1878 γίνεται
622 1809 722 1879 τῆς
754 1806 991 1879 ἀθυμίας
1020 1810 1053 1879 ή
1090 1809 1257 1879 πυρά.
1286 1808 1475 1870 Πάλιν,
1506 1810 1635 1862 ὅταν
1671 1807 1815 1862 κατά

240 1893 408 1963 μέρος
447 1892 887 1964 ἀναρπάςωνται,
917 1890 1030 1962 ἔχει
1057 1891 1180 1945 τινὰ
1227 1891 1578 1963 παραμυθίαν
1619 1891 1681 1944 16
1709 1890 1816 1944 πά-

237 1977 363 2037 60,“
396 1975 447 2026 οί
493 1974 602 2045 γὰρ
638 1973 1041 2043 ἐπιλειπόμενοι
1080 1977 1178 2047 τὴν
1222 1977 1316 2028 ἐπὶ
1359 1978 1471 2038 τοῖς
1519 1970 1816 2030 ἀπελθοῦσι

240 2056 627 2121 συσκιάζουσιν
673 2057 939 2128 ἀθυμίαν⁸
981 2059 1109 2112 ὅταν
1148 2058 1204 2111 δὲ
1254 2057 1546 2127 ὁλόκληρος
1594 2057 1623 2108 6
1657 2055 1817 2127 χορὸς

236 2142 475 2215 ἀπέλθῃ.
500 2140 634 2211 πρὸς
657 2142 777 2195 τίνα
814 2141 1098 2212 δυνήσεται
1122 2141 1253 2205 ίδείν
1274 2144 1301 2195 6
1329 2140 1595 2203 πολύπαις
1622 2139 1817 2207 ἀθρόον

239 2227 411 2289 ἄπαις
442 2224 762 2295 γενόμενο;;
804 2225 961 2278 Μετά
986 2224 1189 2277 τούτων
1219 2223 1379 2277 πάλιν
1405 2224 1521 2276 ἐστι
1552 2226 1643 2277 καὶ
1674 2222 1811 2292 πέμο

238 2326 384 2380 πτην
422 2310 594 2361 εἰπεῖν
628 2307 863 2379 πληγήν.
913 2306 1076 2361 Ποίαν
1121 2307 1186 2377 δὴ
1221 2306 1460 2377 ταύτην;
1509 2307 1569 2359 16
1621 2305 1815 2378 ἀθρόον

234 2393 436 2455 αὑτοὺς
477 2392 891 2463 ἀναρπασθῆναι
932 2391 1154 2453 πάντας.
1187 2392 1250 2443 Et
1298 2390 1407 2460 γάρ
1441 2391 1496 2441 ἐν
1543 2389 1742 2460 τρισὶν,
1779 2388 1811 2461 ἢ

238 2477 405 2529 πέντε
450 2476 685 2546 ἡμέραις
719 2474 1062 2528 ἀπελθόντων
1108 2474 1291 2538 τινῶν,
1328 2475 1384 2527 αί
1419 2475 1676 2541 γυναῖκες
1722 2474 1818 2541 καὶ

234 2561 291 2612 οί
353 2561 725 2632 προσήκοντες
794 2557 1032 2621 ἅπαντες
1089 2555 1247 2609 τοῦτο
1307 2556 1542 2627 μάλιστα
1598 2555 1817 2609 πάντων

239 2643 629 2712 ὀλοφύρονται,
678 2642 761 2694 ὅτι
814 2640 1021 2711 ταχέως
1080 2639 1175 2693 καὶ
1222 2638 1480 2710 ἐξαίφνης
1525 2638 1816 2711 ἀνηρπάγη

242 2727 343 2796 τῆς
390 2724 609 2778 ἐκείνων
652 2724 826 2794 ὅψεως
856 2727 884 2778 6
922 2723 1359 2795 τετελευτηκώς-ο
1404 2721 1584 2793 πολλῷ
1619 2722 1819 2793 μᾶλλον

238 2805 395 2871 οὗτος
432 2807 499 2860 ἂν
528 2807 760 2878 ἧλγησεν
786 2807 886 2860 οὑκ
912 2808 972 2860 ἐν
1004 2807 1239 2878 ἡμέραις
1276 2808 1423 2879 τρισὶ
1452 2808 1545 2861 καί⁸
1575 2805 1695 2859 δυσὶ
1726 2806 1820 2859 καὶ

242 2893 383 2961 μιᾷ,
430 2890 547 2943 ἀλλ’
592 2893 650 2944 ἐν
700 2889 821 2962 ὥρᾳ
872 2891 970 2961 μιᾷ
1017 2891 1223 2953 πάντας
1257 2891 1429 2951 οὑτως
1479 2887 1817 2959 ἀφαιρεθείς.

241 2974 318 3026 Τὸ
352 2974 453 3044 μὲν
486 2973 592 3046 γὰρ
625 2973 915 3045 μελετηθέν
945 2971 1022 3043 τῷ
1050 2974 1225 3044 χρόνῳ
1255 2973 1445 3036 δεινὸν,
1476 2972 1581 3025 κᾶν
1611 2970 1821 3042 σφόδρα

241 3058 521 3128 ἀφόρητον
673 3059 741 3128 τῇ
792 3056 1101 3128 προσδοκία·
1135 3056 1334 3124 κοῦφον
1374 3055 1439 3109 ἂν
1470 3054 1678 3123 γένοιτο
1719 3056 1822 3125 ῥα·

237 3142 368 3204 δίως
389 3158 404 3172 ·
434 3142 499 3194 τὸ
524 3140 581 3193 δὲ
625 3142 751 3211 παρ’
782 3139 971 3193 ἐλπίδα
1000 3137 1215 3209 συμϐὰν
1249 3138 1344 3191 καὶ
1376 3137 1636 3209 ἐξαίφνης
1684 3135 1821 3206 ἀφό-

242 3242 414 3297 ρητον
461 3224 691 3295 γίνεται.
717 3224 881 3276 Ὅταν
912 3219 1006 3276 οὖν
1055 3238 1106 3275 τι
1150 3222 1272 3275 καθ’
1300 3222 1461 3275 ἐαυτὸ
1495 3220 1727 3292 χαλεπὸν
1753 3214 1818 3291 ᾗ,

239 3312 345 3361 καὶ
371 3307 472 3378 τὴν
494 3308 560 3360 ἐκ
584 3305 677 3359 τοῦ
705 3305 833 3377 παρ’
860 3305 1049 3359 ἐλπίδα
1076 3304 1349 3375 συμϐῆναι
1380 3304 1631 3378 λαμϐάνῃ
1660 3320 1826 3375 προσ-

241 3393 446 3462 θήκην,
492 3390 741 3463 ἐννόησον
775 3388 889 3451 πῶς
920 3389 1192 3459 ἀφόρητον
1239 3388 1481 3456 γίνεται,
1517 3387 1609 3442 καί¹
1647 3387 1824 3442 πάντα

241 3473 566 3544 ὑπερϐαίνει
609 3472 783 3540 λόγον.
827 3470 1015 3525 Βούλει
1053 3473 1147 3525 καὶ
1190 3472 1355 3543 ἐκτην
1399 3471 1627 3525 ἀκοῦσαι
1684 3471 1825 3542 πλη-

248 3562 396 3627 γῂν;
458 3557 546 3609 Ἐν
578 3554 725 3626 αὑτῴ
762 3556 860 3626 τῆς
893 3555 1107 3627 ήλικίας
1152 3553 1229 3625 τῷ
1270 3555 1420 3608 ἄνθει
1464 3556 1673 3618 πάντας
1720 3556 1827 3610 ἁπ-

248 3642 628 3694 ῶλεσεν.¹’[στε
655 3640 712 3692 δέ
736 3640 881 3703 ὅπως
906 3640 954 3692 οί
987 3641 1153 3711 ἄωροι
1183 3641 1433 3693 δάκνουσι
1462 3638 1699 3703 θάνατοι,
1733 3638 1826 3692 καλ⁵

246 3723 501 3778 ποικίλον
547 3723 760 3776 ποιοῦσι
808 3722 870 3775 16
904 3722 1111 3784 πένθος.
1169 3717 1338 3786 Οὗτος
1392 3723 1448 3776 δὲ
1497 3723 1596 3776 οὐκ
1648 3724 1825 3793 ἀωρος

247 3809 415 3881 μόνον
453 3802 542 3880 ἦν,
574 3806 721 3879 [769]
764 3807 900 3861 ἀλλά
946 3808 1037 3861 καὶ
1067 3807 1259 3878 βίαιος,
1288 3806 1363 3871 ὡς
1396 3803 1536 3861 εἷναι
1574 3808 1669 3861 καὶ
1699 3806 1828 3860 ταύ-

245 3908 351 3961 την
396 3891 631 3960 ἑϐδόμην
663 3891 874 3961 πληγήν
897 3906 911 3920 ’
948 3890 1010 3942 οὑ
1051 3891 1160 3962 γάρ
1198 3890 1290 3943 ἐπὶ
1334 3892 1523 3962 κλίνης
1552 3885 1689 3944 εἶδεν
1727 3891 1827 3943 αὑ-

249 3976 382 4037 τοὺς
434 3974 802 4035 ἀποπνέοντας
850 3972 946 4025 καὶ
997 3972 1513 4044 ψυχορραγοῦντας,
1567 3972 1705 4027 ἀλλά
1758 3977 1827 4048 τῇ

250 4058 408 4129 οἰκίᾳ¹
437 4058 878 4128 καταχωσθέντας
913 4057 1176 4120 ἅπαντας.
1214 4058 1495 4130 Ἐννόησον
1516 4062 1713 4126 τοίνυν,
1744 4061 1829 4123 τίς

246 4139 319 4214 ἦν
363 4140 672 4212 ἀνορύττων
704 4143 879 4194 ἐκεῖνο
928 4139 989 4193 τὸ
1036 4140 1218 4211 χῶμα,
1262 4143 1355 4194 καὶ
1388 4143 1483 4195 νῦν
1517 4143 1615 4213 μὲν
1657 4144 1824 4209 λίθον,

248 4229 351 4281 νῦν
389 4226 448 4279 δὲ
498 4225 655 4295 μέλος
683 4225 924 4279 ἀνέλκων
960 4223 1194 4289 παιδίου,
1227 4226 1321 4278 καὶ
1370 4229 1526 4298 χεῖρα
1557 4225 1700 4297 όρῶν
1746 4227 1828 4280 ἐτι

252 4309 456 4378 φιάλην
485 4308 840 4379 κατέχουσαν,
868 4308 963 4360 καὶ
1009 4306 1187 4372 δεξιάν
1232 4306 1426 4377 ἑτέραν
1475 4310 1829 4381 ἐπικειμένην

248 4391 334 4461 τῷ
386 4391 599 4455 πίνακι,
648 4392 741 4443 καὶ
776 4390 939 4444 αὑτὸν
986 4388 1078 4442 τοῦ
1126 4389 1377 4458 σώματος
1432 4389 1825 4461 διεφθαρμένον

247 4477 350 4529 τὸν
407 4475 595 4537 τύπον,
650 4474 792 4545 ῥινὸς
850 4473 1262 4545 συντριϐείσης,
1316 4473 1555 4544 κεφαλῆς
1605 4474 1829 4529 διαϐλα-

252 4558 517 4630 σθείσης,
564 4557 856 4629 ὀφθαλμῶν
912 4557 1347 4626 ἀφανισθέντων.
1395 4556 1696 4626 ἐγκεφάλου
1752 4559 1831 4612 δι-

247 4641 624 4713 εσπαρμένον,
652 4641 831 4711 πάσης
848 4639 1031 4703 ἁπλῶς
1050 4640 1147 4711 τῆς
1174 4639 1387 4710 μορφῆς
1408 4638 1829 4712 διεφθαρμένης,

248 4725 349 4779 καὶ
400 4726 495 4795 τῆς
526 4723 633 4778 τῶν
661 4723 989 4794 τραυμάτων
1022 4722 1291 4786 ποικιλίας
1328 4724 1429 4775 οὑκ
1456 4723 1711 4795 ἀφιείσης
1738 4729 1830 4778 τὸν

247 4805 474 4877 πατέρα
514 4806 623 4861 τῶν
661 4806 1007 4876 ποθουμένων
1050 4804 1225 4875 ὄψεων
1280 4805 1578 4875 ἐπιγνῶναι
1609 4807 1700 4860 τὸν
1736 4809 1830 4861 τύ-

246 4907 384 4944 των.
431 4889 768 4961 Συνεχύθητε
818 4889 991 4943 ταῦτα
1037 4889 1345 4952 ἀκούοντες,
1400 4892 1495 4944 καὶ
1525 4890 1827 4958 δακρύετε·

239 4972 552 5044 ἐννοήσατε
585 4972 783 5036 τοίνυν,
810 4972 893 5035 τίς
924 4968 991 5043 ἦν
1019 4974 1223 5035 ἐκεῖνος
1247 4972 1418 5028 ταῦτα
1441 4973 1603 5044 ὀρῶν.
1648 4975 1709 5029 El
1728 4976 1832 5048 γάρ

240 5061 424 5132 ⁴ἡμεῖς
458 5057 594 5127 μετά
618 5056 1085 5129 τοσοῦτοννχρόνον
1131 5057 1193 5109 οὑ
1241 5056 1515 5128 δυνάμεθα
1565 5059 1831 5131 ἀδακρυτὶ

242 5144 357 5212 τῆς
379 5139 681 5211 τραγῳδίας
707 5139 918 5211 ἐκείνης
942 5140 1040 5209 τὴν
1065 5139 1232 5209 ἀκοὴν
1252 5141 1515 5207 ἐνεγκεῖν,
1544 5143 1832 5198 καὶταῦτα

241 5223 547 5292 ἀλλοτρίας
596 5223 883 5285 ἀκούοντες
923 5222 1242 5293 συμφοράς,
1298 5223 1382 5285 τίς
1429 5219 1497 5295 ἦν
1545 5226 1573 5276 6
1618 5226 1831 5297 ἀδάμας

244 5312 271 5359 ε
288 5309 467 5370 κεῖνος
493 5306 593 5378 θέᾳ
612 5306 783 5359 ταῦτα
813 5306 1275 5376 παραλαμϐάνων,
1305 5308 1405 5360 οὑκ
1428 5309 1485 5359 ἐν
1506 5308 1827 5380 ἀλλοτρίοις,

238 5390 371 5443 ἀλλ’
400 5390 462 5440 ἐν
493 5389 714 5452 οἰκείοις
743 5389 1047 5460 φιλοσοφῶν
1073 5392 1296 5455 κακοίς;
1326 5401 1352 5430 ι
1399 5392 1533 5444 Οὑδέ
1565 5393 1671 5464 γὰρ
1720 5395 1832 5447 ἀπ·-

236 5471 643 5541 ερδυσπέτησεν,
672 5472 793 5526 οὐδὲ
818 5472 1055 5524 τοιοῦτον
1077 5472 1227 5525 οὐδὲν
1254 5469 1403 5526 εἷπε·
1427 5474 1492 5526 Τί
1526 5491 1655 5527 ποτε
1678 5476 1833 5529 τοῦτό

236 5556 443 5620 ὲστιν;
488 5553 629 5625 αῦτη
677 5570 767 5624 μοι
815 5555 914 5625 τῆς
948 5555 1429 5628 φιλοφροσύνηςπή
1467 5557 1667 5629 ἀμοιϐή
1695 5574 1710 5625 ;
1743 5558 1834 5613 διὰ

324 5703 353 5735 ⁸
375 5705 504 5755 οὐδὲ
527 5706 616 5769 γὰρ
654 5704 1037 5773 ἀπεδυσπέτησεν
1073 5704 1317 5763 οὐδέποτε,
1357 5706 1466 5756 οὑδὲ
1494 5707 1614 5769 εἷπε,
1639 5708 1695 5756 Τί
1718 5726 1835 5758 ποτε

1477 284 1564 339 DE
1603 284 1778 339 LAZA
1788 284 1879 339 ΒΟ
1898 286 2163 346 ’CONCIU
2198 292 2261 353 ν.

3354 291 3495 348 1026

1921 399 2079 451 τοῦτο
2108 400 2220 462 τοῖς
2261 398 2429 464 ξένοις
2455 398 2666 470 ἀνέῳξα
2707 400 2806 470 τὴν
2844 399 3041 464 οἰκίαν,
3065 400 3150 453 ἵνα
3183 398 3350 468 τάφον
3388 401 3497 453 τῶι

1922 482 2126 534 παίδων
2147 481 2438 553 γινομένην
2460 481 2628 553 αὑτὴν
2653 483 2849 547 ἐπίδω;
2875 482 2961 535 διὰ
2988 480 3144 534 τοῦτο
3167 484 3347 537 πᾶσαν
3370 483 3495 556 περὶ

1919 565 2113 628 αὐτοὺς
2151 563 2350 635 ἀρετὴν
2385 564 2759 636 ἐπεδειξάμην,
2794 566 2878 618 ἴνα
2902 565 3141 618 τοιοῦτον
3168 566 3498 634 ὑπομείνωσι

1922 646 2183 709 θάνατονς
2234 646 2399 699 Οὐδὲν
2446 646 2648 699 τούτων
2688 649 2788 700 οὑκ
2823 644 2994 711 εἶπεν,
3043 648 3141 701 οὑκ
3185 648 3493 717 ἐνενόησεν·

1920 737 2033 791 ἀλλ’
2062 736 2221 807 ἔφερε
2263 736 2443 791 πάντα
2470 736 2731 804 γενναίως
2764 739 2858 791 καὶ
2892 739 3027 808 μετά
3075 739 3345 807 τοσαύτην
3378 737 3499 791 ἐπιο

1934 819 2152 890 μέλειαν
2189 819 2367 872 αὐτῶν
2419 820 2755 890 ἀφαιρεθείς.
2806 822 3070 893 Καθάπερ
3123 821 3234 889 γὰρ
3281 819 3497 892 ἄριστος

1921 900 2328 971 ἀδριαντοποιδς
2361 902 2593 971 χρυσοῦς
2622 902 2959 956 διαπλάττων
2991 903 3329 973 ἀνδριάντας,
3358 904 3498 974 μετὰ

1923 983 2123 1053 πολλῆς
2145 984 2474 1047 καλλωπίζει
2494 985 2592 1055 τῆς
2611 985 2893 1056 ἀκριϐείας
2911 1001 2922 1014 ·
2942 985 3082 1039 οὕτω
3103 987 3197 1040 καὶ
3219 986 3381 1049 αὑτὸς
3400 987 3499 1049 τάς

1919 1066 2139 1119 ἐκείνων
2165 1066 2462 1139 ἐῤῥύθμιζε
2492 1066 2667 1137 ψυχὰς
2703 1067 3041 1121 διαπλάττων
3059 1108 3074 1134 ,
3110 1068 3493 1139 κατακοσμῶν.

1920 1149 2030 1201 Καὶ
2070 1147 2319 1220 καθάπερ
2363 1166 2448 1213 τις
2492 1148 2736 1220 γεωργὸς
2787 1150 3072 1218 φιλόπονος
3116 1151 3339 1221 στελέχη
3378 1166 3499 1219 φοι-

1919 1229 2084 1284 νίκων
2145 1230 2178 1301 ἥ
2232 1230 2426 1283 ἐλαιῶν
2488 1230 2695 1300 ἄρδων,
2758 1231 3030 1301 τειχίζων,
3088 1236 3494 1305 περιφράττων,

1920 1313 2083 1365 παντὶ
2137 1313 2454 1385 θεραπεύων
2487 1314 2673 1387 τρόπῳ
2718 1315 2978 1368 διατελεῖ·
3030 1315 3172 1369 οὑτω
3211 1317 3303 1369 καὶ
3346 1310 3498 1378 οὗτος

1919 1394 1980 1448 ού
2018 1394 2367 1465 διελίμπανε,
2403 1395 2655 1476 καθάπερ
2710 1396 2895 1451 ἐλαίαν
2947 1397 3069 1451 τινά
3118 1399 3493 1469 κατάκαρπον,

1920 1476 2018 1545 τὴν
2054 1477 2284 1530 ἑκάστου
2313 1476 2490 1548 ψυχὴν
2532 1481 2612 1542 είς
2658 1478 2877 1534 πλείονα
2908 1480 3109 1551 ἀρετῆς
3152 1478 3330 1546 αὔξων
3380 1478 3497 1533 ἐπί-

1918 1557 2082 1610 δοσιν.
2122 1557 2258 1611 Ἀλλ⁹
2286 1555 2394 1611 εἶδε
2426 1560 2649 1632 στελέχη
2675 1564 2740 1633 τῇ
2773 1562 2865 1615 τοῦ
2907 1561 3145 1634 πονηροῦ
3191 1561 3501 1632 πνεύματος

1920 1640 2191 1712 προσϐολῇ
2248 1642 2694 1707 ἀνασπασθέντα,
2752 1645 2847 1697 καὶ
2894 1646 2985 1698 ἐπὶ
3035 1642 3138 1715 γῆς
3179 1644 3495 1705 ἐκταθέντα,

1919 1724 2013 1776 καὶ
2042 1723 2131 1776 τὸν
2159 1723 2389 1779 ἐλεεινὸν
2433 1725 2529 1795 τῆς
2566 1724 2817 1795 τελευτῆς
2858 1726 3226 1797 ὑπομείναντα
3274 1726 3495 1797 τρόπον,

1876 1854 1889 1859 ν.
1919 1805 2013 1858 καί¹
2044 1806 2196 1860 οὐδὲν
2235 1805 2555 1877 βλάσφημον
2594 1806 2915 1876 ἐφθέγξατο,
2958 1808 3092 1862 ἀλλά
3137 1808 3230 1862 καὶ
3272 1809 3499 1879 εὐχαρί-

1921 1904 2105 1958 στησε,
2137 1889 2356 1960 καιρίαν
2392 1889 2513 1953 δοὺς
2543 1889 2621 1961 τῷ
2648 1889 2878 1961 διαϐόλῳ
2909 1890 3007 1963 τὴν
3032 1893 3268 1963 πληγήν.

1992 1968 2051 2023 ε’.
2086 1970 2148 2023 Et
2177 1970 2235 2023 δὲ
2272 1970 2478 2038 λέγοις,
2524 1971 2606 2024 ὅτι
2656 1970 2880 2036 πολλοὺς
2931 1970 3075 2044 εἶχεν
3118 1968 3272 2037 οὗτος
3316 1973 3500 2036 υίοὺς,

1920 2051 2078 2115 ἄλλος
2116 2052 2170 2106 δὲ
2212 2053 2473 2117 πολλάκις
2501 2054 2595 2107 ἕνα
2628 2056 2890 2127 μονογενῆ
2932 2056 3070 2126 ἔχων
3103 2054 3372 2117 ἀπώλεσε,
3404 2055 3499 2106 καὶ

1921 2134 2020 2187 οὑκ
2048 2135 2161 2188 ἴσον
2187 2136 2248 2189 τὸ
2274 2135 2487 2199 πένθος,
2517 2135 2698 2200 καλῶς
2729 2136 2928 2204 λέγεις,
2958 2138 3113 2206 κάγώ
3139 2137 3219 2191 σοί
3247 2154 3387 2207 φημι
3417 2137 3497 2189 ὅτι

1922 2217 2021 2270 οὑκ
2065 2217 2177 2272 ίσον
2216 2219 2276 2272 16
2312 2220 2526 2285 πένθος,
2553 2219 2688 2274 ἀλλά
2716 2219 2893 2290 πολλῷ
2928 2218 3109 2291 μεῖζον
3140 2220 3203 2272 16
3231 2221 3322 2273 τοὺ
3357 2218 3496 2273 Ίώϐ.

1923 2299 1987 2352 Τί
2024 2299 2131 2371 γάρ
2171 2299 2319 2371 αὐτῷ
2349 2300 2448 2370 τῆς
2489 2301 2846 2366 πολυπαιδίας
2892 2302 3110 2371 ὅφελοςς
3158 2302 3499 2375 Τρανοτέραν

1923 2383 2072 2453 αὑτῷ
2112 2384 2207 2454 τὴν
2260 2386 2544 2456 συμφορὰν
2595 2387 2817 2455 ἐποίησε
2878 2386 2973 2439 καὶ
3023 2386 3352 2457 πικροτέραν
3403 2384 3501 2455 τὴν

1924 2464 2114 2536 ὀδύνην
2140 2467 2200 2519 16
2241 2468 2298 2520 ἐν
2331 2468 2535 2520 πλείοσι
2566 2466 2782 2539 σώμασι
2814 2468 2873 2521 16
2902 2467 3125 2539 τραῦμα
3155 2468 3427 2533 δέξασθαι.

1995 2549 2058 2601 Εἰ
2095 2548 2152 2602 δὲ
2181 2548 2357 2619 βούλει
2385 2552 2477 2603 καὶ
2502 2550 2690 2622 ἕτερον
2721 2550 2848 2603 ίδεῖν
2872 2550 3026 2617 ἀγιον
3050 2550 3309 2621 μονογενῆ
3334 2552 3501 2604 παῖδα

1926 2629 2136 2700 ἔχοντα,
2188 2630 2280 2684 καὶ
2314 2633 2412 2697 τὴν
2461 2633 2630 2703 αὑτὴν
2658 2633 2691 2704 ἢ
2724 2634 2819 2687 καὶ
2852 2632 3073 2685 πλείονα
3104 2632 3352 2703 ἀνδρείαν
3385 2635 3503 2687 ἐπι-

1925 2712 2255 2782 δειξάμενον,
2300 2714 2675 2785 ἀναμνήσθητι
2707 2714 2801 2768 τοῦ
2854 2715 3190 2785 πατριάρχου
3231 2714 3502 2786 Ἀϐραὰμ,

1925 2794 1984 2857 6;
2020 2795 2118 2848 οὑκ
2169 2791 2273 2848 εἶδε
2313 2797 2402 2848 16v
2440 2796 2621 2851 Ἰσαὰκ
2667 2797 3026 2863 ἀποθανόντα,
3073 2796 3208 2862 ἀλλ’,
3249 2797 3278 2849 ὃ
3324 2798 3503 2868 πολλῷ

1928 2878 2247 2949 πικρότερον
2292 2873 2359 2950 ἦν
2387 2879 2481 2932 καὶ
2522 2880 2929 2953 ὀδυνηρότερον,
2958 2880 3121 2942 αὑτὸς
3156 2880 3316 2934 αὑτὸν
3346 2897 3505 2934 κατα·

1928 2961 2126 3030 σφάξαι
2174 2960 2518 3025 ἐπετάττετο,
2568 2962 2661 3013 καὶ
2702 2962 2803 3014 οὑκ
2850 2963 3070 3014 ἀντεῖπε
3120 2962 3253 3033 πρὸς
3293 2964 3353 3015 16
3381 2965 3502 3016 €11!-

1927 3061 2134 3115 ταγμα,
2168 3043 2287 3097 οὑδέ
2333 3043 2708 3114 ἐδυσχέρανεν,
2756 3044 2877 3096 οὑδὲ
2910 3043 3211 3113 ἐφθέγξατό
3241 3062 3293 3098 τι
3330 3046 3504 3099 τοιοῦ-

1929 3145 2021 3181 τον
2039 3143 2052 3157 ⁸
2085 3127 2184 3179 Διά
2208 3125 2363 3179 τοῦτό
2396 3142 2463 3196 με
2491 3126 2703 3197 πατέρα
2732 3126 3013 3197 ἐποίησας,
3043 3126 3131 3180 ἵνα
3156 3128 3504 3182 παιδοκτόνον

1930 3210 2243 3282 ἀπεργάσῃ;
2280 3206 2486 3279 βέλτιον
2515 3204 2583 3279 ἦν
2612 3208 2685 3280 μὴ
2713 3208 2895 3261 δοῦναι
2924 3209 3021 3281 τὴν
3047 3209 3242 3282 ἀρχὴν,
3277 3211 3309 3283 ἢ
3339 3211 3498 3264 δόντα

1929 3293 2165 3363 τοιούτῳ
2195 3290 2347 3365 [770]
2392 3291 2580 3362 τρόπῳ
2629 3291 2791 3344 αὑτὸν
2827 3292 3141 3360 ἀφελέσθαι.
3192 3292 3378 3346 Βούλει
3411 3294 3505 3347 λα-

1931 3377 2077 3443 ϐεἰν;
2120 3375 2263 3438 τίνος
2312 3375 2498 3427 ἕνεκεν
2537 3374 2683 3444 κάμὲ
2727 3372 3071 3444 κατασφάξαι
3119 3375 3382 3441 κελεύεις,
3414 3379 3507 3432 καὶ

1931 3459 2029 3530 τὴν
2073 3457 2251 3524 δεξιὰν
2311 3458 2498 3529 μιᾶναι
2543 3458 2641 3528 τὴν
2687 3457 2961 3528 ἐμαυτοῦ;
3000 3460 3114 3512 Οὑκ
3160 3459 3270 3513 ἀπὸ
3314 3460 3507 3515 τούτου

1936 3557 2027 3612 μοι
2057 3539 2151 3593 τοῦ
2191 3539 2402 3593 παιδίου
2436 3538 2536 3608 τὴν
2564 3539 2889 3609 οἰκουμένην
2927 3541 3201 3611 ἐμπλῆσαι
3234 3542 3345 3595 τῶν
3373 3542 3507 3596 ἀπο-

1931 3624 2104 3695 γόνων
2137 3622 2408 3693 ὑπέσχου;
2449 3621 2566 3684 πῶς
2599 3618 2690 3675 οῦν
2733 3623 2858 3684 τοὺς
2911 3625 3157 3694 καρποὺς
3208 3624 3361 3687 δίδως
3406 3625 3507 3698 τὴν

1936 3706 2092 3779 ῥίζαν
2142 3704 2411 3776 ἀναιρῶν;
2455 3704 2572 3768 πῶς
2621 3704 2678 3757 δὲ
2727 3705 3029 3772 ἀπογόνους
3068 3707 3379 3780 ἐπαγγέλλῃ
3415 3709 3507 3761 τὸν

1934 3790 2049 3842 υίδν
2101 3787 2503 3856 κατασφάττειν
2563 3785 2830 3852 κελεύων;
2884 3787 2969 3851 τίς
3024 3789 3194 3841 ταῦτα
3249 3786 3378 3853 εἶδε,
3421 3791 3507 3855 τίς

1933 3870 2106 3925 ταῦτα
2156 3870 2424 3942 ήκουσεν;
2472 3869 2825 3941 Ἦπάτημαι,
2884 3870 3304 3941 παρελογίσθην.
3341 3871 3505 3926 Οὑδέν

1933 3953 2144 4007 τοιοῦτο
2180 3953 2281 4006 οὐκ
2312 3949 2484 4017 εἶπεν,
2529 3953 2630 4005 οὑκ
2662 3953 2962 4023 ἐνενόησεν,
3012 3954 3112 4006 οὑκ
3161 3956 3379 4007 ἀντεῖπε
3427 3955 3506 4025 τῷ

1935 4036 2273 4101 κελεύσαντι,
2302 4036 2401 4088 οὑκ
2443 4035 2724 4106 ἀπῄτησεν
2763 4035 3014 4098 εὐθύνας,
3050 4036 3186 4088 ἀλλὰ
3225 4037 3463 4101 ἀκούσας
3486 4055 3501 4067 ’

1935 4118 2092 4173 Λαϐἑ
2118 4116 2225 4172 τὸν
2259 4120 2393 4172 υἱόν
2423 4136 2539 4173 σου
2575 4120 2681 4173 τὸν
2706 4119 3034 4189 ἀγαπητὸν,
3065 4118 3137 4173 ὃν
3160 4118 3502 4189 ἠγάπησας,

1935 4201 2041 4253 τὸν
2079 4200 2293 4265 Ἰσαὰκ,
2320 4200 2416 4254 καί
2444 4200 2706 4270 ἀνάγαγε
2738 4200 2924 4255 αὐτὸν
2955 4202 3047 4270 ἐφ’
3078 4200 3148 4254 ἒν
3179 4200 3296 4254 τῶν
3323 4203 3506 4269 ὀρέων

1934 4278 2022 4337 ὧν
2050 4283 2128 4335 ἂν
2157 4298 2255 4336 σοι
2292 4283 2458 4346 εἴπω,
2490 4283 2628 4354 μετά
2656 4282 2924 4355 τοσαύτης
2954 4283 3260 4355 προθυμίας
3284 4284 3345 4337 16
3388 4283 3506 4338 ἐπί-

1936 4383 2121 4436 ταγμα
2148 4364 2485 4435 ἐπλήρωσεν,
2512 4366 2586 4429 ὡς
2612 4368 2706 4419 καὶ
2732 4365 2949 4419 πλείονα
2972 4366 3080 4419 τῶν
3106 4365 3506 4436 ἐπιταχθέντων

1938 4450 2181 4519 ποιῆσαι.
2234 4449 2345 4501 Καὶ
2394 4448 2502 4521 γὰρ
2541 4447 2600 4500 16
2664 4448 2886 4516 γύναιον
2950 4448 3187 4519 ἔκρυψε,
3228 4450 3322 4502 καὶ
3378 4450 3505 4513 τοὺς

1936 4531 2136 4593 παῖδας
2185 4529 2340 4583 ἔλαθε
2386 4531 2540 4584 κάτω
2577 4530 2760 4602 μένειν
2791 4531 2969 4601 ἀφεὶς,
3018 4534 3111 4585 καὶ
3145 4532 3306 4602 μόνον
3336 4533 3398 4585 16
3432 4534 3506 4585 ίε-

1938 4617 2081 4687 ρείον
2112 4612 2293 4667 λαϐὼν
2342 4614 2527 4685 ἀνῄει·
2581 4613 2753 4678 οὑτως
2798 4617 2900 4669 οὑκ
2954 4616 3122 4680 ἄκων,
3170 4615 3307 4669 ἀλλά
3369 4616 3506 4686 μετά

1938 4696 2247 4767 προθυμίας
2279 4696 2479 4767 πολλῆς
2502 4697 2561 4751 16
2586 4699 2874 4772 κελευσθὲν
2899 4699 3184 4771 ἔπραττεν.
3226 4700 3507 4768 Ἐννόησον

1935 4781 2114 4831 τοίνυν
2143 4780 2330 4851 ἡλίκον
2358 4775 2448 4852 ἦν,
2480 4781 2639 4853 μόνον
2671 4783 2817 4853 μόνῳ
2851 4782 3191 4850 διαλέγεσθαι
3222 4782 3299 4852 τῷ
3332 4781 3504 4845 παιδὶ,

1942 4861 2165 4933 μηδενὸς
2194 4864 2479 4934 παρόντος,
2506 4865 2596 4916 ὅτε
2630 4866 2829 4934 μᾶλλον
2862 4864 2932 4916 τά
2970 4864 3253 4933 σπλάγχνα
3291 4862 3506 4936 διαθερο

1942 4945 2207 5016 μαίνεται,
2252 4948 2341 5000 καὶ
2383 4946 2734 5018 σφοδρότερον
2777 4946 2838 4999 16
2876 4946 3095 5015 φίλτρον
3126 4948 3366 5015 γίνεται,
3413 4949 3508 5001 καὶ

1938 5027 2096 5081 τοῦτο
2123 5029 2224 5081 οὑκ
2260 5029 2317 5080 ἐν
2345 5030 2502 5100 μιᾷῆ
2531 5030 2701 5093 δυσὶν,
2728 5028 2866 5081 άλλά
2894 5030 2988 5081 καὶ
3017 5032 3074 5081 ἐν
3108 5029 3343 5083 πλείοσιν
3373 5031 3507 5100 ἡμέ-

1943 5128 2087 5182 ραις.
2142 5112 2216 5164 T6
2272 5113 2370 5182 μὲν
2418 5113 2526 5182 γὰρ
2559 5112 2770 5182 ταχέως
2808 5113 3026 5182 ποιῆσαι
3080 5113 3141 5166 16
3193 5113 3503 5183 ἐπιταχθὲν,

1939 5194 2250 5264 θαυμαστὸν
2294 5194 2388 5247 καὶ
2423 5194 2584 5263 μέγα,
2632 5194 2747 5247 ἀλλ’
2773 5195 2870 5264 οὑχ
2900 5194 3042 5249 οὑτω
3088 5195 3400 5266 θαυμαστὸν
3432 5196 3505 5260 ὡς

1937 5288 2079 5354 τοῦτό
2124 5289 2276 5347 ἐστιν;
2292 5349 2310 5354 _
2331 5287 2471 5354 Ἀλλζ
2482 5289 2680 5354 ἔλεγενη
2701 5307 2737 5354 «γ
2771 5288 2831 5340 Ὃ
2863 5291 3034 5354 Κύριος
3073 5292 3265 5351 ἔδωκεν,
3288 5293 3315 5341 6
3340 5291 3509 5354 Κύριος

1938 5351 2171 5423 ἀφείλετο.
2200 5368 2259 5430 ’ξδ’
2283 5349 2378 5430 :Av
2403 5350 2542 5425 νοὕτω
2578 5351 2693 5430 x0110"
2715 5349 3200 5430 ﬂuis‘géiovopége‘v
3243 5349 3509 5430 καθάπέρῤ

1941 5409 2167 5473 μακάριος
2200 5409 2327 5468 Ἰὼϐ,
2352 5410 2423 5485 νού
2458 5410 2597 5472 μόνον
2621 5411 2697 5458 ἐπὶ
2721 5409 2805 5470 τῆς
2826 5409 3051 5487 θλίψεως,
3067 5409 3188 5463 ἀλλὰ
3211 5416 3292 5462 καὶ
3317 5414 3392 5462 ἐπὶ
3412 5409 3510 5462 τῶν

1940 5472 2808 5551 “26*”:,é’fffwmiamvﬁqle“
2838 5490 2954 5551 προς
2971 5478 3051 5551 τὴν
3069 5476 3510 5551 ἡμέῖερογ,ἀπελενυ

1940 5656 2025 5729 τοῦ
2068 5656 2292 5729 ξριστνοῦ·
2329 5656 2609 5729 ᾐςηγένοιτο
2635 5656 2811 5729 πάντας
2831 5656 2956 5729 ήμάς
2987 5656 3218 5729 ἐπτυχεῖν
3247 5656 3403 5729 χάριτι
3429 5657 3510 5706 καὶ

1942 5718 2013 5779 φιλ
2022 5718 2257 5781 ἀνθρωπία
2282 5717 2367 5765 τοῦ
2392 5717 2566 5779 Κυρίου
2579 5719 2715 5777 ἡμῶν
2730 5717 2887 5777 Ἰησοῦ
2901 5720 3106 5784 Χριστοῦ
3113 5717 3130 5780 ξ
3139 5717 3345 5770 ἐιοζδιέ.
3364 5732 3490 5769 unus
