4018 6190
228 349 367 408 109.5

220 485 328 540 que
360 467 566 523 facinus
593 465 818 532 fuisset;
847 465 944 522 sed
972 482 1075 522 nou
1107 463 1327 538 perinde
1357 472 1534 520 tamen
1558 465 1819 531 mirabile,

217 572 390 632 atque
427 575 546 615 cum
579 575 678 630 per
707 559 906 614 multos
942 559 1060 614 dies
1095 559 1212 630 ejus
1240 559 1452 613 animus
1487 559 1822 613 excruciatus

221 651 610 721 exercitusque
639 650 820 716 fuerit,
849 651 983 705 nihil
1011 650 1226 704 humani
1254 649 1396 704 circa
1420 649 1583 703 filium
1608 663 1821 719 passum

221 758 370 798 esse.
399 741 522 797 Ideo
547 742 690 797 enim
715 741 952 812 longiora
977 741 1054 796 illi
1075 748 1366 796 scammata
1389 741 1661 811 proposuit
1683 741 1824 795 Deus

220 834 569 906 stadiumque
615 835 899 904 spatiosius
921 876 936 901 ,
970 844 1028 890 ut
1069 835 1372 890 accuratius
1407 833 1661 888 athletam
1701 847 1826 903 spe-

219 935 423 981 ctares.
455 926 594 982 Vere
625 940 853 995 namque
892 925 1096 982 athleta
1133 937 1280 992 erat,
1311 942 1415 980 non
1453 941 1575 980 cum
1606 924 1823 980 homine

223 1016 532 1082 decertans,
554 1016 648 1070 sed
669 1032 787 1070 cum
810 1017 920 1087 ipsa
944 1027 1148 1072 natura:
1173 1017 1470 1088 tyrannide.
1493 1017 1622 1085 Quis
1644 1029 1822 1072 sermo

226 1110 400 1179 possit
432 1109 547 1177 ejus
577 1108 937 1164 fortitudinem
977 1110 1326 1181 exprimere?
1354 1110 1588 1166 Adduxit
1612 1110 1779 1165 filium
1802 1151 1818 1178 ,

226 1200 492 1265 devinxit,
523 1201 680 1270 lignis
710 1201 984 1270 imposuit,
1011 1217 1194 1258 ensem
1221 1203 1464 1272 arripuit,
1485 1203 1593 1272 jam
1618 1203 1821 1273 plagam

227 1292 512 1347 iullixurus
537 1303 672 1346 erat.
705 1293 840 1361 Quid
867 1294 1002 1348 ultra
1028 1304 1115 1348 aut
1144 1310 1246 1365 qua
1272 1296 1477 1350 ratione
1501 1296 1689 1366 loquar
1715 1312 1821 1351 non

228 1384 408 1440 habeo
434 1385 614 1441 :solus
639 1387 728 1442 ille
756 1389 921 1452 novit,
951 1388 1041 1458 qui
1070 1388 1168 1442 ista
1193 1388 1432 1458 perfecit.
1462 1388 1644 1467 Oratio
1665 1389 1821 1458 quip-

236 1493 309 1547 pe
339 1478 483 1532 nnlla
506 1479 806 1548 exprimere
831 1479 1046 1549 poterit,
1071 1480 1339 1549 quomodo
1366 1496 1554 1534 manus
1573 1480 1689 1549 ejus
1716 1496 1822 1535 non

229 1568 588 1638 obtorpuerit,
612 1569 878 1639 quomodo
906 1585 1190 1624 nervorum
1219 1570 1297 1625 vis
1318 1585 1420 1624 non
1447 1572 1618 1626 soluta
1641 1573 1818 1639 fuerit,

224 1673 334 1729 quo
365 1668 518 1728 pacto
543 1660 783 1714 amabilis
813 1660 902 1713 ille
931 1660 1021 1714 filii
1049 1671 1293 1730 aSpectus
1320 1677 1439 1716 eum
1468 1678 1574 1716 non
1603 1673 1821 1717 contur-

227 1749 452 1810 bavcrit.
479 1751 578 1804 llic
602 1752 761 1805 etiam
799 1749 946 1805 Isaac
971 1751 1221 1806 admirari
1262 1753 1538 1808 convenit.
1579 1753 1648 1809 Ut
1677 1753 1818 1808 enim

219 1836 314 1896 ille
346 1842 475 1908 Deo,
505 1843 576 1895 ita
617 1841 702 1896 hic
730 1844 863 1911 patri
906 1845 1098 1913 paruit,
1127 1854 1181 1899 et
1222 1856 1278 1899 ut
1311 1845 1424 1910 illc,
1468 1847 1576 1901 Deo
1600 1848 1820 1915 jubeute

225 1932 551 1999 Sacriﬁcare,
579 1933 812 1988 rationes
850 1949 955 1988 non
986 1935 1169 2005 exigit,
1199 1935 1269 1989 ita
1297 1945 1350 1989 et
1386 1937 1492 2002 ille,
1526 1946 1678 2005 patre
1703 1940 1821 1990 vin-

225 2025 403 2077 ciente
432 2033 487 2078 et
515 2038 676 2094 super
701 2040 847 2079 aram
895 2026 1178 2082 inducente
1203 2067 1218 2092 ,
1248 2043 1351 2081 non
1398 2027 1566 2094 dixit,
1599 2045 1694 2082 cur
1719 2029 1820 2084 hoc

224 2117 374 2185 agis?
400 2116 504 2171 Sed
525 2128 758 2186 paterna:
775 2119 950 2172 manui
975 2119 1302 2188 subjacebat.
1325 2120 1517 2176 Videre
1534 2131 1649 2176 erat
1664 2139 1816 2176 enm-

224 2206 355 2261 dem
400 2217 605 2277 patrem
639 2209 832 2263 factum
875 2218 928 2264 ct
955 2211 1286 2265 sacerdotem
1307 2254 1321 2277 ,
1356 2213 1672 2268 sacrificium
1701 2215 1819 2270 sine

223 2299 486 2367 sanguine
515 2300 748 2354 oblatum
773 2342 787 2366 ,
821 2300 1188 2356 holocaustum
1215 2299 1414 2373 absque
1445 2303 1563 2374 igne
1587 2347 1601 2370 ,
1629 2307 1820 2363 mortis

222 2403 289 2442 ac
317 2391 728 2446 resurrectionis
771 2391 993 2461 figuram
1038 2393 1090 2447 in
1128 2393 1281 2447 altari
1324 2395 1570 2463 positam.
1604 2396 1816 2453 Etenim

227 2480 396 2533 filium
425 2481 754 2546 immolavit,
788 2493 841 2536 et
872 2498 976 2536 non
1020 2484 1353 2539 immolavit:
1387 2501 1489 2540 non
1512 2483 1813 2540 immolavit

224 2586 421 2636 manu,
453 2571 547 2626 sed
580 2573 869 2642 proposito.
910 2573 1041 2627 Nam
1082 2584 1134 2629 et
1176 2575 1318 2630 Deus
1358 2575 1476 2631 ideo
1517 2577 1812 2646 imperavit,

222 2680 332 2719 non
351 2665 491 2735 quod
516 2664 826 2720 cli'usionem
855 2668 1126 2737 sanguinis
1153 2669 1334 2724 videre
1355 2670 1534 2736 vellet,
1563 2670 1654 2725 sed
1673 2669 1814 2740 quod

223 2759 554 2828 propositum
580 2759 742 2812 animi
781 2759 876 2813 tibi
917 2761 1200 2816 ostendere
1239 2772 1490 2833 cuperet,
1519 2771 1680 2832 atque
1710 2777 1813 2816 una

223 2849 417 2904 fortem
441 2849 586 2904 illum
613 2850 785 2904 virum
813 2851 863 2904 in
895 2853 1040 2906 orbis
1066 2853 1241 2908 medio
1267 2855 1577 2923 praedicare,
1602 2869 1816 2909 omnes-

220 2956 327 3011 quc
357 2949 598 3008 posteros
624 2941 846 3004 docere,
877 2951 930 2996 et
963 2943 1144 2997 liberis
1164 2983 1180 3010 ,
1212 2953 1263 2998 et
1301 2954 1503 2998 natura:
1527 2988 1540 3010 ,
1572 2955 1625 2999 et
1654 2947 1814 3001 rebus

220 3031 471 3085 omnibus
492 3073 505 3095 ,
535 3032 740 3102 ipsique
765 3033 956 3087 auimre
998 3033 1090 3088 Dci
1126 3033 1274 3103 jussa
1304 3037 1554 3104 anteponi
1591 3035 1809 3091 debere.

221 3122 510 3176 Descendit
560 3123 720 3193 igitur
765 3124 886 3177 vivo
926 3133 1144 3194 recepto
1193 3134 1430 3196 martyre
1479 3128 1642 3179 lsaac.
1682 3125 1812 3191 Quae

218 3229 350 3283 ergo
375 3214 530 3270 nobis
554 3215 707 3270 venia
733 3258 749 3280 ,
777 3231 961 3286 αυτηςο
986 3257 1001 3280 ,
1034 3233 1152 3286 qua:
1176 3216 1418 3271 defensio
1448 3219 1548 3272 erit
1570 3260 1584 3282 ,
1616 3220 1658 3273 si
1689 3235 1809 3274 cum

219 3305 510 3360 viderimus
551 3306 740 3362 fortem
787 3309 932 3361 illum
977 3313 1147 3363 vlrum
1191 3324 1309 3363 cum
1351 3317 1492 3363 tanta
1540 3311 1813 3369 alacritate

221 3396 337 3454 Deo
355 3397 757 3468 obsequentem,
778 3399 828 3453 in
851 3401 1203 3470 omnibusque
1220 3401 1694 3472 obtemperantem,
1717 3421 1812 3461 nos
1842 3473 1854 3484 α

219 3488 451 3542 moleste
473 3490 737 3543 feramus?
765 3490 841 3545 Ne
869 3492 995 3544 mihi
1023 3491 1244 3558 luctum,
1276 3509 1344 3548 ne
1365 3495 1681 3550 calamitatis
1702 3511 1814 3549 ma-

216 3581 550 3650 gnitudinem
565 3581 785 3637 afferas:
807 3584 898 3638 sed
917 3586 1205 3654 perpende,
1229 3587 1370 3640 illum
1391 3587 1553 3642 fuisse
1568 3590 1708 3643 luctu
1723 3606 1815 3643 su-

218 3673 510 3741 periorem.
532 3672 832 3727 Mandatum
861 3674 1159 3745 hujusutodi
1185 3687 1390 3746 poterat
1408 3679 1550 3732 illius
1572 3679 1808 3734 animum

215 3767 560 3832 conturbare,
591 3768 804 3821 anxium
833 3769 1080 3835 reddere,
1107 3779 1160 3823 et
1191 3771 1347 3826 ﬁdem
1380 3773 1495 3841 ejus
1519 3773 1657 3827 circa
1685 3788 1812 3842 prte-

217 3856 375 3909 tcrita
397 3858 719 3927 subagitare.
744 3858 874 3926 Quis
896 3860 1036 3913 enim
1056 3861 1192 3916 alius
1212 3872 1407 3931 praeter
1424 3863 1804 3931 Abrahamum,

216 3960 322 4003 non
343 3952 590 4013 putasset
618 3948 852 4005 fraudem
882 3965 943 4006 ea
973 3951 1150 4006 omnia
1181 3967 1300 4008 esse
1323 3995 1336 4019 ,
1369 3969 1488 4025 quae
1530 3955 1597 4012 de
1624 3957 1805 4011 multi-

1440 339 1527 404 DE
1566 347 1838 406 LAZARO
1874 350 2116 409 CONCIO
2163 353 2225 409 V.

3382 374 3519 432 1026

1930 468 2113 522 tudine
2138 469 2350 539 generis
2375 478 2428 526 et
2458 482 2708 543 nepotum
2739 475 2878 532 Deus
2907 480 3172 549 pollicitus
3200 488 3350 543 erat?
3390 490 3517 546 Phi-

1929 559 2226 629 losophiam
2261 561 2385 616 item
2411 562 2529 618 Jobi
2560 564 2610 618 in
2653 576 2794 622 tanta
2822 570 3128 630 calamitate
3154 576 3322 633 nihilo
3342 581 3518 638 minus

1927 652 2048 721 quis
2099 653 2346 709 admirari
2395 656 2577 724 debet,
2622 660 2763 730 quod
2812 674 2932 732 post
2978 675 3176 722 tantam
3221 672 3515 730 exhibitam

1925 744 2176 799 virtutem
2192 788 2205 811 ,
2232 756 2352 816 post
2369 748 2737 822 eleemosyuas
2763 763 2817 808 et
2839 753 3236 826 benignitatem,
3258 778 3378 818 cum
3397 767 3517 820 nul-

1928 835 2028 891 lius
2047 838 2131 892 vel
2152 837 2251 894 sibi
2278 841 2358 896 vel
2388 841 2509 897 liliis
2531 844 2655 898 mali
2689 849 2938 903 conscius
2965 862 3137 918 esset,
3157 869 3279 909 cum
3312 867 3515 914 tantum

1929 933 2142 997 tamque
2165 928 2494 1000 inopinatum
2519 934 2726 990 videret
2753 938 2970 1005 luctum,
2996 953 3224 1011 quantus
3245 962 3313 1003 ne
3341 949 3515 1004 scele-

1926 1018 2208 1074 ratissimis
2236 1022 2448 1092 quidem
2493 1041 2741 1096 umquam
2771 1032 3097 1101 contigerat,
3133 1052 3238 1092 non
3283 1039 3356 1095 sic
3383 1041 3515 1098 aii‘c-

1926 1116 2043 1162 ctus
2068 1108 2254 1178 fuerit,
2283 1122 2341 1167 ut
2368 1113 2454 1168 alii
2482 1117 2692 1185 solent,
2725 1135 2897 1191 neque
2934 1128 3195 1192 putaverit
3221 1128 3514 1188 infructuoo

1925 1213 2040 1253 sam
2068 1215 2189 1257 esse
2215 1203 2463 1259 virtutem
2488 1248 2504 1271 ,
2535 1217 2626 1262 aut
2653 1225 2712 1264 se
2740 1213 2879 1267 male
2908 1215 3066 1270 rebus
3095 1219 3207 1274 suis
3234 1229 3356 1276 ante
3385 1238 3516 1278 cou-

1927 1294 2177 1350 suluisse.
2208 1296 2386 1368 itaque
2411 1298 2572 1356 hosce
2598 1304 2741 1359 viros
2767 1305 2835 1360 ob
2859 1306 2972 1362 haec
2993 1317 3213 1380 utraque
3234 1329 3339 1368 non
3357 1318 3516 1374 modo

1927 1386 2177 1444 admirari
2198 1390 2474 1459 debemus,
2495 1395 2590 1450 sed
2623 1399 2782 1452 etiam
2802 1402 3064 1470 aemulari,
3087 1420 3380 1479 eorumque
3402 1411 3517 1465 vir-

1929 1487 2092 1534 tutem
2121 1481 2332 1537 imitari.
2350 1485 2458 1540 Nec
2477 1487 2621 1541 dicat
2645 1488 2907 1559 quispiam
2929 1492 3038 1549 :llli
3058 1497 3155 1551 viri
3177 1498 3516 1560 admirabiles

1925 1579 2071 1626 certe
2091 1582 2144 1626 et
2163 1575 2338 1644 magni
2360 1586 2510 1631 erant
2527 1595 2540 1644 ;
2555 1579 2647 1634 sed
2665 1595 2692 1634 a
2712 1582 2864 1637 nobis
2884 1585 3055 1654 major
3071 1604 3210 1643 nunc
3231 1592 3517 1662 requiritur
3569 1615 3575 1628 κ

1925 1662 2283 1735 philosophia,
2302 1683 2458 1738 quam
2483 1670 2550 1724 ab
2573 1671 2678 1725 illis
2702 1675 2969 1743 omnibus,
2993 1679 3081 1747 qui
3111 1680 3161 1734 iu
3188 1685 3355 1737 veteri
3381 1684 3514 1740 Teso

1928 1764 2162 1811 tamento
2187 1760 2450 1814 vixerunt.
2473 1761 2592 1815 Nisi
2618 1765 2758 1818 enim
2782 1768 3108 1825 abundaverit
3125 1775 3327 1843 iustitia
3351 1788 3512 1833 vestra

1924 1846 2040 1916 plus
2052 1865 2203 1918 quam
2216 1850 2494 1905 scribarum
2509 1852 2970 1922 etP/mristeorum,
2991 1878 3091 1915 non
3113 1864 3358 1919 intrabitis
3375 1869 3425 1922 in
3445 1887 3517 1924 re-

1923 1955 2077 2007 gnum
2090 1942 2326 1995 cmlormn
2344 1943 2421 2011 (Μ
2428 1945 2552 2010 aula
2573 1946 2626 2000 5.
2644 1945 2757 2017 20).
2775 1948 2855 2002 Ad
2876 1951 3150 2008 meliorem
3167 1969 3295 2026 ergo
3312 1957 3512 2028 frugem
3602 1962 3615 1978 '

1923 2028 2141 2083 omnino
2168 2033 2388 2100 reversi,
2418 2033 2605 2103 hisque
2629 2037 2886 2104 collectis,
2911 2056 2982 2095 ac
3009 2042 3167 2097 simul
3194 2045 3277 2110 iis,
3306 2062 3422 2116 quae
3447 2050 3515 2105 de

1923 2122 2314 2176 resurrectione
2330 2139 2538 2178 necnon
2556 2125 2622 2179 dc
2637 2129 2836 2184 sanctis
2853 2129 2955 2184 illis
2971 2131 3098 2187 viris
3116 2133 3347 2190 diximus
3363 2178 3378 2203 ,
3401 2137 3514 2194 lucc

1922 2210 2135 2266 assidue
2158 2212 2207 2264 in
2229 2214 2419 2268 animis
2439 2216 2917 2283 conciuamus,non
2938 2221 3097 2276 modo
3119 2223 3170 2278 in
3190 2224 3364 2282 luctus
3382 2237 3514 2282 tem—

1921 2305 2168 2372 pore,sed
2181 2306 2337 2359 etiam
2353 2308 2564 2376 quando
2575 2311 2722 2364 vacui
2738 2310 2921 2368 dolore
2936 2329 3138 2370 sumus.
3153 2316 3274 2373 Ideo
3286 2335 3514 2391 namque

1921 2409 2038 2465 ego,
2055 2405 2109 2451 et
2123 2397 2168 2451 si
2183 2397 2357 2453 nullus
2374 2399 2427 2453 in
2446 2415 2675 2456 maerore
2687 2402 2775 2468 sit,
2796 2402 2893 2458 hos
2903 2404 3012 2474 jam
3027 2422 3302 2465 sermones
3315 2411 3436 2477 feci,
3455 2423 3514 2468 ut

1920 2501 2040 2541 cum
2062 2488 2112 2542 in
2126 2490 2354 2544 similem
2375 2491 2728 2548 calamitatem
2748 2493 3390 2566 inciderimus,dictorum
3411 2521 3512 2560 me-

1921 2595 2116 2647 mores,
2135 2583 2294 2637 multa
2313 2583 2552 2639 fruamur
2562 2587 2947 2644 consolatione.
2967 2591 3154 2647 Milites
3166 2595 3307 2650 enim
3319 2596 3371 2650 in
3385 2613 3514 2668 pace

1922 2688 2009 2728 res
2032 2674 2250 2728 bellicas
2277 2674 2618 2742 meditantur,
2651 2688 2708 2732 ut
2740 2680 2968 2736 instante
2997 2698 3168 2752 pugna
3198 2693 3252 2738 et
3277 2694 3514 2757 tempore

1924 2763 2164 2831 peritiam
2184 2765 2506 2834 postulante,
2527 2777 2824 2838 Opportune
2842 2779 3007 2825 artem
3030 2773 3335 2842 exhibeant,
3353 2793 3511 2846 quam

1923 2854 1974 2908 in
2003 2871 2134 2924 pace
2162 2857 2462 2912 coluerunt.
2504 2859 2573 2912 Et
2616 2875 2714 2914 nos
2743 2861 2902 2931 igitur
2923 2878 3070 2918 arma
3101 2873 3154 2919 et
3193 2869 3427 2921 remedia
3458 2869 3512 2924 in

1921 2945 2066 3013 pacis
2100 2955 2338 3014 tempore
2365 2948 2518 3002 uobis
2546 2963 2814 3017 paremus,
2844 2961 2898 3005 ut
2927 2953 2967 3006 si
2996 2954 3208 3022 quando
3235 2956 3512 3012 irrationa-

1919 3033 2102 3087 bilium
2124 3034 2428 3102 affectuum,
2452 3039 2627 3092 acerbi
2651 3039 2841 3104 luctus,
2865 3051 2959 3095 aut
2978 3043 3196 3112 doloris,
3219 3055 3309 3100 aut
3334 3048 3512 3118 cujus-

1919 3126 2058 3194 piam
2081 3127 2288 3181 adversi
2311 3129 2506 3183 bellum
2531 3131 2806 3200 ingruerit,
2834 3135 3052 3203 pulchre
3073 3140 3259 3190 armati
3283 3149 3337 3193 et
3357 3141 3511 3195 undi-

1917 3232 2022 3288 que
2047 3217 2234 3271 muniti
2260 3260 2273 3282 ,
2305 3219 2519 3290 maligni
2548 3222 2802 3291 impetum
2830 3224 2990 3278 multa
3017 3239 3138 3279 cum
3171 3229 3355 3297 peritia
3387 3246 3510 3300 pro-

1920 3311 2222 3379 pulsemus;
2260 3320 2417 3380 atque
2447 3313 2604 3366 rectis
2643 3315 3052 3383 cogitationibus
3073 3358 3087 3380 ,
3125 3317 3216 3372 Dei
3247 3319 3505 3390 eloquiis,

1917 3403 2316 3474 proborumque
2346 3403 2579 3458 virorum
2611 3407 2870 3476 exemplis
2895 3449 2908 3471 ,
2938 3409 3246 3464 omnimode
3277 3411 3508 3482 undique

1918 3511 2017 3549 nos
2066 3498 2386 3552 muniamus.
2435 3496 2526 3551 Sic
2569 3497 2709 3551 enim
2757 3499 3046 3566 poterimus
3093 3510 3147 3554 et
3193 3512 3507 3570 praesentem

1917 3589 2078 3641 vitam
2106 3603 2226 3642 cum
2266 3589 2405 3644 bono
2443 3589 2622 3646 animo
2668 3590 2956 3659 transigere
2975 3632 2990 3654 ,
3018 3599 3072 3644 et
3099 3607 3318 3660 regnum
3343 3594 3526 3648 caaloo-

1917 3696 2034 3735 rum
2062 3681 2314 3750 consequi
2340 3724 2354 3747 ,
2384 3682 2434 3734 in
2457 3681 2670 3736 Christo
2699 3679 2825 3737 Iesu
2853 3721 2867 3745 ,
2897 3680 2979 3734 cui
3032 3681 3196 3749 gloria
3241 3693 3297 3735 et
3343 3683 3510 3752 impe-

1916 3771 2056 3826 rium
2074 3786 2193 3826 cum
2217 3771 2371 3827 Patre
2393 3781 2444 3828 ct
2465 3781 2647 3829 sancto
2663 3773 2862 3844 Spiritu
2883 3772 2934 3830 in
2957 3771 3150 3830 szecula
3168 3773 3506 3832 srcculorum.

1917 3864 2110 3919 Amen.

3641 3804 3671 3811 -
