4032 6198
452 197 582 255 ιοεδ

447 321 790 379 utrorumque
813 303 1051 364 sublatus
1075 314 1191 376 est;
1219 307 1372 380 periit
1399 323 1498 363 una
1533 323 1651 364 cum
1683 311 2018 380 possessione

445 405 740 472 possessor,
788 400 1111 456 domicilium
1167 416 1287 455 cum
1338 415 1403 456 co
1451 403 1538 472 qui
1588 413 1954 458 construxerat
2005 421 2019 457 :

431 490 674 548 omnium
709 505 990 546 commune
1014 491 1314 560 sepulcrum
1337 490 1470 546 facta
1497 500 1574 547 est
1606 492 1811 558 civitas,
1841 493 2020 561 sepul-

441 597 590 637 crum
612 596 678 636 cx
704 588 940 650 tempore
961 589 1352 648 structum,non
1381 581 1448 636 ab
1471 581 1731 637 artiﬁcum
1753 582 2015 646 manibus,

432 697 442 706 -
465 673 529 728 ed
542 687 571 726 a
584 672 884 728 calamitate
903 671 1232 728 fabricatum.
1249 673 1344 729 Ubi
1359 673 1572 740 divitim,
1589 673 1678 728 ubi
1701 675 1917 744 rapimc,
1933 675 2020 730 ttbi

455 761 838 817 raudationcs?
868 762 1067 819 Videtis
1087 806 1101 831 ,
1141 774 1200 819 ut
1224 766 1399 820 omnia
1426 767 1532 820 sint
1565 767 1771 824 araneis
1795 767 2020 825 viliora?

506 849 560 906 2.
592 854 663 907 At
687 853 829 908 enim
858 853 988 910 mihi
1013 853 1179 922 dices,
1206 855 1332 926 quid
1356 855 1582 912 dicendo
1613 857 1861 925 proﬁcis?
1887 858 2020 914 Pro-

440 942 580 1010 licio,
611 942 655 996 si
695 941 815 1012 quis
855 958 942 1000 me
983 944 1202 999 audiat:
1231 960 1331 1016 ego
1374 945 1515 1016 quod
1561 947 1794 1003 cilicium
1841 962 2017 1004 meum

438 1043 543 1101 est,
574 1034 623 1089 id
652 1042 847 1104 praesto
881 1053 894 1091 :
923 1035 1212 1091 seminator
1239 1037 1484 1092 seminat.
1517 1037 1660 1092 Exiit
1683 1038 1772 1109 qui
1793 1039 2021 1094 seminat

439 1127 504 1181 nd
533 1127 924 1194 semiuandnm,
952 1137 1006 1182 et
1033 1127 1273 1198 quaedam
1305 1128 1612 1184 ceciderunt
1650 1144 1805 1186 secus
1839 1130 1975 1185 viam
1999 1165 2016 1197 ,

439 1218 678 1288 qnmdam
700 1233 858 1288 supra
881 1229 1103 1288 petram,
1122 1219 1363 1290 quaedam
1385 1235 1544 1290 supra
1565 1221 2018 1292 spinas,qumdam

440 1320 494 1372 in
515 1319 710 1365 terram
730 1311 921 1367 bonam
949 1311 1157 1382 (Matth.
1177 1313 1258 1368 l5.
1275 1311 1330 1384 3)
1357 1331 1370 1367 :
1400 1324 1506 1369 tres
1533 1322 1709 1383 partes
1726 1315 2016 1384 perierunt,

439 1412 492 1456 ct
517 1418 617 1456 una
638 1411 842 1457 servata
865 1413 966 1470 est,
983 1419 1080 1460 nec
1100 1404 1166 1459 ab
1180 1405 1496 1475 agricultura
1517 1407 1752 1462 destitit:
1774 1407 1866 1462 sed
1889 1423 2020 1478 quov

438 1491 580 1546 niam
609 1506 710 1546 una
736 1501 1050 1548 conservata
1078 1501 1160 1548 est
1178 1535 1192 1559 ,
1225 1508 1408 1564 agrum
1439 1494 1614 1550 colere
1643 1511 1747 1550 non
1773 1497 2014 1552 cessavit.

510 1605 632 1660 Non
669 1609 859 1678 [rustra
893 1606 1095 1672 seritur,
1124 1607 1319 1662 etiamsi
1343 1606 1491 1677 pauci
1518 1624 1683 1662 semen
1720 1609 2014 1679 suscipiant.

440 1711 506 1738 '-
532 1698 596 1752 Et
622 1713 749 1752 vero
779 1712 921 1752 nunc
957 1698 1011 1752 in
1052 1706 1249 1752 tantam
1291 1698 1677 1754 multitudinem
1722 1700 2015 1769 projectum

436 1801 620 1845 semen
651 1787 763 1842 ﬁeri
801 1803 906 1843 non
946 1796 1120 1858 potest
1151 1788 1277 1858 quin
1321 1789 1449 1844 mihi
1489 1799 1696 1859 segetes
1737 1789 2013 1860 proferat:

437 1879 647 1934 tametsi
672 1893 860 1940 omnes
887 1894 992 1934 non
1021 1878 1276 1946 audiant,
1321 1879 1536 1934 dimidia
1565 1895 1687 1950 pars
1711 1881 1889 1938 audiet
1920 1900 1934 1935 :
1964 1891 2018 1936 et

436 1968 561 2024 licet
584 1983 688 2024 non
715 1968 952 2035 dimidia,
982 1983 1103 2038 pars
1126 1970 1277 2025 tertia
1309 1987 1324 2024 :
1353 1979 1408 2025 et
1435 1971 1560 2026 licet
1588 1985 1686 2026 nec
1717 1971 1891 2038 tertia,
1919 1973 2015 2028 de.

435 2061 572 2116 cima
602 2078 616 2113 :
645 2068 694 2116 et
723 2060 844 2114 licet
871 2075 971 2115 nec
994 2059 1200 2115 decima
1221 2100 1236 2127 ,
1276 2061 1399 2116 licet
1427 2077 1561 2116 unus
1590 2077 1654 2116 ex
1683 2076 1746 2116 ea
1772 2063 2013 2117 multitu-

435 2151 558 2208 dine
582 2150 856 2206 auditurus
880 2151 968 2215 sit,
997 2150 1177 2206 audiat
1206 2168 1219 2204 :
1252 2165 1356 2206 non
1384 2151 1524 2206 enim
1553 2153 1797 2222 exiguum
1823 2162 1904 2210 est
1934 2153 2015 2208 vel

434 2256 594 2299 unam
638 2258 790 2299 ovem
835 2243 1036 2299 servari
1067 2263 1081 2298 :
1111 2244 1538 2315 quandoquidem
1588 2254 1643 2300 et
1681 2255 1863 2314 pastor
1899 2246 2010 2310 ille,

435 2334 526 2404 qui
553 2335 834 2405 nonaginta
858 2350 1046 2391 novem
1073 2335 1357 2405 reliquerat
1380 2350 1528 2400 oves,
1555 2335 1620 2390 ad
1644 2351 1800 2392 uuam
1827 2351 2016 2392 cncurv-

437 2427 524 2490 t-it,
553 2441 671 2495 qua:
697 2427 1035 2484 aberraverat
1068 2425 1295 2496 (Matth.
1319 2427 1406 2482 18.
1436 2425 1559 2496 12).
1599 2426 1876 2482 llomiuem
1907 2442 2011 2481 non

433 2527 717 2571 contemno
746 2532 761 2569 :
797 2515 916 2571 licet
943 2530 1081 2572 unus
1112 2515 1202 2582 sit,
1235 2515 1397 2570 homo
1426 2524 1531 2582 est,
1558 2515 1754 2572 animal
1788 2515 1900 2570 Deo
1925 2530 2014 2570 ea-

434 2607 722 2662 rissimum.
763 2606 912 2662 Licet
933 2621 1120 2662 servus
1158 2608 1244 2675 sit,
1276 2607 1694 2664 contemnendus
1740 2606 1868 2662 mihi
1907 2622 2012 2662 non

437 2698 640 2754 videtur
667 2717 682 2754 :
711 2714 817 2754 non
843 2700 984 2754 enim
1011 2697 1320 2769 dignitatem
1357 2714 1570 2770 quaero,
1598 2698 1692 2754 sed
1719 2699 1966 2755 virtutem
1992 2717 2008 2769 ς

432 2805 540 2849 non
569 2789 982 2845 dominationem
1011 2800 1103 2845 aut
1120 2790 1453 2858 servitutem,
1482 2790 1574 2846 sed
1599 2791 1829 2850 animam
1853 2808 1866 2846 :
1891 2790 2012 2846 licet

432 2894 572 2938 unus
597 2882 688 2948 sit,
720 2881 880 2937 homo
905 2891 1019 2950 est,
1056 2892 1272 2953 propter
1307 2899 1463 2954 quem
1504 2883 1691 2938 caelum
1731 2892 2010 2940 extensum

433 2983 537 3040 εει,
565 2975 642 3028 εοΙ
671 2974 832 3040 lucet,
861 2973 984 3029 luna
1010 2974 1266 3042 decurrit,
1306 2990 1399 3030 aer
1435 2973 1634 3029 eﬂ'nsns
1675 2982 1793 3040 est,
1836 2973 2012 3031 fontes

432 3065 745 3129 scaturiuut,
768 3078 1060 3134 expansum
1087 3072 1171 3119 est
1198 3080 1363 3131 mare,
1383 3064 1665 3134 Propheta:
1693 3065 1838 3122 missi
1861 3071 2007 3132 sunt,

432 3164 487 3212 et
533 3157 616 3211 lex
663 3156 787 3212 data
830 3164 912 3211 εει
937 3166 955 3214 t
985 3166 1040 3212 et
1065 3156 1191 3227 quid
1219 3171 1355 3226 opus
1383 3165 1466 3211 est
1491 3165 1678 3211 cuncta
1721 3157 2010 3226 persequi?

433 3254 650 3316 promer
685 3263 842 3318 quem
882 3248 1182 3318 nnigenitus
1210 3247 1302 3302 Dei
1331 3247 1492 3306 Filius
1518 3245 1690 3304 factus
1715 3256 1799 3304 εει
1825 3248 2006 3303 homo.

434 3339 688 3395 Dominus
728 3353 879 3395 mens
927 3339 1228 3394 immolatus
1269 3347 1369 3407 εει,
1411 3355 1475 3394 ac
1516 3341 1823 3410 sanguinem
1853 3355 2006 3394 suum

433 3444 531 3499 pro
557 3430 771 3484 homine
799 3429 950 3496 fudit,
975 3440 1029 3485 et
1052 3429 1198 3484 illum
1224 3445 1322 3501 ego
1341 3434 1712 3486 contemnam?
1741 3432 1852 3499 Qua
1883 3447 2009 3486 vero

429 3522 621 3592 dignus
653 3523 803 3578 venia
848 3521 1038 3577 fuero?
1080 3522 1268 3578 Nonne
1313 3524 1534 3578 audistis
1576 3524 1854 3578 Dominum
1885 3539 2006 3578 cum

429 3612 756 3668 Samaritana
791 3613 1151 3683 colloqnntum
1194 3628 1311 3668 esse
1337 3613 1559 3684 (Joann.
1595 3614 1648 3668 4.
1677 3615 1730 3669 6.
1759 3613 1914 3684 φφ),
1943 3629 2007 3668 ac

430 3713 713 3760 sexcentos
739 3703 1060 3773 impendisse
1087 3717 1384 3769 sermones,
1417 3718 1516 3758 nec
1543 3705 1793 3774 quoniam
1819 3704 2005 3759 Sama-

429 3796 598 3851 ritana
623 3803 759 3860 erat,
786 3793 906 3849 ideo
932 3804 1286 3865 contemptam
1307 3809 1424 3850 eam
1456 3795 1740 3861 iuisse,sed
1756 3795 2004 3866 quoniam

430 3889 661 3947 animum
693 3888 939 3954 habebat,
971 3889 1026 3943 in
1067 3889 1240 3959 pretio
1277 3889 1510 3945 habitam
1541 3891 1697 3944 esse?
1741 3889 1853 3944 Non
1883 3891 2003 3958 quia

429 3971 684 4026 meretrix
698 3978 836 4037 erat,
855 3970 1109 4040 despecta
1120 3983 1228 4040 est;
1249 3974 1343 4030 sed
1367 3974 1492 4044 quia
1511 3973 1779 4031 servanda
1796 3981 1933 4037 erat,
1950 3983 2006 4030 et

430 4061 586 4117 tidem
601 4063 1048 4129 exhibuit,multa
1061 4064 1115 4120 in
1130 4065 1278 4120 illam
1291 4081 1423 4122 cura
1436 4067 1634 4122 collata
1649 4074 1729 4120 est
1743 4063 2007 4135 (a).Equi-

426 4153 549 4207 dem
574 4154 760 4210 dicere
784 4170 891 4210 non
921 4157 1172 4222 cessabo,
1197 4158 1324 4212 licet
1341 4160 1527 4214 nullus
1553 4159 1647 4224 sit,
1670 4159 1759 4228 qui
1780 4157 2002 4216 audiat:

426 4244 673 4300 medicus
705 4257 849 4310 sum,
873 4242 1105 4302 adltibeo
1136 4248 1538 4304 medicamenta
1576 4268 1591 4304 :
1627 4250 1821 4304 doctor
1857 4264 2002 4312 sum,

425 4336 740 4393 mandatum
764 4338 993 4396 tnihiest
1016 4346 1074 4394 ut
1093 4340 1412 4402 admeneam
1434 4358 1448 4407 ;
1474 4341 1556 4396 sic
1578 4341 1722 4396 enim
1741 4341 1818 4394 ait
1837 4359 1850 4394 :
1871 4339 2004 4410 Spe-

425 4422 720 4482 culatorem
748 4429 870 4484 dedi
899 4439 946 4484 te
965 4429 1146 4488 domui
1175 4431 1575 4502 Israel(Ez¢ch.
1615 4432 1668 4488 ὅ.
1701 4431 2007 4504 l7).Nemi-

428 4533 548 4573 nem
569 4520 786 4588 corrigo
814 4541 827 4575 :
857 4522 988 4591 quid
1014 4531 1126 4580 tum
1147 4531 1337 4594 postea
1354 4523 1496 4580 ?Sed
1511 4539 1611 4595 ego
1630 4523 1878 4580 mercede
1895 4541 2003 4579 non

424 4625 608 4666 careo.
635 4611 698 4667 Et
716 4613 818 4668 hoc
837 4614 902 4688 ad
927 4629 1201 4677 summum
1219 4616 1364 4672 dixi:
1390 4632 1512 4671 nam
1531 4618 1585 4672 in
1604 4622 1753 4671 tanta
1771 4617 2026 4672 multitu-

428 4703 559 4757 dine
579 4703 691 4760 ﬁeri
721 4719 829 4760 non
855 4689 1056 4776 potcSt.
1079 4708 1210 4777 quin
1235 4709 1434 4779 aliquis
1460 4709 1804 4780 corrigatur:
1828 4708 1925 4763 sed
1953 4709 2005 4761 hi

428 4803 723 4863 praetextus
739 4805 890 4861 sttnt,
919 4796 1002 4852 itte
1027 4799 1416 4869 negligentium
1439 4807 1569 4858 sunt
1585 4800 1892 4855 auditorum
1911 4812 2007 4852 ex-

427 4886 762 4942 cusationes.
777 4887 955 4944 Audio
973 4889 1238 4959 quotidie,
1257 4891 1456 4961 inquit,
1474 4899 1528 4946 et
1546 4906 1655 4946 non
1673 4891 1812 4945 iacio
1830 4901 1841 4944 :‘
1858 4889 2005 4953 audi,

425 4978 553 5034 licet
571 4994 676 5032 non
694 4979 883 5045 facias;
909 4995 1032 5036 nam
1051 4995 1114 5036 ex
1133 4997 1198 5037 eo
1215 4983 1360 5052 quod
1375 4983 1501 5053 quis
1518 4975 1726 5046 audiat,
1742 4983 2008 5053 contingit

425 5069 589 5122 etiam
605 5079 662 5124 ut
682 5070 847 5125 faciat
869 5089 880 5126 :
902 5072 1116 5126 tametsi
1135 5085 1244 5126 non
1265 5072 1640 5144 l‘acis,'pudore
1659 5073 2001 5144 perfunderis

427 5159 499 5210 oh
521 5169 804 5228 peccatum
832 5179 845 5215 :
870 5162 1085 5217 tametsi
1110 5177 1220 5216 non
1241 5162 1398 5230 facis,
1424 5171 1606 5219 mutas
1632 5165 1954 5220 sententiam
1986 5184 2000 5220 :

438 5250 650 5304 tametsi
676 5265 784 5306 non
812 5249 969 5312 facis.
994 5252 1229 5322 teipsnm
1251 5254 1602 5317 condemnas,
1629 5254 1773 5323 quod
1797 5269 1905 5309 non
1929 5255 2008 5310 l'a-

428 5339 567 5394 cias.
588 5339 711 5402 Haec
732 5353 912 5398 autem
931 5344 1044 5413 ipsa
1070 5346 1147 5400 tui
1179 5345 1350 5415 ipsius
1377 5345 1653 5401 accusatio
1665 5345 1806 5402 unde
1823 5349 2008 5404 nasci-

429 5437 519 5481 tur
535 5426 561 5481 ?
576 5428 902 5484 Sermonum
926 5430 951 5485 ι
951 5439 1138 5487 ructus
1155 5441 1240 5488 est
1257 5446 1523 5488 meorum.
1538 5433 1766 5499 Quando
1781 5435 2002 5500 dixeris,

493 5563 568 5625 (α)
593 5565 683 5614 llic
705 5567 840 5616 locus
862 5567 1044 5617 cilatur
1063 5583 1088 5617 a
1115 5568 1292 5620 Pltotio
1318 5569 1366 5619 in
1394 5569 1623 5621 Biblioth.

1643 189 1726 257 ut“.
1772 186 2042 256 Lazauo
2075 197 2318 256 CONCIO
2349 198 2430 255 \‘l.

3569 214 3588 266 ι
3601 206 3704 269 θΐιϋ

2132 311 2217 366 1ιεὶ
2246 309 2376 368 mihi
2401 329 2414 364 :
2437 311 2633 377 audivi,
2664 323 2716 368 et
2755 322 2860 371 non
2903 313 3036 371 iacio
3070 334 3082 370 :
3110 316 3258 382 illud,
3293 318 3374 374 ltcl
3407 323 3554 388 mihi,
3587 342 3673 383 tuu

2130 404 2340 458 tatiouis
2380 404 2432 460 in
2471 405 2662 461 melius
2693 414 2776 464 est
2817 407 3147 476 praeludium.
3190 410 3448 476 Peccasti,
3478 414 3656 470 lnxisti
3683 409 3709 466 ἱ)

2132 495 2407 551 Peccatum
2429 496 2629 553 solvisti
2655 515 2668 551 :
2691 496 2791 551 Dic
2805 499 2935 554 enim
2965 509 3020 554 tu
3045 502 3237 570 primus
3259 503 3541 574 im’qut'tates
3569 516 3698 574 tuus,
3742 569 3747 573 ,

2129 595 2182 640 ut
2216 585 2514 655 justi/iuris
2555 585 2708 655 (Isai.
2741 588 2830 645 45.
2861 588 2978 657 26).
3009 589 3158 659 Quod
3199 592 3242 646 si
3281 595 3613 652 contristeris
3652 608 3704 652 ει

2129 683 2350 731 tumstus
2375 674 2492 743 ﬁas,
2524 686 2607 733 est
2630 677 2824 748 aliquid
2851 678 3036 735 salutis
3062 681 3114 736 ia
3141 684 3410 749 mrestitia,
3439 700 3543 739 non
3579 704 3703 756 pro-

2127 776 2244 834 pter
2268 766 2534 822 maestitiae
2563 777 2800 826 naturam
2821 811 2836 836 ,
2865 770 2956 825 scd
2980 784 3195 841 propter
3227 774 3432 832 Domini
3462 771 3725 842 benigni-

2129 865 2308 912 tatem.
2342 858 2409 913 Et
2436 859 2518 914 cui
2549 857 2745 914 fuerint
2773 871 3002 929 peccata,
3028 877 3134 918 non
3163 864 3448 921 medioeris
3475 879 3554 923 est
3583 884 3708 923 con-

2125 946 2316 1002 solatio
2354 947 2495 1017 quod
2539 949 2770 1018 seipsum
2813 953 3107 1008 contristet.
3158 953 3274 1013 Vidi
3314 957 3477 1018 enim,
3515 959 3702 1027 inquit,

2124 1037 2258 1106 quod
2282 1039 2600 1095 contristatus
2638 1049 2708 1096 est
2750 1051 2797 1094 et
2835 1053 3034 1098 ultratus
3067 1044 3181 1112 fuit,
3217 1056 3264 1102 ct
3300 1051 3474 1102 sanavi
3510 1051 3705 1108 dolores

2124 1130 2232 1198 ejus
2262 1127 2411 1200 (Isai.
2436 1131 2524 1186 57.
2555 1130 2662 1201 l8).
2714 1131 2757 1186 0
2795 1131 3108 1188 ineﬂ'abilt-m
3136 1135 3510 1206 benignitatem
3541 1151 3702 1210 atque.

2125 1219 2434 1284 bonitatem,
2458 1237 2576 1292 qua:
2597 1223 2827 1291 exprimi
2852 1235 2954 1278 neu
2983 1235 3158 1294 potest
3182 1226 3196 1280 Ξ
3226 1228 3579 1284 Contrislatus
3599 1243 3701 1296 est,

2125 1321 2176 1365 et
2205 1312 2385 1366 sanavi
2411 1327 2552 1367 cum.
2593 1312 2728 1381 Quid
2759 1329 2884 1369 vero
2912 1330 3179 1385 maguum,
3198 1318 3338 1386 quod
3356 1321 3699 1378 contristatns

2125 1405 2228 1458 sit?
2268 1405 2509 1475 Magnum
2555 1405 2606 1460 id
2652 1406 2865 1476 quidem
2896 1423 2998 1463 non
3029 1418 3128 1474 est,
3173 1411 3266 1466 sed
3311 1409 3436 1468 inde
3483 1417 3700 1470 sanandi

2123 1495 2336 1552 dolores
2361 1498 2474 1567 ejus
2495 1499 2828 1554 occasionem
2850 1500 3068 1570 arripui.
3098 1501 3334 1570 Vidistis,
3360 1516 3412 1561 ut
3441 1521 3544 1562 uno
3569 1517 3706 1563 teme

2125 1585 2269 1654 poris
2293 1596 2563 1643 momento
2584 1599 2772 1644 cuncta
2802 1589 3114 1661 collegerit?

2194 1675 2314 1730 Non
2340 1677 2401 1730 ob
2435 1686 2580 1732 teme
2606 1688 2816 1746 motum,
2845 1680 2934 1738 sed
2957 1683 3018 1734 ob
3041 1697 3244 1736 causam
3273 1685 3382 1755 ejus
3407 1687 3698 1745 timendum.

2122 1796 2192 1807 —
2210 1765 2357 1821 Illam
2399 1767 2576 1837 itaque
2600 1783 2876 1840 vesperam
2910 1778 3064 1826 terra:
3093 1782 3270 1829 motus
3301 1786 3555 1844 perpetuo
3580 1793 3699 1832 cum

2121 1857 2315 1916 animis
2355 1859 2546 1916 vestris
2588 1860 2805 1916 volvite.
2847 1860 2978 1916 Nam
3015 1862 3105 1917 alii
3153 1865 3366 1935 quidem
3403 1881 3592 1928 omnes
3631 1864 3701 1915 0h

2124 1960 2278 2006 teme
2308 1959 2508 2006 motum
2536 1950 2725 2008 timore
2753 1953 2982 2022 correpti
3010 1963 3182 2020 erant,
3211 1970 3310 2026 ego
3334 1971 3459 2012 vero
3485 1969 3687 2030 proptet

2121 2055 2334 2097 causam
2364 2051 2519 2101 terrae
2547 2050 2744 2098 motus.
2791 2042 3004 2100 Satisne
3039 2046 3259 2115 capitis,
3289 2047 3412 2117 quid
3437 2047 3700 2104 dixerim?

2125 2131 2200 2190 illi
2243 2131 2456 2199 quidem
2501 2134 2960 2202 pertimescebant,
3002 2151 3068 2191 ne
3106 2136 3411 2192 concideret
3437 2139 3623 2194 civitas
3648 2152 3694 2193 et

2121 2223 2400 2278 interirent
2445 2240 2459 2275 :
2512 2238 2611 2294 ego
2652 2240 2798 2287 vero,
2847 2225 2984 2296 quod
3033 2226 3186 2281 nobis
3229 2228 3484 2285 Dominns
3535 2232 3695 2286 iratus

2119 2321 2280 2377 esset,
2300 2313 2618 2372 metuebam.
2645 2313 2759 2368 Non
2789 2316 2929 2370 enim
2955 2332 3113 2386 grave
3133 2329 3213 2373 est
3235 2330 3458 2375 mortem
3481 2321 3694 2386 obiissc.

2118 2402 2214 2462 sed
2238 2419 2398 2474 grave
2427 2413 2510 2460 est
2538 2406 2818 2461 Dominum
2850 2408 3106 2464 irritasse.
3152 2409 3333 2480 Itaque
3363 2426 3466 2472 non
3487 2414 3596 2486 jam
3627 2416 3696 2469 ob

2120 2504 2278 2550 terra:
2303 2506 2506 2551 motum
2530 2496 2804 2566 pavebam,
2832 2499 2926 2552 sed
2956 2500 3024 2554 ob
3051 2515 3265 2556 causam
3289 2511 3448 2558 terrae
3477 2514 3689 2560 motus.

2117 2602 2276 2648 causa
2317 2587 2458 2644 enim
2498 2595 2656 2644 terra:
2701 2597 2878 2646 motus
2924 2590 3014 2644 Dei
3058 2601 3139 2645 est
3184 2592 3298 2657 ira;
3347 2609 3503 2664 porro
3541 2609 3697 2651 causa

2117 2677 2315 2734 divina:
2341 2677 2436 2734 irtc
2465 2689 2641 2736 nOStra
2669 2689 2792 2735 sunt
2819 2687 3057 2750 peccata.
3085 2681 3200 2736 Noli
3225 2697 3471 2753 umquam
3497 2688 3696 2756 suppli‘

2116 2769 2256 2824 cium
2287 2770 2514 2837 timere,
2547 2769 2640 2825 scd
2666 2771 2906 2841 supplicii
2933 2784 3202 2841 parentem
3230 2785 3527 2844 peccatum.
3554 2779 3693 2833 Cone
3759 2815 3764 2818 -

2116 2860 2312 2918 cutitnr
2342 2861 2573 2916 civitas?
2595 2860 2731 2928 Quid
2760 2871 2869 2917 tum
2899 2864 3117 2932 postea?
3146 2862 3294 2920 Mens
3318 2882 3446 2924 vero
3476 2879 3561 2924 tua
3587 2876 3693 2927 non

2115 2959 2500 3019 couqnassetur
2524 2968 2537 3003 :
2565 2951 2990 3021 quandoquidem
3018 2963 3073 3008 ct
3103 2955 3153 3008 in
3183 2955 3384 3012 morbis
3418 2973 3481 3013 ac
3513 2960 3693 3014 vnlnc‘

2114 3039 2261 3104 ribus
2290 3054 2395 3094 non
2422 3053 2514 3094 eos
2537 3040 2794 3108 lugemus,
2823 3042 2912 3110 qui
2944 3048 3217 3110 curantur,
3247 3045 3341 3100 sed
3367 3049 3454 3116 qui
3481 3050 3692 3106 insana.

2113 3129 2206 3192 bili
2231 3129 2419 3188 morbo
2438 3129 2699 3186 laborant.
2747 3130 2897 3196 Quod
2927 3141 3006 3186 est
3035 3133 3249 3188 morbus
3274 3145 3329 3191 ει
3355 3139 3564 3206 vulnus,
3592 3140 3692 3194 hnc.

2113 3229 2196 3280 est
2232 3219 2393 3278 etiam
2431 3229 2736 3290 peccatum;
2771 3221 2911 3292 quod
2948 3232 3031 3279 est
3065 3225 3231 3280 sectio
3254 3235 3310 3281 et
3336 3229 3689 3293 medicantem

2116 3319 2248 3377 tum,
2279 3309 2381 3366 hoc
2405 3319 2488 3368 est
2516 3311 2674 3370 etiam
2706 3326 2884 3381 ptena.

2184 3403 2236 3460 3.
2282 3400 2404 3456 Non
2427 3404 2512 3471 qui
2541 3403 2839 3471 puniuntur,
2872 3405 2962 3458 sed
2999 3407 3086 3475 qui
3129 3418 3334 3478 peccant
3375 3412 3596 3480 lugendi.
3621 3447 3686 3456 -——

2115 3493 2453 3552 lntellexistis
2480 3493 2618 3563 quod
2643 3493 2802 3550 dico?
2839 3495 3110 3553 Attendite
3139 3516 3151 3551 :
3183 3500 3301 3554 volo
3327 3501 3468 3556 enim
3494 3505 3686 3558 oratiu.

2114 3600 2234 3642 nem
2272 3583 2617 3653 philosophia:
2655 3584 2860 3652 plenam
2888 3594 2982 3642 'vos
3009 3587 3221 3644 docere.
3267 3590 3434 3658 Quam
3481 3596 3687 3650 tandem

2111 3675 2180 3735 ob
2209 3687 2419 3734 causam
2449 3685 2542 3727 eos
2569 3673 2660 3742 qui
2699 3674 3022 3740 puniuntur,
3064 3692 3167 3730 non
3210 3694 3303 3734 eos
3347 3682 3433 3751 qui
3473 3696 3685 3752 peccant

2111 3764 2390 3835 legemus?
2428 3763 2543 3818 Non
2581 3763 2722 3818 enim
2760 3777 2846 3818 res
2890 3764 2960 3818 ita
3000 3768 3173 3836 gravis
3197 3779 3279 3823 est
3311 3786 3482 3840 poena,
3519 3786 3576 3828 ut
3602 3791 3688 3829 ros

2110 3855 2284 3927 gravis
2308 3863 2391 3916 est
2415 3865 2689 3926 peccatum
2719 3873 2733 3911 :
2762 3873 2880 3911 nam
2923 3873 3095 3928 ptentc
3110 3873 3264 3914 causa
3289 3872 3563 3930 peccatum
3585 3880 3682 3919 εει.

2110 3946 2166 4002 Si
2192 3959 2352 4016 quem
2379 3945 2534 4018 igitur
2554 3945 2751 4002 videris
2775 3946 3054 4003 habentem
3081 3949 3248 4015 ulcus,
3282 3965 3491 4006 vermes
3512 3963 3566 4007 et
3590 3972 3646 4008 sa
3662 3987 3675 3992 -

2110 4039 2249 4092 nicm
2293 4051 2324 4092 a
2370 4051 2594 4106 corpore
2643 4036 2958 4102 detinentes,
3005 4054 3103 4094 nec
3142 4039 3332 4094 vulnus
3377 4051 3550 4098 tamen
3595 4057 3682 4098 aut

2111 4130 2260 4186 ulcus
2299 4139 2572 4184 curantem
2602 4146 2616 4182 :
2647 4129 2871 4188 alterum
2897 4144 3024 4190 vero
3061 4134 3259 4200 pariter
3286 4131 3530 4186 allectum
3551 4175 3568 4200 ,
3593 4140 3680 4204 qui

2109 4214 2432 4277 medicorum
2481 4231 2660 4277 utatur
2696 4237 2854 4293 opera
2885 4264 2899 4289 ,
2942 4223 3030 4294 qui
3071 4233 3291 4291 uratur,
3332 4236 3580 4294 secetur,
3629 4242 3682 4284 et

2107 4312 2297 4367 acerba
2320 4311 2700 4372 medicamenta
2724 4312 2994 4383 deglutiat,
3014 4315 3457 4381 utrntu,istorum,
3478 4331 3679 4386 quteso,

2108 4399 2344 4471 lugebis?
2385 4416 2577 4457 eumne
2613 4403 2701 4472 qui
2733 4417 2875 4472 (eger
2909 4411 3010 4468 est,
3057 4419 3152 4456 nec
3193 4413 3428 4470 curatur,
3460 4420 3528 4459 an
3555 4421 3675 4461 eum

2105 4492 2196 4563 qui
2233 4507 2375 4564 aeger
2409 4502 2510 4556 est,
2538 4501 2591 4547 et
2621 4493 2874 4548 curatur?
2915 4492 3062 4552 llaud
3105 4493 3359 4561 dubium,
3389 4496 3516 4565 quin
3557 4511 3677 4551 euut

2109 4583 2301 4653 potius,
2358 4584 2447 4654 qui
2497 4597 2616 4642 cum
2673 4598 2816 4653 aeger
2865 4585 2967 4652 sit,
3013 4601 3116 4639 non
3150 4596 3384 4641 curatur.
3428 4587 3504 4642 lta
3551 4604 3682 4658 qum

2105 4689 2208 4744 que
2231 4683 2536 4744 peccatores
2559 4674 2663 4728 sint
2689 4673 2814 4740 duo,
2836 4691 3057 4744 quorum
3085 4691 3219 4731 unus
3247 4677 3457 4746 quidem
3488 4680 3669 4745 punia-

2106 4777 2210 4832 tur,
2240 4765 2377 4821 alter
2401 4781 2525 4821 vero
2550 4781 2652 4823 non
2679 4769 2925 4836 puniatur
2948 4784 2960 4821 :
2987 4783 3052 4822 ne
3076 4768 3240 4834 dicas,
3265 4770 3446 4823 beatus
3467 4768 3552 4822 hic
3573 4780 3674 4832 est,

2103 4857 2225 4927 quia
2247 4857 2441 4911 divitiis
2463 4856 2651 4922 aﬂluit,
2676 4855 2942 4926 orpbauos
2961 4857 3172 4926 spoliat,
3194 4857 3375 4911 viduas
3390 4859 3640 4928 opprimit
3666 4879 3675 4913 :

2105 4948 2312 5002 tametsi
2342 4963 2444 5002 non
2474 4957 2712 5018 a-gt'otat,
2743 4947 2836 5002 sed
2865 4959 2984 5001 cum
3011 4948 3198 5016 rapiat,
3221 4958 3303 5002 est
3329 4948 3380 5003 in
3402 4951 3669 5004 existinm-

2107 5039 2269 5102 tione,
2300 5038 2598 5093 cumulatur
2627 5037 2862 5101 honore,
2900 5037 3220 5104 dominatur,
3252 5040 3410 5093 nullis
3437 5041 3678 5094 adversis

2104 5144 2280 5183 rerum
2323 5129 2666 5183 humanarum
2707 5128 2915 5183 casibus
2954 5129 3191 5196 lzcditnr,
3228 5145 3332 5184 non
3375 5130 3538 5195 febri,
3570 5147 3676 5187 non
3736 5192 3742 5195 _

2104 5219 2473 5284 afﬂictatione,
2503 5235 2607 5272 non
2636 5218 2743 5273 alio
2765 5219 2952 5291 quovis
2982 5221 3167 5276 morbo
3199 5238 3212 5275 :
3240 5221 3524 5276 liberorum
3557 5223 3669 5278 ciu—

2102 5309 2242 5378 gitur
2278 5307 2461 5374 choro,
2497 5319 2824 5364 senectutem
2853 5309 3005 5365 beate
3035 5310 3275 5381 transigit
3303 5319 3402 5364 :'at
3442 5310 3583 5367 hunc
3623 5325 3676 5368 ut

2103 5402 2330 5455 maxime
2358 5401 2499 5470 iuge,
2521 5400 2659 5471 quod
2688 5411 2907 5471 aegrotet
2927 5445 2942 5467 ,
2971 5417 3069 5458 nec
3097 5411 3269 5458 tamen
3293 5414 3527 5460 curetur.
3561 5405 3677 5474 Quo

2105 5491 2314 5547 tandem
2339 5500 2512 5562 pacto,
2539 5505 2638 5563 ego
2667 5493 2860 5551 dicam.
2889 5494 2944 5549 Si
2971 5509 3129 5566 quem
3157 5495 3350 5550 videris
3374 5505 3678 5565 correptum

2108 5587 2410 5660 hydropisi,
2452 5589 2640 5659 cuique
2689 5588 2842 5645 lienis
2889 5607 2951 5645 cx
2995 5589 3268 5646 doloribus
3306 5605 3497 5660 corpus
3537 5592 3666 5644 iutu-
