4032 6198
453 186 583 241 ιοδι
896 246 908 261 κ
1190 178 1247 236 s.
1288 179 1563 237 tonsas
1600 178 2072 237 cnnvsosrom
2112 181 2428 240 Anotnnr.
2471 182 3001 246 CONsTaNTtNOP.
3502 210 3600 266 an

448 300 664 368 muerlt,
695 314 792 356 nec
836 310 1009 356 tamen
1047 306 1224 353 currat
1265 297 1330 350 ad
1373 295 1668 363 medicum,
1699 294 1792 351 sed
1825 293 2027 366 frigida:

448 402 576 463 potu
605 406 664 448 se
688 390 949 455 oblectet,
981 403 1042 443 ac
1066 385 1362 460 Sybaritica
1396 400 1578 441 mensa
1606 391 1827 452 fruatur,
1850 386 2026 456 quoti-

445 486 534 540 die
555 484 867 548 inebrietur,
895 479 1145 536 satellitio
1170 479 1415 547 stipetur,
1448 486 1504 533 et
1529 478 1772 531 morbum
1800 486 2023 547 augeat:

444 576 577 631 cedo
622 560 904 630 beatumne
944 570 1256 641 prmdicabis
1300 569 1559 639 ejusmodi
1607 567 1907 635 hominem,
1957 582 2025 622 an

443 680 571 721 vero
602 664 852 718 miserum
878 659 1174 731 jndicabis?
1203 658 1353 726 Quod
1381 657 1426 712 si
1453 657 1677 711 alterum
1704 656 1897 712 videris
1923 656 2023 728 hy-

442 757 640 827 dropisi
670 762 1002 824 correptum,
1036 752 1125 822 qui
1152 750 1477 806 medicorum
1505 748 1745 803 manibus
1773 756 2020 814 curetur,

440 848 531 920 qui
558 846 679 902 fami
702 845 934 916 seipsum
957 842 1134 906 dedat,
1159 842 1247 911 qui
1277 840 1438 895 multa
1468 848 1738 909 prematur
1764 845 2020 908 egestate,

438 939 528 1010 qui
551 935 954 993 medicamentis
984 931 1197 990 assidue
1235 929 1534 1001 peracerbis
1552 936 1755 992 utatur,
1784 944 1902 999 qua:
1926 926 2021 981 do-

439 1030 606 1084 iorem
633 1027 845 1099 quidem
867 1025 1112 1091 afferunt,
1138 1024 1228 1078 sed
1256 1022 1535 1078 sanitatem
1559 1021 1744 1075 dolore
1767 1020 1978 1089 pariunt
2003 1037 2017 1074 :

438 1136 617 1178 nonne
643 1119 786 1174 hunc
814 1133 923 1188 pra:
951 1118 1044 1171 illo
1075 1116 1283 1171 beatum
1324 1113 1500 1168 dices?
1541 1111 1795 1168 Confessa
1828 1126 1914 1166 res
1939 1119 2022 1164 est

394 1211 404 1225 ‘
435 1229 498 1269 ac
524 1211 801 1268 manifesta
834 1226 849 1263 :
877 1224 997 1263 nam
1024 1221 1159 1262 unus
1186 1204 1398 1276 quidem
1423 1218 1564 1272 :cger
1583 1213 1663 1256 est
1681 1243 1696 1268 ,
1738 1216 1836 1257 nec
1861 1215 2018 1255 cura-

439 1315 526 1361 tur
559 1322 573 1359 :
602 1302 740 1356 alter
764 1309 942 1354 autem
966 1312 1107 1369 :rger
1130 1305 1233 1362 est,
1261 1294 1355 1349 sed
1382 1293 1709 1348 medicorum
1736 1306 1897 1361 opera
1925 1291 2022 1344 uti-

436 1405 542 1450 tur.
570 1395 641 1450 At
664 1394 807 1448 enim
831 1390 1048 1444 molesta
1072 1396 1151 1443 εει
1174 1385 1376 1441 curatio
1400 1402 1414 1438 :
1434 1399 1613 1438 verum
1638 1383 1779 1437 utilis
1800 1392 1880 1436 est
1904 1383 2019 1451 ejus

435 1485 578 1539 ﬁnis.
608 1484 682 1539 Ita
703 1495 912 1551 quoque
934 1489 1131 1535 nostrae
1152 1476 1311 1546 hujus
1329 1475 1452 1529 vitm
1471 1489 1531 1529 se
1556 1489 1643 1528 res
1666 1473 1891 1536 habent;
1922 1472 2016 1526 sed

436 1594 466 1632 a
498 1575 808 1648 corporibus
838 1585 1141 1628 sermonem
1173 1566 1400 1655 transfer
1425 1565 1490 1620 ad
1511 1565 1738 1629 animas,
1760 1580 1786 1616 a
1814 1563 2016 1619 morbis

433 1670 501 1725 ad
536 1676 771 1739 peccata,
798 1664 865 1720 ab
885 1663 1175 1720 acerbitate
1204 1660 1708 1716 medicamentorum
1735 1657 1799 1710 ad
1834 1670 2017 1726 poenas

432 1772 480 1815 et
496 1759 750 1831 judicium
763 1756 1020 1812 divinum.
1042 1751 1195 1822 Quod
1211 1752 1350 1806 enim
1368 1758 1451 1805 est
1470 1749 1911 1804 medicamentum
1924 1747 2017 1801 ad-

428 1848 657 1904 hibitum
678 1863 708 1901 a
730 1847 1023 1912 medico,et
1039 1843 1202 1899 sectio
1217 1851 1271 1898 et
1293 1841 1446 1913 ignis,
1463 1842 1563 1897 hoc
1582 1849 1662 1895 est
1681 1856 1710 1894 a
1742 1840 1851 1895 Deo
1871 1840 2014 1894 illata

432 1962 609 2018 pcena.
637 1945 769 2002 Nam
791 1951 848 1997 ut
861 1953 1225 2012 saepenumero
1247 1937 1491 1993 admotus
1513 1937 1646 2007 ignis
1667 1936 1789 2000 urit,
1806 1946 1859 1989 et
1877 1935 2018 1989 sistit

433 2040 583 2093 ulcus
596 2035 736 2107 quod
750 2033 1016 2106 pascendo
1027 2032 1211 2103 serpit,
1226 2041 1278 2086 ct
1292 2029 1668 2085 ferramentum
1684 2026 2013 2097 putredinem

433 2131 696 2196 exhaurit,
730 2129 969 2185 dolorem
998 2126 1210 2198 quidem
1239 2127 1473 2188 inurens,
1503 2121 1595 2178 sed
1629 2121 1904 2175 utilitatem
1933 2129 2013 2173 ta-

433 2240 554 2281 tnen
581 2223 793 2293 pariens
826 2239 840 2276 :
866 2221 936 2275 ita
963 2227 1016 2275 ct
1039 2219 1205 2273 fames
1226 2259 1241 2284 ,
1280 2227 1331 2271 ct
1369 2226 1564 2286 pestes,
1592 2224 1644 2269 et
1666 2228 2014 2284 quaecumque

429 2315 571 2371 mala
595 2327 716 2369 esse
745 2312 1006 2378 videntur,
1056 2308 1182 2365 ferri
1242 2308 1357 2363 loco
1392 2317 1443 2362 ct
1481 2306 1615 2377 ignis
1660 2304 2014 2360 admoventur

431 2407 641 2466 animm.
668 2412 725 2458 ut
743 2403 1143 2473 a‘grotationutn
1163 2398 1281 2468 ejus
1306 2398 1453 2452 ulcus
1475 2396 1766 2466 dcpasccns
1782 2394 1847 2449 ad
1868 2394 2014 2448 simi-

328 2502 335 2505 ’
429 2497 706 2553 litudincm
727 2509 1008 2564 corporum
1031 2490 1334 2554 cohibeant,
1358 2502 1579 2558 eamque
1600 2486 1870 2541 meliorem
1897 2484 2013 2538 citi-

430 2589 592 2642 ciant.
626 2587 828 2641 Rursus
853 2584 957 2639 duo
979 2592 1136 2637 sunto
1162 2588 1512 2644 scortatores;
1540 2579 1772 2634 sermoni
1794 2578 2012 2633 subesse

430 2677 752 2748 intelligatur
772 2677 944 2745 imago
968 2692 981 2728 :
1006 2673 1128 2738 duo,
1156 2673 1391 2741 inquam,
1415 2678 1754 2732 scortatores,
1782 2683 2009 2737 quorum

429 2784 566 2824 unus
603 2769 751 2823 dives
779 2765 883 2833 sit,
926 2778 1122 2834 panper
1145 2762 1323 2816 alter:
1357 2769 1475 2814 uter
1511 2773 1695 2814 eorum
1735 2759 2009 2814 meliorem

428 2859 593 2916 habet
619 2872 766 2929 spem
798 2855 1017 2911 salutis"t
1061 2853 1208 2907 llaud
1235 2851 1453 2907 dubium
1481 2849 1605 2921 quin
1636 2865 1853 2920 p.:uper.
1890 2849 2009 2905 Noli

428 2965 556 3021 ergo
606 2950 786 3005 dicere
817 2946 1010 3004 :Dives
1060 2953 1360 3009 scortator,
1410 2951 1463 2997 et
1507 2941 1696 3010 opibus
1741 2940 2005 3007 abundat;

428 3042 626 3097 idcirco
674 3040 883 3095 beatum
926 3038 1095 3107 ipsum
1146 3052 1235 3107 pra
1254 3035 1374 3090 dico
1414 3052 1428 3088 :
1484 3033 1612 3104 quin
1660 3034 1833 3104 potius
1879 3033 2007 3087 bene

429 3138 541 3182 turn
566 3127 711 3182 illum
733 3141 761 3179 a
784 3134 835 3180 te
855 3123 1127 3195 praedicari
1145 3121 1443 3193 oportebat,
1460 3122 1502 3175 si
1524 3135 1643 3175 cum
1663 3127 2002 3186 scortaretur,

426 3232 630 3289 pauper
652 3224 796 3273 esset
827 3233 840 3271 :
867 3216 913 3271 si
950 3230 1070 3270 cum
1101 3221 1444 3277 scortaretur,
1472 3211 1611 3267 fame
1632 3221 1963 3284 premeretur
1988 3228 2003 3266 :

427 3308 647 3364 lzaherct
672 3307 812 3363 enim
837 3305 1082 3360 adactum
1121 3304 1435 3359 necessitate
1470 3302 1742 3358 doctorem
1773 3301 2007 3372 philoso-

427 3399 587 3471 phire,
615 3378 1000 3470 paupertatem.
1026 3396 1158 3450 Cum
1199 3396 1358 3465 igitur
1387 3393 1684 3463 improbum
1705 3392 1901 3448 videris
1920 3407 2004 3448 se-

426 3492 598 3548 cunda
640 3499 872 3545 utentem
903 3487 1134 3555 fortuna,
1160 3488 1453 3559 lacrymare
1477 3503 1491 3539 :
1519 3485 1625 3541 duo
1645 3486 1839 3556 quippe
1864 3485 2002 3541 mala

426 3595 573 3651 sunt,
596 3582 782 3638 morbo
808 3581 1004 3651 urgeri,
1028 3591 1082 3636 et
1109 3579 1452 3635 insanabilem
1481 3593 1618 3634 esse.
1646 3578 1778 3633 Cum
1806 3577 2003 3634 videris

425 3675 724 3747 improbum
752 3673 1140 3729 calamitatibus
1170 3672 1358 3743 premi,
1388 3672 1685 3741 consolare,
1709 3687 1815 3728 non
1843 3672 2002 3728 modo

426 3767 547 3837 quia
574 3765 763 3820 melior
787 3764 1047 3829 redditur,
1077 3763 1169 3819 sed
1194 3762 1314 3833 quia
1342 3763 1503 3817 multa
1533 3763 1646 3833 ejus
1673 3773 1889 3832 peccata
1916 3762 2002 3819 hic

424 3856 722 3926 expiantur.
770 3854 998 3909 Attende
1035 3855 1314 3924 diligenter
1337 3853 1401 3907 ad
1428 3868 1489 3908 ea
1516 3870 1633 3923 quae
1655 3854 1809 3920 dico;
1849 3854 1999 3908 multi

426 3949 668 4003 homines
692 3955 746 4001 et
770 3946 855 4001 hic
879 3947 1175 4016 expiantur,
1209 3954 1262 3999 et
1298 3945 1402 3999 illic
1432 3945 1731 4014 plectuntur
1760 3962 1774 3999 :
1803 3945 1890 3999 alii
1916 3946 2001 4000 hic

425 4050 650 4107 tantum,
697 4038 785 4094 alii
839 4037 945 4093 illic
994 4045 1216 4091 tantum.
1274 4034 1435 4106 Infige
1480 4036 1657 4090 animo
1702 4035 1996 4091 doctrinam

427 4146 600 4187 meam
632 4148 646 4185 :
671 4128 758 4185 hic
787 4130 979 4200 quippe
1005 4142 1183 4185 sermo
1204 4138 1389 4182 exacte
1416 4126 1685 4182 discussus
1710 4127 1901 4183 multas
1930 4143 1996 4182 ex

423 4223 603 4276 animo
627 4229 718 4275 tuo
741 4220 1174 4291 perturbationes
1199 4218 1394 4290 ejiciet.

494 4314 700 4369 Beatius
726 4326 796 4368 est
838 4316 889 4368 in
917 4314 1012 4367 hac
1048 4315 1149 4369 sita
1178 4312 1368 4383 puniri.
1411 4341 1479 4352 —
1505 4311 1610 4368 Sed
1659 4312 1921 4381 primum,
1953 4313 1995 4367 si

421 4408 613 4477 placet,
647 4406 700 4460 in
735 4405 968 4459 medium
996 4404 1328 4476 proferamus
1367 4419 1487 4459 cum
1509 4444 1523 4470 ,
1551 4407 1640 4474 qui
1670 4404 1777 4458 illic
1812 4404 1997 4475 punia-

422 4507 528 4563 tur,
561 4498 647 4552 hic
675 4511 801 4552 vero
822 4497 1027 4551 deliciis
1063 4496 1260 4566 potitus
1283 4497 1439 4551 l'uerit
1469 4497 1779 4552 :attcndant
1807 4499 1997 4554 divites

419 4600 470 4645 et
510 4602 771 4659 pauperes
791 4588 854 4641 iis
887 4603 1003 4657 qua:
1024 4587 1270 4641 dicuntur
1300 4607 1312 4642 ε
1347 4586 1583 4658 utrisque
1620 4605 1846 4659 namque
1872 4606 1997 4660 pcr-

419 4680 563 4734 utilis
603 4687 687 4734 est
721 4676 981 4733 doctrina.
1009 4675 1079 4732 Ut
1115 4676 1258 4732 enim
1288 4677 1425 4732 scias
1462 4677 1546 4733 hic
1584 4688 1639 4734 et
1672 4680 1777 4733 illic
1803 4681 1998 4737 multos

421 4771 619 4841 puniri,
649 4767 917 4824 Christum
948 4767 1208 4823 dicentem
1238 4767 1359 4823 audi
1389 4767 1492 4822 :ln
1513 4785 1874 4842 quamcumque
1900 4788 1995 4825 au-

423 4873 521 4915 tem
544 4862 790 4914 civitatem
828 4869 914 4914 aut
944 4859 1147 4914 domum
1186 4860 1521 4925 intraveritis,
1552 4859 1795 4913 intrantes
1819 4862 1871 4915 in
1902 4864 1996 4916 do-

418 4968 556 5005 mum
601 4950 815 5006 salutate
858 4967 969 5005 eam
1002 4951 1259 5006 dicentes:
1294 4955 1404 5007 Pax
1450 4951 1567 5005 huic
1610 4952 1829 5019 domui;
1872 4965 1918 5007 et
1955 4957 1999 5009 si

421 5042 621 5110 quidem
652 5042 803 5115 {iterit
825 5041 1004 5096 domus
1032 5043 1122 5095 illa
1145 5042 1317 5114 digna,
1346 5044 1507 5097 veniat
1533 5060 1636 5114 pax
1664 5054 1824 5099 vestra
1845 5062 1999 5117 super

420 5149 567 5198 earn;
592 5133 637 5187 si
671 5144 836 5186 autent
862 5149 961 5186 non
986 5133 1135 5204 fuerit
1175 5133 1347 5203 digna,
1377 5150 1479 5204 pax
1521 5144 1681 5188 castra
1724 5145 1999 5190 revertatur

421 5224 489 5275 ad
512 5239 614 5278 vos.
647 5222 714 5278 Et
748 5224 1043 5295 quicumque
1072 5240 1169 5277 non
1205 5228 1441 5297 receperit
1465 5243 1568 5292 vos,
1591 5244 1747 5297 neque
1778 5231 1996 5284 audierit

418 5332 682 5373 sermones
720 5324 937 5381 vestros,
985 5326 1218 5369 currules
1258 5315 1395 5384 {oras
1434 5317 1495 5370 de
1533 5318 1748 5385 civitate,
1785 5322 1999 5375 excutite

422 5403 673 5470 ptinerem
714 5404 776 5459 de
802 5407 1010 5475 pedibus
1043 5409 1231 5461 vestris.
1266 5409 1422 5462 Amen
1465 5409 1580 5464 dico
1613 5412 1779 5477 vobis,
1803 5405 1995 5467 tolera-

427 5492 576 5550 tiiius
602 5496 693 5549 erit
733 5508 879 5552 terra:
905 5499 1249 5552 Sodomorum
1283 5508 1327 5553 et
1363 5497 1805 5556 Comorrhteorum
1842 5504 1893 5557 in
1920 5505 2000 5559 die

423 5587 792 5661 jndicii,quam
820 5590 897 5644 ilti
919 5590 1122 5644 civitati.
1158 5590 1221 5645 In
1250 5608 1613 5664 quamcumque
1635 5604 1799 5649 autem
1821 5596 1995 5651 civita-

2140 306 2237 349 tem
2258 309 2346 352 aut
2366 301 2570 355 domum
2592 304 2915 369 intrareritis,
2939 308 3224 380 interrogate
3237 313 3334 381 quis
3355 314 3397 369 in
3417 334 3462 372 ea
3478 321 3605 394 digtm

2134 388 2228 446 sit.
2255 400 2304 443 et
2335 390 2405 444 ibi
2433 408 2658 461 manete,
2699 397 2858 450 donec
2886 400 3068 453 excolis
3092 400 3291 469 (Matth.
3325 408 3403 463 10.
3435 388 3535 472 il):
3554 416 3613 472 Et

2134 475 2218 533 his
2245 481 2409 549 liquet
2451 484 2753 541 Sodomitas
2783 499 2836 543 et
2879 490 3242 549 Contorrhmos
3276 508 3323 552 et
3355 500 3427 556 hic
3459 475 3620 572 punitos

2132 567 2315 635 fuisse,
2342 583 2394 626 et
2420 573 2526 629 illic
2549 578 2702 644 plceti
2728 595 2743 633 :
2774 594 2892 634 cum
2916 584 3053 636 enim
3075 585 3209 640 dicat
3235 567 3514 649 tolerabilius
3539 600 3623 655 fore

2131 660 2419 718 Sodomitis
2446 668 2766 737 quam‘istis,
2796 672 3024 727 ostendit
3049 691 3138 729 eos
3167 677 3311 747 plecti
3339 684 3536 753 quidem,
3554 693 3623 743 scd

2130 767 2238 807 non
2269 755 2339 809 ita
2371 767 2427 811 ut
2451 759 2556 813 isti.

2199 846 2251 898 4.
2280 845 2415 901 Sunt
2454 864 2666 915 rursus,
2698 853 2789 922 qui
2815 855 3115 924 plectuntur
3154 860 3236 916 hic
3261 874 3473 932 tantum,
3495 882 3538 923 ut
3564 875 3629 930 ille

2129 945 2427 991 scortator:
2474 940 2553 994 sic
2594 943 2736 996 enim
2781 945 2848 999 ad
2891 947 3193 1005 Corinthios
3240 956 3455 1012 scribens
3487 960 3630 1020 beatus

2127 1024 2319 1081 Paulus
2363 1029 2608 1085 dicebat:
2644 1032 2863 1089 Omnino
2900 1040 3103 1093 auditur
3137 1042 3259 1096 inter
3300 1059 3377 1099 vos
3400 1049 3628 1118 fornicatio,

2126 1130 2170 1170 et
2196 1119 2311 1173 talis
2336 1124 2623 1192 fornicatio,
2653 1129 2819 1194 qualis
2843 1145 2933 1183 nec
2962 1131 3087 1184 inter
3106 1144 3284 1203 gentes,
3315 1138 3377 1189 ita
3401 1151 3448 1191 ut
3470 1157 3632 1199 uxorem

2126 1214 2283 1281 patris
2327 1217 2407 1269 sui
2450 1218 2631 1289 aliquis
2669 1221 2867 1274 haheat.
2912 1222 2974 1276 Et
3019 1240 3104 1279 vos
3143 1228 3301 1297 inﬂati
3335 1232 3464 1298 estis,
3490 1244 3527 1286 et
3557 1254 3631 1291 non

2124 1307 2283 1374 magis
2308 1306 2497 1360 luctum
2522 1310 2797 1376 habuistis,
2830 1322 2885 1365 ut
2932 1315 3137 1369 tollatur
3170 1318 3230 1371 de
3257 1321 3406 1372 medio
3436 1334 3631 1391 vestrum,

2122 1398 2209 1466 qui
2233 1399 2328 1452 hoc
2355 1417 2482 1471 opus
2511 1404 2647 1474 fecit.
2683 1404 2791 1475 Ego
2812 1408 3011 1476 quidem
3031 1408 3205 1464 absens
3229 1428 3437 1480 corpore,
3463 1434 3635 1484 prauus

2122 1499 2285 1543 autem
2312 1493 2516 1561 spiritu,
2538 1495 2652 1565 jam
2668 1497 2898 1565 judicavi
2920 1509 2974 1551 ut
2999 1515 3216 1569 prteseus
3240 1518 3346 1555 cum
3369 1506 3446 1573 qui
3466 1507 3525 1559 sic
3547 1525 3636 1576 ope-

2121 1590 2260 1634 ratus
2287 1593 2360 1635 est
2380 1584 2432 1637 in
2466 1585 2667 1639 nomine
2694 1585 2897 1640 Domini
2924 1590 3084 1642 nostri
3102 1588 3222 1645 Jesu
3245 1592 3444 1661 Christi,
3469 1612 3636 1669 congre-

2121 1673 2251 1741 gatis
2280 1674 2440 1739 nobis,
2462 1686 2509 1730 et
2525 1679 2706 1746 spiritu
2738 1696 2866 1745 meo,
2903 1682 3100 1735 tradere
3128 1684 3400 1754 hujusmodi
3424 1698 3581 1742 satana:
3598 1693 3636 1742 in

2120 1762 2379 1818 interitum
2419 1768 2618 1831 carnis,
2649 1778 2699 1821 ut
2726 1770 2934 1839 spiritus
2975 1772 3147 1827 salvus
3191 1776 3253 1827 sit
3292 1776 3439 1830 indie
3477 1776 3638 1833 Domini

2117 1851 2244 1908 Iesu
2301 1858 2376 1928 (Ι.
2413 1857 2533 1937 Cor.
2575 1859 2629 1914 5.
2684 1862 2756 1930 i).
2815 1861 2971 1916 Vides
3032 1873 3091 1918 ut
3147 1864 3231 1919 hic
3279 1868 3502 1935 puniatur
3536 1870 3636 1935 iste,

2122 1962 2221 2002 nec
2271 1947 2380 2003 illic
2423 1950 2708 2019 puniatur?
2754 1952 2884 2006 Nam
2914 1955 3179 2024 quoniam
3229 1955 3315 2010 hic
3351 1958 3456 2028 ejus
3486 1974 3640 2029 corpus

2126 2040 2364 2107 punitum
2408 2049 2510 2105 est,
2552 2041 2661 2096 illic
2689 2059 2791 2096 non
2816 2045 3049 2114 punitur.
3082 2045 3204 2100 Jam
3239 2049 3495 2104 ostendere
3525 2050 3639 2103 illum

2122 2131 2265 2195 volo,
2293 2131 2382 2201 qui
2410 2131 2616 2187 deliciis
2644 2133 2730 2190 hic
2758 2134 2992 2200 fruatur,
3028 2146 3082 2191 ct
3113 2138 3223 2192 illic
3248 2138 3500 2208 plectatur.
3524 2140 3642 2196 Dim

2118 2231 2227 2277 erat
2255 2223 2481 2292 quidam.
2514 2227 2584 2279 At
2615 2227 2823 2281 tametsi
2870 2226 3108 2282 historia:
3157 2230 3492 2286 narrationem
3525 2242 3643 2286 ante-

2118 2312 2321 2367 vertitis
2344 2353 2360 2379 ,
2389 2325 2696 2384 exspectate
2739 2316 2896 2370 ﬁnem
2932 2318 3228 2386 orationis;
3257 2320 3366 2376 haec
3403 2322 3526 2376 enim
3551 2338 3642 2377 mea

2118 2406 2234 2461 laus
2259 2417 2362 2474 est,
2395 2417 2739 2479 vestrumque
2783 2412 3107 2478 praeconium
3131 2454 3148 2479 ,
3182 2423 3237 2467 ut
3270 2414 3374 2483 jam
3398 2414 3508 2468 dum
3532 2413 3646 2483 prin-

2117 2497 2253 2567 cipia
2293 2508 2575 2567 seruntur,
2616 2514 2711 2555 vos
2752 2511 2960 2571 segetes
3006 2503 3272 2574 colligatis
3317 2504 3540 2559 :assidua
3573 2519 3644 2560 vos

2116 2601 2422 2642 sermonum
2471 2590 2673 2644 auditio
2719 2591 2969 2647 doctores
3012 2594 3285 2649 reddidit:
3325 2595 3411 2649 sed
3442 2600 3643 2665 quoniam

2116 2681 2388 2735 vobiscum
2416 2691 2471 2736 et
2509 2683 2747 2737 nonnulli
2770 2684 3036 2754 peregrini
3082 2696 3212 2740 sunt
3246 2687 3454 2755 ingressi
3474 2727 3487 2753 ,
3515 2686 3644 2741 nolite

2114 2785 2352 2838 currere,
2380 2770 2473 2827 sed
2500 2787 2594 2827 eos
2612 2774 2701 2844 qui
2731 2775 3051 2841 elaudicant,
3076 2786 3398 2848 exspectate.
3421 2778 3646 2848 Siquidem

2118 2876 2314 2932 corpus
2337 2872 2420 2917 est
2441 2863 2679 2919 Ecclesia
2709 2882 2725 2919 :
2753 2866 2964 2921 ocuium
2995 2868 3154 2923 habet
3178 2879 3232 2924 et
3255 2880 3405 2940 caput
3423 2869 3576 2924 habet.
3596 2868 3646 2924 lit

2114 2953 2276 3024 igitur
2302 2954 2349 3009 si
2373 2956 2621 3011 calcaneo
2642 2958 2794 3027 spina
2837 2961 2903 3014 sit
2941 2960 3120 3028 infixa,
3152 2961 3398 3017 deorsum
3423 2962 3582 3017 oculus
3603 2976 3649 3019 se

2115 3045 2356 3113 inclinat,
2382 3046 2524 3116 quod
2564 3048 2862 3103 membrum
2897 3052 2966 3105 sit
3004 3054 3251 3121 corporis
3278 3095 3291 3119 ,
3327 3070 3484 3124 neque
3507 3053 3647 3108 dicit:

2115 3135 2553 3207 Quandoquidem
2584 3140 2639 3193 in
2664 3140 2775 3194 alto
2815 3141 2999 3208 sedeo,
3032 3145 3332 3200 membrum
3360 3145 3491 3216 quod
3525 3145 3650 3199 deor-

2111 3242 2229 3282 sum
2252 3239 2335 3284 est
2360 3230 2510 3284 nihili
2529 3229 2701 3297 facio;
2734 3233 2826 3287 sed
2856 3234 3071 3289 inclinat
3101 3251 3183 3303 se,
3218 3252 3469 3308 suamque
3489 3236 3652 3292 deserit

2111 3312 2447 3373 alﬁtudinem
2477 3337 2490 3374 :
2522 3322 2732 3376 tametsi
2774 3324 2898 3393 quid
2933 3325 3183 3380 caleaneo
3224 3327 3411 3383 vilius?
3436 3336 3517 3382 aut
3554 3326 3655 3397 quid

2112 3412 2270 3465 oculo
2299 3412 2696 3468 nobilius?Sed
2741 3416 3153 3486 inarqualitatem
3195 3421 3443 3490 cognatio
3487 3430 3655 3474 natura:

2109 3503 2349 3572 corrigit,
2381 3512 2435 3556 et
2461 3505 2653 3559 caritas
2677 3506 2857 3559 omnia
2886 3507 3093 3562 miscet.
3142 3507 3219 3562 Ita
3252 3510 3334 3565 fac
3362 3519 3414 3565 tu
3439 3524 3653 3580 quoque:

2108 3593 2351 3661 quamvis
2372 3595 2514 3648 celer
2538 3603 2594 3649 et
2618 3595 2897 3664 expeditus
2938 3598 3043 3663 sis,
3073 3610 3238 3671 atque
3264 3602 3331 3656 ad
3374 3601 3652 3656 audiendum

2108 3695 2344 3754 paratus,
2371 3685 2417 3740 si
2443 3686 2657 3741 fratrem
2692 3688 2908 3753 habeas,
2937 3690 3025 3758 qui
3052 3706 3112 3745 ea
3143 3707 3267 3761 qua:
3293 3701 3652 3764 proponuntur,

2108 3777 2315 3844 assequi
2347 3786 2609 3846 nequeat,
2652 3778 2941 3834 descendat
2972 3781 3039 3835 ad
3079 3783 3283 3838 calcem
3331 3785 3507 3840 oculos
3527 3792 3653 3846 tuus,

2106 3865 2456 3920 claudicantis
2481 3869 2704 3922 membri
2732 3872 3196 3929 commiseratione
3226 3882 3491 3947 tangatur,
3521 3875 3583 3930 ita
3606 3882 3655 3929 ut

2107 3957 2176 4010 ob
2209 3967 2349 4011 tuam
2377 3959 2701 4014 celeritatem
2729 3970 2784 4016 et
2824 3963 2963 4017 illius
3003 3963 3306 4021 tarditatem
3345 3982 3527 4038 expers
3565 3980 3655 4019 scr-

2106 4047 2282 4102 monis
2313 4047 2426 4116 ipse
2444 4063 2547 4103 non
2569 4060 2820 4106 maneat:
2854 4055 2959 4108 noli
2990 4064 3077 4110 tua
3104 4056 3447 4128 intelligentia
3473 4060 3519 4112 in
3543 4058 3656 4111 illius

2107 4137 2393 4207 perniciem
2420 4138 2586 4205 abuti,
2621 4142 2714 4195 sed
2736 4143 2804 4196 ob
2833 4151 2975 4197 tuam
2998 4145 3332 4203 celeritatem
3370 4151 3474 4203 Deo
3492 4148 3659 4218 gratias

2105 4241 2224 4297 age.
2252 4227 2409 4283 Dives
2444 4229 2542 4283 es?
2567 4233 2773 4300 gaudeo
2803 4232 3255 4323 vehementerque
3292 4238 3481 4293 lzetor:
3515 4247 3565 4291 at
3587 4237 3661 4291 ille

2109 4334 2308 4390 pauper
2332 4320 2504 4375 adhuc
2526 4334 2607 4377 est
2637 4340 2650 4377 :
2680 4339 2747 4379 ne
2772 4336 2987 4396 prepter
3008 4320 3223 4383 divitias
3248 4341 3365 4385 tuas
3385 4333 3435 4385 in
3457 4337 3664 4400 egestate

2107 4422 2340 4467 maneat.
2391 4412 2606 4483 Spinam
2637 4416 2793 4472 habet
2820 4420 2942 4486 ille,
2976 4423 3340 4490 perturbatam
3383 4426 3660 4479 rationem:

2108 4514 2162 4559 tu
2190 4520 2316 4559 vero
2342 4505 2407 4559 ad
2432 4507 2575 4561 illum
2610 4508 2892 4576 descende,
2941 4528 3004 4567 ac
3024 4515 3230 4583 spinam
3268 4517 3515 4573 extrahe.
3547 4512 3663 4584 Quid

2110 4595 2266 4665 igitur
2294 4596 2405 4651 ait?
2444 4597 2593 4653 Dives
2631 4612 2737 4653 erat
2764 4603 3002 4673 quidam;
3041 4606 3285 4674 nomine,
3338 4623 3443 4662 non
3473 4608 3662 4677 reipsa;

2107 4689 2255 4743 dives
2280 4700 2396 4745 crat
2421 4692 2634 4761 quidam
2665 4709 2893 4764 purpura
2927 4696 3163 4763 indutus,
3187 4700 3273 4754 cui
3307 4717 3491 4756 rnensa
3522 4716 3666 4771 appo-

2108 4781 2335 4836 nebatur
2353 4784 2568 4853 opipara
2593 4824 2608 4851 ,
2639 4786 2745 4839 vini
2779 4796 3014 4843 crateres
3042 4789 3240 4845 habens
3261 4805 3563 4857 coronatos,
3591 4791 3667 4861 qui

2107 4874 2349 4926 convivia
2376 4875 2611 4942 quotidie
2639 4877 2937 4932 celebrabat
2962 4897 2975 4940 ;
3004 4880 3137 4934 alter
3171 4897 3298 4937 vero
3328 4884 3542 4954 quidam
3572 4892 3670 4938 erat

2110 4977 2328 5031 pauper,
2355 4962 2587 5019 Lazarus
2611 4965 2822 5022 nomine
2855 4967 3007 5042 (Luc.
3036 4971 3122 5025 16.
3156 4972 3266 5043 l9).

2180 5052 2283 5107 Cur
2320 5070 2500 5108 nomen
2542 5056 2710 5111 divitis
2753 5075 2851 5112 non
2893 5060 2957 5114 sit
2994 5077 3301 5131 expressum.
3334 5091 3406 5105 -κ
3434 5064 3533 5121 Ubi
3561 5078 3671 5133 ergo

2110 5160 2306 5199 nomen
2332 5145 2510 5200 divitis
2534 5148 2558 5201 ?
2587 5148 2875 5220 Nusquam,
2905 5153 3098 5222 quippe
3121 5154 3210 5224 qui
3242 5158 3460 5212 nomine
3490 5167 3668 5210 careat.

2107 5236 2327 5304 Quanta:
2371 5236 2610 5293 divitiae?
2657 5239 2766 5296 Nec
2811 5251 2984 5297 tamen
3040 5244 3116 5298 illi
3164 5261 3356 5301 nomen
3407 5250 3671 5316 reperitur.

2107 5326 2301 5394 Quales
2332 5327 2541 5382 tandem
2567 5329 2650 5385 ha:
2675 5330 2920 5387 divitiae?
2947 5334 3121 5389 Arbor
3153 5335 3292 5392 foliis
3316 5353 3568 5403 vernans,
3593 5333 3674 5391 sed

2108 5418 2281 5473 fructu
2320 5419 2569 5477 destituta
2602 5440 2615 5477 :
2657 5438 2886 5493 quercus
2927 5426 2978 5479 in
3024 5428 3190 5482 altum
3234 5438 3487 5498 protensa
3514 5471 3529 5495 ,
3574 5439 3674 5498 qus

2107 5510 2351 5579 glandem
2408 5512 2576 5568 brutis
2624 5515 2980 5571 animantibus
3032 5518 3084 5572 in
3137 5518 3313 5575 cibum
3366 5519 3675 5588 suppeditat,

2113 5599 2272 5659 homo
2301 5603 2387 5674 qui
2416 5603 2638 5660 fructum
2667 5620 2773 5662 non
2801 5604 2959 5663 habet
2992 5606 3235 5664 hominis.
3274 5608 3367 5666 Ubi
3396 5607 3542 5669 cuitu
3562 5605 3674 5664 divi~
