4032 6198
394 380 516 432 1051

391 512 499 561 σον,
528 495 649 547 εἰπέ
683 512 793 564 μοι,
822 495 1141 567 μακαρίζεις
1180 494 1375 561 τοῦτον,
1411 496 1445 566 ἢ
1469 494 1951 560 ταλανίζειςςἘὰν

389 581 444 634 δὲ
466 581 651 650 ἕτερον
679 578 793 649 ἴδῃς
827 578 996 650 ὑδέρῳ
1027 592 1052 620 α
1080 579 1463 650 κατεχόμενον,
1511 579 1768 650 ἰατρικῶν
1816 581 1945 633 ἀποο

393 663 621 717 λαύοντα
646 665 877 736 χειρῶν,
908 664 1052 736 λιμῷ
1085 664 1273 719 ἐαυτὸν
1305 664 1600 729 ἐκδιδόντα,
1648 666 1705 717 ἐν
1750 663 1954 735 ἀπορίᾳ

392 747 557 817 πολλῇ
587 748 738 808 ὄντα,
794 749 1106 819 φαρμάκοις
1152 746 1662 822 προσκαρτεροῦντα
1716 748 1950 818 πικροῖς,

390 830 570 901 ἔχουσι
608 831 709 899 μὲν
743 830 954 902 ὀδύνην,
971 831 1213 885 τίκτουσι
1234 831 1290 883 δὲ
1317 830 1402 884 διὰ
1422 832 1520 900 τῆς
1535 829 1722 899 ὀδύνης
1745 828 1951 897 ὑγείαν,

388 913 509 983 ούχὶ
543 912 733 967 τοῦτον
753 914 892 985 ὑπὲρ
921 916 1125 967 ἐκεῖνον
1160 913 1519 983 μακαρίζεις;
1559 912 1914 981 Ὠμολόγηται
1937 927 1950 941 ’

389 995 417 1047 6
445 994 543 1064 μὲν
570 993 677 1066 γὰρ
708 999 873 1057 νοσεῖ.
897 995 993 1049 καὶ
1023 997 1083 1048 οὐ
1112 995 1471 1068 θεραπεύεται
1495 1010 1509 1024 σ
1536 997 1564 1047 6
1588 994 1644 1048 δὲ
1676 996 1837 1057 νοσεῖ,
1861 992 1954 1046 καὶ

390 1076 650 1130 ἀπολαύει
698 1078 955 1148 ἰατρείας.
999 1078 1137 1131 Ἀλλ’
1180 1078 1497 1146 ἐπίπονοςὴ
1540 1077 1767 1147 ἰατρεία.
1817 1077 1987 1129 Ἀλλ’¹

390 1159 661 1229 ὠφέλιμον
688 1161 858 1230 αὑτῆς
886 1160 947 1214 16
962 1161 1132 1223 τέλος.
1165 1160 1351 1231 Οῦτως
1375 1161 1491 1213 ἐστὶ
1510 1160 1604 1212 καὶ
1626 1161 1683 1213 ἐν
1707 1159 1785 1229 τῷ
1813 1176 1954 1229 παρ-

390 1242 504 1295 όντι
565 1242 685 1313 βίῳ.
729 1242 865 1295 Ἀλλ’
895 1243 1003 1297 ἀπὸ
1033 1243 1139 1296 τῶν
1171 1243 1436 1314 σωμάτων
1478 1242 1657 1311 ἄπαγε
1680 1242 1769 1295 τὸν
1800 1241 1955 1309 λόγον

389 1325 481 1377 ἐπὶ
508 1325 606 1387 τὰς
636 1324 975 1395 ψυχὰςηάπὸ
1006 1327 1112 1379 τῶν
1134 1325 1455 1395 νοσημάτων
1485 1323 1579 1376 ἐπὶ
1614 1323 1681 1377 τὰ
1703 1325 1953 1394 ἁμαρτή-

394 1422 557 1477 ματα,
588 1407 695 1461 ἀίπδ
711 1408 810 1478 τῆς
840 1408 1062 1478 πικρίας
1088 1408 1197 1461 τῶν
1218 1408 1523 1479 φαρμάκων
1551 1407 1643 1459 ἐπὶ
1669 1408 1768 1470 τὰς
1782 1423 1954 1475 τιμω-

394 1489 514 1559 ρίας
546 1490 638 1543 καὶ
670 1491 770 1561 τὴν
821 1491 1003 1562 κρίσιν
1059 1490 1155 1543 τοῦ
1199 1490 1353 1544 Θεοῦ.
1396 1491 1573 1560 Ὅπερ
1597 1490 1705 1560 γάρ
1751 1490 1868 1541 ἐστι
1895 1488 1956 1541 16

390 1573 678 1644 φάρμακον
729 1564 797 1626 τδ
836 1574 987 1645 παρά
1013 1575 1106 1627 τοῦ
1144 1572 1349 1643 ἰατροῦ,
1386 1574 1481 1625 καὶ
1513 1574 1545 1642 ὴ
1574 1570 1715 1641 τομὴ
1768 1572 1862 1623 καὶ
1894 1570 1956 1623 τὺ

390 1654 521 1725 πῦρ.
546 1655 702 1708 τοῦτό
719 1658 865 1709 ἐστιν
896 1658 928 1727 ἠ
957 1655 1193 1726 τιμωρία
1218 1659 1250 1726 ἡ
1281 1654 1429 1727 παρὰ
1449 1655 1540 1708 τοῦ
1566 1652 1720 1707 Θεοῦ.
1747 1653 1956 1723 Ὥσπερ

389 1736 498 1807 γάρ
529 1737 590 1790 16
624 1738 733 1807 πῦρ
767 1737 1023 1801 πολλάκις
1047 1738 1383 1808 ἐπαγόμενον
1416 1736 1582 1799 καίει,
1625 1737 1719 1789 καί⁵
1745 1735 1846 1806 τὴν
1872 1750 1957 1787 vo-

395 1819 503 1889 μὴν
529 1819 748 1883 κωλύει,
783 1821 877 1873 καὶ
903 1821 963 1873 τὸ
994 1820 1230 1889 σιδήριον
1250 1820 1561 1890 ἀφαιρεῖται
1603 1816 1699 1888 τὴν
1726 1816 1955 1888 σηπεδό-

389 1919 476 1963 να,
504 1901 624 1971 ἒχον
653 1902 751 1972 μὲν
787 1901 998 1972 ὀδύνην,
1035 1904 1269 1973 παρέχον
1286 1903 1341 1955 δὲ
1373 1902 1667 1972 ὠφέλειαν·
1695 1900 1837 1954 οὑτω
1862 1900 1957 1953 καὶ

387 1986 545 2055 λιμὸς
577 1988 670 2039 καὶ
698 1986 875 2057 λοιμοὶ
913 1987 1007 2040 καὶ
1033 1989 1133 2041 ὅσα
1160 1986 1307 2040 κακὰ
1341 1983 1600 2040 δοκοῦντα
1625 1981 1792 2051 εἶναι,
1837 1985 1956 2038 ἀντὶ

390 2068 606 2139 σιδήρου
640 2070 730 2123 καὶ
763 2070 933 2140 πυρὸς
964 2071 1257 2138 ἐπάγονται
1280 2072 1345 2138 τῇ
1378 2070 1545 2140 ψυχῇ,
1565 2069 1653 2122 ἶνα
1672 2068 1770 2139 τὴν
1787 2067 1956 2138 νομὴν

387 2151 494 2204 τῶν
522 2154 839 2223 νοσημάτων
862 2152 1003 2210 κατά
1033 2153 1131 2223 τὴν
1174 2152 1356 2206 εἰκόνα
1391 2151 1498 2204 τῶν
1547 2151 1811 2221 σωμάτων
1844 2166 1955 2203 κω-

387 2232 523 2305 λύσῃ
560 2236 652 2288 καί
707 2234 951 2304 βελτίονα
998 2235 1316 2306 ἐργάσηται.
1367 2233 1538 2288 Πάλιν
1595 2233 1836 2286 ἔστωσαν
1864 2231 1957 2285 δύο

390 2318 597 2387 πόρνοι,
633 2318 723 2370 καὶ
752 2318 1056 2371 ὑποκείσθω
1077 2317 1154 2388 τῷ
1173 2318 1315 2388 λόγῳ
1341 2319 1374 2389 ἡ
1405 2316 1568 2371 εἰκών
1589 2332 1603 2347 ·
1630 2316 1724 2370 δύο
1744 2315 1952 2387 πόρνον

387 2400 504 2453 ἀλλ’
535 2402 562 2452 ὀ
603 2402 700 2470 μὲν
734 2401 1004 2464 πλούσιος,
1040 2403 1067 2455 6
1089 2401 1145 2454 δέ
1174 2401 1362 2469 πένης.
1388 2399 1484 2462 Τίς
1515 2398 1714 2469 μᾶλλον
1735 2398 1957 2461 ἐλπίδας

390 2484 662 2552 σωτηρίας
686 2483 835 2553 ἔχεις
873 2483 1229 2554 Ὠμολόγηται
1260 2482 1500 2552 δηλονότι
1552 2483 1581 2534 ὁ
1623 2480 1812 2551 πένης.
1862 2479 1954 2551 Μὴ

385 2566 566 2618 τοίνυν
593 2566 750 2635 εἴπῃς
775 2608 787 2627 ,
819 2567 899 2619 ὃτι
940 2567 969 2618 6
1016 2565 1266 2628 πλούσιος
1306 2563 1558 2635 πορνεύει
1590 2565 1682 2616 καὶ
1711 2563 1952 2626 πλουτεῖ,

387 2650 484 2702 καὶ
510 2648 598 2702 διὰ
629 2650 784 2702 τοῦτο
816 2649 1104 2721 μακαρίζω
1131 2649 1312 2703 αὑτόν.
1357 2647 1571 2702 Μᾶλλον
1609 2647 1715 2700 ἔδει
1757 2663 1817 2700 σε
1849 2663 1954 2717 μα-

387 2733 634 2799 καρίζειν
666 2732 846 2797 αὑτὸν,
893 2733 942 2784 εί
976 2731 1252 2804 πορνεύων
1282 2731 1521 2795 ἐπένετο,
1577 2732 1625 2783 εἰ
1681 2728 1955 2800 πορνεύων
1985 2730 1990 2735 ’

386 2814 703 2884 ἐλίμωττεν·
735 2809 847 2885 εἶχε
864 2814 934 2883 γα
940 2831 972 2886 ρ
992 2815 1306 2869 διδάσκαλον
1324 2812 1842 2884 κατηναγκασμένον
1858 2812 1957 2881 τῆς

388 2897 708 2967 φιλοσοφίας
732 2898 829 2970 τὴν
852 2898 1060 2951 πενίαν.
1090 2899 1258 2951 Ὅταν
1283 2899 1399 2971 ἴδῃς
1428 2898 1595 2951 κακὸν
1624 2895 1958 2967 εὑημεροῦν-

382 3000 475 3047 τα,
508 2983 801 3055 δάκρυσονο
838 2982 931 3036 δύο
959 2983 1069 3052 γὰρ
1098 2983 1263 3045 κακὰ,
1300 2983 1393 3035 καὶ
1414 2982 1570 3045 νόσος
1594 2981 1688 3035 καὶ
1718 2981 1780 3033 16
1804 2981 1957 3034 ἀνία-

383 3084 495 3121 τον.
522 3068 688 3121 Ὅταν
710 3067 821 3140 ἴδῃς
845 3067 1013 3121 κακὸν
1038 3068 1095 3120 ἐν
1118 3067 1420 3137 συμφοραῖς
1436 3064 1582 3128 ὄντα,
1604 3061 1954 3136 παραμυθοῦ,

389 3152 466 3222 μὴ
489 3151 576 3204 διὰ
595 3151 750 3204 τοῦτο
773 3152 954 3221 μόνον,
984 3150 1065 3203 ὅτι
1092 3149 1309 3219 βελτίων
1331 3148 1562 3217 γίνεται,
1589 3147 1703 3202 ἀλλ’
1727 3150 1809 3202 ὃτι
1837 3148 1958 3201 πολ-

384 3234 455 3286 λὰ
481 3234 589 3285 τῶν
606 3233 1013 3304 ἁμαρτημάτων
1041 3232 1203 3286 αὑτοῦ
1222 3230 1451 3285 ἐνταῦθα
1463 3228 1754 3285 διαλύεται.
1784 3230 1958 3301 Πρόσ-

383 3333 478 3385 εχε
516 3318 653 3387 μετὰ
670 3316 959 3391 άκριδείας
988 3315 1064 3386 τῷ
1091 3315 1254 3386 λόγῳ.
1289 3314 1480 3369 Πολλοὶ
1515 3315 1623 3367 τῶν
1655 3312 1956 3385 ἀνθρώπων

384 3402 482 3453 καὶ
528 3400 759 3453 ἐνταῦθα
813 3398 1151 3463 διαλύονται,
1186 3400 1280 3452 καὶ
1307 3400 1424 3452 ἐκεῖ
1463 3399 1771 3469 κρίνονταιο
1820 3399 1871 3451 οἰ
1901 3398 1959 3451 δέ

384 3481 621 3535 ἐνταῦθα
663 3482 839 3553 μόνον,
865 3482 914 3534 οἰ
936 3481 992 3535 δὲ
1017 3484 1134 3535 ἐκεῖ
1163 3481 1340 3551 μόνον.
1377 3481 1590 3551 Κάτεχέ
1625 3497 1726 3552 μου
1760 3480 1856 3551 τὴν
1881 3480 1957 3533 δι·-

381 3565 679 3618 δασκαλίαν
697 3582 710 3595 ·
744 3557 898 3627 οὗτος
926 3564 1034 3634 γὰρ
1061 3562 1454 3634 διευκρινηθεὶς
1479 3565 1507 3616 6
1532 3562 1687 3631 λόγος
1730 3562 1957 3626 πολλοὺς

385 3647 648 3719 θορύϐους
670 3647 889 3700 ἐκϐαλεῖ
917 3664 1008 3700 σου
1040 3645 1134 3699 τοῦ
1165 3644 1446 3716 λογισμοῦ.

474 3729 631 3793 Ἀλλ’,
667 3731 715 3782 εἰ
756 3729 922 3790 δοκεῖ,
958 3728 1370 3800 παραγάγωμεν
1416 3730 1496 3791 εἰς
1533 3728 1694 3798 μέσον
1744 3728 1956 3799 πρῶτον

382 3813 479 3868 τὸν
526 3816 642 3867 ἐκεῖ
680 3814 777 3883 μὲν
820 3811 1196 3882 κολαζόμενον,
1237 3809 1471 3864 ἐνταῦθα
1491 3810 1548 3863 δέ
1576 3810 1956 3864 ἀπολαύσαντα

382 3897 620 3966 τρυφῆς.
653 3896 1074 3968 Προσεχέτωσαν
1103 3896 1196 3947 καὶ
1222 3892 1463 3947 πλούσιοι
1494 3892 1588 3946 καὶ
1618 3893 1849 3963 πένητες
1878 3890 1957 3961 τῷ

384 3982 683 4051 λεγομένῳ·
735 3978 1014 4050 ἑκατέροις
1068 3978 1178 4048 γὰρ
1235 3978 1503 4049 χρήσιμος
1545 3979 1579 4048 ἡ
1619 3976 1953 4029 διδασκαλία.

389 4066 515 4117 Ὅτι
541 4063 647 4134 γὰρ
676 4063 767 4116 καὶ
800 4060 946 4133 [777]
980 4061 1213 4114 ἐνταῦθα
1243 4060 1338 4113 καὶ
1383 4062 1498 4112 ἐκεῖ
1533 4059 1718 4112 πολλοί
1747 4058 1958 4129 κρίνον-

381 4166 497 4208 ται.
521 4147 683 4200 ἄκουε
703 4146 797 4199 τοῦ
819 4145 1051 4217 Χριστοῦ
1078 4145 1342 4213 λέγοντος
1373 4147 1478 4210 Εἰς
1504 4143 1585 4211 ἠν
1607 4144 1659 4197 δ’
1682 4142 1758 4197 ἂν
1778 4144 1959 4197 πόλιν

380 4232 425 4298 ἢ
456 4231 651 4284 οὶκίαν
677 4227 1005 4295 εἰσέλθητε,
1032 4228 1440 4297 εἰσερχόμενοι
1475 4228 1563 4292 εἰς
1588 4224 1702 4295 τὴν
1736 4226 1952 4291 οἰκίαν,

382 4311 752 4367 ἀσπάσασθε
802 4311 1016 4377 αὐτὴν,
1068 4309 1368 4379 λέγοντεςο
1407 4308 1628 4378 Εἰρήνη
1681 4306 1762 4373 τῷ
1812 4309 1957 4373 οῑκφ

381 4397 595 4459 τούτῳ.
626 4396 754 4449 Κᾶν
776 4393 894 4464 μὲν
927 4390 973 4465 ᾗ
996 4395 1033 4463 ἡ
1071 4395 1227 4448 οἰκία
1252 4394 1412 4458 ἀξία,
1453 4392 1768 4446 εἰσελθέτω
1802 4395 1841 4461 ἠ
1876 4395 1955 4447 εἰ·

378 4478 538 4550 ρήνη
562 4476 728 4546 ὑμῶν
749 4478 841 4531 ἐπ’
863 4477 1074 4545 αὐτήνο
1105 4477 1214 4531 ἐὰν
1240 4476 1308 4530 δέ
1325 4476 1410 4545 μὴ
1438 4471 1479 4547 ᾖ
1502 4476 1662 4540 ἀξία.
1686 4477 1725 4544 ἡ
1749 4475 1955 4545 εἰρήνη

382 4560 554 4631 ὑμῶν
578 4562 669 4631 ἐφ’
701 4562 855 4630 ὑμᾶς
885 4559 1300 4629 ἐπιστραφήτω
1323 4560 1370 4613 δ.
1400 4560 1506 4614 Καὶ
1535 4559 1604 4626 ὃς
1647 4558 1723 4613 ἂν
1743 4559 1828 4629 μὴ
1859 4559 1956 4614 δέο

380 4646 563 4713 (fama
585 4646 761 4716 ὑμᾶς,
787 4646 943 4715 μηδὲ
970 4647 1205 4713 ἀκούσῃ
1240 4644 1383 4709 τοὺς
1400 4646 1623 4715 λόγους
1651 4645 1834 4714 ὑμῶν,
1856 4646 1955 4710 ἐξ·

379 4730 699 4798 ερχόμενοι
748 4729 864 4794 ἔξω
924 4727 1034 4796 τῆς
1097 4729 1363 4793 πόλεως,
1438 4727 1783 4792 ἐκτινάξατε
1850 4723 1957 4783 τόν

379 4812 700 4880 κονιορτὸν
746 4810 865 4865 τῶν
906 4811 1107 4864 ποδῶν
1146 4808 1333 4879 ὑμῶν.
1388 4810 1564 4880 Ἀμὴν
1593 4812 1747 4881 λέγω
1790 4813 1953 4881 ὑμῖν,

381 4897 777 4964 ἀνεκτότερον
807 4895 978 4948 ἔσται
1009 4892 1085 4961 γῆ
1110 4892 1386 4962 Σοδόμων
1414 4894 1515 4948 καὶ
1544 4895 1863 4964 Γομόρρων
1886 4895 1958 4948 ἐν

382 4980 578 5049 ἡμέρᾳ
615 4979 887 5047 κρίσεως,
920 4977 958 5043 ἢ
986 4974 1061 5044 τῇ
1100 4978 1274 5030 πόλει
1299 4977 1518 5046 ἐκείνη.
1546 4980 1649 5044 Εἰς
1682 4976 1763 5045 ἢν
1798 4978 1849 5032 δ’
1880 4978 1958 5034 ἂν

382 5065 571 5115 πόλιν
603 5060 641 5129 ἢ
674 5061 871 5114 οἰκίαν
900 5061 1229 5126 εἰσέλθητε,
1264 5059 1587 5123 ἐξετάσατε
1630 5062 1721 5127 τίς
1744 5062 1814 5116 ἐν
1850 5065 1956 5117 αὺ-

380 5143 464 5211 τῇ
502 5142 671 5209 ἄξιός
708 5143 860 5206 ἐστι,
897 5141 1072 5196 κάκεῖ
1096 5142 1358 5210 μείνατε,
1404 5141 1513 5208 ἕως
1541 5142 1619 5196 ἂν
1646 5143 1951 5213 ἐξέλθητε.

396 5228 534 5280 Ἀπὸ
554 5227 756 5280 τούτων
784 5225 942 5295 δῆλον
972 5226 1122 5278 ὃτιοί
1150 5225 1397 5296 Σοδόμων
1426 5228 1520 5280 καὶ
1545 5229 1835 5300 Γομόρρων
1861 5231 1955 5283 καὶ

378 5308 622 5362 ἐνταῦθα
675 5308 989 5379 ἐκρίθησαν,
1045 5309 1138 5362 καὶ
1184 5309 1301 5361 ἐκεῖ
1350 5318 1373 5347 ο
1416 5308 1750 5373 κολάζονται.
1786 5313 1955 5367 Ὅταν

380 5392 500 5466 γὰρ
536 5392 690 5464 λέγῃ,
739 5393 821 5445 ὃτι
864 5392 1213 5463 ἀνεκτότερον
1264 5391 1414 5446 ἔσται
1460 5393 1712 5464 Σοδόμοις
1755 5396 1788 5466 ἦ
1831 5396 1953 5450 τού-

445 5624 462 5693 _'
485 5628 851 5693 Ygli_c.66epe€q.

445 5687 470 5754 ὶξ
499 5688 651 5754 _V_:ali_c_.
676 5687 790 5754 πρὸς
812 5687 932 5754 ὑμᾷς
947 5692 1300 5754 άναστραφέτω.

447 5753 472 5784 ⁸
496 5750 576 5801 Sic
600 5750 777 5813 Υιιιίίκ,
809 5750 857 5801 ili
894 5752 1061 5801 Morel.
1087 5750 1135 5802 οι
1162 5753 1309 5805 Savil.
1337 5767 1451 5804 vero
1475 5757 1554 5805 καὶ
1574 5757 1759 5806 ἐκεῖθεν.

1600 375 1685 429 DE
1722 372 1996 429 LAZARO
2034 371 2282 429 CONCIO
2323 373 2407 428 Vl.

2056 487 2508 562 τοιςίδείκνυσιν,
2547 495 2629 548 ὅτι
2666 493 2980 557 κολάζονται
3011 489 3131 560 μὲν,
3159 488 3256 559 οὑχ
3277 486 3419 540 οὑτω
3461 486 3518 538 δὲ
3554 486 3630 538 (in

2056 573 2219 633 οὗτοι.

2127 669 2188 723 δ’.
2210 669 2377 723 Πάλιν
2398 669 2535 722 εἰσὶν
2565 670 2613 721 οἰ
2633 665 2862 721 ἐνταῦθα
2878 663 3226 727 κολαζόμενοι
3247 658 3628 730 μόνον,ὥσπερ

2054 755 2084 807 6
2117 751 2521 822 πεπορνευκώς.
2548 751 2854 823 Κορινθίοις
2892 748 3001 817 γάρ
3029 744 3356 799 ἐπιστέλλων
3391 746 3420 797 6
3446 744 3628 814 μακά-

2059 852 2173 905 ριος
2223 834 2453 898 Παῦλος,
2501 833 2673 897 οὕτως
2732 834 2934 901 ἔλεγεν·
2989 830 3175 894 ’Όλως
3223 827 3502 882 ἀκούεται
3558 827 3630 879 ἐν

2055 917 2197 986 ὑμῖν
2219 918 2483 986 πορνεία,
2506 917 2606 970 καί
2636 918 2879 985 τοιαύτη
2912 913 3179 982 πορνεία,
3221 911 3351 978 ἣτις
3385 910 3528 963 οὐδὲ
3559 910 3631 963 ἐν

2056 1000 2179 1066 τοῖς
2221 1000 2464 1054 ἔθνεσιν
2501 997 2861 1069 ὀνομάζεται,
2895 997 3050 1051 ὥστε
3078 994 3333 1065 γυναῖκά
3360 1010 3493 1046 τινα
3521 987 3628 1046 τοῦ

2057 1083 2278 1151 πατρὸς
2302 1083 2484 1151 ἐχειν.
2517 1083 2625 1136 Καὶ
2653 1082 2822 1151 ὑμεῖς
2858 1078 3295 1149 πεφυσιωμένοι
3335 1075 3496 1135 ἐστὲ,
3530 1075 3628 1128 καί

2057 1167 2193 1235 οὐχὶ
2230 1166 2471 1236 μᾶλλον
2515 1163 2904 1231 ἐπενθήσατε,
2939 1163 3039 1216 ἵνα
3066 1159 3290 1228 ἐξαρθῇ
3326 1160 3395 1212 ἐκ
3433 1158 3654 1227 μέσουο

2057 1248 2223 1317 ὑμῶν
2244 1252 2276 1303 ό
2297 1248 2364 1302 τὸ
2389 1247 2564 1317 ἔργον
2590 1247 2765 1301 τοῦτο
2787 1243 3067 1311 ποιήσας.
3105 1242 3251 1312 Ἐγὼ
3273 1240 3389 1310 μὲν
3413 1240 3522 1311 γὰρ
3550 1240 3631 1306 ὡς

2056 1330 2227 1384 ἀπὼν
2258 1330 2336 1395 τῷ
2376 1329 2619 1399 σώματι,
2672 1330 2877 1396 παρὼν
2927 1326 2995 1381 δὲ
3032 1326 3111 1392 τῷ
3156 1325 3465 1393 πνεύματι,
3512 1322 3629 1390 ἤδη

2056 1413 2322 1481 κέκρικα,
2352 1413 2431 1477 ὡς
2470 1412 2674 1480 παρὼν
2702 1411 2810 1464 τὸν
2837 1411 2989 1465 οὕτω
3021 1408 3195 1462 τοῦτο
3226 1403 3630 1473 κατεργασμέ-

2056 1511 2184 1558 νον,
2211 1495 2280 1547 ἐν
2303 1494 2383 1560 τῷ
2410 1495 2652 1563 ὀνόματι
2678 1493 2785 1548 τοῦ
2808 1494 3027 1560 Κυρίου
3065 1490 3233 1560 ἡμῶν
3273 1487 3469 1557 Ἰησοῦ
3496 1489 3630 1554 Χρι-

2056 1578 2205 1631 στοῦ
2228 1577 2655 1646 συναχθέντων
2687 1574 2895 1645 ήμῶνά
2924 1574 3022 1628 καί
3062 1573 3164 1627 τοῦ
3194 1572 3340 1641 ἐμοῦ
3371 1571 3633 1638 πνεύμα-

2056 1674 2178 1723 τος,
2214 1659 2584 1726 παραδοῦναι
2635 1658 2740 1712 τὸν
2792 1657 3065 1711 τοιοῦτον
3122 1653 3204 1720 τῷ
3254 1651 3489 1718 σατανᾷ
3543 1654 3634 1718 εἷς

2057 1741 2308 1809 ὄλεθρον
2328 1741 2439 1810 τῆς
2463 1741 2709 1809 σαρκὸς,
2760 1741 2860 1794 ἵνα
2889 1740 2953 1793 τὸ
2990 1739 3225 1807 πνεῦμα
3262 1735 3431 1803 σωθῇ
3463 1735 3532 1789 ἐν
3557 1733 3634 1803 τῇ

2056 1823 2246 1892 ἡμέρᾳ
2267 1825 2373 1879 τοῦ
2394 1825 2616 1893 Κυρίου
2648 1824 2865 1891 Ἰησοῦ.
2907 1820 3059 1886 Εἶδες
3090 1821 3207 1884 πῶς
3233 1815 3386 1883 οὗτος
3409 1814 3512 1875 ὧδε
3541 1835 3634 1872 κο·

2055 1906 2296 1972 λάζεται,
2346 1907 2441 1961 καὶ
2487 1909 2605 1960 ἐκεῖ
2654 1908 2714 1960 οὑ
2757 1907 3079 1971 κολάζεται;
3126 1903 3341 1971 Ἐπειδὴ
3377 1901 3487 1973 γὰρ
3528 1895 3633 1954 ὧδε

2055 1990 2323 2060 ἐκολάσθη
2367 1989 2531 2044 αὑτοῦ
2563 1990 2625 2044 16
2660 1990 2839 2061 σῶμα,
2874 1992 2990 2043 ἐκεῖ
3018 1990 3078 2042 ού
3123 1987 3432 2051 κολάζεται.
3481 1984 3633 2039 Θέλω

2059 2070 2158 2145 [δέ]
2180 2072 2366 2126 λοιπὸν
2404 2073 2574 2139 δεῖξαι
2603 2072 2696 2126 τὸν
2725 2070 2826 2127 ὧδε
2850 2071 3374 2143 τρυφήσανταωέκεῖ
3395 2070 3451 2123 δὲ
3473 2069 3636 2122 κολα-

2057 2155 2303 2226 ζόμενον.
2332 2151 2443 2211 Ἦν
2463 2174 2554 2222 τις
2577 2158 2894 2222 πλούσιος.
2933 2155 3073 2208 Ἀλλ’
3103 2156 3151 2207 εἰ
3187 2155 3282 2207 καὶ
3310 2152 3633 2224 προλαμϐά-

2055 2254 2173 2290 νετε
2208 2239 2307 2310 τὴν
2345 2240 2585 2310 ἱστορίαν
2633 2238 2728 2291 τοῦ
2762 2238 3122 2308 διηγήματος,
3162 2236 3491 2307 ἀναμείνατε
3533 2236 3632 2306 τὴν

2054 2320 2207 2375 λύσιν
2231 2321 2324 2375 τοῦ
2357 2322 2538 2391 λόγον
2559 2322 2717 2375 τοῦτο
2736 2321 2844 2392 γάρ
2873 2322 3003 2391 ἐμὸν
3044 2320 3343 2391 ἐγκώμιον.
3375 2321 3469 2373 καὶ
3490 2321 3630 2389 ὑμέ-

2053 2421 2211 2476 τερος
2241 2404 2478 2473 ἔπαινος,
2508 2406 2807 2478 προοιμίων
2836 2404 3344 2475 καταϐαλλομένων,
3362 2405 3461 2474 ἢδη
3486 2405 3631 2474 ὑμᾶς

2054 2488 2146 2541 τὸν
2176 2489 2374 2558 στάχυν
2404 2489 2718 2559 δρέπεσθαι.
2750 2488 3116 2551 Διδασκάλους
3153 2489 3297 2557 ὑμᾶς
3338 2488 3632 2558 εἰργάσατο

2054 2573 2089 2641 ἡ
2123 2572 2350 2642 συνεχὴς
2390 2571 2500 2625 τῶν
2538 2571 2710 2640 λόγων
2762 2571 3081 2633 ἀπόλαυσις
3129 2570 3245 2625 ἀλλ’
3277 2570 3464 2639 ἐπειδὴ
3513 2568 3632 2639 μεθ’

2056 2653 2209 2723 ὑμῶν
2258 2656 2365 2707 εἰσι
2405 2655 2500 2708 καὶ
2541 2654 2682 2721 ξένοι
2713 2654 2859 2717 τινὲς
2887 2654 3165 2718 εἰσιόντες,
3209 2652 3283 2724 μὴ
3322 2652 3545 2723 τρέχετε
3582 2662 3629 2711 ο.

2056 2736 2171 2791 ἀλλ’
2216 2737 2544 2808 ἀναμείνατε
2592 2738 2720 2801 τοὺς
2760 2735 3114 2807 χωλεύοντας.
3151 2735 3262 2788 Καὶ
3305 2734 3414 2805 γὰρ
3448 2736 3480 2804 ὴ
3517 2734 3635 2787 Ἐκ-

2057 2819 2255 2891 κλησία
2305 2820 2469 2891 σῶμά
2520 2808 2694 2874 ἐᾶτινι
2741 2819 3016 2891 ὀφθαλμὸν
3065 2816 3197 2887 ἐχεὶ,
3249 2817 3345 2871 καὶ
3389 2816 3632 2888 κεφαλὴν

2055 2903 2187 2973 ἔχει.
2220 2904 2431 2975 Ὥσπερ
2475 2898 2568 2957 οῦν
2608 2903 2704 2955 ἐὰν
2740 2904 2774 2973 ἡ
2821 2902 3029 2973 πτέρνα
3061 2900 3279 2970 δέξηται
3309 2899 3567 2963 ἄκανθαν,
3601 2901 3633 2953 6

2054 2984 2327 3055 ὀφθαλμὸς
2355 2985 2506 3039 κάτω
2545 2983 2759 3047 κύπτει,
2790 2984 2950 3053 μέλος
2989 2982 3064 3036 ὢν
3099 2981 3193 3036 τοῦ
3234 2981 3503 3052 σώματος,
3534 2984 3631 3036 καὶ

2054 3068 2115 3120 οὑ
2145 3068 2311 3135 λέγει,
2351 3067 2569 3136 Ἐπειδὴ
2617 3068 2673 3120 ἐν
2710 3065 2833 3137 ὕψει
2871 3066 3135 3138 κάθημαι,
3173 3066 3498 3136 καταφρονῶ
3533 3066 3630 3120 τοῦ

2056 3149 2208 3202 κάτω
2234 3149 2446 3219 μέλους,
2481 3149 2615 3203 ἀλλά
2645 3149 2841 3203 κύπτει
2865 3149 2958 3203 καὶ
2990 3148 3389 3218 καταλιμπάνει
3422 3148 3483 3201 16
3505 3149 3631 3201 ἐαυ-

2054 3230 2149 3285 τοῦ
2214 3231 2365 3301 ὕψος·
2432 3233 2612 3287 καίτοι
2660 3232 2712 3285 τί
2761 3232 2998 3303 πτέρνης
3046 3231 3441 3301 εὐτελέστερον,
3489 3230 3521 3301 ἢ
3576 3231 3630 3284 τί

2054 3315 2335 3386 ὀφθαλμοῦ
2357 3316 2766 3388 εὑγενέστερονς
2790 3316 2903 3371 ἀλλ’
2925 3318 2958 3386 ἡ
2989 3315 3299 3385 συμπάθεια
3325 3315 3384 3368 16
3410 3315 3633 3384 dzvcbpa~

2056 3400 2146 3453 λον
2173 3399 2471 3470 διώρθωσε,
2513 3401 2607 3454 καὶ
2646 3401 2678 3470 ἡ
2716 3400 2902 3468 ἀγάπη
2927 3400 2988 3452 16
3022 3402 3130 3453 πᾶν
3178 3397 3460 3469 ἐκέρασεν⁸
3487 3397 3631 3451 οὕτω

2057 3482 2152 3536 καί
2195 3484 2258 3536 σὺ
2304 3483 2465 3536 ποίει⁶
2516 3482 2618 3537 κᾶν
2648 3483 2819 3553 ταχὺς
2852 3479 2939 3554 ᾗς,
2976 3481 3078 3535 κᾶν
3114 3482 3630 3553 παρεσκευασμένος

2057 3565 2194 3634 πρὸς
2241 3565 2523 3637 ἀκρόασιν.
2572 3564 2647 3635 μὴ
2702 3565 2831 3636 ἔχῃς
2879 3566 2936 3618 δὲ
2981 3565 3494 3637 παρακολουθοῦντα
3536 3567 3630 3619 τὸν

2057 3644 2287 3713 ἀδελφὸν
2328 3647 2440 3707 τοῖς
2479 3643 2990 3713 καταϐαλλομένοις,
3029 3644 3323 3715 καταϐητω
3360 3646 3389 3697 6
3426 3643 3630 3713 ὀφθαλ-

2062 3729 2159 3800 μός
2188 3743 2283 3780 σου
2314 3727 2449 3797 πρὸς
2475 3725 2572 3796 τὴν
2594 3726 2845 3796 πτέρναν·
2883 3726 3249 3795 συμπασχέτω
3271 3725 3350 3797 τῷ
3372 3726 3630 3795 χωλεύον-

2053 3828 2108 3863 τι
2158 3810 2330 3881 μέλει,
2372 3808 2512 3862 ὥστε
2549 3809 2623 3880 μὴ
2664 3808 2753 3862 διὰ
2792 3807 2891 3879 τὴν
2935 3808 3033 3878 σὴν
3064 3809 3359 3879 ταχυτῆτα,
3394 3809 3487 3861 καὶ
3529 3810 3629 3880 τὴν

2058 3892 2267 3947 ἐκείνου
2329 3891 2658 3963 βραδυτῆτα,
2717 3890 2923 3961 ἔρημον
2968 3890 3129 3944 αὑτὸν
3190 3892 3480 3962 ἀπομεῖναι
3530 3891 3626 3944 τοῦ

2058 3974 2207 4047 [778]
2243 3973 2422 4041 λόγου.
2473 3972 2564 4044 Μὴ
2592 3976 2657 4045 τῇ
2693 3974 2904 4026 συνέσει
2945 3975 3010 4044 τῇ
3054 3976 3117 4044 σῇ
3159 3974 3237 4036 εἰς
3279 3973 3486 4025 ἐκείνου
3524 3973 3631 4025 ἀπο

2055 4057 2251 4112 ώλειαν
2302 4059 2612 4130 ἀποχρήσῃ,
2651 4056 2786 4111 ἀλλὰ
2815 4057 2975 4128 χάριν
3010 4056 3098 4127 ἔχε
3133 4055 3212 4126 τῷ
3239 4055 3358 4126 Θεῷ
3399 4055 3488 4108 διὰ
3527 4056 3629 4127 τὴν

2059 4141 2156 4213 σὴν
2176 4142 2471 4212 ταχυτῆτα.
2505 4140 2766 4204 Πλούσιός
2794 4137 2879 4205 εί;
2915 4140 3091 4212 χαίρω
3120 4141 3215 4193 καί⁸
3240 4139 3623 4209 εὑφραίνομαι·

2056 4224 2170 4278 ἀλλ’
2198 4226 2404 4287 ἐκεῖνος
2441 4222 2523 4277 ἔτι
2550 4223 2796 4277 πένεταιυ
2825 4223 2898 4295 μὴ
2921 4222 3010 4278 διὰ
3038 4223 3130 4276 16v
3160 4222 3250 4276 06v
3270 4222 3498 4276 πλοῦτον
3526 4240 3621 4293 με-

2057 4309 2195 4363 νέτω
2233 4310 2292 4361 ἐν
2315 4309 2380 4379 τῇ
2403 4306 2665 4377 πτωχείᾳ.
2698 4304 2975 4359 Ἀκανθαν
3004 4304 3115 4377 ἔχει
3147 4306 3370 4370 ἐκεῖνος.
3400 4305 3623 4379 τεθορυ-

2058 4390 2294 4462 ϐημένον
2336 4387 2614 4459 λογισμόν
2658 4387 2795 4442 ἀλλά
2833 4388 3103 4460 κατάὸηθι
3143 4389 3278 4460 πρὸς
3315 4390 3497 4453 αὑτὸν,
3533 4392 3628 4443 καὶ

2057 4474 2205 4538 ἐξελε
2229 4472 2329 4543 τὴν
2351 4471 2612 4526 ἄκανθαν.
2631 4471 2696 4524 Τί
2728 4467 2821 4525 οὖν
2842 4488 3003 4542 φησιν
3023 4490 3037 4535 ;
3066 4468 3177 4527 Ἦν
3197 4489 3287 4540 τις
3308 4474 3624 4539 πλούσιος,

2057 4557 2302 4627 ὀνόματι,
2319 4555 2438 4626 οὐχὶ
2465 4550 2886 4626 πράγματι.Ἦν
2907 4572 2996 4620 τις
3011 4557 3327 4622 πλούσιος,
3341 4556 3628 4628 πορφύραν

2058 4638 2494 4709 ἐνδιδυσκόμενος
2520 4680 2536 4705 ,
2570 4635 2849 4708 τράπεζαν
2880 4637 3315 4710 παρατιθέμενος
3338 4639 3622 4708 πολυτελῆ.

2058 4721 2339 4793 κρατῆρας
2387 4720 2526 4790 ἔχων
2576 4720 2941 4792 ἐστεμμένους
2977 4721 3142 4787 οἴνου,
3188 4721 3462 4791 συμπόσια
3503 4721 3624 4775 καθ’

2059 4806 2295 4876 ἑκάστην
2321 4803 2533 4876 ἡμέραν
2562 4805 2751 4859 ποιῶν·
2787 4805 2973 4877 ἕτερος
3001 4805 3059 4862 δέ
3091 4822 3175 4869 τις
3196 4801 3264 4877 ῆν
3292 4804 3483 4876 πένης,
3518 4805 3623 4858 Λά-

2058 4888 2223 4960 ζαρος
2243 4887 2486 4959 ὀνόματι.
2819 4886 2825 4899 ’

2130 4971 2241 5023 Καὶ
2269 4970 2374 5024 ποῦ
2404 4970 2466 5023 16
2487 4970 2658 5040 ὄνομα
2686 4970 2781 5024 τοῦ
2810 4968 3097 5034 πλουσίους
3127 4966 3397 5040 Ούδαμοῦ’
3422 4968 3624 5022 ἀνώνυ-

2061 5068 2159 5123 μος
2200 5052 2310 5123 γάρ
2345 5054 2480 5108 ἐστι.
2515 5052 2686 5115 Πόσος
2719 5052 2971 5116 πλοῦτος;
3005 5052 3100 5105 καί
3145 5052 3315 5123 ὄνομα
3346 5049 3495 5120 αὑτῷ
3527 5051 3625 5120 οὑχ

2056 5133 2387 5207 εὑρίσκεται.
2419 5134 2576 5197 Ποῖος
2629 5134 2855 5198 πλοῦτος
2906 5128 3091 5199 οῦτοςς
3146 5134 3368 5205 Δένδρον
3407 5134 3625 5203 φύλλοις

2061 5216 2162 5287 μὲν
2214 5216 2420 5287 κομῶν,
2471 5216 2682 5286 καρποῦ
2719 5217 2776 5270 δὲ
2821 5218 3285 5289 ἀπεστερημένον,
3326 5217 3457 5289 δρῦς
3489 5219 3623 5289 πρὸς

2058 5298 2190 5368 ὕψος
2237 5291 2634 5370 ἀνατεταμένη,
2687 5299 2903 5368 ἀλόγοις
2935 5300 3141 5372 τροφὴν
3178 5300 3490 5372 παρέχουσα
3525 5302 3624 5371 τὴν

2059 5382 2307 5449 βάλανον,
2366 5382 2651 5453 ἄνθρωπος
2703 5383 2804 5437 οὑκ
2863 5382 3000 5452 ἔχων
3046 5383 3333 5456 ἀνθρώπου
3388 5386 3622 5456 καρπόν.

2060 5464 2229 5516 Ὅπου
2263 5462 2371 5533 γὰρ
2404 5462 2633 5528 πλοῦτος
2664 5467 2758 5518 καὶ
2804 5466 3069 5537 ἁρπαγαὶ,
3100 5466 3263 5530 λύκος
3294 5470 3324 5521 ὀ
3362 5466 3610 5538 βλεπόμε-

2058 5563 2164 5611 νος·
2196 5547 2326 5601 ὄπου
2357 5546 2583 5612 πλοῦτος
2608 5549 2701 5603 καὶ
2730 5548 3008 5620 θηριωδία,
3034 5550 3219 5606 λέοντα
3244 5550 3374 5624 ὁρῶ,
3410 5554 3505 5607 καὶ
3527 5554 3629 5607 ιύκ

2116 5700 2144 5741 d
2171 5701 2293 5768 ᾗτε.
2320 5715 2428 5752 cum
2462 5705 2609 5754 Savil.
2637 5709 2786 5768 ὑμῶν.

2124 5770 2146 5796 ε
2171 5762 2318 5813 Valic.
2348 5767 2410 5827 μή
2429 5784 2487 5829 τις.
2520 5762 2795 5830 λαμϐάνετε.

3490 363 3630 421 107.2
3746 374 3753 377 '
