4032 6198
324 279 466 335 εοδδ

319 395 410 450 tia:
439 407 502 448 ac
531 391 752 462 rapitur,
786 392 940 462 lupus
968 402 1050 447 est
1081 392 1126 446 is
1151 392 1240 462 qui
1278 392 1514 448 cernitur
1547 413 1559 449 :
1589 394 1676 449 ubi
1705 393 1909 452 divitia:

317 499 375 542 et
419 486 624 549 feritas,
670 485 878 540 leonem
914 485 1068 541 video
1105 500 1211 540 non
1241 485 1548 542 hominem:
1578 488 1907 545 nobilitatem

319 576 550 648 perdidit
579 575 906 646 ignobilitate
950 575 1185 631 malitize.
1220 575 1372 631 Dives
1398 587 1504 631 erat
1545 579 1750 650 quidam
1773 620 1790 647 ,
1815 581 1908 652 qui

313 669 555 741 quotidie
579 683 810 738 purpura
834 667 1152 724 induebatur
1174 685 1187 722 :
1216 669 1390 725 anima
1412 685 1540 726 vero
1561 670 1677 741 ejus
1697 673 1907 729 araneis

314 760 514 820 referta
539 767 658 816 erat
698 778 712 814 :
759 769 1024 831 unguenta
1053 761 1319 832 spirabat,
1365 771 1420 817 at
1466 762 1671 819 fartoris
1718 764 1908 835 plenus

311 861 433 908 erat
465 869 481 906 :
513 865 696 907 ntetisa
726 852 801 906 illi
847 852 1215 922 apponebatur
1256 853 1474 924 opipam
1506 871 1520 908 :
1547 856 1809 926 parasitos
1851 865 1906 912 et

311 946 616 1002 adulatores
658 945 833 1001 alebat
878 963 893 999 :
934 961 1153 1002 carnem
1181 947 1460 1018 saginabat
1485 948 1732 1004 ancillam
1766 967 1779 1005 :
1809 950 1906 1006 do-

310 1039 513 1092 minam
566 1045 744 1093 ante
773 1037 1002 1093 animam
1033 1038 1173 1094 fame
1199 1039 1498 1096 confectam
1551 1041 1851 1112 negiigebat
1883 1061 1898 1098 :

307 1129 505 1184 donius
542 1129 616 1184 illi
646 1138 762 1184 erat
794 1130 953 1184 sertis
982 1128 1224 1184 redimita
1244 1172 1260 1196 ,
1291 1131 1388 1186 sed
1415 1130 1752 1188 fundamenta
1781 1148 1902 1202 pec-

307 1221 415 1276 cati
443 1220 590 1275 calce
633 1219 894 1284 obducta,
936 1228 993 1274 et
1017 1221 1194 1276 anima
1225 1222 1280 1276 in
1305 1221 1430 1276 vim
1457 1221 1690 1278 defossa.
1722 1224 1900 1280 Dives

307 1311 472 1383 igitur
518 1312 610 1367 ille
657 1327 840 1367 mensa
888 1313 1156 1369 fruebatur
1193 1313 1411 1385 opipare
1457 1315 1764 1386 poculisque
1788 1317 1895 1372 vini

302 1403 578 1458 coronatis
607 1420 621 1456 :
655 1405 916 1473 parasitos
955 1413 1012 1459 et
1043 1413 1406 1462 assentatores
1433 1405 1642 1471 alebat,
1672 1422 1892 1477 pravum

302 1492 506 1548 diaboli
534 1491 803 1549 theatrum
822 1535 838 1560 ,
880 1493 1032 1564 lupos
1057 1494 1208 1560 illos,
1241 1496 1330 1566 qui
1359 1497 1554 1551 multos
1582 1497 1808 1553 divitum
1839 1499 1891 1554 in

302 1583 619 1639 servitutem
650 1584 928 1654 redigunt,
973 1586 1065 1656 qui
1110 1586 1395 1655 perniciem
1444 1586 1658 1642 illorum
1689 1589 1893 1644 ventris

302 1675 388 1730 sui
416 1675 720 1744 expletione
750 1685 1084 1743 mercantur,
1110 1677 1201 1746 qui
1242 1677 1452 1732 divitias
1486 1677 1690 1734 honore
1724 1680 1891 1736 multo

300 1777 363 1824 et
389 1769 748 1824 assentatione
776 1769 1112 1839 pepulantur.

378 1863 479 1919 Ubi
513 1864 664 1919 semel
699 1863 944 1918 inclinata
979 1879 1058 1917 res
1087 1872 1182 1931 est,
1203 1864 1354 1917 amici
1385 1864 1448 1918 de
1485 1865 1757 1919 medio.—
1786 1863 1888 1921 Nc-

300 1970 567 2026 quaquam
591 1955 805 2011 aberret
827 1954 917 2026 qui
939 1955 1071 2010 tales
1091 1954 1335 2010 homines
1361 1955 1514 2026 lupos
1535 1956 1902 2027 compellave-

302 2049 392 2112 rit,
423 2047 512 2117 qui
541 2047 690 2116 quasi
718 2060 873 2102 ovem
901 2045 1120 2101 divitem
1152 2045 1204 2100 in
1232 2045 1408 2100 medio
1435 2045 1685 2116 positum,
1717 2045 1886 2102 laudi-

300 2136 400 2192 bus
414 2137 676 2193 extollunt
701 2147 754 2192 et
777 2137 1053 2208 prteconiis
1074 2135 1279 2204 inﬂant,
1311 2151 1374 2191 ac
1400 2151 1467 2192 ne
1488 2135 1707 2206 quidem
1734 2137 1884 2193 ulcus

297 2230 480 2286 videre
508 2231 722 2294 sinunt,
763 2228 858 2284 sed
887 2229 1002 2299 ejus
1030 2238 1262 2283 mentem
1290 2236 1594 2296 excaecant,
1642 2228 1882 2298 putredi-

296 2335 421 2374 ncm
451 2327 664 2390 augent.
698 2317 897 2374 Deinde
921 2316 995 2390 (a)
1018 2328 1216 2372 mutata
1243 2333 1418 2372 rerum
1444 2316 1596 2384 facie,
1617 2319 1772 2373 amici
1799 2317 1883 2374 fu-

292 2411 467 2481 giunt,
504 2425 601 2465 nos
639 2424 766 2464 vero
804 2408 896 2480 qui
934 2407 1358 2478 increpabamus,
1411 2408 1879 2465 commiseratione

291 2517 574 2557 movemur
602 2519 616 2556 :
647 2501 808 2556 larva:
837 2501 974 2568 illac,
1009 2499 1152 2571 quod
1179 2499 1490 2570 plerumque
1524 2498 1634 2569 jam
1661 2499 1875 2567 accidit,

288 2595 643 2651 occultantur.

360 2686 416 2738 5.
457 2684 616 2740 Dives
657 2699 785 2755 ergo
814 2684 902 2739 ille
949 2676 1209 2754 parasitos
1248 2682 1427 2738 alebat
1463 2692 1519 2738 et
1546 2682 1871 2752 adulatores,

283 2777 506 2832 domum
555 2777 823 2847 propriam
869 2774 1132 2830 theatrum
1181 2773 1382 2830 fecerat
1403 2815 1419 2840 ,
1466 2775 1591 2830 vino
1635 2775 1874 2846 singulos

283 2868 589 2924 resolvebat
611 2908 628 2934 ,
679 2867 837 2922 rebus
883 2866 1169 2922 admodum
1231 2866 1500 2936 prosperis
1551 2865 1868 2921 fruebatur:

281 2960 419 3014 alius
448 2974 576 3014 vero
604 2957 819 3029 quidam
843 2964 962 3012 erat
986 2957 1238 3021 Lazarus,
1270 2956 1537 3010 ulceribus
1563 2956 1773 3026 plenus,
1803 2955 1871 3011 ad

279 3051 477 3104 ostium
507 3049 683 3103 divitis
709 3048 900 3104 sedens
920 3089 934 3114 ,
977 3048 1069 3118 qui
1098 3049 1181 3102 vel
1211 3048 1376 3102 micas
1403 3048 1648 3117 cupiebat
1678 3065 1692 3103 :
1718 3048 1868 3118 juxta

279 3142 484 3196 fontem
514 3142 742 3206 sitiebat,
773 3141 826 3194 in
857 3155 916 3196 re
940 3149 1047 3194 tam
1075 3154 1328 3209 prosrtera
1358 3140 1494 3195 fame
1517 3141 1869 3196 consumeba-

279 3243 388 3288 tur.
418 3234 484 3288 Et
502 3248 734 3304 quonam
756 3233 1026 3303 projectus
1049 3232 1262 3288 fuerat?
1289 3231 1406 3286 Non
1431 3232 1482 3287 in
1511 3232 1730 3301 bivium,
1759 3249 1865 3290 non

276 3328 333 3380 in
361 3326 557 3390 vicum,
589 3340 694 3378 non
724 3324 777 3378 iu
801 3323 1156 3395 angiportum,
1182 3337 1286 3377 non
1314 3323 1545 3378 medium
1570 3323 1625 3380 in
1652 3325 1861 3393 forum;

274 3417 369 3472 sed
398 3415 468 3471 ad
496 3417 690 3470 ostium
738 3415 949 3482 divitis,
990 3429 1094 3483 qua
1137 3413 1470 3484 ingressurus
1497 3413 1589 3470 ille
1615 3430 1863 3485 egressu-

274 3525 475 3580 rusque
499 3509 804 3566 necessario
820 3517 936 3563 erat
963 3524 976 3559 :
999 3523 1068 3562 ne
1092 3508 1313 3573 diceret,
1345 3523 1450 3563 non
1480 3507 1608 3575 vidi,
1637 3518 1860 3578 prater-

274 3602 345 3656 ivi
372 3604 411 3668 ¹,
442 3616 546 3656 non
577 3601 746 3656 oculis
775 3601 1000 3671 inspexi.
1031 3599 1111 3654 Ad
1153 3601 1448 3670 ingressum
1505 3608 1654 3655 tuum
1692 3600 1856 3670 jacet,

271 3702 559 3762 margarita
585 3693 636 3748 in
663 3708 840 3759 omne,
868 3702 922 3748 et
949 3707 1054 3746 non
1082 3691 1270 3746 vides?
1299 3691 1534 3747 Medicus
1552 3691 1618 3748 ad
1642 3692 1856 3761 ostium,

269 3793 324 3838 et
349 3801 458 3839 non
493 3784 741 3839 curaris?
785 3783 1120 3839 Gubernator
1148 3783 1201 3837 in
1229 3791 1381 3852 portu
1402 3824 1418 3850 ,
1445 3791 1501 3838 et
1529 3782 1864 3853 naufragium

270 3874 518 3945 pateris?
561 3873 828 3928 Parasitos
853 3872 975 3938 alis,
1019 3882 1076 3927 et
1103 3886 1361 3942 pauperes
1399 3887 1503 3926 non
1547 3872 1689 3926 alis?
1731 3872 1858 3928 llaec

269 3973 399 4020 tunc
424 3971 573 4035 gesta
600 3972 758 4029 sunt;
794 3963 1056 4032 hodieque
1097 3972 1375 4032 geruntur.
1425 3962 1546 4018 Ideo
1569 3963 1711 4018 enim
1743 3963 1858 4019 ham

267 4057 465 4127 scripta
494 4065 652 4122 sunt,
698 4064 758 4110 ut
785 4055 982 4125 posteri
1027 4069 1092 4109 ex
1131 4054 1292 4110 rebus
1336 4054 1464 4125 ipsis
1494 4054 1852 4121 erudirentur,

265 4164 330 4206 ac
356 4165 425 4205 ne
471 4147 658 4204 eadem
689 4149 802 4218 ipsa
845 4157 1187 4218 paterentur,
1229 4162 1348 4216 quae
1393 4161 1580 4216 passus
1620 4147 1710 4202 ille
1749 4155 1852 4201 est.

266 4240 348 4295 Ad
377 4240 576 4295 ostium
603 4240 760 4310 igitur
780 4238 992 4310 jacebat
1021 4253 1227 4309 pauper
1256 4255 1270 4290 :
1302 4253 1502 4308 pauper
1527 4236 1676 4304 foris,
1703 4237 1852 4295 dives

265 4332 409 4385 intus
438 4349 451 4385 :
479 4344 706 4399 corpore
751 4329 1019 4384 ulceribus
1048 4328 1207 4398 pleno
1243 4326 1455 4397 jacebat
1489 4343 1504 4381 :
1547 4326 1848 4394 thesaurus,

261 4405 352 4491 qui
380 4423 434 4476 in
473 4420 754 4491 superﬁcie
781 4420 978 4489 spinas,
1010 4420 1154 4475 intus
1179 4433 1308 4474 vero
1335 4419 1650 4488 margaritas
1689 4417 1850 4474 habe-

261 4515 372 4568 bat.
405 4512 559 4580 Quod
603 4513 744 4567 enim
771 4512 848 4566 illi
890 4520 1264 4566 nocumentum
1293 4526 1358 4566 ex
1389 4511 1696 4567 infirmitate
1721 4527 1846 4568 cor-

261 4604 411 4674 poris
429 4645 445 4670 ,
474 4602 648 4657 anima
679 4603 816 4658 bene
845 4602 1096 4657 valente?
1121 4601 1352 4656 Audiant
1381 4617 1639 4672 pauperes
1657 4644 1673 4668 ,
1700 4612 1755 4658 et
1781 4618 1848 4659 ne

260 4713 496 4755 numere
525 4698 886 4768 przefocentur
909 4714 922 4752 :
949 4696 1172 4751 audiant
1208 4695 1399 4752 divites
1421 4737 1436 4762 ,
1469 4704 1525 4751 et
1551 4712 1582 4750 a
1612 4697 1847 4767 nequitia

257 4800 659 4848 convertantur.
709 4792 832 4846 Ideo
877 4805 1107 4860 namque
1136 4789 1220 4845 har.
1248 4790 1366 4845 dum
1405 4789 1560 4845 nobis
1588 4789 1846 4858 imagines

259 4891 537 4952 prostant,
581 4883 886 4937 divitiarum
928 4890 982 4936 et
1022 4881 1386 4952 paupertatis,
1431 4880 1764 4936 crudelitatis
1792 4889 1846 4936 ot

258 4973 598 5038 tolerantiae,
650 4972 917 5042 patientia:
958 4980 1014 5027 et
1056 4971 1311 5026 avaritim.
1360 4971 1429 5027 Ut
1473 4986 1598 5028 cum
1644 4970 1844 5028 videris

254 5080 549 5137 pauperem
577 5064 842 5120 ulceribus
873 5064 1084 5134 plenum
1114 5070 1168 5117 et
1195 5063 1500 5131 despectum
1526 5103 1541 5129 ,
1585 5078 1652 5118 ne
1677 5062 1841 5118 mise-

254 5176 376 5215 rum
406 5158 777 5229 prmdicaveris
804 5175 819 5214 :
850 5173 972 5213 cum
1001 5157 1196 5212 videris
1219 5155 1435 5213 divitem
1464 5166 1741 5223 ornatum,
1774 5171 1842 5214 ne

252 5253 474 5308 beatum
501 5251 722 5308 dixeris.
769 5249 1003 5308 Gradum
1051 5251 1190 5307 refer
1224 5244 1302 5305 ad"
1332 5251 1635 5320 parabolam
1669 5269 1682 5305 :
1712 5251 1756 5306 si
1786 5259 1840 5306 te

252 5345 439 5401 turbet
463 5343 794 5415 naufragium
821 5344 1222 5413 cogitationum,
1252 5341 1374 5413 fuge
1404 5343 1456 5397 in
1486 5351 1695 5412 portum
1725 5359 1740 5397 :
1771 5357 1838 5396 ex

249 5439 370 5510 ejus
417 5438 722 5493 narratione
761 5437 1178 5494 consolationem
1209 5436 1391 5505 accipe
1419 5451 1432 5487 :
1463 5435 1632 5504 cogita
1675 5433 1840 5490 Laza-

318 5597 712 5669 ἓβοηιθι.ηκοκ
735 5593 1253 5669 Mamaeae?“-
1327 5666 1335 5669 _
1587 5655 1618 5669 ..

315 5662 390 5722 (a)
416 5668 513 5710 ttoc
535 5655 860 5730 fragmentum
872 5655 1665 5730 cum‘a_li_is_(;hrysostomit)psaliae
1684 5657 1834 5730 edidit

249 5719 332 5779 vir
344 5719 517 5776 doctus
533 5719 697 5776 suam
714 5721 963 5776 Bemelius
983 5722 1042 5773 ad
1060 5719 1408 5772 fidem
1431 5721 1718 5771 Barocciaui.

1566 280 1651 336 DE
1690 281 1960 340 LAZARO
1998 284 2238 348 CONCIO
2278 292 2363 349 Vl.

3470 323 3608 379 103'!

2019 416 2137 502 rum
2183 406 2490 478 despectum
2517 454 2531 478 ,
2581 416 2751 487 cogita
2795 417 3029 478 divitem
3056 441 3308 496 prospere
3355 443 3602 502 agentem

2015 491 2330 567 deliciisque
2359 499 2620 560 fruentem
2646 547 2660 572 ,
2708 507 2942 581 nihilque
2982 521 3034 568 te
3056 491 3348 584 perturbet
3385 491 3597 593 eorum,

2015 598 2135 654 qua:
2178 587 2230 642 in
2281 590 2386 646 vita
2433 607 2707 664 geruntur.
2757 599 2888 656 Nam
2935 605 2982 658 si
3027 619 3275 666 accurato
3323 615 3602 674 ratiocinio

2015 679 2215 746 utaris,
2267 697 2369 737 non
2403 693 2454 741 te
2498 686 2690 744 ﬂuctus
2731 692 3048 765 demergunt
3075 715 3090 753 :
3119 701 3267 758 navis
3305 719 3412 761 non
3441 708 3602 766 undis

2012 767 2290 838 obruitur,
2334 775 2379 829 si
2425 779 2686 835 ratiocinii
2743 786 3029 855 sagacitate
3073 805 3254 849 rerum
3304 781 3600 870 distinguas

2011 868 2277 916 naturam.
2306 863 2442 930 Quid
2476 876 2529 922 tu
2554 870 2680 925 mihi
2706 872 2872 941 dicis,
2905 892 3098 948 corpus
3124 897 3300 940 meum
3331 887 3402 942 in.
3422 863 3594 962 angu-

2010 957 2096 1004 sto
2131 949 2320 1021 jacet?
2361 955 2509 1012 Mens
2549 975 2615 1015 ne
2646 961 2885 1020 lmdatur.
2921 968 3012 1024 lllc
3037 971 3185 1028 dives
3219 982 3275 1030 et
3317 949 3594 1049 improbus

2010 1052 2091 1097 est
2117 1063 2130 1097 :
2154 1046 2278 1116 quid
2307 1057 2416 1102 tum
2444 1054 2672 1120 postea?
2702 1057 2769 1111 At
2790 1056 3102 1128 improbitas
3123 1079 3229 1122 non
3251 1067 3355 1125 sub
3374 1046 3590 1129 sensum

2006 1134 2168 1190 cadit.
2197 1136 2276 1192 Ne
2305 1139 2433 1195 mihi
2479 1142 2748 1201 hominem
2778 1147 2845 1204 ab
2879 1154 3137 1209 exteriori
3182 1155 3320 1214 facie
3357 1171 3586 1230 spectes,

2003 1225 2100 1280 sed
2127 1226 2268 1285 hunc
2293 1234 2528 1290 exterius
2556 1237 2742 1306 proba.
2769 1239 2903 1297 Cum
2929 1244 3080 1301 vides
3101 1247 3367 1320 arborem,
3389 1225 3589 1313 foliane

2003 1320 2332 1390 consideras,
2365 1340 2430 1380 an
2461 1328 2732 1386 fructum?
2760 1332 2834 1388 Ita
2860 1347 2915 1391 et
2951 1337 3002 1392 in
3033 1337 3268 1399 homine.
3309 1345 3372 1400 Si‘
3393 1349 3586 1407 videris

2002 1407 2308 1481 hominem,
2356 1431 2425 1472 ne
2465 1421 2732 1476 exteriora
2770 1429 3103 1497 perpendes,
3145 1433 3242 1488 sed
3287 1433 3582 1496 interiora:

2001 1498 2230 1557 fructum
2253 1507 2581 1576 consideres,
2601 1527 2706 1568 non
2733 1511 2859 1572 folia
2884 1519 2900 1550 ⁸
2927 1536 2940 1572 :
2961 1535 3032 1576 ne
3055 1520 3193 1578 forte
3213 1525 3330 1582 olea
3350 1529 3419 1584 sit
3434 1545 3591 1602 agre-

1999 1591 2133 1658 stis,
2177 1593 2304 1649 dum
2342 1599 2572 1666 genuina
2613 1601 2732 1658 olea
2763 1615 3016 1675 putatur:
3045 1627 3114 1666 ne
3145 1612 3281 1671 forte
3308 1591 3580 1688 lupusvsit,

1995 1680 2122 1736 dum
2151 1684 2388 1742 creditur
2429 1703 2548 1746 esse
2589 1692 2773 1749 homo.
2813 1695 2891 1753 Ne
2919 1697 3096 1771 itaque
3129 1718 3159 1758 a
3187 1680 3380 1763 natura
3405 1680 3590 1767 hami;-

1997 1788 2118 1830 nem
2163 1777 2358 1847 proba,
2403 1782 2497 1837 sed
2526 1797 2556 1838 a
2581 1785 2869 1844 voluntatis
2903 1795 3175 1863 proposito
3204 1815 3219 1853 :
3248 1815 3315 1854 ne
3346 1816 3376 1857 a
3408 1804 3575 1870 vultu,

1994 1867 2089 1922 sed
2113 1884 2144 1923 a
2185 1873 2446 1928 sententia
2477 1893 2490 1930 :
2520 1891 2618 1932 nec
2644 1893 2675 1933 a
2703 1884 2964 1938 sententia
3005 1897 3210 1944 tantum
3231 1932 3247 1956 ,
3291 1894 3386 1949 sed
3415 1867 3576 1952 vitam

1991 1959 2275 2032 diligenter
2317 1965 2564 2039 inquire;
2613 1972 2662 2027 si
2701 1988 2992 2046 pauperum
3036 1990 3118 2036 est
3161 1998 3368 2054 amans,
3413 1987 3578 2045 homo

1991 2059 2072 2107 est
2099 2069 2114 2106 :
2144 2053 2187 2109 si
2229 2058 2281 2110 in
2307 2063 2640 2120 commerciis
2669 2076 2939 2137 versatur,
2967 2087 3196 2142 quercus
3227 2087 3312 2133 est
3347 2053 3362 2132 ἐ
3406 2080 3454 2136 si
3494 2091 3574 2138 est

1988 2145 2169 2202 animo
2194 2148 2357 2217 ferus,
2391 2152 2474 2208 leo
2498 2163 2581 2211 est
2608 2174 2622 2210 :
2654 2157 2700 2213 si
2727 2175 2888 2230 rapax
2908 2203 2924 2230 ,
2968 2164 3122 2236 lupus
3151 2177 3276 2224 este:
3304 2171 3351 2226 si
3378 2173 3572 2231 subdoo

1987 2236 2090 2336 lus,
2116 2239 2283 2336 aspis.
2319 2242 2386 2297 Et
2407 2243 2513 2310 dic,
2546 2245 2815 2306 hominem
2845 2268 3046 2324 qumro,
3080 2259 3205 2329 quid
3232 2261 3363 2318 mihi
3393 2272 3446 2320 tu
3474 2280 3572 2336 pro

1986 2323 2388 2388 homineferam
2409 2337 2691 2394 ostendis?
2714 2323 3011 2416 Discequid
3034 2323 3110 2404 sit
3125 2346 3293 2407 virtus
3313 2323 3567 2426 hominis,

1983 2425 2039 2472 et
2075 2433 2144 2474 ne
2178 2421 2428 2479 turberis.
2459 2424 2589 2483 Erat
2629 2429 2787 2500 igitur
2812 2432 3047 2493 Lazarus
3087 2439 3141 2495 in
3170 2441 3311 2498 ostio
3347 2421 3564 2514 sedens,

1983 2511 2252 2570 ulceribus
2303 2516 2492 2586 planus
2517 2560 2534 2586 ,
2579 2522 2720 2578 fame
2765 2525 3094 2598 labefactus,
3141 2511 3568 2608 accedentesque

1981 2615 2143 2659 canes
2189 2605 2464 2678 lingebant
2509 2613 2625 2681 ejus
2668 2615 2931 2684 vulnera;
2978 2633 3140 2676 canes
3188 2623 3404 2681 homine
3449 2605 3566 2697 ipso

1969 2690 2322 2753 humaniores
2349 2699 2619 2772 lingebant
2646 2705 2763 2774 ejus
2793 2707 3044 2778 vulnera,
3071 2711 3278 2770 saniem
3311 2716 3567 2774 tollebant

1978 2792 2032 2838 et
2056 2787 2435 2846 emundabant.
2476 2791 2696 2850 Iacebat
2737 2797 2827 2854 ille
2855 2801 3005 2870 quasi
3043 2817 3233 2859 aurum
3264 2805 3316 2860 in
3345 2805 3563 2866 fornace

1977 2875 2204 2944 sedens,
2245 2889 2300 2934 et
2325 2882 2602 2950 probatior
2623 2885 2864 2944 effectus.
2911 2890 3026 2945 Non
3051 2893 3263 2950 dicebat
3286 2896 3337 2952 id
3361 2937 3377 2965 ,
3418 2901 3561 2970 quod

1975 2967 2191 3037 plurimi
2234 2987 2496 3042 pauperes
2535 2977 2757 3033 dicunt:
2786 2980 3021 3039 haeccine
3059 2995 3141 3039 est
3182 2967 3562 3056 providentia?

1976 3059 2189 3117 Deusne
2216 3061 2446 3119 humana
2477 3068 2736 3136 respicit?
2779 3070 2894 3142 Ege
2921 3072 2974 3129 in
2994 3074 3198 3144 justitia
3221 3079 3402 3136 vivens
3427 3098 3558 3152 pau-

1973 3165 2070 3220 per
2111 3166 2268 3220 sam,
2313 3164 2370 3210 et
2413 3156 2506 3213 ille
2554 3158 2768 3230 iniquus
2811 3162 2962 3219 dives
3003 3167 3132 3222 est?
3174 3167 3314 3226 Nihil
3363 3171 3554 3230 horum

1970 3242 2256 3313 cogitabat,
2299 3245 2396 3303 sed
2436 3247 2964 3321 incomprehensibili
3006 3257 3116 3313 Dei»
3146 3275 3268 3331 erga
3310 3261 3556 3322 homines

1969 3333 2266 3392 clementia:
2308 3339 2488 3394 omnia
2533 3342 2931 3412 committebat,
2979 3347 3216 3404 animum
3258 3354 3553 3412 emundans

1969 3436 2123 3508 suum
2145 3468 2160 3493 ,
2189 3429 2485 3485 cruciatum
2511 3431 2778 3500 tolerans,
2806 3436 3116 3505 patientiam
3145 3439 3436 3511 exhibens,
3466 3445 3554 3517 ja-

1966 3529 2096 3571 cens
2124 3532 2354 3589 corpore
2372 3561 2387 3586 ,
2425 3536 2646 3578 currens
2674 3533 2850 3582 mente
2870 3567 2888 3594 ,
2925 3529 3107 3586 animo
3132 3532 3316 3589 volans
3345 3544 3401 3590 et
3429 3535 3551 3592 bra-

1964 3606 2110 3662 vium
2143 3611 2458 3681 arripiens,
2502 3630 2785 3686 emergens
2837 3633 2905 3674 ex
2950 3622 3142 3691 malis,
3187 3635 3243 3680 et
3285 3626 3552 3686 bonorum

1966 3701 2138 3756 testis.
2181 3701 2296 3756 Non
2324 3703 2459 3759 dixit
2490 3723 2504 3759 :
2535 3707 2758 3777 parasiti
2788 3708 3014 3765 ubertim
3045 3711 3294 3771 fruuntur
3320 3715 3547 3790 deliciis,

1962 3804 2062 3862 ego
2091 3808 2159 3848 ne
2184 3793 2341 3850 micis
2368 3796 2582 3866 quidem
2609 3798 2799 3868 dignus
2828 3800 3048 3860 habeor.
3092 3805 3198 3862 Sed
3226 3810 3396 3880 quid?
3433 3812 3548 3869 Deo

1961 3885 2186 3954 gratiam
2212 3896 2266 3942 et
2293 3886 2516 3964 gloriam
2546 3891 2830 3948 referebat.
2861 3883 3084 3952 Accidit?
3105 3905 3164 3952 ut
3189 3899 3348 3956 ambo
3372 3917 3550 3959 more-

1961 3983 2148 4030 rentur
2178 3993 2192 4030 :
2221 3986 2466 4034 mortuus
2511 3989 2593 4036 est
2634 3980 2817 4048 dives,
2863 3985 3206 4058 sepultusque
3243 3988 3344 4046 fuit
3373 4008 3388 4047 :
3417 3993 3549 4050 abiit

1960 4073 2015 4120 et
2043 4067 2275 4124 Lazarus
2294 4111 2310 4138 ,
2347 4085 2524 4141 neque
2548 4073 2692 4128 enim
2719 4074 2946 4131 dixerim
2964 4117 2980 4143 ,
3009 4089 3252 4135 mortuus
3276 4091 3378 4139 est.
3408 4084 3544 4143 Nam

1958 4157 2140 4214 divitis
2165 4160 2380 4231 quidem
2407 4179 2554 4220 mors
2577 4181 2705 4223 vere
2731 4181 2878 4225 mors
2901 4177 2983 4224 est
3007 4179 3064 4226 et
3089 4173 3383 4242 sepultura,
3411 4190 3546 4248 pau-

1959 4251 2103 4320 peris
2132 4267 2259 4308 vero
2287 4268 2432 4309 mors
2468 4264 2551 4310 est
2576 4258 2935 4328 peregrinatio
2958 4268 3012 4316 et
3041 4263 3312 4320 translatio
3335 4265 3402 4320 ad
3431 4283 3544 4324 me-

1958 4342 2090 4398 liora
2110 4384 2126 4410 ,
2162 4359 2457 4417 cursusque
2480 4363 2510 4401 a
2539 4360 2829 4406 scammate
2867 4351 2932 4406 ad
2959 4355 3232 4422 prmmium
3253 4398 3270 4424 ,
3297 4374 3328 4411 a
3355 4359 3541 4432 pelago

1954 4433 2021 4489 ad
2059 4443 2306 4508 portum,
2353 4436 2422 4492 ab
2463 4439 2579 4495 acie
2623 4439 2690 4494 ad
2736 4451 2994 4511 tropaeum
3020 4484 3037 4508 ,
3081 4459 3112 4498 a
3159 4446 3443 4506 sudoribus
3471 4452 3539 4506 ad

1955 4539 2228 4581 coronam.
2259 4527 2434 4584 Ambo
2472 4529 2596 4585 illuc
2623 4531 2871 4587 abierunt
2891 4573 2906 4597 ,
2935 4533 3024 4590 ubi
3072 4551 3160 4592 res
3184 4553 3326 4595 vera:
3355 4559 3370 4596 :
3397 4535 3542 4598 solu-

1956 4625 2065 4671 tum
2091 4625 2174 4673 est
2203 4617 2469 4675 theatrum
2489 4661 2505 4686 ,
2537 4622 2758 4680 sublata:
2786 4622 2966 4679 larvaz.

2026 4708 2127 4769 Res
2168 4710 2404 4765 humana
2443 4727 2608 4766 scena:
2649 4725 3030 4786 comparantur.
3069 4747 3142 4758 -
3180 4717 3538 4786 Quemadmo-

1952 4799 2081 4857 dum
2111 4799 2186 4875 (α)
2218 4802 2362 4858 enim
2407 4803 2459 4857 in
2502 4803 2710 4860 theatro
2747 4807 2800 4861 in
2831 4807 3052 4862 meridie
3082 4809 3341 4864 velamina
3369 4814 3537 4869 multa

1951 4905 2112 4964 sunt,
2157 4896 2418 4974 multique
2446 4898 2642 4953 scenici
2674 4897 2899 4969 ingressi
2939 4897 3304 4962 histrionicum
3332 4905 3535 4959 larvam

1952 4987 2005 5044 in
2035 4989 2186 5046 vultu
2226 4989 2457 5062 habent,
2498 5000 2732 5047 veterem
2775 4991 3002 5048 fabulam
3049 4994 3312 5061 tracmnt,
3342 5009 3539 5068 resque

1949 5091 2128 5152 gestas
2158 5090 2377 5135 narrant
2418 5099 2432 5134 :
2473 5091 2526 5136 et
2563 5081 2698 5136 alius
2725 5081 2936 5152 quidem
2985 5082 3357 5158 philosophum
3403 5087 3532 5158 agit,

1949 5172 2039 5241 qui
2080 5188 2184 5227 non
2227 5183 2310 5228 est
2350 5173 2698 5244 philosophus
2727 5190 2740 5227 :
2769 5174 2904 5228 alius
2931 5190 3146 5245 regem,
3177 5177 3266 5246 qui
3299 5191 3391 5233 rex
3425 5195 3532 5234 non
3567 5177 3570 5182 ’

1949 5273 2052 5331 est,
2081 5263 2175 5319 sed
2204 5263 2343 5334 regis
2371 5263 2604 5318 habitum
2629 5263 2788 5320 habet
2812 5280 2908 5334 per
2932 5268 3324 5324 enarrationem
3354 5286 3368 5324 :
3395 5270 3535 5325 alius

1949 5355 2189 5416 medicus
2207 5397 2221 5424 ,
2253 5355 2340 5428 qui
2367 5371 2434 5412 ne
2469 5354 2668 5426 lignum
2697 5357 2912 5431 quidem
2943 5367 3170 5424 tractare
3197 5370 3406 5438 potest,
3434 5364 3529 5420 sed

2011 5536 2036 5606 ι·
2058 5533 2375 5606 jjicﬂumdam
2397 5531 2737 5606 desiderantur
2752 5532 2807 5606 in
2843 5531 3057 5596 δίψει,
3078 5547 3189 5599 quae
3208 5536 3453 5588 habentur
3473 5539 3525 5589 in

1944 5599 2089 5668 codd.
2115 5594 2236 5668 aliis,
2263 5603 2315 5646 et
2329 5594 2564 5668 quadram
2585 5595 2642 5668 ad
2661 5602 2869 5668 textum.
2992 5657 3006 5668 ι
3043 5594 3050 5596 ⁷
3093 5594 3118 5668 ὀ

2006 5661 2081 5720 (α)
2100 5656 2228 5724 tunc
2266 5656 2570 5723 paucioribus
2602 5664 2773 5710 tractat
2813 5670 2957 5724 supra
2992 5656 3157 5709 bomil.
3186 5663 3220 5707 tt
3252 5661 3316 5711 de
3339 5665 3535 5719 Lazaro,

1946 5734 2076 5773 nutu.
2096 5721 2146 5772 5.
