4032 6198
554 278 689 335 1035

553 389 744 447 medici
772 389 1002 446 vestibus
1027 388 1249 442 amictus
1280 400 1360 441 est
1384 405 1396 440 :
1428 389 1564 442 alius
1590 403 1799 451 servus,
1828 389 1916 457 qui
1946 398 2118 443 tamen

551 484 687 538 liber
713 492 794 538 cst
817 499 830 535 :
858 481 993 545 alius
1024 479 1228 546 doctor,
1256 481 1344 550 qui
1373 497 1441 534 ne
1470 481 1671 535 litteras
1698 481 1911 549 quidem
1938 481 2119 536 novit:

536 574 699 633 ,nullo
739 572 898 626 modo
935 586 1083 625 suam
1106 611 1122 635 ,
1167 572 1261 625 sed
1291 571 1514 625 alienam
1545 572 1778 640 speciem
1809 574 2120 627 referentes.

550 665 680 720 Nam
709 662 947 718 medicus
976 671 1227 730 apparet,
1258 662 1348 731 qui
1378 676 1485 715 non
1513 670 1594 716 est
1635 660 1872 717 medicus
1905 679 1917 714 :
1950 662 2125 731 philu-

551 756 750 824 snphus
775 762 1018 825 apparet,
1039 754 1131 822 qui
1153 768 1358 808 comam
1386 753 1545 808 habet
1567 754 1702 807 intra
1729 753 1949 815 larvam,
1971 751 2126 808 miles

549 858 768 916 apparet
807 848 874 911 is,
915 846 1005 916 qui
1045 846 1226 900 militis
1273 845 1475 901 cultum
1519 847 1703 898 refert.
1753 844 1972 898 Etiamsi
2000 857 2126 897 vero

547 940 708 992 l..rv:e
751 939 959 1008 species
999 936 1163 1001 fallat,
1204 937 1299 992 sed
1344 950 1450 991 non
1495 937 1629 990 fallit
1666 944 1930 1002 naturam,
1976 936 2126 1005 cujus

549 1032 824 1086 veritatem
852 1030 1029 1100 specie
1072 1038 1408 1084 transmutat.
1457 1030 1635 1084 Donec
1675 1040 1851 1083 autem
1884 1044 2043 1084 scena
2072 1037 2127 1084 et

550 1122 816 1176 theatrum
860 1130 973 1186 est,
1022 1120 1232 1189 laetique
1276 1128 1602 1189 spectatores
1644 1119 1918 1184 assident,
1967 1119 2128 1173 larvm

550 1221 767 1269 manent
807 1227 822 1265 :
865 1227 986 1267 cum
1030 1222 1207 1266 autem
1249 1210 1567 1271 adveniente
1596 1224 1814 1279 vespera
1863 1209 2125 1263 theatrum

551 1302 797 1366 solvitur,
829 1300 1201 1358 recedentibus
1229 1300 1494 1364 omnibus,
1536 1301 1698 1355 larva:
1737 1299 2124 1369 prnjiciuntur:

551 1406 676 1450 tunc
700 1394 789 1465 qui
836 1394 975 1448 intus
1002 1409 1096 1448 rex
1126 1403 1259 1457 erat,
1307 1391 1435 1448 foris
1479 1393 1700 1447 :rrarius
1740 1402 1842 1447 est.
1873 1391 2129 1462 Projecta:

534 1496 676 1542 sunt
695 1477 876 1552 larva),
903 1485 1160 1540 abscessit
1186 1484 1413 1549 fallacia,
1437 1485 1633 1540 veritas
1657 1485 1902 1554 apparuit
1926 1501 1938 1537 :
1962 1493 2015 1540 et
2038 1485 2127 1554 qui

552 1579 696 1632 intus
725 1577 862 1632 liber
892 1585 1027 1641 erat,
1060 1575 1189 1628 foris
1218 1589 1404 1629 servus
1429 1574 1864 1644 deprehenditur.
1897 1574 1962 1630 Ut
1985 1575 2127 1629 enim

547 1669 656 1738 jam
680 1669 809 1735 dixi,
832 1668 978 1723 intus
1000 1666 1222 1732 fallacia,
1246 1665 1376 1720 foris
1396 1665 1591 1721 veritas
1616 1684 1629 1719 :
1651 1665 1865 1720 advenit
1885 1680 2127 1735 vespera,

549 1760 783 1813 solutum
812 1767 893 1812 est
921 1757 1204 1823 theatrum,
1232 1756 1474 1825 apparuit
1500 1755 1712 1809 veritas.
1743 1754 1815 1809 lta
1842 1769 2053 1825 quoque
2077 1756 2129 1809 in

550 1850 657 1903 vita
688 1858 742 1902 et
767 1850 818 1902 in
850 1848 953 1901 line
981 1848 1098 1900 vita:
1128 1861 1213 1900 res
1241 1855 1529 1915 praesentes
1554 1855 1679 1901 sunt
1708 1844 1969 1901 theatrum
1998 1862 2014 1912 ;
2046 1846 2131 1900 hi-

551 1942 862 1997 strionicam
904 1949 1069 2011 agunt
1112 1939 1311 1994 divitia:
1350 1948 1404 1993 et
1444 1949 1760 2010 paupertas,
1809 1940 2054 2009 princeps
2079 1949 2133 1995 et

550 2032 815 2097 subditus,
844 2040 897 2085 et
924 2030 1007 2083 his
1030 2030 1219 2085 similia
1245 2046 1260 2096 ;
1295 2045 1417 2083 cum
1443 2039 1622 2084 autem
1649 2030 1765 2085 dies
1792 2030 1882 2085 illa
1911 2031 2133 2086 transie-

551 2127 640 2193 rit,
668 2137 722 2181 et
749 2142 851 2181 nox
883 2125 972 2180 illa
1004 2123 1276 2181 tremenda
1303 2123 1614 2189 advenerit;
1661 2123 1769 2177 imo
1800 2124 1973 2193 potius
1995 2123 2127 2187 dies,

550 2232 670 2287 qua:
698 2214 1068 2286 peccatoribus
1096 2230 1224 2280 nox,
1247 2213 1511 2285 justisque
1535 2214 1650 2269 dies
1674 2215 1775 2269 erit
1803 2232 1815 2267 :
1845 2229 1963 2270 cum
1989 2213 2134 2268 solu-

553 2321 661 2362 tum
705 2306 869 2362 fuerit
913 2307 1201 2372 theatrum,
1246 2321 1367 2361 cum
1414 2307 1662 2376 projectm
1705 2303 1901 2359 fuerint
1948 2304 2130 2372 larvm,

550 2413 671 2453 cum
701 2397 1065 2471 unusquisque
1103 2406 1158 2452 et
1187 2410 1348 2466 opera
1393 2395 1459 2451 ad
1499 2411 1723 2455 examen
1766 2395 2130 2451 vocabuntur:

550 2507 658 2547 non
689 2491 1049 2560 unusquisque
1074 2499 1128 2545 et
1154 2489 1349 2544 divitia:
1377 2489 1494 2561 ejus
1512 2529 1527 2554 ,
1562 2503 1669 2543 non
1696 2489 2058 2559 unusquisque
2081 2496 2136 2544 et

552 2580 884 2651 principatus
924 2580 1063 2649 ejus,
1107 2593 1213 2633 non
1267 2578 1628 2648 unusquisque
1673 2587 1729 2634 et
1773 2577 1948 2633 honor
1994 2577 2130 2647 ejus,

552 2688 658 2726 non
687 2670 1048 2739 unusquisque
1092 2679 1147 2722 et
1175 2668 1409 2737 potentia
1439 2668 1596 2737 ejus;
1639 2668 1734 2722 sed
1773 2668 2134 2738 unusquisque

550 2773 604 2818 et
632 2776 796 2832 opera
822 2760 957 2829 ejus,
991 2769 1045 2814 et
1075 2760 1319 2828 princeps
1347 2770 1401 2814 et
1442 2759 1748 2828 imperator,
1780 2769 1833 2814 et
1861 2760 2053 2824 mulier
2082 2768 2136 2815 et

551 2856 634 2908 vir
654 2893 669 2919 ,
702 2868 820 2906 cum
853 2867 883 2905 a
913 2851 1066 2907 nobis
1097 2851 1257 2908 vitam
1300 2850 1516 2920 probam
1546 2859 1599 2905 et
1626 2850 1764 2908 bona
1794 2866 1955 2921 opera
1982 2866 2135 2921 repe-

552 2957 662 3014 tet,
691 2961 797 3002 non
823 2946 1135 3017 dignitatum
1167 2959 1434 3015 pompam,
1477 2958 1581 2998 non
1610 2945 1934 3014 paupertatis
1961 2944 2134 2998 vilita-

552 3048 701 3103 tem,
748 3052 853 3096 non
901 3036 1185 3106 despectus
1236 3034 1591 3106 tyrannidem.
1644 3036 1715 3089 Da
1765 3034 1893 3089 mihi
1950 3049 2131 3104 opera,

551 3129 759 3185 etiamsi
789 3142 977 3183 servus
1007 3127 1100 3192 sis,
1143 3142 1301 3197 quam
1330 3125 1482 3181 liberi
1513 3126 1611 3180 viri
1641 3126 1898 3191 meliora;
1926 3126 2134 3180 etiamsi

552 3222 744 3281 mulier
785 3220 889 3281 sis.
923 3234 1080 3288 quam
1112 3217 1209 3271 viri
1253 3216 1494 3271 fortiora.
1526 3215 1658 3275 Cum
1689 3216 1909 3285 abjecta:
1935 3215 2135 3272 fuerint

554 3311 743 3376 larvas,
769 3318 892 3362 tunc
924 3316 1183 3377 apparent
1212 3315 1265 3360 et
1290 3305 1438 3360 dives
1467 3315 1520 3360 et
1547 3321 1764 3376 pauper.
1796 3307 1861 3361 Et
1883 3307 2136 3378 quemad-

554 3400 770 3461 ntodum
800 3399 909 3463 hic,
937 3408 1214 3466 postquam
1245 3397 1479 3451 solutum
1505 3397 1602 3451 fuit
1634 3397 1921 3465 theatrum,
1944 3399 1991 3453 si
2015 3400 2135 3469 quis

557 3499 798 3549 nostrum
830 3489 882 3545 in
912 3486 1055 3545 edito
1098 3486 1219 3541 loco
1262 3486 1456 3541 sedens
1491 3486 1682 3542 viderit
1722 3501 1844 3542 eum
1874 3488 1965 3558 qui
1994 3490 2136 3549 intus

556 3577 903 3656 philosophus
940 3586 1053 3633 erat
1076 3618 1091 3644 ,
1142 3576 1271 3631 foris
1301 3576 1545 3631 terarium
1585 3592 1733 3643 esse,
1777 3578 2131 3637 exclamabit:

557 3671 718 3726 hem!
763 3671 953 3732 Annon
984 3668 1070 3724 hic
1108 3669 1249 3723 intus
1273 3667 1623 3738 philosophus
1648 3670 1805 3724 erat?
1849 3670 1965 3725 Jam
2005 3670 2135 3726 foris

557 3762 803 3821 terarium
832 3761 986 3816 video
1014 3778 1028 3815 :
1055 3775 1233 3817 annon
1281 3758 1367 3814 hic
1410 3775 1501 3813 rex
1549 3760 1691 3817 intus
1717 3760 1881 3815 erat?
1918 3760 1988 3815 Et
2023 3761 2134 3830 jam

561 3853 690 3908 foris
714 3853 872 3915 vilem
904 3850 1185 3920 quemdam
1214 3850 1481 3909 hominem
1509 3864 1690 3905 cerno.
1722 3851 1915 3906 Annon
1945 3850 2030 3906 hic
2058 3852 2137 3905 in-

560 3953 646 4003 tus
685 3942 833 4003 dives
863 3942 1019 3996 erat?
1048 3942 1117 3997 At
1152 3941 1278 3995 foris
1309 3955 1596 4012 pauperem
1627 3939 1780 3995 video
1811 3958 1822 3993 :
1855 3941 1922 3994 ita
1950 3950 2003 3995 et
2032 3941 2136 3996 illic

558 4035 680 4093 erit.

631 4126 683 4187 6_.
715 4125 1025 4181 Sermonem
1055 4138 1159 4184 non
1182 4122 1405 4178 ulterius
1430 4122 1742 4192 producam,
1766 4139 1835 4178 ne
1855 4123 2134 4179 verborum

557 4217 709 4286 conia
739 4217 1033 4273 auditorem
1064 4214 1284 4270 obroam
1314 4232 1327 4266 :
1356 4212 1448 4268 sed
1476 4212 1679 4269 duabus
1706 4214 1990 4285 propositis
2017 4230 2137 4283 per-

555 4307 702 4367 sonis
732 4315 894 4360 totam
937 4305 1128 4360 theatri
1160 4305 1525 4363 histrionicum
1562 4304 1860 4361 declarabo.
1895 4308 1969 4361 De
2008 4307 2136 4363 dua.

556 4399 657 4453 bus
688 4397 931 4467 personis
961 4396 1215 4462 tractavi,
1246 4411 1417 4466 exque
1448 4396 1552 4451 illis
1590 4395 1794 4452 duabus
1820 4397 1972 4451 vobis
1998 4398 2134 4452 viam

556 4489 740 4557 aperui
788 4497 843 4542 et
886 4487 1218 4543 occasionem
1265 4487 1465 4556 prmbui
1511 4505 1524 4541 :
1568 4504 1663 4557 per
1697 4489 1819 4543 vita:
1864 4490 2137 4558 prmscntis

558 4580 951 4636 enarrationem
996 4587 1229 4633 mentem
1271 4579 1486 4633 dilatavi
1531 4589 1802 4645 vestram,
1846 4589 1904 4634 ut
1946 4580 2138 4650 singuli

557 4684 739 4731 rerum
765 4668 1051 4725 discrimen
1074 4667 1332 4723 ediscant.
1364 4668 1490 4722 Dua:
1512 4668 1669 4738 igitur
1689 4679 1841 4724 erant
1862 4685 2134 4740 persona:

557 4748 694 4823 alter
718 4767 1000 4831 perSonam
1024 4756 1242 4828 gerebat
1268 4756 1466 4822 divitis,
1493 4758 1627 4812 alter
1656 4760 1901 4829 pauperis
1933 4777 1945 4813 :
1973 4759 2140 4814 Laza-

561 4870 652 4908 rus
695 4865 976 4927 personam
1005 4848 1251 4926 pauperis
1271 4889 1286 4914 ,
1316 4847 1465 4903 dives
1508 4848 1596 4912 ille
1629 4863 1907 4917 personam
1937 4849 2134 4905 divitis.

494 4989 509 5002 ,
557 4944 655 5008 llae
683 4951 808 5001 sunt
850 4941 1010 5002 larva:
1038 4949 1093 4995 et
1125 4954 1369 5010 personae
1393 4980 1406 5006 ,
1442 4954 1547 4994 non
1583 4954 1760 4999 rerum
1801 4941 1994 4999 veritas
2032 4941 2135 5013 ().

556 5032 688 5099 Illuc
722 5035 880 5091 ambo
906 5034 1180 5104 abierunt,
1211 5032 1361 5088 dives
1390 5033 1594 5088 scilicet
1620 5043 1671 5087 et
1700 5048 1898 5110 pauper
1928 5052 1942 5088 :
1967 5035 2136 5091 Laza-

558 5144 673 5185 tum
703 5132 1053 5194 susceperunt
1075 5123 1282 5193 angeli,
1310 5131 1433 5198 post
1459 5138 1617 5179 canes
1648 5124 1763 5181 illos
1790 5126 1995 5197 angeli,
2022 5137 2140 5197 post

615 5327 690 5437 Sa)
722 5334 848 5381 cave
871 5327 1021 5398 putes.
1036 5322 1434 5395 Chrysostomnm,
1459 5325 1545 5395 qui
1569 5324 1615 5371 in
1636 5323 2027 5396 [accedentibus
2049 5325 2137 5372 ho-

615 5406 618 5437 l
643 5391 700 5437 iis
718 5388 970 5437 historiam
988 5390 1141 5433 laxari
1164 5391 1217 5432 et
1235 5383 1396 5433 divitis
1412 5397 1547 5437 quas:
1584 5397 1746 5434 veram
1770 5384 2014 5433 historiam
2033 5398 2137 5437 pro-

556 5383 700 5437 miliis
718 5383 970 5437 historiam
988 5383 1141 5433 Lazari
1164 5391 1217 5432 et
1235 5383 1396 5433 divitis
1412 5383 1547 5446 quasi
1584 5383 1746 5434 veram
1770 5384 2014 5433 historiam
2033 5398 2139 5446 pro-

558 5449 684 5511 tulit,
704 5446 1125 5511 jam_palinodiam
1148 5456 1348 5502 canere,
1373 5458 1484 5494 cum
1504 5446 1620 5495 dicit
1641 5446 1704 5494 de
1727 5452 1895 5495 Lazaro
1918 5453 1969 5495 et
1989 5446 2139 5511 divite

558 5506 782 5572 loquens,
806 5506 955 5572 loer
975 5512 1084 5557 sunt
1106 5519 1181 5567 ea,
1218 5518 1327 5567 qua:
1347 5512 1599 5572 apparent,
1632 5519 1726 5555 non
1748 5520 1912 5557 rerum
1944 5506 2135 5572 veritos.

558 5567 870 5633 naicquippe
888 5568 1112 5619 dicuntur
1130 5567 1490 5633 consequenter
1512 5567 1571 5616 ad
1594 5578 1671 5627 ea,
1694 5580 1805 5629 qua:
1821 5579 1965 5629 supra
1988 5567 2139 5633 fusius

558 5628 755 5690 extulit,
774 5628 955 5692 nempe
977 5635 1125 5683 totam
1142 5628 1396 5692 humanam
1417 5631 1562 5685 vitam
1584 5628 1745 5689 secure
1775 5628 2136 5691 comparandam

563 5706 674 5743 esse
698 5706 710 5741 :
729 5691 860 5752 quod
881 5698 1043 5740 tamen
1063 5701 1229 5739 rerum
1258 5691 1518 5746 veritatem
1541 5708 1639 5746 non
1659 5697 1808 5751 tollit.

1286 275 1345 332 S.
1385 274 1660 331 JOANNIS
1695 275 2513 334 CIIRYSOSTOMI'ARCHIEP.
2554 276 3077 336 CONSTANTINOP.

2236 388 2415 444 divitis
2436 391 2628 446 ostium
2654 394 2801 448 sinus
2819 396 3063 465 Abrahre,
3085 409 3203 468 post
3222 399 3399 460 famem
3422 424 3572 465 rerum
3587 422 3694 486 conia

2233 478 2400 576 linem
2411 495 2518 576 non
2544 481 2806 576 habitura,
2828 495 2947 554 post
2970 503 3228 546 mrumnas
3245 498 3552 565 tranquillitas
3569 478 3703 576 pcipe-

2235 578 2321 622 tua
2344 586 2358 637 ;
2387 570 2535 626 illum
2560 572 2639 644 (a)
2652 588 2779 660 vero
2798 586 2915 644 post
2943 577 3149 636 divitias
3174 598 3454 655 paupertas,
3478 570 3580 660 post
3600 570 3710 650 tuen-

2234 675 2350 755 sam
2374 665 2645 755 opiparam
2674 658 2987 736 supplicium
3014 681 3067 726 et
3084 676 3362 744 cruciatus,
3391 658 3493 749 post
3515 690 3716 755 tranquil-

2234 748 2436 845 litatem
2478 752 2796 845 intolerandi
2829 757 3064 815 dolores.
3110 763 3177 818 Et
3210 768 3466 824 considera
3495 748 3739 845 mihiquid

2233 837 2434 933 factum
2472 843 2564 898 sit.
2597 845 2723 901 llluc
2754 847 3035 917 abierunt,
3066 862 3120 908 et
3146 857 3365 913 solutum
3392 872 3467 915 est
3492 837 3717 933 theatrum,

2235 930 2455 1001 abjecta:
2478 935 2639 991 larvze
2668 954 2681 990 :
2709 939 2881 995 vultus
2906 940 3118 998 demum
3144 962 3497 1016 apparuerunt.
3522 930 3721 1016 Abierant

2234 1026 2414 1095 ambo,
2438 1029 2683 1100 videtque
2708 1032 2856 1089 dives
2880 1035 2970 1091 ille
2992 1039 3303 1096 torrefactus
3322 1044 3552 1103 Lazarum
3575 1052 3616 1107 in
3634 1056 3722 1110 sinu

2235 1118 2465 1215 Abrahae
2507 1122 2648 1178 bene
2686 1137 2951 1195 agentem,
2997 1130 3199 1187 deliciis
3239 1133 3513 1207 fruentem,
3545 1144 3723 1215 dicitque

2237 1210 2310 1264 illi
2342 1228 2354 1264 :
2387 1211 2541 1267 Pater
2565 1214 2819 1270 Abraham
2836 1259 2852 1285 ,
2881 1220 3017 1274 mitte
3039 1220 3289 1279 Lazarum
3316 1236 3367 1280 ut
3400 1241 3588 1288 extremo
3609 1210 3725 1307 dig-ito

2235 1304 2443 1395 instillat
2485 1307 2541 1360 in
2567 1308 2795 1380 linguam
2824 1327 3017 1391 meom,_
3042 1316 3162 1384 quia
3188 1321 3379 1373 crucior
3399 1323 3447 1374 in
3472 1324 3553 1377 hac
3572 1304 3726 1395 auum

2237 1392 2388 1467 (Luc.
2420 1396 2669 1468 16.24).
2710 1401 2844 1467 Quid
2884 1403 3044 1472 igitur
3068 1406 3372 1464 Abraham?
3406 1411 3526 1479 Fili,
3554 1392 3727 1487 recepisti

2238 1487 2366 1540 bona
2392 1498 2500 1555 tua,
2521 1499 2568 1543 et
2588 1488 2820 1546 Lazarus
2838 1494 2973 1548 mala
2996 1512 3091 1551 sua
3120 1513 3140 1551 :
3164 1508 3210 1553 et
3238 1516 3366 1554 nunc
3387 1503 3462 1556 hic
3484 1509 3725 1575 consolatur,

2237 1586 2291 1631 tu
2318 1594 2433 1632 vero
2462 1580 2723 1636 cruciaris.
2752 1583 2989 1655 Alioquin
3020 1597 3193 1643 autem
3216 1598 3262 1642 et
3297 1590 3444 1647 chaos
3475 1593 3587 1650 inter
3608 1614 3677 1654 nos
3695 1609 3729 1654 et

2238 1684 2322 1724 vos
2345 1671 2600 1739 rmatum
2627 1686 2698 1728 est
2714 1694 2735 1741 ;
2780 1688 2834 1730 ut
2859 1680 2904 1733 si
2931 1682 3043 1750 quis
3082 1683 3294 1738 voluerit
3319 1686 3431 1740 hinc
3465 1689 3571 1743 illuc
3589 1693 3643 1745 ad
3668 1709 3730 1747 vos

2238 1763 2576 1831 pertransire,
2623 1782 2723 1820 non
2771 1770 2948 1837 possit.
2997 1773 3249 1830 Animum
3295 1776 3640 1837 adhibete:de
3670 1782 3730 1839 his

2237 1858 2379 1912 enim
2410 1860 2552 1914 utilis
2574 1874 2751 1916 sermo
2778 1863 3100 1934 instituetur,
3128 1870 3220 1939 qui
3243 1877 3431 1927 terreat
3452 1874 3731 1944 quidem,sed

2237 1951 2327 2019 qui
2369 1962 2592 2022 purget;
2636 1955 2726 2024 qui
2770 1959 3071 2024 excruciet,
3115 1960 3216 2016 sed
3244 1963 3332 2033 qui
3373 1966 3733 2039 emendetzqua:

2238 2040 2485 2097 dicuntur
2525 2044 2730 2114 excipe.
2762 2044 2896 2102 Cum
2927 2048 2977 2102 in
3021 2052 3346 2108 cruciatibus
3384 2055 3577 2123 degeret
3605 2059 3732 2125 dives,

2238 2145 2452 2187 sursum
2475 2136 2704 2203 aspexit,
2736 2146 2791 2191 et
2814 2137 2941 2194 vidit
2967 2140 3234 2197 Lazarum
3263 2162 3278 2198 :
3306 2146 3429 2201 vidit
3450 2163 3548 2202 rem
3572 2165 3732 2204 novam.

2240 2220 2297 2275 lu
2324 2223 2462 2277 ostio
2491 2232 2580 2278 tuo
2603 2225 2839 2294 quotidie
2868 2237 2980 2315 erat
3012 2246 3026 2282 :
3062 2230 3146 2285 bis
3178 2244 3321 2289 terve
3355 2236 3679 2306 ingrediebaris
3698 2249 3736 2294 et

2239 2312 2616 2382 egrediebaris,
2644 2326 2699 2370 et
2738 2332 2842 2372 non
2867 2312 3193 2388 respiciebas
3223 2340 3340 2380 eum
3363 2343 3379 2393 ;
3406 2340 3514 2381 cum
3535 2339 3678 2384 autem
3698 2331 3735 2384 iu

2239 2406 2510 2475 sartagine
2536 2408 2784 2474 versaris,
2812 2425 2879 2465 ex
2906 2419 3053 2467 tanto
3080 2414 3364 2472 interstitio
3391 2420 3520 2474 vides
3538 2420 3559 2474 ?
3577 2421 3677 2475 Cum
3698 2421 3735 2474 in

2239 2495 2439 2552 divitiis
2462 2513 2677 2568 ageres,
2704 2515 2823 2555 cum
2852 2516 3019 2571 penes
3057 2514 3109 2560 te
3135 2516 3257 2562 erat
3278 2519 3337 2562 ut
3363 2510 3578 2573 videres,
3601 2511 3737 2566 videre

2240 2588 2386 2642 illum
2414 2591 2631 2645 nolebas
2650 2633 2665 2658 ,
2692 2607 2789 2648 cur
2830 2610 2971 2651 nunc
3000 2605 3103 2651 tam
3134 2609 3292 2656 acute
3331 2604 3492 2657 cernis
3512 2603 3566 2656 i
3595 2605 3736 2658 Annon

2239 2676 2293 2733 in
2322 2680 2459 2734 ostio
2504 2692 2594 2735 tuo
2639 2684 2801 2738 erat?
2843 2684 2949 2741 Cur
2995 2687 3146 2744 illum
3196 2700 3319 2746 tunc
3426 2694 3631 2763 proximo
3660 2708 3737 2747 non

2240 2769 2481 2837 videbas,
2524 2787 2665 2827 nunc
2702 2783 2878 2831 autem
2913 2792 2978 2832 ex
3017 2786 3169 2835 tanto
3197 2782 3469 2839 interstitio
3491 2783 3629 2849 vides,
3649 2798 3737 2837 cum

2242 2867 2445 2914 tantum
2494 2865 2563 2916 sit
2610 2863 2985 2936 intermedium
3027 2869 3242 2927 chaos?
3286 2873 3415 2941 Quid
3463 2882 3612 2931 autem
3644 2871 3739 2927 ille!

2239 2951 2507 3007 Abraham
2530 2963 2738 3024 patrem
2756 2968 2926 3013 vocat.
2952 2959 3241 3019 Patremne
3257 2979 3408 3020 vocas
3423 2964 3613 3037 eum(b),
3628 2965 3737 3034 cujus

2242 3043 2655 3115 hospitalitatem
2688 3063 2793 3104 non
2836 3065 2895 3106 es
2937 3052 3229 3109 imitatus?
3268 3057 3364 3113 Hie
3402 3066 3577 3128 patrem
3609 3065 3738 3117 vocat.

2242 3136 2332 3192 ille
2357 3137 2524 3192 filium
2550 3156 2566 3194 :
2595 3142 2809 3196 nomina
2839 3146 3175 3213 cognationis
3205 3158 3345 3217 sunt,
3377 3150 3464 3206 sed
3492 3150 3654 3204 nullum
3674 3163 3741 3218 pa-

2243 3229 2545 3286 trocinium.
2577 3232 2771 3294 Verum
2800 3237 3014 3291 nomina
3042 3240 3282 3309 profert,
3321 3250 3376 3296 ut
3408 3241 3599 3297 discatis
3615 3253 3741 3310 genus

2242 3325 2370 3379 nihil
2399 3324 2675 3395 prodesse.

2248 3452 2253 3457 -
2315 3416 2566 3472 Nobilitas
2597 3430 2669 3475 est
2702 3438 2803 3477 non
2838 3424 3086 3495 majorum
3128 3426 3388 3496 splendor,
3420 3427 3501 3484 sed
3532 3427 3742 3481 virttis.

2241 3509 2498 3566 Nobilitas
2521 3514 2715 3583 quippe
2742 3524 2825 3569 est
2853 3532 2956 3571 non
2986 3518 3252 3587 majorum
3283 3520 3535 3592 splendor,
3559 3518 3635 3573 sed
3656 3531 3741 3571 mo-

2242 3617 2330 3656 res
2357 3603 2549 3659 virtute
2579 3604 2805 3673 praediti.
2840 3606 2918 3662 Ne
2955 3609 3083 3663 mihi
3111 3610 3313 3667 dixeris
3333 3654 3348 3678 ,
3386 3622 3521 3684 pater
3549 3619 3618 3665 est
3646 3605 3741 3662 mihi

2241 3696 2448 3750 consul.
2484 3696 2620 3762 Quid
2654 3697 2758 3753 hoc
2797 3699 2863 3754 ad
2906 3702 3037 3755 me?
3063 3702 3181 3757 Non
3214 3704 3317 3760 hoc
3339 3720 3525 3776 qurero.
3558 3703 3621 3758 Ne
3647 3698 3743 3755 mihi

2242 3784 2458 3850 dixeris,
2479 3796 2681 3856 patrem
2700 3787 2868 3844 habeo
2889 3791 3184 3847 consulem.
3209 3794 3427 3850 Etiamsi
3450 3795 3638 3850 Paulum
3650 3804 3744 3859 apo-

2243 3880 2437 3933 stolum
2463 3891 2665 3947 patrem
2693 3880 2919 3938 haberes
2942 3925 2956 3950 ,
2984 3886 3030 3940 si
3058 3894 3322 3958 martyres
3352 3887 3526 3943 fratres
3544 3927 3557 3950 ,
3585 3894 3627 3939 tu
3649 3897 3745 3937 vero

2243 3971 2489 4025 virtutem
2518 3971 2727 4026 illorum
2760 3990 2864 4029 non
2898 3976 3185 4034 imitareris
3210 4022 3225 4046 ,
3259 3981 3385 4035 nihil
3414 3981 3497 4035 tibi
3530 3978 3745 4049 prodesset

2244 4061 2327 4114 illa
2350 4063 2628 4133 cognatio;
2653 4063 2760 4119 imo
2782 4066 2954 4135 potius
2976 4068 3067 4122 tibi
3087 4079 3306 4127 noceret
3327 4082 3473 4141 teque
3489 4068 3747 4143 condemna-

2242 4165 2341 4210 ret.
2366 4157 2549 4222 Mater,
2575 4159 2797 4229 inquiet,
2821 4176 2935 4216 mea
2960 4161 3355 4236 elecmosynam
3383 4174 3564 4234 erogat.
3592 4156 3748 4227 Ecquid

2246 4249 2345 4305 hoc
2371 4251 2433 4304 ad
2466 4259 2517 4306 te
2538 4292 2552 4316 ,
2584 4255 2671 4321 qui
2710 4252 3030 4308 inhumanus
3053 4256 3148 4310 es?
3184 4256 3318 4310 Nam
3359 4257 3469 4326 ejus
3510 4251 3748 4309 humanitas

2246 4340 2350 4394 tuis
2380 4341 2633 4410 improbis
2673 4342 2914 4398 moribus
2941 4345 3181 4399 accessio
3219 4343 3645 4401 condemnationis
3669 4348 3747 4393 est.

2244 4430 2377 4499 Quid
2405 4432 2546 4487 enim
2577 4432 2705 4488 dicit
2736 4432 2968 4489 Joannes
2994 4434 3227 4505 Baptista
3267 4436 3332 4490 ad
3365 4435 3588 4504 populum
3610 4427 3750 4483 iudai

2244 4524 2401 4578 cum?
2420 4522 2593 4577 Facite
2615 4524 2831 4593 fructum
2850 4525 3057 4596 dignum
3080 4527 3403 4597 paenitentiae,
3427 4537 3469 4579 et
3484 4542 3538 4578 ne

2244 4626 2436 4686 patrem
2458 4616 2695 4671 habemus
2727 4616 2978 4670 Abraham
3005 4617 3154 4689 (Luc.
3186 4621 3240 4674 5.
3272 4620 3349 4675 8i.
3381 4619 3659 4674 Praeclarum
3677 4610 3750 4663 hac

2245 4708 2339 4762 bes
2367 4720 2576 4763 atavum
2603 4727 2615 4761 :
2645 4709 2689 4763 si
2717 4710 2951 4764 imitatus
2978 4709 3142 4764 fueris
3165 4753 3179 4774 ,
3210 4711 3336 4765 hinc
3374 4712 3557 4765 lucrum
3593 4704 3748 4759 habet:

2244 4801 2288 4854 si
2317 4817 2420 4854 non
2449 4802 2700 4866 imitatus,
2729 4802 3042 4871 prmclarum
3071 4803 3216 4856 illum
3245 4801 3408 4856 habes
3429 4806 3747 4855 accusatorem.

2244 4895 2385 4966 quod
2412 4911 2477 4950 ex
2506 4895 2645 4949 dulci
2676 4894 2856 4950 radice
2890 4884 3101 4951 amarus
3126 4898 3201 4951 sis
3225 4907 3373 4952 ortus
3407 4894 3603 4950 fructus.
3626 4892 3748 4945 Num-

2245 5003 2400 5057 quam
2431 4987 2640 5042 beatum
2671 4988 2924 5057 prmdices
2945 4988 3236 5054 hominem,
3258 4989 3405 5059 cujus
3420 4995 3646 5057 cognatus
3661 4994 3741 5050 pro

2252 5077 2349 5132 bus
2378 5088 2478 5143 est,
2509 5078 2606 5131 nisi
2633 5078 2748 5147 ejus
2777 5092 2952 5133 mores
2982 5079 3236 5134 imitetur.
3262 5079 3477 5134 Matrem
3502 5076 3645 5133 babes
3665 5086 3731 5126 sa"

2245 5174 2425 5229 ctam?
2448 5174 2584 5228 Nihil
2614 5174 2678 5228 ad
2709 5182 2760 5228 te
2796 5173 2985 5228 attinet
3011 5191 3024 5227 :
3057 5182 3278 5230 matrem
3309 5172 3468 5230 habes
3492 5171 3744 5227 scelestam

2348 5375 2557 5434 Bcnzel.,
2573 5383 2692 5435 Cum
2713 5372 2763 5422 in
2778 5371 2955 5423 divitiis
2974 5371 3270 5423 (centonarius
3289 5383 3382 5420 non
3398 5368 3538 5435 uides,
3550 5358 3750 5435 om???

2244 5421 2734 5505 ma'i'ncmis,
2752 5421 2850 5484 etc.
2864 5421 2998 5505 sequ
3005 5438 3135 5505 entia
3171 5421 3302 5505 item
3312 5421 3732 5505 paululutntliit:

2404 5485 2527 5550 ititieci
2558 5485 2815 5562 parumper
2841 5485 3025 5546 variant
3063 5497 3111 5558 in
3137 5497 3255 5546 edit.
3279 5485 3485 5552 Beuzel.,
3508 5488 3587 5540 sed
3624 5485 3759 5534 sensu

2245 5564 2392 5738 (
2411 5629 2472 5674 Fa
2509 5621 2617 5674 fere
2640 5621 2824 5688 repetit
2856 5632 2966 5683 qua:
3006 5620 3237 5671 concione
3278 5618 3420 5671 tertia
3442 5624 3588 5676 supra,
3620 5590 3754 5655 num-9

2248 5700 2278 5738 e
2394 5721 2407 5736 .

2335 5700 2407 5738 .
