4032 6198
237 327 372 382 ίηόἳ

232 438 379 493 Nibi'.
404 436 472 492 ad
503 443 556 490 te
580 433 768 488 attinet
797 450 810 486 :
841 439 898 488 ut
936 431 1073 485 illius
1099 430 1265 485 virtus
1290 428 1384 486 tibi
1425 445 1530 484 non
1563 429 1813 499 prodest,

230 532 280 585 si
306 530 558 585 virtutem
588 541 693 580 non
722 524 964 591 imiteris,
992 523 1063 578 ita
1092 538 1190 578 nec
1216 522 1358 578 illius
1387 521 1698 594 improbitas
1724 522 1818 576 tibi

232 619 528 692 quidquam
560 624 750 682 nocet,
788 617 833 670 si
874 613 1164 685 nequitiam
1195 613 1432 683 deponas
1466 631 1479 668 :
1510 612 1605 668 sed
1627 623 1683 666 ut
1713 613 1822 668 illic

237 714 416 783 majus
439 721 521 767 est
551 709 751 765 crimen
777 750 794 776 ,
821 707 963 778 quod
988 723 1108 762 cum
1133 707 1435 776 exemplum
1467 705 1694 760 haberes
1721 703 1819 758 do-

236 805 519 860 mesticum
545 843 561 869 ,
584 802 834 856 virtutem
864 815 969 854 non
1007 799 1082 854 sis
1116 797 1353 853 imitatus
1381 815 1395 852 :
1428 797 1502 852 ita
1538 795 1709 866 major
1737 794 1824 850 hic

235 894 362 950 laus
391 900 610 963 surget,
639 889 780 962 quod
809 889 928 961 quis
959 904 1081 944 eum
1124 887 1342 943 haberet
1379 895 1604 942 matrem
1650 884 1824 940 scele-

236 995 404 1050 stam,
428 986 570 1040 illius
594 983 988 1054 improbitatem
1018 996 1122 1035 non
1149 980 1219 1036 sit
1247 978 1502 1045 imitatus,
1534 977 1627 1033 sed
1655 976 1827 1031 dulcis

239 1079 446 1135 fructus
493 1077 566 1132 sit
605 1075 672 1130 ab
709 1073 901 1130 acerba
944 1072 1124 1128 radice
1162 1079 1472 1142 prognatus.
1519 1067 1634 1124 Non
1683 1067 1826 1122 enim

239 1170 497 1242 splendor
537 1168 798 1240 majorum
824 1208 840 1236 ,
881 1166 977 1222 sed
1007 1165 1199 1221 virtute
1229 1163 1432 1234 praediti
1476 1176 1652 1216 mores
1677 1175 1826 1230 quae-

243 1272 456 1317 runtur.

316 1389 544 1445 Servitus
572 1403 688 1442 vera
717 1395 994 1458 peccatum.
1017 1415 1088 1426 --
1117 1385 1230 1455 Ego
1251 1383 1336 1440 vel
1358 1397 1571 1439 servum
1599 1379 1829 1435 nobilem

242 1481 478 1551 appello,
510 1487 564 1535 et
588 1477 861 1534 dominum
887 1489 1072 1533 catena
1103 1477 1336 1530 vinctum
1355 1514 1370 1538 ,
1401 1473 1447 1527 si
1475 1471 1604 1526 mibi
1631 1470 1830 1541 cogniti

245 1569 452 1624 fuerint
474 1568 589 1638 ejus
614 1582 830 1623 mores:
860 1566 988 1621 mibi
1012 1566 1095 1620 vel
1137 1565 1204 1633 is,
1239 1565 1328 1635 qui
1355 1563 1406 1618 in
1427 1562 1682 1633 dignitate
1704 1575 1833 1616 con-

246 1661 468 1716 stitutus
491 1669 573 1715 est
591 1699 608 1726 ,
638 1659 884 1730 ignobilis
910 1657 1142 1720 videtur,
1167 1657 1210 1711 si
1235 1655 1468 1710 animam
1499 1668 1710 1710 servam
1738 1651 1835 1706 ha-

245 1753 374 1808 beat
399 1770 413 1806 :
442 1754 562 1822 quis
581 1753 725 1818 enim
753 1765 940 1805 servus
963 1759 1046 1804 est
1066 1789 1086 1817 ,
1111 1749 1214 1804 nisi
1239 1749 1328 1818 qui
1359 1746 1484 1802 facit
1509 1742 1834 1818 peccatum?

250 1845 370 1902 Alia
391 1844 606 1915 quidem
622 1843 848 1898 servitus
871 1842 940 1896 ab
959 1841 1195 1896 adversis
1220 1855 1398 1895 rerum
1422 1836 1703 1894 eventibus
1721 1835 1834 1890 ori-

251 1948 360 2001 tur,
389 1935 506 1991 haec
534 1949 662 1990 vero
691 1933 920 1989 servitus
949 1931 1234 1987 discrimen
1263 1940 1344 1985 est
1373 1929 1571 1993 animi;
1598 1923 1837 1997 quando-

251 2028 470 2098 quidem
499 2041 531 2080 a
562 2024 822 2097 principio
848 2024 1079 2080 servitus
1103 2023 1227 2078 hinc
1253 2021 1489 2090 irrepsit.

326 2141 381 2194 7.
408 2139 520 2194 Non
542 2146 658 2194 erat
680 2137 818 2193 ullus
845 2151 1032 2192 servus
1060 2135 1186 2190 olim
1212 2152 1225 2189 :
1259 2134 1399 2188 Deus
1425 2132 1566 2187 enim
1591 2145 1710 2185 cum
1743 2127 1840 2215 h9-

254 2232 453 2286 miucm
483 2228 739 2283 formaret
764 2269 779 2294 ,
811 2243 1020 2282 servum
1052 2227 1198 2279 illum
1235 2236 1564 2293 nequaquam
1596 2219 1722 2275 fecit
1744 2261 1760 2286 ,
1787 2227 1843 2273 at

255 2325 508 2382 liberum.
539 2321 803 2377 Adamum
829 2319 1030 2375 creavit
1058 2328 1115 2372 et
1144 2318 1330 2382 Evam,
1356 2323 1509 2369 erant
1535 2310 1748 2383 quidem
1774 2310 1841 2364 li-

257 2412 373 2476 beri
414 2410 574 2473 ambo
606 2427 620 2466 :
653 2409 794 2465 unde
833 2409 992 2479 igitur
1029 2417 1146 2463 orta
1187 2415 1270 2462 est
1308 2405 1578 2460 servitus?
1620 2401 1845 2472 lmpegit

257 2503 552 2568 humanum
580 2516 768 2573 genus,
795 2515 858 2556 ac
885 2501 1101 2560 modum
1129 2498 1431 2570 cupiditatis
1459 2496 1758 2563 excedens,
1789 2495 1844 2554 in

263 2594 540 2660 lasciviam
565 2601 650 2649 est
671 2592 954 2662 impulsum
985 2608 1000 2647 ι
1029 2603 1137 2661 quo
1162 2603 1288 2644 vero
1318 2595 1472 2659 pacto
1496 2586 1643 2642 audi.

329 2699 619 2774 Descriptio
647 2703 824 2759 diluvii
851 2701 1063 2756 Noe.—
1088 2700 1310 2755 Factum
1341 2706 1424 2754 est
1449 2696 1727 2762 diluvium,
1755 2709 1846 2749 or.

259 2796 343 2856 bis
371 2803 634 2851 terrarum
673 2808 958 2850 commune
1005 2791 1336 2861 naufragium
1362 2831 1377 2857 ,
1421 2797 1703 2844 cataractae
1729 2786 1848 2842 cadi

258 2896 463 2958 apertae
492 2895 648 2954 sunt,
679 2895 732 2942 et
754 2885 933 2957 abyssi
959 2883 1190 2954 profusae
1217 2880 1380 2955 (Gen.
1407 2882 1462 2937 7.
1491 2881 1596 2948 10)
1628 2897 1641 2933 :
1668 2879 1848 2933 omnia

261 2988 419 3034 erant
443 2991 580 3049 aqua
604 3019 619 3045 ,
647 2985 703 3032 et
729 2991 847 3047 quae
875 2975 1045 3030 oculis
1082 2973 1352 3028 cernimus
1378 2971 1430 3025 in
1457 2971 1720 3025 elementa
1757 2982 1848 3022 re-

261 3070 630 3132 solvebantur,
661 3083 725 3122 ac
753 3066 1189 3128 destruebantur,
1225 3076 1326 3116 nec
1351 3059 1639 3131 apparebat
1666 3068 1803 3112 terra
1828 3073 1844 3121 ;

263 3160 360 3215 sed
379 3161 560 3217 omnia
586 3160 802 3230 pelagus
820 3166 994 3223 erant,
1022 3153 1173 3210 radix
1199 3161 1378 3213 autem
1405 3151 1506 3205 illis
1533 3148 1749 3203 suberat
1775 3149 1851 3202 ira

266 3255 399 3321 Dei;
431 3252 625 3308 fluctus
648 3264 802 3307 erant
830 3249 1030 3316 omnia,
1057 3255 1111 3303 et
1137 3245 1314 3300 omnia
1341 3243 1527 3309 maria,
1560 3249 1770 3296 montes
1797 3239 1852 3296 in

265 3348 433 3403 altum
462 3344 627 3400 erecti
663 3343 1018 3413 proeminent,
1055 3347 1112 3396 at
1148 3352 1244 3394 eos
1283 3335 1502 3407 pelagus
1531 3338 1848 3402 operuerat,

268 3446 583 3508 tantumque
626 3435 839 3507 pelagus
860 3476 875 3500 ,
907 3443 962 3489 et
985 3432 1171 3486 cazlum
1197 3438 1313 3484 erat
1333 3469 1350 3495 ,
1383 3425 1645 3497 perditum
1683 3423 1856 3478 fuerat

266 3545 440 3600 genus
469 3530 758 3583 humanum
789 3544 804 3580 :
836 3523 1064 3581 scintilla
1092 3520 1263 3577 nostri
1289 3518 1502 3591 generis
1542 3516 1654 3571 Noe
1681 3522 1857 3570 resta-

270 3623 393 3688 bat,
420 3619 649 3674 scintilla
676 3620 730 3672 in
761 3616 938 3671 medio
964 3613 1120 3681 mari,
1153 3627 1252 3667 nec
1276 3622 1451 3665 tamen
1481 3606 1856 3676 exstingueba-

272 3725 381 3780 tur,
409 3712 670 3784 primitias
697 3709 908 3781 generis
931 3707 1098 3763 nostri
1123 3718 1304 3762 secum
1331 3702 1533 3756 habens
1558 3712 1778 3754 uxorem
1803 3704 1859 3752 et

271 3809 493 3873 liberos,
526 3804 828 3861 columbam
849 3811 904 3856 et
927 3813 1146 3856 corvum
1171 3805 1226 3853 et
1253 3804 1445 3852 caetera
1470 3791 1647 3849 omnia
1671 3807 1684 3844 :
1716 3790 1859 3846 intus

273 3905 431 3958 erant
455 3911 666 3961 omnes,
695 3903 749 3950 et
777 3893 1047 3949 ferebatur
1072 3903 1195 3944 arca
1225 3902 1386 3957 super
1411 3899 1577 3956 aquas
1601 3883 1654 3938 in
1679 3881 1859 3937 medio

274 3989 526 4057 procellae
555 4030 571 4055 ,
609 4002 782 4058 neque
820 3982 1149 4052 naufragium
1196 3978 1459 4045 faciebat;
1505 3976 1701 4057 quippe
1741 3987 1861 4044 qua:

275 4053 1001 4152 gubernatorem—dominum
1047 4070 1268 4127 haberet
1314 4053 1696 4125 universitatis.
1741 4063 1861 4124 Non

275 4171 423 4227 enim
465 4183 673 4226 asseres
709 4167 859 4226 illum
892 4171 1211 4229 servarunt,
1242 4159 1337 4216 sed
1378 4158 1595 4214 robusta
1623 4156 1717 4212 Dei
1745 4171 1860 4213 ma-

277 4276 402 4319 nus.
431 4261 509 4316 Ac
544 4259 666 4322 vide
704 4256 1059 4321 miraculum;
1090 4267 1209 4311 cum
1245 4251 1426 4308 abluta
1462 4249 1651 4305 fuisset
1678 4257 1820 4304 terra
1842 4288 1858 4314 ,

276 4368 400 4412 eum
427 4350 618 4406 sublati
639 4357 820 4404 essent
843 4362 874 4404 e
902 4344 1099 4409 medio,
1122 4343 1210 4413 qui
1235 4341 1373 4396 mala
1401 4345 1860 4410 perpetravcrant,

274 4455 399 4496 cum
442 4440 626 4498 sedata
657 4448 945 4508 tempestas
984 4444 1128 4492 esset
1151 4475 1165 4500 ,
1208 4441 1568 4504 apparuerunt
1604 4429 1863 4492 montium

279 4535 534 4599 vertices,
561 4532 802 4589 consedit
831 4545 976 4598 arca,
1004 4525 1305 4584 columbam
1333 4523 1478 4580 misit
1506 4522 1640 4579 Noe.

350 4644 585 4699 Ecclesia
610 4659 726 4698 cum
751 4659 869 4708 arca
898 4639 1012 4696 Noe
1031 4639 1238 4696 collata.
1273 4636 1400 4692 Vide
1423 4636 1476 4691 in
1507 4633 1702 4690 Homil.
1732 4634 1784 4696 1,
1809 4633 1864 4688 in

282 4735 527 4804 Paulum,
549 4739 596 4791 et
635 4737 698 4790 de
737 4734 1056 4800 Pamitentia.
1083 4762 1156 4773 —
1177 4731 1346 4791 Porro
1375 4728 1625 4802 mysteria
1654 4727 1866 4783 fuerunt

277 4843 402 4898 quae
437 4836 738 4895 narrantur,
762 4833 817 4880 et
843 4838 1022 4880 rerum
1053 4823 1346 4880 futurarum
1375 4822 1539 4890 ﬁgura
1560 4859 1576 4886 ,
1608 4834 1728 4888 quae
1753 4827 1866 4877 tum

280 4919 518 4983 fiebant,
550 4917 798 4971 nimirum
828 4931 949 4974 arca
994 4913 1091 4968 fuit
1131 4912 1367 4968 Ecclesia
1392 4952 1408 4978 ,
1437 4909 1551 4966 Noe
1580 4908 1824 4974 Christus
1846 4949 1862 4976 ,

276 5009 528 5064 columba
555 5006 783 5078 Spiritus
803 5015 1038 5073 sanctus,
1061 5005 1196 5060 olea:
1223 5002 1405 5062 folium
1428 5001 1521 5058 Dei
1545 5000 1864 5072 benignitas.

280 5102 556 5157 Emissum
588 5109 670 5156 est
696 5101 893 5156 animal
940 5105 1314 5164 mansuetum,
1345 5105 1401 5152 et
1427 5095 1557 5154 exiit
1594 5110 1660 5150 ex
1701 5108 1824 5149 arca
1847 5133 1863 5161 ,

279 5195 379 5256 sed
412 5193 577 5264 figura
606 5193 817 5249 fuerunt
845 5192 958 5258 illa,
985 5191 1100 5246 haec
1127 5198 1252 5246 sunt
1277 5188 1494 5244 veritas.
1526 5186 1661 5243 Vide
1689 5194 1867 5241 autem

289 5287 529 5342 veritatis
549 5286 921 5343 abundantiam
945 5303 958 5340 :
981 5281 1426 5355 quemadmodum
1455 5281 1507 5335 in
1538 5281 1715 5336 medio
1736 5280 1868 5335 mari

281 5379 536 5435 servabat
559 5394 653 5434 eos
677 5393 802 5434 arca
827 5419 842 5446 ,
873 5377 962 5448 qui
991 5377 1129 5432 intus
1158 5384 1345 5441 erant,
1375 5375 1453 5430 sic
1478 5383 1530 5429 et
1559 5388 1746 5429 omnes
1776 5373 1866 5443 qui

279 5482 488 5540 errant,
515 5480 691 5527 servat
721 5472 988 5528 Ecclesia:
1013 5484 1194 5526 verum
1221 5483 1344 5524 arca
1370 5467 1614 5523 servabat
1640 5476 1864 5532 tantum,

283 5565 531 5624 Ecclesia
554 5563 804 5635 quiddam
842 5561 1071 5632 amplius
1113 5559 1340 5632 perficit.
1382 5557 1622 5629 Exempli
1665 5572 1823 5612 causa
1848 5597 1866 5622 ,

287 5656 516 5724 rationis
543 5665 795 5726 expertes
820 5654 1117 5708 animantes
1145 5651 1350 5722 accepit
1377 5663 1498 5704 arca
1524 5690 1539 5715 ,
1569 5657 1623 5704 et
1649 5647 1870 5703 rationis

286 5754 538 5817 expertes
559 5747 852 5819 animantes
873 5745 1102 5803 servavit
1132 5762 1144 5800 :
1177 5742 1397 5811 rationis
1425 5751 1668 5816 expertes
1693 5739 1867 5798 homi~

1506 317 1594 374 DE
1634 316 1902 374 LAZARO
1941 316 2186 375 CONCIO
2225 318 2307 372 Vl.

3379 311 3512 368 1038

1931 443 2026 485 nes
2046 427 2238 499 accipit
2258 427 2510 493 Ecclesia,
2537 443 2634 484 nec
2659 437 2834 484 servat
2856 436 3079 493 tantum,
3105 425 3200 483 sed
3222 427 3382 484 etiam
3413 428 3512 483 im-

1931 530 2118 574 mutat.
2147 521 2377 576 Corvum
2407 521 2610 591 accepit
2636 535 2757 575 arca
2781 562 2796 585 ,
2824 529 2878 575 et
2907 535 3122 574 corvum
3149 519 3329 573 emisit
3359 537 3374 571 :
3408 518 3512 573 Ec-

1929 613 2090 667 clesia
2129 627 2345 667 corvum
2384 613 2614 681 accipit,
2642 621 2696 666 et
2731 611 3028 665 columbam
3053 609 3288 664 emittit:
3322 607 3514 678 accipit

1930 705 2192 774 lupum,et
2210 720 2363 760 ovem
2384 705 2530 758 illum
2552 704 2762 760 emittit.
2786 703 2915 759 Cum
2942 703 3084 758 enim
3117 703 3386 772 ingressus
3413 701 3519 754 huc

1935 795 2090 851 fuerit
2114 795 2274 850 homo
2298 811 2461 866 rapax
2492 804 2544 850 et
2575 794 2862 861 fraudator,
2886 794 2973 850 ubi
2995 793 3294 848 divinorum
3314 789 3510 846 doctri-

1935 903 2055 942 nam
2083 887 2410 958 eloquiorum
2435 883 2886 952 audiverit,mutat
2903 873 3169 950 mentem,
3197 893 3251 938 et
3273 897 3367 953 pro
3395 883 3520 951 lupo

1936 978 1996 1033 fit
2022 979 2138 1034 ovis
2169 997 2182 1034 :
2214 977 2472 1049 siquidem
2518 979 2672 1048 lupus
2711 977 2880 1032 aliena
2918 976 3091 1046 rapit,
3136 983 3189 1028 at
3215 975 3330 1029 ovis
3355 973 3522 1028 etiam

1936 1071 2113 1125 lunam
2157 1086 2310 1126 suam
2351 1070 2614 1126 concedit.
2657 1069 2808 1125 Sedit
2847 1083 3005 1134 arca,
3037 1076 3091 1122 et
3119 1076 3369 1121 reseratae
3395 1071 3524 1120 sunt

1936 1175 2140 1234 portae;
2181 1179 2426 1236 egressus
2455 1173 2537 1218 est
2565 1179 2596 1218 e
2625 1161 2894 1232 naufragio
2923 1168 3163 1215 servatus
3190 1158 3303 1214 Noe
3329 1176 3341 1212 :
3373 1156 3522 1212 videt

1938 1267 2130 1312 terram
2148 1257 2458 1322 desolatam,
2482 1255 2623 1311 videt
2642 1253 2940 1323 sepulcrum
2960 1267 3024 1307 ex
3042 1260 3277 1319 tempore
3299 1248 3518 1311 factum,

1938 1347 2144 1414 limum,
2175 1361 2459 1402 commune
2483 1344 2738 1414 jumentis
2765 1351 2818 1397 et
2841 1341 3144 1396 hominibus
3169 1338 3472 1409 sepulcrum
3502 1354 3516 1390 :

1937 1447 2129 1494 cuneta
2156 1439 2314 1493 simul
2343 1452 2636 1508 equorum,
2670 1435 2973 1498 hominum,
3004 1443 3058 1489 et
3084 1431 3304 1486 rationis
3332 1445 3522 1499 exper-

1940 1530 2070 1584 tium
2108 1530 2468 1600 jumentorum
2508 1528 2744 1582 onmium
2783 1537 3007 1594 corpora
3051 1524 3256 1592 sepulta
3287 1529 3441 1576 erant
3468 1528 3523 1574 et

1940 1621 2150 1677 obruta.
2177 1621 2320 1676 Vidit
2349 1620 2656 1689 tragoediam
2687 1618 2830 1672 illam
2858 1658 2873 1682 ,
2902 1615 3034 1670 vidit
3059 1623 3253 1669 terram
3295 1611 3523 1666 miseria:

1942 1714 2174 1784 plenam,
2205 1712 2370 1767 multa
2391 1721 2506 1766 erat
2535 1711 2784 1764 obsessus
2815 1705 3087 1771 mtestitia,
3120 1703 3390 1774 perierant
3409 1715 3524 1754 om-

1943 1819 2040 1860 nes
2063 1845 2078 1870 ,
2108 1818 2212 1858 non
2237 1802 2430 1868 homo,
2462 1815 2567 1855 non
2591 1799 2898 1869 jumentum
2923 1837 2938 1861 ,
2986 1809 3090 1849 non
3127 1792 3270 1846 aliud
3319 1790 3528 1861 quidvis

1943 1912 2130 1952 eorum
2151 1937 2166 1962 ,
2196 1910 2316 1966 qua:
2339 1893 2550 1948 fuerant
2573 1899 2724 1948 extra
2749 1903 2950 1953 arcam,
2981 1893 3247 1942 servatum
3275 1893 3356 1938 881
3379 1900 3393 1937 ε
3421 1897 3529 1938 CIB-

1946 1985 2056 2040 lum
2080 1985 2329 2040 cernebat
2356 1983 2528 2038 solum
2556 2023 2572 2048 ,
2597 1979 2850 2035 mmstitia
2877 1975 3242 2046 torquebatur,
3264 1983 3318 2028 et
3344 1972 3531 2026 dolore

1947 2078 2285 2148 premebatur
2313 2095 2326 2130 :
2355 2075 2534 2130 vinum
2563 2073 2711 2136 bibit,
2737 2086 2925 2126 somno
2950 2069 3183 2138 seipsum
3210 2064 3443 2127 tradidit,
3477 2071 3530 2117 ut

1947 2171 2138 2225 vulnus
2186 2167 2454 2224 mmStitiaa
2497 2165 2782 2234 mitigaret.
2827 2161 3048 2218 Jacebat
3089 2159 3141 2212 in
3187 2157 3362 2221 lecto,
3409 2169 3530 2209 cum

1950 2274 2138 2316 somno
2168 2259 2401 2329 seipsum
2435 2265 2702 2326 tamquam
2731 2253 2936 2308 medico
2964 2249 3231 2313 dedisset,
3271 2256 3328 2300 ut
3368 2246 3532 2300 menti

1951 2352 2267 2422 subreperet
2296 2363 2482 2404 eorum
2511 2341 2727 2411 oblivio,
2758 2358 2877 2413 qua:
2905 2333 3245 2402 acciderant;
3275 2337 3410 2391 sicut
3438 2333 3532 2388 bo-

1953 2442 2080 2497 mini
2100 2441 2214 2497 seni
2243 2438 2460 2504 assolet,
2486 2437 2576 2508 qui
2602 2435 2780 2489 vinum
2803 2431 3030 2495 biberit,
3055 2439 3109 2484 et
3129 2441 3318 2482 somno
3343 2425 3414 2479 sit
3439 2439 3533 2493 op-

1951 2548 2167 2604 pressus
2193 2548 2208 2587 :
2231 2532 2432 2602 justum
2454 2529 2595 2585 enim
2621 2534 2832 2596 oportet
2857 2536 3131 2584 excusare,
3163 2518 3304 2589 quod
3329 2533 3433 2572 non
3463 2531 3533 2572 ex

1954 2624 2229 2689 ebrietate,
2251 2622 2338 2676 vel
2367 2636 2432 2675 ex
2459 2617 2719 2688 passionis
2745 2613 3009 2670 desiderio
3038 2625 3126 2666 res
3145 2610 3228 2664 illi
3262 2610 3376 2662 haec
3394 2608 3537 2662 acci-

1954 2715 2126 2781 derit,
2169 2712 2261 2768 sed
2304 2720 2528 2780 utroque
2555 2707 2746 2762 vulnus
2770 2703 3062 2774 mitigabat.
3087 2701 3200 2756 Iloc
3227 2699 3367 2754 enim
3394 2697 3540 2752 dice-

1957 2805 2048 2860 bat
2072 2814 2125 2860 ct
2153 2803 2404 2860 Salomon
2432 2818 2446 2854 :
2481 2799 2612 2852 Date
2647 2797 2817 2851 vinum
2861 2795 2924 2848 iis
2948 2835 2963 2860 ,
2996 2792 3084 2864 qui
3125 2792 3176 2844 in
3206 2805 3417 2843 incerare
3439 2830 3455 2855 ,
3493 2800 3538 2842 et
3591 2810 3596 2816 -

1957 2900 2366 2956 inebriamentum
2393 2895 2476 2960 iis,
2507 2894 2592 2964 qui
2618 2893 2669 2945 in
2694 2889 2947 2944 doloribus
2977 2887 3158 2956 (Prov.
3190 2885 3276 2940 51.
3301 2883 3395 2954 6).

2040 2991 2152 3045 Vini
2173 3005 2294 3042 usus
2314 2987 2366 3041 in
2386 2986 2545 3040 luctu.
2562 3012 2632 3024 ——
2659 2981 2862 3036 Idcirco
2890 2978 3040 3034 multi
3062 2975 3304 3030 homines
3327 2989 3389 3029 ac
3409 2981 3545 3039 prte-

1957 3083 2112 3153 cipue
2136 3089 2375 3148 tempore
2402 3073 2794 3144 exsequiarum,
2824 3083 2946 3124 cum
2968 3065 3085 3136 quis
3108 3064 3269 3118 lilium
3293 3071 3382 3117 aut
3405 3076 3540 3116 uxo-

1961 3152 2073 3228 rem
2103 3167 2361 3230 amiserit,
2385 3165 2507 3236 quia
2536 3159 2861 3233 perturbatio
2884 3157 2990 3211 vim
3018 3155 3159 3221 facit,
3185 3153 3307 3223 quia
3333 3152 3542 3236 ‘mmsti-

1963 3264 2033 3320 tia
2062 3261 2225 3317 vincit
2243 3302 2258 3327 ,
2289 3258 2411 3328 quia
2437 3252 2758 3312 conscientia
2784 3249 3108 3314 dominatur,
3136 3226 3339 3301 amicos
3359 3258 3542 3300 secum

1962 3355 2154 3424 accipit
2177 3353 2231 3408 in
2257 3351 2401 3406 aedes
2429 3363 2552 3406 suas
2576 3388 2591 3413 ,
2619 3345 2895 3415 opiparum
2938 3341 3095 3396 struit
3126 3337 3425 3395 convivium
3445 3377 3462 3402 ,
3488 3345 3543 3392 et

1961 3446 2143 3500 vinum
2168 3456 2374 3497 merum
2396 3437 2608 3494 tristitia
2635 3441 2882 3503 correpto
2907 3430 3083 3497 datur,
3112 3437 3170 3484 ut
3189 3428 3380 3483 vulnus
3401 3427 3544 3480 miti-

1963 3549 2087 3609 get;
2116 3537 2216 3591 hoc
2234 3542 2289 3591 et
2311 3533 2391 3588 illi
2417 3531 2530 3588 seni
2553 3539 2678 3584 tunc
2700 3527 2912 3583 accidit.
2941 3523 3072 3579 Nam
3093 3513 3214 3577 cum
3240 3521 3315 3576 illi
3344 3519 3546 3575 mmsti-

1965 3631 2033 3684 tia
2060 3629 2164 3684 vim
2191 3626 2404 3682 all‘erret
2421 3665 2436 3687 .
2464 3622 2566 3678 hoc
2589 3629 2855 3690 tamquam
2887 3615 3173 3686 pharmace
3199 3629 3326 3668 usus
3345 3621 3430 3668 est
3447 3654 3463 3677 ,
3492 3621 3546 3666 et

1966 3729 2088 3790 post
2115 3719 2294 3772 viuum
2323 3715 2555 3784 seipsum
2583 3724 2775 3767 somno
2805 3706 3036 3764 tradidit.
3058 3704 3128 3760 Ut
3155 3702 3293 3758 unde
3317 3703 3546 3757 servitus

1968 3809 2132 3864 indita
2158 3807 2228 3862 sit
2256 3802 2558 3873 intelligatis
2579 3841 2596 3868 ,
2628 3798 2784 3869 paulo
2815 3805 2934 3866 post
2963 3810 3084 3851 cum
3115 3795 3384 3863 ingressus
3408 3800 3547 3846 esset

1967 3898 2276 3956 maledictus
2303 3895 2392 3950 ille
2418 3893 2557 3950 filius
2577 3891 2714 3961 ejus,
2739 3888 2885 3943 filius
2905 3893 3110 3952 natura,
3136 3898 3244 3939 non
3275 3881 3546 3937 moribus:

1967 4005 2155 4047 rursus
2181 3988 2377 4061 quippe
2405 3984 2732 4040 nobilitatem
2768 3995 2875 4035 non
2917 3976 3176 4048 majorum
3206 3973 3548 4046 Splendorcm

1967 4083 2177 4156 appello
2201 4123 2217 4148 ,
2247 4079 2343 4138 sed
2367 4080 2560 4135 virtute
2588 4074 2838 4146 prmditos
2865 4085 3082 4135 mores;
3121 4084 3242 4124 cum
3279 4068 3550 4137 ingressus

1968 4187 2111 4234 esset
2149 4176 2320 4238 filius,
2363 4171 2653 4228 nuditatem
2695 4166 2860 4238 patris
2896 4163 3039 4219 videt
3070 4179 3085 4217 :
3123 4175 3246 4216 cum
3275 4157 3550 4218 debuisset

1969 4270 2248 4340 obtegere,
2273 4279 2393 4320 cum
2417 4261 2691 4318 debuisset
2717 4256 2920 4322 velare,
2947 4260 3166 4325 propter
3191 4259 3549 4319 senectutem,

1971 4368 2188 4432 propter
2215 4367 2500 4412 mmrorem
2527 4392 2542 4416 ,
2589 4355 2806 4420 propter
2837 4343 3191 4402 calamitatem
3216 4383 3232 4406 ,
3268 4347 3554 4410 propterea.

1969 4451 2112 4524 quod
2136 4458 2287 4522 pater
2305 4447 2421 4519 ejus
2439 4451 2586 4510 erat;
2615 4442 2708 4496 ille
2730 4454 2858 4495 vero
2883 4450 3128 4508 egressus
3156 4431 3468 4503 divulgavit.
3499 4441 3553 4493 et

1970 4543 2171 4614 tragice
2193 4539 2358 4596 auxit.
2388 4539 2464 4592 Ac
2486 4532 2665 4591 caeteri
2691 4531 2807 4598 ejus
2829 4529 3020 4584 fratres
3043 4534 3255 4596 sumpto
3279 4525 3439 4595 pallio
3467 4539 3554 4578 re-

1972 4645 2224 4697 trorsum,
2257 4645 2324 4684 ne
2349 4626 2610 4688 viderent,
2644 4637 2762 4694 qua:
2792 4620 2883 4676 ille
2910 4618 3292 4688 divumaverat,
3326 4615 3555 4684 ingressi

1971 4736 2173 4798 patrem
2204 4730 2550 4793 operuerunt.
2580 4715 2716 4771 Tum
2757 4713 2844 4768 ubi
2887 4710 3120 4766 surrexit
3157 4721 3340 4778 pater,
3369 4707 3548 4769 omnia

1970 4797 2240 4889 cognovit,
2270 4822 2324 4869 et
2350 4811 2530 4867 dicere
2557 4807 2718 4877 ccepit
2748 4822 2762 4861 :
2796 4801 3100 4856 Maledicta:
3125 4797 3370 4854 Chanaan
3400 4813 3558 4866 puer;

1973 4888 2196 4982 j'antulus
2224 4905 2316 4960 erit
2341 4901 2579 4974 fratribus
2605 4898 2710 4953 suis
2743 4892 2905 4966 (Gen.
2931 4890 2985 4946 9.
3012 4888 3122 4982 ἓξ)
3173 4888 3419 4982 Quorum
3436 4902 3553 4982 ver:

1974 4974 2162 5057 borum
2192 4997 2308 5051 htBC
2335 5002 2416 5050 est
2435 4989 2697 5047 sententia
2729 5003 2743 5040 :
2773 4997 2962 5038 servus
2987 4980 3115 5044 eris,
3137 4978 3258 5048 quia
3289 4977 3450 5046 patris
3482 4974 3558 5037 tui

1974 5089 2354 5162 turpitudinem
2396 5079 2696 5151 divulgasti.
2727 5076 2888 5132 Vides
2915 5083 2972 5127 ut
3007 5087 3038 5128 e
3077 5079 3295 5141 peccato
3326 5067 3556 5122 servitus

1974 5156 2091 5236 orta
2120 5179 2222 5242 sit,
2253 5185 2308 5231 et
2341 5172 2651 5243 improbitas
2692 5166 3005 5221 servitutem
3046 5157 3436 5215 introduxerit?
3464 5156 3558 5211 Vis

1975 5270 2250 5329 ostendam
2280 5265 2580 5321 libertatem
2612 5275 2678 5314 ex
2705 5253 3004 5314 servitute?
3031 5250 3282 5306 Famulus
3313 5247 3408 5302 fuit
3436 5246 3558 5317 qui-

1974 5365 2097 5418 dam
2122 5359 2423 5420 Onesimus,
2454 5353 2759 5422 despectus,
2787 5345 3040 5415 fugitivus
3068 5359 3080 5397 :
3113 5341 3201 5400 hic
3228 5338 3378 5408 fugit,
3411 5347 3466 5392 et
3490 5335 3556 5390 ad

1975 5456 2196 5513 Paulum
2225 5450 2352 5505 abiit
2377 5489 2393 5515 ,
2420 5445 2738 5517 baptismum
2765 5437 3026 5501 obtinuit,
3056 5442 3265 5503 peccata
3290 5431 3457 5495 eluit,
3488 5428 3556 5483 ad

1974 5548 2140 5620 pedes
2165 5543 2282 5612 ejus
2308 5538 2566 5596 remansit
2595 5553 2610 5591 :
2638 5531 2824 5590 scribit
2856 5529 2922 5583 ad
2960 5524 3232 5581 dominum
3263 5525 3379 5592 ejus
3417 5521 3558 5576 Pau-

1978 5613 2084 5693 lum
2116 5654 2131 5691 :
2164 5633 2456 5689 Onesimum
2481 5628 2566 5699 qui
2594 5626 2682 5680 tibi
2719 5619 2994 5689 aliquando
3020 5614 3213 5671 inutilis
3247 5613 3383 5685 fuit,
3430 5628 3576 5668 nunc

1977 5743 2156 5800 autem
2185 5740 2230 5788 et
2269 5728 2391 5786 mihi
2435 5738 2479 5784 et
2522 5725 2608 5782 tibi
2635 5721 2792 5790 utilis,
2834 5719 2978 5775 illum
3017 5727 3070 5771 ut
3109 5729 3187 5769 mc
3212 5709 3410 5782 attat-ipe
3440 5705 3462 5778 (
3489 5704 3572 5768 All
