4032 6198
549 352 681 407 1059

548 466 765 521 Philem.
797 465 1000 541 lO-IQ).
1024 469 1158 539 Quid
1186 474 1327 530 enim
1357 477 1583 533 accidit?
1608 484 1762 546 Quem
1785 485 2000 554 genuiin
2017 487 2127 541 vin-

541 559 666 611 culis
694 562 830 614 meis.
1322 582 1327 591 ’

608 650 662 706 8.
695 651 880 707 Vidisti
905 656 1259 727 nobilitatem,
1288 663 1461 719 vidisti
1490 683 1685 732 mores,
1719 670 1805 740 qui
1832 672 2039 740 pariunt
2062 673 2126 727 li-

537 741 797 797 bertatem
821 745 845 799 ἲ
870 745 1064 804 Servus
1093 752 1234 806 enim
1270 764 1320 808 et
1361 755 1492 812 liber
1527 761 1740 815 nomina
1770 774 1893 816 Sttltl.
1918 764 2122 835 simplic

538 834 692 887 citer.
724 837 856 903 Quid
887 850 969 892 est
999 845 1226 898 servus?
1263 847 1468 902 Nudum
1511 868 1724 907 nomen.
1768 854 1935 923 Quam
1971 859 2123 913 multi

539 923 739 980 domini
780 928 912 982 ebrii
937 930 1116 1000 jacent
1146 935 1198 988 in
1228 939 1356 991 toris
1379 980 1393 1003 ,
1425 940 1606 996 famuli
1635 958 1764 998 vero
1786 945 1999 1001 adstant
2035 963 2121 1002 so-

538 1013 676 1067 brii?
708 1015 893 1071 Utrum
937 1024 1217 1092 appellabo
1244 1040 1453 1083 servum
1498 1032 1732 1087 sobrium
1772 1049 1839 1089 an
1869 1037 2119 1092 ebrium?

534 1120 750 1160 servum
785 1111 1031 1176 hominis,
1065 1131 1132 1169 an
1163 1120 1482 1189 mancipium
1510 1123 1661 1179 vitii?
1693 1126 1786 1182 Ille
1807 1129 2118 1184 servitutem

534 1199 768 1255 exterius
810 1203 1012 1269 habet,
1062 1206 1146 1263 hic
1191 1214 1551 1280 captivitatem
1596 1217 1737 1273 intus
1787 1220 2113 1278 circumfert.

535 1288 661 1344 lltcc
691 1306 790 1362 ego
819 1294 938 1349 dico
966 1337 979 1359 ,
1012 1313 1184 1382 neque
1213 1301 1391 1358 dicere
1416 1308 1638 1362 cessabo
1661 1350 1675 1371 ,
1714 1320 1771 1363 ut
1801 1310 1870 1365 de
1911 1313 2068 1367 rebus
2097 1356 2113 1382 ,

534 1391 691 1447 prout
729 1399 909 1439 earum
962 1372 1146 1444 natura
1187 1396 1384 1466 exigit,
1427 1401 1668 1454 sentiatis
1692 1444 1706 1467 ,
1736 1418 1906 1472 neque
1932 1420 2118 1461 errore

533 1473 670 1541 vulgi
702 1475 1033 1534 abducaniiui
1061 1525 1075 1547 ,
1099 1485 1190 1539 sed
1215 1488 1334 1556 quid
1360 1504 1548 1545 servus
1573 1492 1642 1547 sit
1665 1496 1917 1550 noveritis
1942 1537 1956 1561 ,
1989 1497 2114 1567 quid

531 1575 752 1632 pauper,
783 1569 907 1637 quid
941 1571 1221 1637 ignobilis,
1254 1579 1378 1647 quid
1413 1580 1629 1643 beatus.
1662 1585 1787 1653 quid
1822 1586 2026 1641 vitium.
2054 1589 2112 1644 Si

530 1654 675 1707 enim
704 1657 798 1709 ista
826 1660 1117 1728 dijudicare
1141 1665 1433 1724 didiceritis
1452 1712 1467 1735 ,
1501 1674 1642 1728 nulla
1664 1690 1759 1730 vos
1782 1679 2112 1748 perturbatio

529 1748 802 1813 percellct.
834 1749 934 1805 Sed
965 1769 1030 1808 ne
1056 1757 1193 1825 quod
1226 1760 1397 1815 obiter
1422 1762 1621 1819 dictum
1652 1777 1734 1822 est
1768 1770 1994 1839 amplius
2022 1773 2113 1826 fiat

527 1852 592 1891 eo
612 1878 626 1903 ,
654 1839 721 1894 de
745 1858 847 1909 quo
873 1846 1063 1914 agitur,
1090 1858 1143 1902 et
1164 1853 1456 1908 orationem
1484 1857 1591 1912 alio
1620 1859 1899 1926 traducat,
1930 1863 1998 1917 ab
2025 1880 2113 1918 ar-

525 1940 779 1996 gumento
817 1948 919 1988 non
948 1935 1303 1995 discedamus.
1334 1943 1429 1999 llic
1461 1945 1619 2016 igitur
1634 1947 1786 2005 dives
1810 1993 1825 2016 ,
1862 1952 2109 2024 deinceps

522 2033 652 2072 vero
680 2035 877 2092 panper
906 2043 919 2079 :
948 2027 1055 2083 imo
1101 2046 1227 2086 vero
1260 2042 1367 2089 tum
1409 2051 1528 2091 cum
1555 2040 1744 2110 opibus
1770 2043 2106 2112 abundabat,

524 2123 724 2179 pauper
749 2122 882 2170 erat.
915 2116 1050 2186 Quid
1079 2123 1220 2177 enim
1250 2127 1464 2195 prodest
1494 2130 1716 2201 ltutttiui,
1746 2136 1787 2190 si
1811 2136 1983 2192 aliena
2016 2138 2110 2193 ha.

524 2200 663 2268 heat,
692 2213 745 2258 et
770 2218 863 2260 sua
892 2224 995 2263 non
1025 2210 1258 2270 habeat?

589 2291 887 2362 Depositum
910 2312 1027 2355 sunt
1056 2304 1261 2362 divitiae.
1295 2340 1366 2350 —
1403 2312 1537 2381 Quid
1584 2316 1798 2384 prodest
1828 2319 2029 2375 homini
2059 2323 2104 2376 si

518 2384 770 2450 pecunias
813 2392 1119 2462 possideat,
1170 2383 1418 2457 virtutem
1469 2421 1595 2460 vero
1640 2424 1745 2463 non
1792 2413 2103 2481 possideat?

515 2474 625 2528 Cur
650 2491 711 2530 ea
736 2493 855 2547 qua:
880 2493 1004 2536 sunt
1034 2485 1256 2543 aliorum
1276 2493 1493 2562 accipis,
1522 2506 1576 2551 et
1616 2507 1701 2554 tua
1731 2502 1944 2570 perdis?
1985 2504 2101 2560 Vil-

514 2561 642 2629 lam,
673 2564 860 2636 inquit,
894 2571 1119 2628 fertilem
1144 2577 1345 2635 habeo:
1372 2561 1498 2653 quid
1524 2597 1605 2641 est
1633 2561 1773 2645 hoe?
1792 2602 1842 2646 at
1868 2594 2099 2651 animam

517 2650 742 2708 fertilem
774 2669 878 2711 n0n
912 2659 1113 2717 habes:
1144 2665 1314 2724 habeo
1354 2650 1616 2746 mancipia
1638 2718 1651 2741 ,
1707 2681 1801 2736 sed
1849 2684 2097 2742 virtutem

513 2759 616 2798 uon
645 2746 808 2803 habes
833 2767 847 2805 :
876 2751 1046 2808 habeo
1075 2756 1402 2832 indumenta,
1434 2767 1526 2821 sed
1555 2770 1803 2838 pietatem
1834 2790 1936 2830 non
1969 2793 2096 2846 pos-

510 2835 655 2888 sides
686 2854 699 2889 :
728 2840 867 2909 quod
889 2843 1108 2901 alterius
1132 2860 1214 2904 est
1257 2850 1418 2908 babes
1438 2896 1458 2925 ,
1489 2835 1576 2914 tua
1614 2876 1742 2916 vero
1770 2879 1879 2919 non
1909 2867 2091 2924 habes.

511 2925 566 2978 Si
606 2928 724 2995 quis
753 2928 1055 3000 depositum
1105 2939 1195 2994 tibi
1244 2945 1555 3012 tradiderit,
1609 2967 1735 3007 num
1783 2964 1835 3011 te
1875 2958 2092 3017 divitem

508 3027 725 3082 possum
782 3025 1012 3079 vocare?
1063 3027 1301 3087 Minime.
1352 3036 1568 3103 Quare?
1619 3043 1772 3109 Quod
1819 3051 2092 3116 possideas

506 3105 699 3162 aliena.
727 3110 837 3168 lloc
866 3117 1006 3171 enim
1035 3129 1116 3175 est
1144 3122 1441 3194 depositum
1469 3149 1481 3183 :
1511 3105 1667 3204 atque
1697 3105 1895 3195 utinam
1924 3143 2091 3215 depo-

504 3198 664 3254 situm
695 3210 895 3260 tantum
923 3219 1097 3280 esset,
1131 3230 1302 3286 neque
1327 3225 1563 3278 accessio
1601 3228 1691 3281 tibi
1719 3234 1965 3301 supplicii
1993 3238 2087 3293 fie-

504 3298 603 3343 ret.
660 3292 792 3347 Cum
839 3297 1059 3356 vidisset
1096 3320 1223 3375 ergo
1265 3308 1521 3368 Lazarum
1548 3318 1700 3374 dives
1723 3363 1738 3388 ,
1779 3292 1853 3379 ait
1884 3344 1896 3379 :
1933 3326 2090 3383 Pater

504 3378 780 3444 Abraham.
813 3388 1045 3444 miserere
1078 3396 1175 3447 mei
1204 3396 1354 3465 (Luc.
1387 3404 1474 3458 16.
1503 3404 1617 3477 24).
1672 3378 2086 3483 I’:iuperisstint

503 3467 618 3525 hazc
648 3474 838 3542 verba,
869 3481 1095 3536 mendici
1119 3525 1135 3549 ,
1161 3489 1333 3555 egeni.
1387 3490 1545 3549 Pater
1568 3484 1823 3554 Abraham
1852 3507 2085 3565 miserere

500 3562 617 3614 mei.
645 3563 782 3630 Quid
817 3569 928 3623 vis?
967 3570 1115 3628 Mitte
1138 3574 1410 3636 Lazarum.
1439 3584 1605 3654 Quem
1636 3591 1826 3650 millies
1860 3562 2079 3666 praeter;

498 3650 640 3718 iisti,
666 3669 821 3724 quem
862 3676 928 3714 ne
960 3663 1138 3722 videre
1163 3671 1373 3739 quidem
1403 3678 1630 3749 voluisti,
1656 3682 1798 3742 hunc
1823 3687 1912 3743 tibi
1940 3708 2081 3749 nunc

496 3742 562 3794 ad
591 3744 816 3802 salutem
846 3753 979 3808 mitti
1011 3762 1283 3825 postulas?
1315 3764 1462 3822 Mitte
1494 3742 1765 3831 Laztirum.
1814 3779 1913 3835 Ubi
1952 3794 2078 3840 Vero

495 3849 637 3891 nunc
669 3841 1001 3907 pocillatores
1029 3851 1142 3906 tui?
1169 3854 1254 3908 ubi
1283 3864 1531 3929 tapetes?
1573 3866 1658 3920 ubi
1689 3874 1950 3937 parasiti?
1989 3878 2075 3933 ubi

494 3936 893 3990 assentatores?
933 3939 1022 3994 tibi
1065 3942 1270 4001 fastus?
1320 3952 1407 4005 ubi
1452 3936 1746 4024 superbia?
1776 3963 1862 4018 tibi
1892 3965 2072 4023 defos-

491 4032 609 4073 sum
638 4025 867 4107 aurum?
898 4028 981 4083 tibi
1016 4046 1045 4084 a
1079 4033 1234 4090 tineis
1260 4054 1415 4095 exesa
1448 4047 1802 4105 vestimenta?
1850 4054 1937 4111 ubi
1980 4072 2072 4113 ar-

490 4121 706 4179 gentum
741 4118 879 4186 quod
907 4134 936 4173 a
975 4130 1024 4177 te
1053 4125 1373 4184 colebatur?
1418 4134 1503 4189 ubi
1538 4153 1759 4209 magnus
1785 4158 2071 4215 apparatus

487 4209 544 4255 et
569 4204 861 4275 voluptaria
911 4213 1059 4269 vita?
1115 4217 1261 4275 Folia
1289 4235 1473 4291 erant,
1519 4204 1738 4288 advenit
1768 4204 1971 4308 Iuvenis,
2017 4252 2070 4297 et

485 4296 753 4354 exsiccata
793 4313 916 4358 sunt
963 4310 1137 4362 omnia
1186 4330 1199 4366 :
1241 4318 1505 4373 somnium
1553 4333 1741 4391 erant;
1794 4337 1849 4382 ut
1891 4338 2066 4387 autem

484 4384 600 4439 dies
622 4388 811 4457 illuxit,
836 4394 1094 4454 abscessit
1114 4408 1376 4462 somnium
1408 4427 1420 4463 :
1447 4414 1632 4468 umbra
1658 4429 1840 4486 erant;
1872 4424 2066 4480 veritas

484 4478 645 4542 venit,
676 4488 729 4534 et
755 4485 939 4541 umbra
963 4496 1233 4557 prteteriit.
1267 4499 1412 4555 Mitte
1437 4502 1706 4564 Lazarum.

552 4565 656 4621 Cur
675 4570 931 4629 Abraham
956 4581 1269 4648 potissimum
1292 4590 1466 4646 viderit
1486 4596 1713 4653 dives.—
1734 4602 1909 4670 Quare
1934 4623 2063 4666 vero

480 4660 682 4716 nullum
710 4664 870 4720 alium
893 4670 1094 4739 justum
1123 4678 1283 4744 videt,
1320 4699 1425 4739 non
1453 4687 1583 4757 Noe,
1614 4708 1719 4749 non
1742 4660 1928 4766 3360b,
1954 4718 2061 4758 non

482 4752 612 4822 Lot,
646 4772 747 4812 non
786 4758 930 4819 Isaac
953 4806 966 4828 ,
998 4767 1090 4822 sed
1121 4770 1423 4842 Abraham;
1476 4752 1600 4850 quid
1640 4786 1751 4841 ita?

479 4843 755 4915 hospitalis
784 4855 1225 4928 eratAbraham,
1270 4872 1324 4918 et
1370 4867 1421 4921 in
1464 4843 1617 4927 suum
1661 4843 2056 4942 tabernaculum

478 4938 704 4996 viatores
729 4946 1070 5012 pertrahebat
1093 4970 1106 5007 :
1129 4954 1306 5025 itaque
1333 4959 1486 5030 hujus
1513 4964 1912 5029 inhumanitatis
1940 4994 2056 5033 ma-

472 5029 556 5101 jor
599 5040 898 5094 accusatrix
942 5042 1172 5102 efficitur
1211 5050 1352 5108 illius
1380 5053 1733 5126 hospitalitas.
1781 5063 1923 5122 Mitte
1946 5068 2054 5124 La-

472 5138 665 5179 sarum.
699 5127 825 5184 Haec
849 5133 1124 5192 audientes
1152 5140 1452 5213 timeamus,
1481 5148 1835 5224 dilectissimi,
1863 5175 1930 5214 ne
1957 5178 2053 5217 nos

472 5230 679 5287 quoque
705 5235 964 5293 pauperes
989 5228 1282 5301 videamus,
1315 5246 1368 5292 et
1392 5251 1769 5309 praetereamus
1798 5268 1809 5302 :
1842 5268 1906 5307 ne
1933 5254 2052 5310 loco

471 5304 652 5365 Lazari
680 5315 831 5370 multi
859 5326 981 5375 tunc
1007 5325 1171 5377 nostri
1201 5325 1329 5382 fiant
1367 5347 1725 5395 accusatores.
1776 5342 1923 5399 Mitte
1947 5345 2049 5399 La-

470 5413 640 5454 zarum
660 5443 675 5468 ,
702 5415 756 5458 ut
784 5424 896 5462 cum
922 5412 1179 5471 intinxerit
1204 5430 1479 5479 extremum
1500 5427 1646 5500 digiti
1669 5435 1746 5487 sui
1766 5436 1819 5489 in
1842 5454 2044 5507 aquam,

470 5488 674 5549 instillet
699 5495 890 5570 lingua:
917 5520 1059 5573 metu,
1087 5509 1208 5579 quia
1233 5513 1455 5581 ﬂammis
1480 5488 1601 5574 uror
1626 5522 1778 5592 (Luc.

466 5584 576 5648 Qua
633 5588 774 5643 enim
833 5610 1079 5653 mensura
1134 5604 1466 5675 meticmini,
1527 5616 1838 5673 remetiatur
1893 5622 2044 5679 vobis

466 5671 677 5741 (Matth.
708 5679 760 5734 7.
788 5682 845 5755 ἓ)
885 5704 897 5740 :
930 5703 1034 5743 non
1064 5690 1360 5763 iinpartitus
1379 5715 1440 5757 es
1472 5702 1657 5773 micas,
1691 5724 1861 5780 neque
1886 5713 2041 5772 stilla:

462 5769 732 5841 particeps
763 5778 895 5833 eris.
938 5777 1082 5836 Mitte
1106 5782 1361 5844 Lazarum
1387 5834 1400 5860 ,
1434 5801 1488 5849 ut
1515 5769 1753 5855 extremo
1774 5769 1935 5873 digito
1959 5805 2040 5864 in-

1284 359 1338 417 S.
1377 362 1655 421 JOANNIS
1693 367 2161 429 CllRYSOSTOMl
2200 376 2512 439 ARClllEP.
2555 384 3082 451 CONSTA‘NTINOP.

3680 412 3824 473 1040

2235 492 2400 549 Stillct
2437 495 2631 568 lingutc
2675 517 2845 569 mem,
2880 508 3002 577 quia
3046 508 3273 567 flammis
3318 532 3461 570 uror.
3517 516 3653 585 Quid
3688 537 3815 575 vero

2231 585 2497 642 Abraham
2522 591 2588 645 ad
2623 592 2768 648 illum
2792 595 2816 649 ?
2836 595 2963 665 Fili,
2982 604 3217 672 recepisti
3236 604 3365 661 bona
3393 619 3479 661 tua
3504 611 3556 663 iu
3588 611 3690 664 vita
3715 622 3813 677 tua,

2227 685 2275 729 et
2298 676 2526 735 Lazarus
2555 683 2785 739 similiter
2804 688 2938 742 mala
2969 708 3063 745 sua
3090 710 3108 754 :
3136 705 3182 749 et
3204 714 3337 751 nunc
3361 699 3456 753 iste
3473 700 3558 753 hic
3586 706 3813 757 consola-

2228 777 2339 836 tur,
2385 781 2437 825 tu
2465 789 2579 827 vero
2615 780 2854 834 cruciaris
2885 781 3040 852 (Luc.
3077 786 3162 841 16.
3194 785 3306 861 25).
3353 789 3565 847 Rursus
3597 793 3683 848 hic
3713 810 3811 848 nor

2226 859 2397 928 dixit,
2436 866 2657 934 cepisti,
2698 870 2792 925 sed
2832 875 3076 943 recepisti
3112 894 3125 929 ε
3156 859 3379 933 multum
3423 882 3583 937 all'ert
3626 883 3805 939 discri-

2228 953 2384 1008 minis
2410 956 2606 1013 additio
2637 965 3045 1031 prtepositionis.
3089 969 3238 1037 Quod
3277 974 3420 1026 enim
3448 990 3693 1044 pcrsmpe
3722 992 3809 1031 ea.

2219 1045 2364 1101 ritati
2396 1059 2587 1107 vestrae
2616 1053 2721 1109 dixi
2748 1098 2764 1122 ,
2794 1058 2876 1113 vel
2905 1060 3063 1116 etiam
3108 1065 3432 1134 syllabarum
3478 1080 3811 1126 scrutatores

2223 1151 2343 1193 esse
2366 1140 2658 1208 debemus;
2706 1145 3018 1204 Scrtttamiui
3058 1154 3189 1207 enim
3217 1154 3516 1225 St'ripturas
3549 1158 3729 1230 (Jaan.
3754 1160 3803 1215 5.

2223 1227 2313 1301 59)
2335 1272 2349 1296 ,
2382 1233 2585 1302 inquit:
2620 1252 2742 1291 nam
2770 1238 2875 1292 iota
2908 1258 3066 1297 unum
3105 1253 3197 1299 aut
3222 1261 3354 1315 apex
3384 1264 3521 1302 unus
3565 1264 3806 1319 sarpenu-

2221 1337 2370 1376 utero
2395 1339 2608 1381 sensum
2640 1331 2857 1385 excitat.
2891 1332 2959 1389 Ut
2980 1345 3155 1390 autem
3180 1337 3445 1409 intelligas
3463 1341 3629 1394 etiam
3654 1343 3810 1397 unius

2221 1413 2470 1470 elementi
2495 1419 2819 1477 additionem
2850 1438 3065 1481 sensum
3095 1429 3328 1497 efficere,
3359 1430 3447 1486 hic
3484 1435 3605 1504 ipse
3636 1435 3804 1487 Abra-

2220 1503 2342 1559 ham
2379 1508 2674 1575 patriarcba
2704 1513 2850 1581 prius
2892 1517 3087 1571 Abram
3127 1518 3440 1587 dicebatur,
3489 1503 3654 1593 eique
3681 1524 3806 1578 dixit

2218 1594 2361 1649 Deus
2390 1614 2405 1649 :
2435 1614 2539 1653 non
2587 1602 2688 1655 erit
2717 1619 2910 1659 nomen
2956 1618 3101 1662 tuum
3134 1610 3329 1665 Abram
3354 1652 3368 1676 ,
3412 1612 3510 1667 sed
3542 1614 3803 1668 Abraham

2221 1684 2371 1755 (Cen.
2404 1689 2490 1743 l7.
2523 1690 2581 1760 5)
2612 1708 2625 1744 :
2655 1692 2859 1748 addidit
2899 1711 2929 1748 a
2951 1737 2968 1762 ,
3006 1706 3062 1753 et
3086 1709 3292 1769 patrem
3320 1702 3468 1756 illum
3510 1703 3798 1757 multarunt
3874 1751 3883 1763 .

2214 1778 2450 1844 gentium
2480 1781 2730 1836 reddidit.
2780 1784 2921 1840 Ecce
2952 1787 3111 1856 igitur
3138 1791 3293 1846 unius
3323 1791 3578 1846 elementi
3608 1793 3804 1848 additio

2216 1869 2435 1924 multam
2462 1860 2762 1944 prosapiam
2802 1878 3071 1934 indicavit.
3117 1880 3235 1937 Noli
3264 1899 3392 1954 ergo
3423 1885 3555 1939 talia
3602 1894 3802 1943 temere

2212 1962 2485 2030 praaterire
2511 1981 2527 2018 :
2563 1981 2669 2020 non
2698 1967 2839 2021 enim
2866 1968 3030 2034 dixit,
3056 1973 3241 2040 cepisti
3268 1974 3406 2029 bona
3437 1984 3527 2029 tua
3549 2018 3565 2040 ,
3595 1976 3696 2031 sed
3724 1994 3803 2031 rc-

2211 2053 2397 2122 cepisti
2432 2071 2445 2107 :
2487 2056 2579 2125 qui
2633 2073 2764 2111 vero
2810 2060 3034 2129 recipit,
3082 2062 3258 2118 debita
3302 2066 3544 2135 recipit:
3587 2068 3803 2122 attende

2210 2142 2352 2211 quod
2398 2144 2552 2211 dico;
2595 2148 2738 2203 aliud
2780 2152 2921 2206 enim
2955 2162 3038 2207 est
3061 2169 3252 2224 capere
3274 2198 3289 2220 ,
3327 2157 3473 2212 aliud
3505 2159 3757 2228 recipere
3785 2178 3798 2213 :

2210 2249 2333 2288 nam
2353 2238 2539 2307 recipit
2563 2240 2683 2308 quis
2713 2256 2797 2308 ea,
2826 2259 2944 2312 qua:
2972 2243 3231 2310 habebat;
3264 2248 3608 2317 capitautcm
3636 2264 3799 2318 smpc,

2209 2340 2327 2396 qua:
2355 2343 2459 2382 non
2490 2331 2815 2399 possidebat.
2862 2334 3114 2404 Recepisti
3146 2335 3277 2391 bona
3304 2349 3426 2405 tua,
3472 2350 3521 2394 et
3567 2339 3797 2393 Lazarus

2207 2417 2343 2471 mala
2369 2434 2484 2472 sua.
2515 2419 2655 2476 Ecce
2679 2431 2734 2476 et
2759 2423 2909 2479 dives
2937 2424 3074 2481 bona
3099 2442 3194 2481 sua
3230 2431 3455 2499 recepit,
3481 2441 3541 2484 et
3568 2431 3799 2486 Lazarus

2207 2510 2343 2565 mala
2371 2526 2487 2564 sua.
2533 2512 2660 2568 llaec
2685 2525 2861 2570 autem
2883 2532 2910 2569 a
2940 2532 3025 2572 me
3049 2519 3187 2573 dicta
3212 2531 3337 2576 sunt
3368 2523 3550 2576 omnia
3578 2534 3799 2593 propter

2204 2616 2298 2655 eos
2321 2641 2335 2666 ,
2363 2603 2452 2672 qui
2483 2605 2769 2673 puniuntur
2791 2607 2875 2663 hic
2904 2618 2957 2664 et
2987 2626 3089 2665 non
3128 2609 3258 2677 illic,
3303 2624 3527 2682 propter
3570 2631 3667 2670 eos
3710 2618 3797 2686 qui

2202 2692 2360 2762 genio
2381 2693 2466 2749 hic
2492 2695 2784 2768 indulgent,
2816 2710 2871 2754 et
2902 2700 3008 2757 illic
3036 2704 3340 2772 puniuntur.
3368 2706 3609 2761 Attende
3636 2708 3796 2777 igitur

2200 2782 2266 2836 ad
2293 2798 2355 2839 ea
2383 2800 2503 2854 quae
2541 2786 2662 2843 dico
2686 2808 2700 2844 :
2737 2790 2986 2862 Recepisti
3008 2793 3139 2848 bona
3169 2805 3254 2849 tua
3276 2837 3292 2862 ,
3322 2806 3366 2850 et
3395 2796 3631 2854 Lazarus
3657 2801 3793 2854 mala

2198 2889 2311 2939 sua,
2341 2891 2458 2945 qua:
2485 2879 2742 2935 solvenda
2768 2891 2940 2951 erant,
2971 2899 3091 2954 qua:
3119 2886 3474 2943 debebantur.
3511 2891 3788 2947 Attendite

2197 2967 2474 3037 qumstioni
2506 2989 2519 3025 :
2551 2971 2620 3027 ad
2664 2973 2838 3028 locum
2869 2977 3009 3030 enim
3041 2992 3202 3047 pergo
3228 2996 3242 3045 ;
3274 2980 3389 3035 sine
3410 3022 3425 3046 ,
3459 2982 3621 3037 telam
3662 2998 3785 3052 per-

2199 3065 2405 3113 texam.
2447 3062 2517 3115 At
2559 3063 2700 3118 enim
2727 3066 2891 3121 nolite
2918 3067 2971 3121 in
2998 3068 3219 3124 exordio
3248 3071 3482 3140 turbari,
3523 3074 3620 3128 sed
3664 3090 3785 3129 cum

2197 3150 2300 3206 tale
2328 3152 2452 3221 quid
2490 3154 2676 3211 dixero
2699 3199 2715 3225 ,
2757 3160 3076 3217 solutionem
3106 3174 3413 3232 exspectate
3440 3184 3453 3217 :
3487 3166 3610 3221 volo
3636 3170 3784 3223 enim

2192 3254 2376 3300 acutos
2403 3257 2455 3303 et
2485 3252 2815 3321 perspicaces
2847 3270 2940 3310 vos
2970 3256 3215 3324 reddere,
3253 3275 3425 3330 neque
3451 3262 3635 3317 leviter
3658 3273 3784 3318 tan-

2194 3343 2303 3390 tum
2334 3352 2618 3408 exercere,
2658 3344 2753 3399 sed
2798 3345 2853 3400 in
2893 3348 3188 3404 divinarum
3225 3352 3617 3422 Scripturarum
3644 3371 3784 3426 pro-

2189 3425 2408 3483 fundum
2449 3430 2715 3490 dimittere
2739 3477 2753 3499 ,
2809 3437 3124 3506 profundum
3152 3483 3166 3505 ,
3210 3443 3263 3497 in
3307 3460 3411 3515 quo
3451 3446 3594 3500 nulla
3624 3425 3783 3502 survit

2189 3523 2475 3587 tempestas
2498 3562 2512 3587 ,
2560 3523 2897 3592 profundum.
2931 3532 3310 3601 tranquillitate
3354 3536 3513 3609 maris
3558 3538 3726 3593 tutius
3760 3558 3775 3592 :

2186 3616 2382 3676 quanto
2405 3610 2561 3680 igitur
2586 3616 2814 3685 amplius
2834 3618 3174 3677 descenderis
3200 3665 3214 3688 ,
3248 3624 3500 3694 majorem
3532 3628 3779 3685 invenies

2182 3701 2543 3759 securitatem.
2582 3704 2697 3760 Non
2729 3709 2869 3764 enim
2909 3710 2996 3768 hic
3028 3724 3110 3769 est
3153 3714 3485 3779 inordinatus
3508 3734 3773 3789 aquarum

2183 3790 2444 3863 impetus,
2492 3796 2586 3852 sed
2618 3800 2857 3856 ordinata
2889 3804 3168 3877 dispositio
3204 3813 3609 3867 sententiarum.
3655 3815 3773 3869 Re-

2182 3885 2361 3952 cepisti
2396 3884 2527 3941 bona
2567 3898 2685 3956 tua,
2733 3902 2780 3947 et
2810 3892 3035 3951 Lazarus
3076 3899 3217 3955 mala
3252 3917 3345 3955 sua
3372 3918 3391 3955 :
3420 3912 3468 3956 et
3508 3920 3642 3956 nunc
3685 3906 3775 3979 [tie

2178 3976 2488 4046 consolatur,
2519 3990 2569 4035 tu
2596 3996 2709 4037 vero
2735 3989 2995 4043 cruciaris.
3026 3989 3212 4061 Magna
3240 4004 3321 4048 est
3346 3996 3572 4064 quaestio
3604 4012 3619 4049 :
3650 3996 3771 4052 dixi

2177 4080 2295 4121 cum
2344 4071 2432 4138 qui
2473 4073 2700 4144 recipit,
2742 4091 2804 4132 ea
2839 4093 2955 4148 qua:
2999 4080 3177 4138 debita
3220 4095 3369 4139 erant
3405 4087 3645 4157 recipere
3677 4107 3694 4143 :
3721 4091 3777 4145 si

2175 4172 2302 4228 ergo
2322 4158 2494 4228 justus
2520 4162 2615 4218 fuit
2642 4164 2894 4236 Lazarus,
2926 4172 3264 4243 ut.nimirum
3293 4173 3411 4242 fuit,
3444 4185 3499 4231 et
3526 4178 3775 4235 Abrahae

2174 4249 2322 4305 sinus
2350 4253 2618 4324 indicavit,
2641 4274 2859 4326 corona,
2883 4265 3121 4332 praemia,
3148 4266 3500 4339 refrigerium,
3523 4270 3775 4329 delecta-

2174 4342 2245 4395 tio
2269 4383 2283 4407 ,
2317 4344 2593 4401 tolerantia
2616 4391 2630 4413 ,
2664 4353 2915 4419 patientia
2942 4370 2956 4419 ;
3001 4356 3100 4410 iste
3126 4372 3254 4412 vero
3280 4370 3529 4428 peccator
3548 4403 3566 4427 ,
3599 4361 3773 4431 plane

2170 4433 2443 4504 improbus
2468 4448 2521 4493 ct
2559 4441 2878 4500 inhumanus
2901 4486 2917 4513 ,
2946 4447 3150 4505 deliciis
3179 4460 3232 4505 et
3262 4452 3504 4507 ebrietati
3530 4470 3765 4523 vacans,

2168 4524 2459 4596 Sybaritica
2508 4547 2692 4589 mensa
2746 4536 3023 4604 perfruens
3047 4582 3063 4606 ,
3109 4558 3226 4596 eum
3258 4543 3312 4597 in
3351 4552 3495 4599 tanta
3536 4545 3766 4603 lascivia

2168 4614 2481 4689 luxuriaque
2526 4632 2870 4681 versaretur:
2902 4644 2999 4683 cur
3038 4631 3111 4686 ait
3152 4632 3259 4697 illi,
3304 4635 3424 4704 quia
3466 4637 3765 4705 recepisti?

2166 4706 2303 4763 Num
2333 4711 2475 4766 enim
2505 4713 2580 4768 illi
2611 4714 2905 4774 debebatur
2928 4721 3198 4793 quidpiam
3242 4723 3442 4780 homini
3473 4728 3761 4796 opulento,

2166 4799 2367 4858 homini
2395 4805 2617 4877 prodigo
2638 4819 2693 4863 et
2722 4809 3055 4869 inhumano?
3083 4815 3220 4883 Quid
3240 4818 3381 4872 enim
3411 4818 3483 4873 illi
3511 4817 3758 4876 debeba-

2166 4894 2288 4948 tur?
2317 4892 2424 4950 Cur
2450 4912 2555 4952 non
2581 4898 2733 4964 dixit,
2759 4902 2968 4973 cepisti,
2999 4908 3093 4962 sed
3121 4911 3404 4979 recepisti?

2233 4983 2287 5040 9.
2316 4985 2444 5054 Qua:
2475 4987 2605 5042 bona
2630 4990 2767 5046 dives
2796 4997 3052 5064 receperit.
3080 5028 3153 5037 -
3185 5000 3418 5057 Attende
3445 5003 3591 5072 quod
3620 5006 3746 5058 diei.

2160 5090 2278 5130 mus
2308 5077 2671 5135 :debebantur
2686 5082 2759 5137 illi
2778 5098 2970 5153 pmnze,
2999 5086 3330 5146 debebantur
3359 5093 3431 5146 illi
3452 5096 3743 5164 supplicia.

2158 5166 2486 5225 debebantur
2515 5174 2587 5228 illi
2614 5174 2848 5232 dolores.
2902 5176 3011 5234 Cur
3050 5196 3156 5236 non
3202 5182 3365 5251 dixit,
3408 5186 3495 5240 illa
3535 5190 3744 5257 cepisti,

2156 5259 2250 5315 sed
2279 5263 2525 5333 recepisti
2551 5266 2685 5323 bona
2717 5269 2805 5324 illa
2838 5279 2944 5337 tua,
2977 5274 3135 5329 vitam
3161 5276 3304 5331 illam
3335 5278 3415 5334 sic
3443 5282 3724 5350 appellans

2154 5362 2207 5407 et
2232 5351 2463 5412 Lazarus
2502 5357 2640 5414 mala
2669 5361 2807 5416 sua?
2854 5361 2959 5419 Sed
2986 5365 3203 5422 attende
3222 5369 3457 5424 animum
3484 5389 3497 5433 ;
3530 5373 3581 5428 in
3610 5373 3748 5429 altas

2153 5443 2293 5500 enim
2320 5462 2612 5520 gravesque
2641 5455 2930 5509 sententias
2960 5454 3279 5519 delabimur.
3318 5459 3609 5516 Hominum
3653 5467 3743 5535 qui

2153 5551 2293 5593 nunc
2320 5539 2517 5610 degunt
2536 5542 2775 5598 omnium
2798 5545 2886 5600 alii
2907 5547 3124 5617 quidem
3150 5563 3457 5620 peccatores
3476 5564 3625 5618 sunt,
3651 5557 3746 5613 alii

2150 5643 2278 5684 vero
2311 5629 2438 5700 justi
2470 5648 2485 5685 :
2517 5632 2883 5691 animadverte
2910 5637 3072 5707 igitur
3100 5639 3259 5694 etiam
3300 5644 3353 5697 in
3392 5645 3552 5713 justis
3579 5645 3741 5701 dim:-

2150 5722 2372 5775 rcntiam
2408 5740 2421 5776 :
2452 5722 2587 5779 alius
2606 5724 2786 5795 justus
2810 5735 2931 5795 est,
2972 5730 3108 5785 alius
3133 5734 3301 5803 magis
3338 5733 3518 5805 justus
3541 5780 3556 5801 ,
3598 5739 3743 5793 alius

2149 5813 2462 5886 sublimior,
2511 5817 2645 5875 alius
2698 5819 2900 5892 major;
2955 5831 3007 5878 et
3060 5826 3510 5896 quemadmodum
3569 5842 3743 5887 stcta:
