4032 6198
369 179 496 230 illi!

377 296 499 338 sunt
529 284 730 352 multm,
755 295 808 340 et
831 286 913 341 sol
938 296 992 342 et
1021 287 1141 340 luna
1163 326 1176 348 ,
1201 285 1276 340 slc
1300 297 1354 341 et
1372 286 1667 342 ditioreutia
1700 297 1780 342 est
1810 287 1947 341 inter

374 374 546 445 iustos
577 393 590 429 :
619 375 733 428 Alia
751 377 937 446 quippe
961 376 1166 430 claritas
1182 375 1303 429 solis
1326 417 1340 438 ,
1383 385 1428 430 et
1455 377 1557 430 alia
1583 377 1717 430 quat
1733 414 1751 440 ,
1781 384 1826 429 et
1848 375 1951 430 alia

374 463 581 517 claritas
618 464 879 518 stellarum
904 466 979 538 (l.
1010 464 1130 520 Cor.
1158 466 1245 521 l5.
1268 466 1361 536 tl)
1385 483 1400 520 :
1425 465 1664 536 qumdam
1691 466 1831 519 enim
1858 480 1949 519 ex-

380 554 576 608 cellunt
601 554 860 621 claritate,
889 556 1130 626 quasdam
1157 564 1509 626 superantur;
1531 555 1948 625 ctquemadmo-

371 644 500 699 dum
527 658 747 715 corpora
773 656 894 700 sunt
919 647 1170 712 ecclestia,
1194 647 1272 703 sic
1297 657 1355 703 et
1376 657 1499 702 sunt
1525 661 1744 716 corpora
1766 655 1946 702 terre-

370 736 500 789 stria
521 775 537 802 ,
581 747 635 791 et
671 737 1118 805 quemadmodum
1160 738 1211 792 in
1251 738 1564 808 corporibus
1588 737 1730 793 aliud
1758 753 1946 794 cervus

368 833 472 890 est,
499 825 644 880 aliud
663 828 811 881 canis
829 867 843 889 ,
875 827 1018 882 aliud
1039 828 1142 892 leo,
1175 828 1317 883 aliud
1343 828 1445 883 alia
1466 827 1597 891 fera,
1615 827 1754 881 aliud
1778 827 1940 897 aspis,

367 915 511 969 aliud
534 916 639 970 tale
665 917 938 986 quippiam
969 935 986 970 :
1017 918 1094 972 sic
1118 928 1173 973 et
1202 919 1253 972 in
1278 918 1508 988 peccatis
1533 927 1658 973 sunt
1689 917 1943 990 differen-

365 1004 475 1059 tiae.
518 1004 776 1060 Homines
816 1007 975 1076 igitur
999 1007 1084 1060 alii
1119 1007 1331 1078 quidem
1360 1016 1484 1064 sunt
1503 1006 1630 1078 justi
1651 1048 1665 1070 ,
1697 1006 1786 1061 alii
1817 1021 1942 1062 vero

365 1105 673 1164 peccatores
700 1113 714 1150 :
745 1096 839 1152 sed
879 1107 932 1153 ct
967 1098 1201 1168 iniustis
1243 1100 1464 1154 multum
1508 1107 1591 1154 est
1633 1097 1937 1164 discrimen,

363 1195 420 1240 et
463 1186 515 1240 in
561 1187 928 1256 peccatoribus
972 1191 1196 1246 multum
1242 1198 1297 1244 et
1345 1191 1660 1245 immensum
1700 1206 1714 1242 :
1757 1204 1938 1244 verum

360 1276 598 1330 attende.
637 1276 788 1332 Licet
805 1278 979 1346 justus
999 1280 1066 1333 sit
1090 1281 1211 1350 quis
1233 1320 1251 1348 ,
1284 1281 1408 1336 licet
1433 1281 1626 1335 millies
1648 1279 1718 1334 sit
1740 1279 1934 1348 justus,

362 1373 416 1420 et
439 1365 506 1419 ad
535 1367 744 1421 culmen
796 1370 968 1437 ipsum
1009 1370 1314 1426 ascenderit
1345 1387 1360 1424 :
1389 1371 1458 1424 ita
1481 1411 1498 1435 ,
1544 1380 1600 1424 ut
1640 1383 1830 1439 expers
1867 1369 1937 1422 sit

363 1460 564 1523 peccati
589 1499 604 1524 ,
649 1445 758 1513 non
778 1467 955 1529 potest
979 1475 1098 1515 esse
1127 1461 1356 1515 mundus
1376 1475 1406 1514 a
1435 1460 1594 1516 sorde
1620 1477 1633 1514 :
1663 1459 1785 1515 licet
1813 1459 1934 1514 mil-

361 1547 457 1601 lies
470 1546 646 1617 justus
669 1549 775 1615 sit,
805 1559 887 1605 est
917 1558 1091 1606 tamen
1114 1551 1295 1607 homo.
1342 1552 1466 1616 Qui:
1489 1552 1619 1607 enim
1638 1549 1934 1622 gloriabitur

357 1648 550 1693 castum
573 1656 628 1694 se
646 1641 828 1696 habere
849 1659 936 1696 cor
955 1684 972 1708 ,
1004 1653 1094 1697 aut
1114 1645 1226 1715 quis
1249 1645 1465 1713 conﬁdet
1491 1645 1731 1698 mundum
1756 1660 1810 1696 se
1827 1658 1933 1698 esse

355 1745 389 1781 a
417 1741 620 1799 peccato
639 1730 821 1799 (Prov.
844 1731 934 1788 20.
961 1733 1060 1803 9)?
1097 1734 1384 1805 Propterea
1411 1733 1586 1789 dicere
1611 1733 1662 1787 in
1692 1732 1930 1788 oratione

355 1821 606 1889 iubemur
633 1841 646 1877 :
679 1823 886 1879 Dimitte
915 1826 1058 1880 nobis
1081 1825 1247 1881 debita
1281 1836 1453 1880 nostra
1492 1825 1704 1894 (Matth.
1729 1824 1782 1880 6.
1816 1824 1926 1895 19.),

357 1921 414 1966 ut
440 1911 698 1968 orationis
721 1914 1105 1970 consuetudine
1131 1915 1514 1971 admoneamur
1556 1915 1664 1970 illic
1701 1929 1796 1969 nos
1826 1913 1927 1969 ob-

354 2003 541 2057 noxios
560 2018 681 2059 esse
708 2006 996 2075 suppliciis.
1043 2007 1252 2062 Etenim
1282 2007 1476 2062 Paulus
1500 2005 1799 2076 apostolus,
1831 2019 1924 2061 vas

351 2092 651 2159 electionis,
698 2093 792 2150 Dei
839 2096 1131 2165 templum,
1171 2096 1479 2163 osChristi,
1525 2096 1636 2167 lyra
1673 2094 1922 2164 Spiritus,

349 2183 538 2240 doctor
549 2186 696 2240 orbis
712 2194 990 2255 terrarum,
1017 2188 1106 2258 qui
1126 2197 1320 2242 terram
1348 2198 1400 2243 et
1426 2203 1574 2244 mare
1603 2187 1919 2258 peragravit,

345 2275 438 2343 qui
469 2284 808 2346 peccatorum
835 2277 1015 2347 spinas
1038 2277 1254 2333 revulsit
1273 2319 1288 2344 ,
1315 2279 1402 2348 qui
1426 2279 1694 2348 religionis
1720 2277 1921 2333 semina

345 2364 594 2434 iactavit;
624 2367 713 2423 ille
742 2369 956 2438 regibus
981 2371 1311 2438 Opulentior,
1340 2371 1429 2426 ille
1454 2369 1705 2426 divitibus
1727 2380 1920 2440 polen-

349 2456 454 2510 tior
476 2497 493 2522 ,
534 2458 786 2513 militibus
825 2459 1013 2514 fortior
1031 2500 1045 2525 ,
1087 2460 1176 2516 ille
1201 2461 1369 2530 magis
1394 2459 1737 2530 philosophus
1762 2474 1918 2529 quam

345 2546 444 2616 ipsi
473 2547 790 2619 philosophi,
819 2550 908 2605 ille
931 2551 1178 2605 disertior
1198 2551 1514 2616 oratoribus,
1545 2551 1634 2622 qui
1661 2551 1790 2606 nihil
1819 2547 1919 2605 ha-

344 2637 536 2705 bebat,
582 2647 636 2693 et
660 2639 835 2694 omnia
867 2640 1187 2709 possidebat,
1223 2641 1313 2710 qui
1359 2650 1582 2696 mortem
1609 2641 1797 2696 umbra
1823 2656 1917 2695 sua
1984 2700 1989 2705 ,

341 2731 618 2798 solvebat,
661 2732 748 2800 qui
778 2732 991 2787 morbos
1020 2733 1130 2787 suis
1173 2733 1507 2788 vestimentis
1549 2731 1760 2802 fugabat
1782 2772 1797 2797 ,
1826 2732 1917 2802 qui

343 2833 538 2891 troprea
555 2823 720 2877 erexit
743 2823 792 2877 in
816 2823 965 2885 mari,
996 2823 1062 2877 ad
1087 2824 1293 2877 tertium
1327 2838 1492 2893 usque
1519 2824 1702 2878 caelum
1735 2834 1916 2893 raptus

337 2921 450 2976 est,
482 2912 613 2966 etin
653 2912 954 2982 paradisum
988 2913 1256 2983 ingressus
1278 2953 1293 2980 ,
1333 2913 1422 2982 qui
1450 2911 1719 2967 Christum
1751 2913 1913 2968 Deum

338 3000 644 3068 prmdicavit
665 3039 682 3066 ,
734 3001 821 3055 ille
861 3001 984 3056 dicit
1015 3017 1030 3054 :
1059 2999 1210 3055 Nihil
1245 3001 1370 3054 mihi
1400 3001 1629 3055 conscius
1655 3017 1766 3056 sum
1787 3001 1914 3056 ιδιά

337 3106 439 3143 non
470 3090 521 3144 iu
561 3090 655 3143 hoc
683 3091 992 3159 justiﬁcatus
1024 3107 1134 3146 sum
1174 3091 1252 3161 (l.
1280 3091 1397 3146 Cor.
1421 3091 1472 3146 4.
1504 3092 1560 3160 4)
1590 3109 1602 3144 :
1634 3093 1723 3162 qui
1751 3091 1909 3147 talem

338 3193 646 3254 tantamque
687 3185 938 3240 virtutum
986 3185 1195 3255 copiam
1237 3184 1593 3255 acquisierat,
1645 3187 1765 3240 ait:
1811 3185 1912 3251 Qui

334 3286 499 3328 autem
515 3276 714 3345 judicat
739 3292 816 3328 me
835 3316 852 3342 ,
880 3275 1126 3329 Dominus
1161 3283 1252 3328 est.

407 3363 597 3418 Nullus
621 3374 689 3418 est
713 3365 948 3418 immunis
974 3380 1006 3416 a
1041 3372 1260 3432 peccato.
1286 3391 1361 3403 —
1400 3362 1529 3429 Quis
1557 3377 1684 3433 ergo
1710 3362 1908 3433 gloria-

333 3454 476 3508 bitur
511 3463 713 3509 castum
740 3470 799 3509 se
828 3454 1021 3510 habere
1048 3469 1142 3509 cor
1169 3472 1183 3509 :
1214 3461 1306 3508 aut
1331 3454 1450 3524 quis
1477 3454 1710 3509 confidet
1749 3470 1907 3509 mun-

332 3546 459 3599 dum
479 3560 540 3601 se
558 3560 679 3601 esse
706 3560 739 3600 a
761 3546 1012 3615 peccato?
1042 3544 1372 3614 impossibile
1386 3552 1470 3600 est
1494 3545 1672 3614 igitur,
1697 3556 1751 3599 ut
1769 3545 1907 3601 nllus

334 3638 494 3692 homo
517 3638 636 3692 sita
665 3647 880 3706 peccato
917 3637 1186 3692 immunis.
1227 3636 1362 3704 Quid
1397 3637 1539 3690 enim
1581 3635 1696 3691 ais?
1725 3637 1905 3693 Justus

330 3727 458 3783 est?
483 3729 785 3783 misericors
809 3728 928 3783 est?
952 3743 1240 3797 pauperum
1265 3741 1451 3782 amans
1479 3727 1595 3782 est?
1624 3729 1691 3782 At
1719 3729 1902 3784 vitium

330 3817 545 3887 aliquod
574 3816 734 3873 habet
761 3837 773 3872 :
800 3818 882 3872 vel
909 3818 1206 3888 importune
1233 3818 1568 3873 contumeliis
1591 3820 1789 3887 allicit,
1823 3821 1902 3875 vel

330 3909 472 3962 inani
516 3909 680 3979 gloria
718 3909 958 3974 ducitur,
1008 3909 1092 3964 vel
1131 3908 1272 3964 aliud
1305 3908 1576 3979 quidpiam
1606 3909 1709 3965 tale
1752 3910 1898 3980 agit;

329 4015 433 4054 nou
455 4000 597 4054 enim
629 3999 950 4055 recenseada
979 4009 1102 4054 sunt
1122 4002 1318 4052 omnia.
1345 3999 1443 4055 llic
1471 4000 1772 4055 misericors
1796 4009 1896 4066 εει,

326 4092 421 4148 sed
451 4107 556 4146 non
586 4101 887 4161 temperans
914 4108 930 4145 :
963 4105 1203 4162 persmpe
1223 4090 1312 4146 ille
1341 4100 1642 4160 temperans
1660 4092 1896 4161 quidem,

324 4193 379 4236 at
405 4183 706 4238 misericors
728 4197 832 4236 non
858 4191 936 4237 est
969 4199 982 4236 :
1017 4182 1102 4236 hic
1129 4181 1341 4236 virtutis
1371 4182 1546 4249 unius,
1573 4182 1659 4236 ille
1679 4183 1899 4237 alterius

324 4274 480 4330 laude
527 4275 840 4330 celebratur.
888 4273 968 4328 Sit
995 4272 1186 4338 aliquis
1206 4272 1402 4342 justus,
1433 4281 1487 4327 ει
1514 4288 1655 4343 sarpe
1683 4273 1895 4343 quidem

321 4365 496 4435 justus
519 4374 619 4429 est,
649 4366 802 4433 eique
823 4363 998 4417 omnia
1025 4363 1206 4418 insunt
1229 4363 1365 4417 bona
1385 4404 1399 4428 ,
1429 4363 1523 4418 sed
1553 4363 1622 4418 ob
1637 4364 1893 4432 justitiam

321 4452 566 4522 superbia
597 4461 781 4516 ιιιιιιει,
809 4451 1025 4522 ejusque
1041 4450 1297 4520 justitiam
1325 4451 1570 4521 superbia
1597 4451 1892 4508 labefactat.

319 4543 586 4614 Numquid
607 4544 783 4612 justus
821 4551 940 4598 erat
966 4543 1299 4609 Phariszeus,
1346 4544 1434 4613 qui
1465 4542 1546 4598 bis
1582 4544 1634 4598 iu
1674 4545 1894 4600 sabbato

316 4635 627 4706 ieiunabat?
676 4635 813 4704 Quid
853 4644 1028 4689 autem
1067 4635 1231 4690 dicit?
1273 4633 1394 4689 Non
1419 4652 1532 4690 sum
1567 4637 1696 4690 sicut
1728 4637 1894 4691 σιειπί

316 4727 596 4792 hominum,
621 4735 868 4796 raptores,
897 4725 1073 4796 iujusti
1099 4725 1249 4795 (Luc.
1275 4725 1362 4782 18.
1393 4727 1481 4798 Η)
1511 4745 1524 4780 :
1555 4742 1618 4782 ac
1653 4742 1892 4798 persaape

316 4832 381 4872 ex
408 4817 732 4872 conscientia
761 4815 956 4870 munda
1000 4816 1052 4870 in
1094 4815 1396 4885 superbiam
1421 4816 1722 4872 devolvitur
1747 4819 1884 4889 quis,

314 4918 369 4964 et
392 4907 534 4980 quod
560 4923 665 4963 non
689 4908 858 4978 potuit
885 4907 956 4962 illi
980 4906 1172 4962 afferre
1192 4907 1565 4964 detrimentum
1589 4920 1882 4978 peccatum,

313 5000 468 5054 aliert
511 4999 778 5069 superbia.
825 4997 965 5053 Fieri
1000 5013 1127 5069 ergo
1169 5013 1275 5052 non
1308 5009 1516 5069 potest,
1547 5009 1607 5055 ut
1632 5001 1792 5058 homo
1817 5003 1889 5058 sit

312 5089 383 5142 ita
419 5091 630 5158 penitus
671 5087 845 5157 justus
871 5129 886 5153 ,
915 5095 974 5142 nt
1000 5103 1026 5140 a
1056 5097 1273 5157 peccato
1307 5090 1377 5144 sit
1403 5089 1667 5157 mundus;
1714 5107 1886 5162 neque

309 5195 497 5236 rursus
529 5181 643 5234 ﬁeri
682 5189 858 5250 potest
888 5190 942 5234 ut
969 5180 1106 5235 ullus
1132 5183 1202 5234 ita
1233 5181 1404 5236 malus
1430 5183 1500 5236 sit
1527 5182 1719 5250 homo,
1758 5184 1884 5254 quin

306 5271 504 5328 habeat
557 5272 768 5342 aliquod
820 5273 1006 5328 saltem
1061 5274 1308 5344 exiguum
1364 5273 1582 5328 bonum.
1642 5275 1882 5346 Exempli

305 5379 502 5430 causa,
554 5363 642 5419 ille
672 5367 812 5434 rapit
850 5374 904 5419 et
941 5363 1146 5419 fraudat
1186 5374 1241 5419 et
1284 5365 1570 5434 perniciem
1601 5365 1800 5421 infert:
1830 5377 1884 5422 at

305 5470 706 5526 nonnumquam
735 5456 953 5528 largitur
976 5457 1387 5528 elecmosyuam,
1411 5465 1464 5513 at
1485 5473 1880 5530 nonnumquam

298 5557 612 5618 temperans
633 5558 736 5620 est,
765 5559 819 5604 at
845 5564 1238 5622 nonnumquam
1267 5551 1406 5609 bona
1431 5551 1594 5609 verba
1624 5552 1875 5624 loquitur,

1596 173 1682 228 DE
1713 171 1980 227 LAZARO
2017 171 2258 227 CONCIO
2318 174 2400 226 γι.

3485 183 3618 239 ill-i2

2061 294 2120 342 at
2143 301 2536 358 nonnumquam
2563 290 2652 346 uni
2680 291 2866 347 saltem
2891 291 3005 347 viro
3045 291 3334 348 subsidium
3380 296 3619 364 prmbuit.

2056 387 2110 432 at
2137 392 2528 449 nonnumquam
2556 381 2720 448 luxit,
2769 392 2825 437 at
2854 397 3247 454 nonnumquam
3286 398 3516 441 mmrore
3547 396 3615 440 taa

2055 477 2171 522 ctus
2191 467 2306 523 fuit.
2333 469 2440 524 Nec
2468 471 2623 540 igitur
2643 471 2818 540 justus
2844 483 2928 528 est
2956 474 3094 529 ullus
3119 474 3233 528 sine
3257 483 3498 544 peccato,
3532 494 3619 531 ιιι-

2053 572 2158 627 que
2207 567 2452 628 peccator
2491 569 2574 616 est
2611 563 2822 632 penitus
2849 578 3040 632 expers
3079 563 3223 618 boni.
3272 564 3408 632 Quid
3439 564 3621 620 Achab

2053 648 2441 716 perniciosius?
2489 651 2680 722 Rapuit
2715 662 2770 708 et
2795 654 2989 708 occidit
3019 671 3033 709 :
3061 666 3420 710 verumtamen
3473 668 3618 726 post-

2051 754 2209 808 quam
2235 750 2458 798 maestus
2489 742 2585 798 fuit
2604 785 2620 810 ,
2649 743 2776 800 dicit
2801 746 2928 800 Elia:
2955 747 3091 801 Deus
3116 764 3128 800 :
3167 745 3348 801 Vidisti
3371 752 3615 818 quemad-

2050 829 2253 883 modum
2276 843 2601 903 compunctus
2616 844 2688 888 εει
2711 833 2881 890 Achab
2908 836 2984 905 (3.
3015 836 3144 908 Reg.
3172 836 3262 891 2|.
3291 837 3427 906 29)?
3458 836 3618 892 Vides

2050 922 2186 975 utin
2216 931 2360 977 tanto
2403 926 2661 979 malorum
2708 927 2911 996 gurgite
2948 927 3143 982 bonum
3189 929 3452 997 quoddam
3497 930 3614 984 exi-

2045 1027 2205 1081 guum
2255 1013 2324 1067 sit
2369 1014 2675 1070 inventum?
2720 1016 2859 1084 Quid
2900 1017 3166 1087 proditore
3192 1017 3323 1073 Juda
3361 1018 3613 1084 deterius,

2044 1101 2134 1168 qui
2177 1103 2411 1157 avaritia:
2452 1105 2770 1174 mancipium
2813 1106 2946 1160 fuit?
2988 1106 3362 1162 Verumtamen
3404 1117 3457 1164 ct
3498 1109 3612 1176 ipse

2044 1190 2166 1246 boni
2192 1193 2457 1264 quidpiam
2482 1197 2670 1250 saltem
2697 1197 2938 1268 exiguum
2955 1197 3146 1254 deinde
3173 1199 3410 1268 praestitit
3437 1217 3452 1253 :
3480 1197 3611 1254 Pec-

2041 1283 2151 1334 cavi
2173 1285 2310 1337 enim
2333 1327 2346 1348 ,
2383 1285 2588 1355 inquit,
2626 1287 2826 1342 tradens
2852 1289 3143 1358 sanguinem
3163 1291 3361 1360 justum
3395 1288 3606 1362 (Matth.

2041 1371 2129 1425 27.
2159 1373 2236 1444 4).
2265 1374 2412 1441 Quod
2441 1376 2598 1446 igitur
2613 1377 2875 1446 dicebam,
2903 1393 3005 1434 non
3032 1389 3115 1434 est
3138 1395 3167 1432 a
3195 1390 3378 1433 natura
3410 1380 3607 1448 impro-

2039 1461 2213 1528 bitas,
2243 1473 2300 1518 ut
2327 1465 2506 1520 virtuti
2549 1468 2695 1522 locus
2730 1484 2834 1524 non
2877 1470 2966 1525 sit.
3011 1470 3136 1526 Ovis
3180 1486 3460 1541 numquam
3492 1469 3605 1524 fleri

2039 1562 2210 1621 potest
2241 1555 2370 1622 fera,
2397 1557 2590 1627 quippe
2611 1575 2728 1628 qua:
2750 1561 3208 1618 mansuetudinem
3238 1561 3427 1616 habeat
3455 1577 3482 1614 a
3511 1577 3605 1614 na-

2037 1651 2153 1698 tura
2184 1662 2198 1698 :
2229 1646 2382 1716 lupus
2407 1665 2690 1718 numquam
2719 1649 2831 1706 ﬁeri
2860 1663 3163 1708 mansuetus
3193 1661 3380 1721 potest,
3411 1651 3604 1720 quippe

2034 1737 2122 1806 qui
2166 1736 2427 1794 feritatem
2472 1740 2661 1796 habeat
2687 1757 2716 1796 a
2746 1753 2951 1798 natura.
3001 1743 3114 1798 Non
3161 1744 3436 1799 solvuntur
3471 1758 3601 1812 ergo

2033 1834 2237 1882 natura:
2266 1827 2409 1898 leges
2426 1870 2442 1893 ,
2473 1843 2642 1900 neque
2664 1831 2953 1902 refiguntur
2972 1873 2985 1896 ,
3013 1832 3106 1888 sed
3131 1833 3363 1886 immota:
3385 1846 3596 1901 penna.-

2031 1927 2178 1974 nent.
2211 1918 2266 1973 in
2297 1935 2383 1976 me
2416 1920 2519 1976 hoc
2543 1921 2716 1978 locum
2757 1939 2862 1977 non
2890 1923 3082 1991 habet,
3114 1923 3207 1979 sed
3233 1932 3286 1979 et
3311 1921 3453 1978 ferus
3480 1905 3598 1988 cum

2032 2007 2156 2062 volo
2185 2006 2254 2063 lio
2277 2049 2293 2076 ,
2326 2017 2380 2065 et
2405 2020 2737 2080 mansuetus,
2767 2027 2888 2067 cum
2921 2012 3043 2067 volo
3074 2029 3087 2066 :
3119 2027 3222 2068 non
3246 2013 3384 2067 enim
3413 2022 3598 2065 natura

2027 2112 2146 2152 sum
2167 2099 2373 2156 vinctus
2397 2141 2414 2168 ,
2443 2101 2536 2156 sed
2559 2101 2765 2158 arbitrii
2809 2103 3052 2159 libertate
3091 2102 3389 2158 decoratus.
3436 2101 3588 2172 Qdod

2027 2203 2155 2258 ergo
2179 2188 2418 2246 dicebam
2440 2232 2456 2257 ,
2503 2206 2602 2248 nec
2636 2193 2774 2248 ullus
2802 2202 2885 2249 est
2920 2194 2990 2247 ita
3034 2193 3204 2248 bonus
3223 2232 3239 2258 ,
3268 2200 3326 2246 ut
3353 2192 3602 2262 exiguam

2027 2281 2198 2336 labem
2219 2297 2325 2336 non
2355 2282 2546 2340 habeat
2574 2301 2588 2338 :
2621 2299 2719 2339 nec
2743 2284 2881 2340 ullus
2905 2292 2987 2340 est
3012 2285 3080 2339 ita
3107 2284 3294 2346 malus,
3320 2291 3378 2338 ut
3405 2282 3592 2336 saltem

2025 2371 2270 2441 exiguum
2295 2372 2490 2428 bonum
2517 2387 2621 2428 non
2643 2373 2852 2430 habeat.

2093 2460 2353 2516 Bonorum
2385 2473 2432 2518 et
2469 2463 2718 2518 malorum
2750 2463 3024 2518 retributio.
3055 2492 3126 2503 —-
3158 2461 3416 2530 Quoniam
3437 2460 3591 2531 igitur

2023 2554 2257 2607 omnium
2284 2561 2366 2608 est
2403 2553 2710 2620 retributio,
2741 2564 2795 2609 et
2820 2555 3055 2609 omnium
3099 2553 3455 2609 remuneratio
3485 2569 3498 2604 :
3525 2551 3590 2606 li-

2022 2642 2270 2696 cetenim
2314 2640 2576 2696 homicida
2618 2643 2687 2696 sit
2711 2643 2865 2712 quis,
2906 2642 3028 2697 licet
3052 2642 3319 2712 improbus
3359 2641 3426 2694 sit
3450 2640 3590 2710 quis,

2023 2733 2146 2788 licet
2173 2732 2476 2801 fraudator,
2515 2736 2558 2788 si
2586 2735 2710 2805 quid
2740 2735 2863 2789 boni
2901 2733 3084 2788 iecerit
3107 2774 3121 2798 ,
3153 2733 3297 2787 illum
3327 2732 3446 2786 boni
3479 2745 3590 2785 ma-

2021 2832 2114 2878 net
2140 2824 2440 2888 retributio,
2471 2841 2641 2896 ncque
2665 2833 2878 2895 propter
2905 2839 2965 2880 ea
2993 2824 3148 2890 mala,
3171 2837 3288 2892 quae
3314 2821 3458 2886 fecit,
3488 2820 3586 2874 boa-

2020 2928 2145 2967 ntnn
2191 2915 2437 2969 mercede
2482 2901 2764 2983 privatur:
2807 2922 2862 2969 et
2907 2928 3091 2969 rursus
3135 2913 3255 2967 licet
3310 2912 3586 2965 innumera

2017 3000 2154 3056 bona
2171 3003 2494 3071 prmstiterit,
2526 3004 2569 3056 si
2591 3003 2716 3072 quid
2735 3003 2856 3057 mali
2873 3001 3211 3066 commiserit,
3239 3009 3416 3055 manet
3439 3000 3583 3053 illum

2017 3091 2293 3146 retributio
2333 3093 2478 3146 mali.
2532 3092 2656 3148 Hmc
2693 3092 2895 3158 retine,
2937 3091 3052 3147 lucc
3097 3091 3246 3145 firma
3285 3099 3340 3146 et
3369 3090 3585 3144 immota

2015 3194 2272 3236 conserva
2301 3197 2315 3235 :
2338 3196 2508 3250 neque
2533 3181 2703 3237 bonus
2730 3191 2814 3236 est
2840 3182 2976 3236 ullus
3003 3181 3117 3236 sine
3142 3188 3379 3250 peccato,
3412 3191 3587 3246 neque

2015 3271 2128 3326 sine
2143 3271 2345 3341 jnstitia
2372 3273 2542 3326 malus
2557 3281 2637 3327 est
2655 3271 2814 3326 ullus.
2842 3271 3038 3328 Eadem
3061 3272 3201 3327 enim
3229 3285 3413 3325 rursus
3439 3269 3583 3332 dico,

2015 3369 2074 3413 ut
2109 3360 2371 3415 radicibus
2401 3361 2517 3415 fixis
2555 3361 2816 3416 stabiliam
2841 3401 2856 3427 ,
2887 3369 2945 3416 ut
2973 3362 3202 3432 plantem
3225 3402 3241 3428 ,
3275 3368 3333 3414 ut
3372 3359 3422 3413 in
3453 3373 3576 3429 pro~

2012 3450 2172 3506 fundo
2200 3451 2478 3507 collocem.
2526 3451 2775 3506 Diabolus
2797 3453 2989 3522 quippe
3015 3450 3395 3507 sollicitudines
3414 3464 3574 3519 quas-

2012 3541 2133 3596 dam
2181 3543 2234 3596 iu
2277 3543 2509 3596 animum
2563 3543 2764 3613 injicit,
2814 3543 2938 3598 dum
2983 3553 3217 3599 mentem
3258 3553 3485 3597 vestram
3524 3542 3578 3594 in

2010 3630 2245 3686 fraudem
2275 3632 2388 3686 vult
2424 3632 2623 3687 illiccre
2646 3675 2660 3698 ,
2701 3640 2755 3687 et
2777 3649 2894 3703 quae
2922 3647 2952 3686 a
2991 3649 3077 3687 me
3108 3633 3354 3687 dicuntur
3379 3630 3576 3686 labefa-

2009 3729 2155 3777 ctare
2185 3739 2198 3775 :
2228 3730 2502 3792 propterea
2554 3723 2608 3776 in
2649 3721 2965 3792 profundum
2992 3737 3054 3777 ea
3082 3722 3309 3777 dimitto.
3352 3721 3409 3778 Si
3433 3723 3574 3778 enim

2009 3826 2072 3867 ea
2098 3811 2376 3882 diligenter
2401 3811 2486 3866 hic
2513 3811 2912 3868 conservaveris
2937 3852 2951 3876 ,
3001 3811 3125 3868 licet
3169 3811 3312 3866 foras
3357 3811 3571 3878 abieris,

2006 3905 2252 3960 amittere
2279 3904 2368 3958 illa
2396 3919 2500 3959 non
2530 3913 2701 3974 potes.
2732 3902 2801 3960 Ut
2824 3903 2966 3959 enim
3000 3903 3044 3958 si
3069 3917 3254 3957 aurum
3283 3903 3335 3956 in
3360 3916 3572 3956 crume-

2006 4012 2128 4051 nam
2159 3996 2373 4057 misero,
2395 3995 2699 4065 constringe
2721 3995 2860 4075 illam
2886 4001 2941 4050 et
2959 3994 3198 4063 obsigno,
3226 4008 3292 4047 ne
3319 4008 3404 4047 me
3435 3991 3570 4047 forte

2005 4091 2223 4145 absente
2247 4087 2331 4142 fur
2357 4087 2584 4156 abripiat
2613 4105 2626 4140 :
2655 4087 2732 4140 sic
2759 4086 2919 4140 etiam
2964 4099 3088 4154 erga
3116 4092 3347 4138 vestram
3371 4083 3564 4137 carita-

2007 4190 2111 4236 tem
2137 4195 2222 4235 me
2245 4194 2372 4250 gero
2405 4195 2417 4230 :
2449 4177 2703 4232 doctrina:
2722 4175 3028 4230 assiduitate
3051 4173 3353 4243 constringe
3375 4212 3391 4237 ,
3427 4182 3480 4226 et
3500 4173 3545 4226 si
3565 4202 3572 4215 ι

2002 4273 2186 4344 gillum
2221 4284 2461 4340 appono,
2511 4277 2850 4338 mentemque
2891 4276 3121 4321 vestram
3164 4266 3452 4329 conﬁrmo,
3501 4279 3570 4318 ne

2004 4365 2146 4419 iners
2171 4373 2224 4418 et
2245 4361 2462 4418 evanida
2506 4359 2732 4431 segnitie
2771 4357 3057 4421 reddatur,
3088 4355 3182 4411 sed
3212 4363 3269 4409 ut
3293 4367 3410 4410 eam
3436 4367 3569 4407 con-

2003 4469 2222 4512 servans
2251 4454 2425 4524 potius
2450 4467 2512 4508 ea
2555 4450 2958 4521 tranquillitate,
3005 4463 3163 4518 quam
3193 4447 3278 4502 hic
3323 4446 3566 4516 percipit,

2000 4558 2276 4604 externum
2302 4560 2514 4602 omnem
2543 4545 2821 4600 tumultum
2850 4543 3123 4614 repellam.
3153 4539 3268 4595 Non
3293 4555 3421 4610 ergo
3446 4549 3566 4593 sunt

2001 4639 2230 4694 hominis
2255 4637 2490 4707 loquacis
2515 4635 2675 4692 verba
2694 4676 2710 4698 ,
2737 4648 2856 4705 quae
2880 4633 3136 4696 dicimus;
3177 4630 3270 4686 sed
3308 4629 3567 4685 sollicitu-

1997 4733 2172 4787 dinem
2197 4772 2213 4796 ,
2240 4738 2514 4800 paternum
2553 4726 2794 4782 allectum
2834 4733 2890 4781 et
2912 4723 3143 4781 doctoris
3180 4735 3415 4777 amorem
3454 4734 3566 4790 pra:

1996 4838 2058 4878 se
2083 4821 2272 4886 ferunt,
2303 4834 2370 4874 ne
2396 4817 2616 4875 efﬂuant
2649 4832 2765 4887 quzc
2784 4816 3046 4874 dicuntur.
3078 4811 3331 4882 Equidem
3358 4809 3422 4863 ad
3452 4809 3565 4863 hanc

1994 4914 2216 4971 dicenda
2239 4913 2456 4968 minime
2480 4910 2656 4980 segnis
2675 4924 2822 4977 sum,
2853 4907 3002 4964 vobis
3025 4916 3201 4960 autem
3227 4902 3560 4960 securitatem

1995 5004 2222 5073 idipsum
2250 5003 2383 5072 parit
2410 5018 2424 5056 :
2451 5001 2644 5057 docere
2670 4999 2790 5055 volo
2809 5039 2826 5064 ,
2869 5013 2975 5056 non
3004 4993 3373 5052 ostentationis
3400 5005 3558 5048 causa

1992 5093 2184 5148 facere.
2213 5093 2327 5146 Non
2350 5102 2432 5147 est
2458 5092 2618 5162 igitur
2645 5091 2783 5146 ullus
2806 5091 2892 5161 qui
2921 5097 3136 5160 peccato
3161 5095 3361 5149 careat,
3388 5097 3562 5153 neque

1994 5195 2238 5254 peccator
2267 5184 2404 5238 ullus
2434 5193 2516 5238 est
2535 5223 2552 5249 ,
2595 5183 2682 5254 qui
2718 5183 2916 5237 bonum
2945 5178 3157 5250 aliquod
3186 5192 3290 5232 non
3321 5173 3511 5230 habeat
3542 5193 3557 5229 :

1990 5274 2085 5330 sed
2128 5275 2378 5342 quoniam
2406 5273 2675 5342 utriusque
2700 5281 2880 5346 parata
2911 5279 2994 5325 est
3019 5265 3378 5325 remuneratio
3399 5307 3414 5332 ,
3441 5264 3564 5319 vide

1990 5364 2114 5435 quid
2146 5364 2255 5418 ﬁat.
2282 5365 2540 5419 Peccator
2567 5379 2746 5433 parem
2777 5362 2929 5416 bonis
2952 5361 3063 5417 suis
3090 5359 3279 5429 recipit
3302 5371 3554 5412 remune-

1988 5456 2249 5512 rationem
2275 5497 2292 5522 ,
2336 5456 2380 5510 si
2407 5455 2530 5526 quid
2558 5454 2638 5509 vel
2667 5454 2941 5508 minimum
2970 5451 3096 5508 boni
3121 5449 3354 5515 habeat,
3385 5456 3439 5503 et
3471 5447 3559 5516 ju-

1991 5557 2104 5605 stus
2129 5549 2358 5620 peccatis
2394 5549 2504 5604 suis
2545 5563 2640 5618 par
2663 5545 2914 5617 judicium
2959 5543 3179 5614 recipit,
3217 5541 3264 5597 si
3301 5539 3558 5596 tantillum
