4032 6198
571 233 710 288 1015

568 341 691 395 mali
728 339 930 396 fecerit.
962 339 1096 407 Quid
1121 354 1247 408 ergo
1276 339 1502 407 accidit,
1543 339 1747 408 etquid
1791 339 1917 394 facit
1955 339 2138 397 Deus?

566 433 792 489 Peccato
817 433 1096 488 terminum
1128 430 1388 497 delinivit,
1430 440 1746 501 praesentem
1776 432 1936 486 vitam
1963 440 2017 486 et
2055 431 2137 485 fu-

566 530 744 577 turttm
785 537 952 575 aevum
982 538 995 572 :
1023 521 1067 574 si
1107 523 1223 590 quis
1252 535 1378 589 ergo
1429 520 1601 590 justus
1653 519 1849 587 fuerit,
1898 523 1987 590 qui
2017 521 2137 575 mali

564 613 830 682 quidpiam
865 612 1181 680 perpetrarit
1205 621 1260 666 et
1300 611 1386 666 hic
1421 613 1606 666 morbo
1645 613 1900 666 laborarit
1925 627 1986 667 ac
2015 628 2141 682 sup-

564 703 724 772 plicia
748 702 816 754 sit
845 701 1064 756 allectus
1085 744 1099 767 ,
1131 718 1197 756 ne
1235 703 1462 756 turberis
1487 744 1500 764 ,
1531 703 1624 758 sed
1654 703 1789 771 apud
1821 713 1871 758 te
1895 704 2065 772 cogita
2089 712 2142 758 et

565 794 729 847 dicito
761 811 774 848 :
801 792 974 862 justus
1005 794 1103 849 iste
1140 794 1408 863 quidpiam
1446 795 1567 848 mali
1600 795 1720 849 fecit
1747 794 2050 866 aliquando,
2088 805 2142 850 et

564 884 687 937 illud
721 884 806 939 hic
835 884 1040 952 recipit,
1074 901 1140 940 ne
1167 886 1274 940 illic
1303 887 1579 954 plectatur.

633 972 737 1028 Cur
769 977 1108 1044 peccatoribus
1147 993 1226 1030 res
1270 993 1505 1045 prospere
1529 977 1814 1031 succedant.
1845 1006 1913 1016 ——
1938 977 2142 1031 Rursus

568 1073 898 1132 peccatorem
931 1067 972 1120 si
1000 1067 1194 1121 videris
1220 1067 2142 1136 rapientem,l'raudantem,sexcenta

564 1154 698 1208 mala
730 1163 1117 1226 perpetraulcm
1142 1198 1154 1219 ,
1190 1159 1277 1226 qui
1315 1159 1578 1226 prosleris
1609 1168 1781 1211 tamen
1809 1159 2142 1212 successibus

569 1254 749 1298 utatur
771 1288 783 1311 ,
829 1257 936 1300 tum
971 1255 1023 1300 tu
1055 1249 1221 1317 cogita
1271 1249 1466 1302 bonum
1511 1249 1721 1319 aliquod
1763 1265 1881 1303 eum
1917 1251 2040 1304 olim
2068 1252 2143 1304 le-

564 1336 704 1390 cissc
729 1377 744 1401 ,
773 1351 834 1390 ac
859 1338 991 1390 bona
1024 1337 1166 1391 illum
1196 1337 1281 1392 hic
1307 1340 1544 1407 recipere
1563 1381 1576 1405 ,
1619 1354 1687 1393 ne
1714 1339 1818 1393 illic
1843 1341 2140 1395 tnercedem

563 1434 827 1494 reposcat.
876 1428 947 1480 lla
973 1427 1292 1496 licetjustus
1333 1430 1397 1483 sit
1423 1430 1704 1498 quispiam,
1745 1438 1797 1484 et
1823 1431 2018 1500 aliquid
2045 1431 2141 1484 ad-

565 1517 702 1570 versi
728 1518 990 1585 patiatur,
1041 1518 1125 1572 hic
1166 1518 1363 1573 idcirco
1386 1521 1609 1588 recipit,
1655 1529 1712 1573 ut
1751 1520 1836 1573 hic
1869 1530 2138 1588 peccaturo

563 1606 820 1677 deponat,
863 1619 916 1663 et
957 1625 1119 1678 purus
1150 1611 1273 1664 illuc
1301 1610 1557 1666 discedat.
1590 1611 1740 1678 Quod
1766 1613 1809 1665 si
1836 1611 1994 1666 fuerit
2020 1629 2142 1682 pee-

562 1707 710 1752 cator
738 1699 928 1768 aliquis
969 1701 1233 1754 sexcentis
1273 1701 1426 1756 malis
1464 1709 1777 1769 coOpertus,
1807 1709 1862 1755 et
1889 1703 1975 1770 qui
2016 1717 2138 1756 sex-

562 1793 730 1844 centis
761 1791 1138 1845 insanabilibus
1176 1791 1374 1845 morbis
1412 1791 1650 1854 labuict,
1689 1793 1776 1860 qui
1817 1793 2006 1858 rapiat,
2051 1793 2138 1861 qui

562 1879 771 1936 fraudet
798 1898 810 1932 :
843 1881 1040 1935 idcirco
1068 1896 1321 1951 prospero
1343 1896 1520 1936 rerum
1547 1896 1795 1936 successu
1821 1883 2008 1936 fruitur
2026 1925 2040 1946 ,
2074 1899 2140 1937 ne

561 1971 865 2025 mercedem
912 1973 1018 2026 illic
1058 1981 1282 2042 repetat.
1334 1971 1593 2041 Quoniam
1622 1987 1748 2042 ergo
1792 1982 1846 2026 et
1886 1973 2136 2028 Lazarum

563 2079 777 2137 peccata
795 2071 1032 2138 qumdam
1054 2071 1247 2125 habere
1273 2073 1588 2141 contigerat,
1612 2082 1664 2126 et
1689 2072 1905 2126 divitem
1928 2067 2140 2138 aliquod

563 2158 756 2212 bonum
789 2159 1014 2225 habere,
1073 2171 1350 2231 preptcrea
1382 2163 1508 2217 dicit
1543 2164 1806 2218 Abraham
1841 2181 1854 2216 :
1883 2163 2012 2217 nihil
2056 2161 2140 2216 hic

563 2253 790 2320 require,
824 2253 959 2307 bona
984 2254 1088 2308 illic
1113 2264 1198 2309 tua
1226 2257 1492 2325 recepisti,
1520 2265 1570 2310 et
1598 2256 1828 2310 Lazarus
1858 2255 1992 2309 mala
2021 2270 2136 2308 sua.

564 2344 734 2412 Atque
758 2352 812 2398 ut
838 2345 1099 2415 intelligas
1121 2346 1234 2400 haec
1269 2363 1296 2398 a
1330 2362 1413 2400 me
1444 2356 1646 2402 temere
1670 2363 1774 2401 non
1803 2346 1927 2410 diei,
1957 2361 2136 2400 verum

563 2433 636 2487 ita
682 2450 741 2490 se
793 2452 903 2490 rem
941 2437 1165 2503 habere,
1197 2439 1366 2494 dicit:
1397 2438 1651 2510 Recepisti
1693 2441 1822 2494 bona
1861 2451 1966 2495 tua.
2011 2441 2139 2506 Qua:

563 2526 822 2580 tandem?
871 2527 1062 2582 Fecisti
1106 2530 1300 2598 aliquid
1343 2530 1515 2584 boui?
1552 2531 1811 2599 Recepisti
1840 2547 1969 2600 opes
1999 2540 2135 2593 tuas,

563 2616 839 2670 sanitatem
861 2657 880 2680 ρ
910 2618 1155 2683 delicias,
1189 2621 1473 2687 potentiam
1497 2661 1510 2684 ,
1540 2621 1794 2676 honorem
1829 2639 1841 2674 :
1876 2622 2003 2676 nihil
2046 2622 2136 2676 tibi

1275 232 1330 285 S.
1371 229 1646 286 JOANNIS
1681 229 2145 300 CllRYSOSTOMI
2191 230 2505 288 ARCIIIEP.
2545 233 3075 291 CONSTANTINOP.

3612 247 3721 304 1011

2244 341 2487 408 debetur,
2517 346 2760 413 recepisti
2784 346 2920 401 bona
2945 355 3054 400 tua.
3101 346 3232 413 Quid
3257 348 3438 418 igitur?
3461 351 3627 411 Nihilne
3640 359 3700 413 La

2245 449 2400 487 zarus
2427 436 2700 503 peccavit?
2732 436 2840 491 lmo
2867 453 3012 499 vero,
3037 447 3090 491 et
3115 438 3339 492 Lazarus
3359 441 3478 496 mala
3502 458 3578 497 sua
3602 464 3720 504 zeum

2246 533 2298 577 tu
2333 525 2464 578 bona
2499 539 2581 579 tua
2611 526 2890 596 recepisti,
2933 536 3040 581 tum
3079 528 3302 583 Lazarus
3331 531 3488 584 mala:
3512 546 3726 603 propterea

2245 631 2385 669 nunc
2429 615 2527 670 iste
2572 619 2912 682 consolatur,
2974 628 3027 670 tu
3071 634 3195 672 vero
3234 620 3485 673 cruciaris.
3525 623 3671 692 Itaque
3702 630 3734 682 si

2245 707 2453 775 quando
2491 706 2690 775 justum
2723 707 2920 762 videris
2955 707 3041 762 hic
3080 709 3316 776 punitum
3345 751 3358 772 ,
3405 712 3587 765 beatum
3621 716 3735 771 illum.

2246 800 2494 868 pnedica,
2524 808 2579 853 et
2597 799 2761 854 dicito
2795 817 2807 852 :
2834 800 3011 869 justus
3037 799 3125 854 hic
3149 801 3228 855 vel
3257 812 3509 869 peccatum
3532 805 3676 870 habet,
3699 819 3738 862 et

2245 892 2368 946 illud
2399 893 2622 961 recipit,
2655 907 2717 947 ac
2758 908 2920 960 purus
2960 893 3082 947 illuc
3118 892 3262 946 abit:
3291 904 3376 947 aut
3403 895 3508 963 plus
3545 898 3740 960 plectitur

2244 999 2402 1053 quam
2435 984 2683 1051 peccarit,
2710 994 2762 1037 et
2789 985 2861 1036 illi
2889 985 3125 1038 accessio
3142 983 3355 1052 justitiaz
3379 995 3632 1053 reputatur.
3657 989 3737 1044 Illic

2245 1077 2385 1130 enim
2432 1077 2568 1129 ratio
2603 1085 2916 1145 supputatur
2939 1117 2954 1142 ,
3004 1078 3180 1146 aitque
3220 1077 3357 1146 justo
3390 1077 3514 1131 Deus
3543 1096 3554 1130 :
3587 1089 3738 1135 tantum

2247 1168 2409 1223 babes
2435 1184 2462 1221 a
2493 1184 2579 1222 me
2607 1186 2619 1221 :
2652 1168 2875 1222 fortasse
2914 1182 3040 1222 vero
3077 1169 3261 1221 decem
3302 1148 3474 1220 obolos
3500 1169 3563 1221 illi
3597 1171 3738 1235 credit,

2245 1270 2298 1315 ct
2325 1261 2579 1315 rationem
2629 1261 2700 1314 illi
2741 1260 2925 1314 decem
2966 1259 3239 1312 obolorum
3267 1259 3512 1313 subducit.
3559 1261 3675 1324 Quod
3708 1264 3738 1315 si

2241 1353 2430 1407 obolos
2474 1353 2742 1421 sexaginta
2787 1349 3129 1418 expenderit,
3178 1350 3250 1402 ait
3297 1350 3368 1402 illi
3403 1350 3561 1402 Dws:
3595 1351 3737 1410 Decem

2246 1442 2335 1495 tibi
2364 1443 2548 1496 obolos
2577 1442 2779 1509 imputo
2802 1440 2868 1494 ad
2902 1449 3196 1508 peccatum,
3225 1450 3272 1492 et
3296 1438 3359 1492 ad
3381 1438 3606 1507 justitiam
3627 1441 3740 1508 quin-

2244 1535 2510 1603 quaginta.
2555 1533 2746 1588 Verum
2775 1541 2831 1586 ut
2860 1532 3034 1586 discas
3056 1532 3104 1584 id
3130 1571 3146 1595 ,
3177 1531 3316 1599 quod
3352 1539 3528 1592 restat,
3555 1533 3608 1583 ad
3624 1531 3740 1598 justi-

2247 1627 2369 1679 tiam
2389 1625 2459 1679 illi
2489 1625 2930 1693 reputari,justus
2949 1632 3063 1676 erat
3089 1622 3211 1686 Joh,
3241 1623 3351 1675 sine
3371 1621 3585 1685 crimine,
3603 1637 3738 1685 verax,

2243 1715 2422 1769 colens
2450 1715 2612 1768 Deum
2638 1755 2652 1780 ,
2693 1714 2967 1767 abstinens
2995 1713 3062 1766 ab
3091 1713 3238 1765 omni
3279 1711 3406 1767 mala
3445 1726 3531 1765 re:
3560 1711 3740 1778 punitum

2245 1804 2329 1859 hic
2359 1804 2455 1858 fuit
2492 1805 2608 1872 ejus
2635 1819 2864 1873 corpus,
2900 1813 2958 1857 ut
2997 1805 3101 1857 illic
3147 1802 3438 1857 mercedem
3478 1813 3736 1871 reposceret.

2243 1896 2376 1964 Quid
2407 1895 2547 1949 enim
2578 1897 2653 1948 ait
2681 1896 2753 1949 illi
2784 1895 2962 1948 Deus?
3004 1896 3168 1948 Aliter
3206 1905 3350 1965 putas
3375 1911 3446 1946 me
3480 1895 3555 1945 tibi
3584 1909 3741 1961 ταροηο

2243 1986 2393 2051 disse,
2426 2002 2573 2057 quam
2597 1995 2649 2038 ut
2669 2001 2916 2055 apparens
2928 1987 3102 2054 justus
3135 1984 3278 2053 (Job.
3306 1984 3390 2039 60.
3423 1982 3505 2053 5)?
3545 1981 3738 2036 Eamdem

2245 2079 2402 2148 igitur
2423 2093 2543 2132 cum
2574 2078 2731 2146 justis
2766 2076 3072 2146 patientiam
3105 2076 3445 2140 exhibentes,
3471 2083 3518 2128 et
3542 2073 3740 2142 :equaletn

2244 2179 2402 2224 recta:
2450 2168 2658 2222 illorum
2701 2167 3088 2221 conversationi
3121 2165 3445 2220 tolerantiam
3472 2163 3740 2225 exhibentes,

2245 2270 2424 2330 parata
2453 2259 2648 2313 sanctis
2691 2259 2856 2313 Deum
2895 2258 3242 2328 diligentibus
3283 2257 3411 2310 bena
3455 2254 3742 2322 recipiamus:

2243 2369 2359 2423 qua:
2387 2351 2539 2405 nobis
2565 2351 2809 2405 omnibus
2846 2351 3056 2418 assequi
3089 2350 3360 2419 contingat
3393 2347 3543 2417 gratia
3565 2353 3610 2399 et
3629 2339 3742 2398 beni-

2243 2445 2444 2513 gnitate
2478 2442 2686 2496 Domini
2717 2442 2887 2496 nostri
2917 2441 3042 2496 Jesu
3062 2439 3266 2495 Christi
3289 2480 3304 2504 ,
3331 2441 3410 2494 cui
3433 2437 3579 2508 gloria
3603 2443 3646 2490 et
3669 2434 3739 2486 iut-

2244 2534 2446 2603 perium
2474 2533 2526 2586 in
2551 2531 2744 2588 saecula
2769 2527 3115 2585 seculorum.
3155 2527 3348 2586 Amen.

655 2869 2565 2884 *ψ’-...σ’ψῂ-

2299 2873 3693 2902 mw

772 3105 852 3166 IN
887 3104 1288 3166 HOMILIAM
1326 3103 1733 3166 ADVERSUS
1769 3105 1912 3165 EOS
1941 3103 2073 3176 QUI
2101 3105 2206 3164 AD
2235 3106 2488 3167 LUDOS
2520 3105 2939 3167 CIRCENSES
2968 3104 3601 3168 PROFICISCUNTUR

669 3618 816 3672 llauc
844 3617 1161 3671 concionem
1193 3615 1244 3669 iu
1291 3614 1430 3668 serie
1461 3611 1804 3666 homiliarum
1848 3611 1912 3666 de
1948 3611 2156 3664 Lazaro

601 3733 962 3802 reponeudam
995 3747 1115 3786 esse
1163 3729 1644 3799 deprehendimus.
1690 3727 1898 3782 Etenim
1933 3742 2158 3781 numero

603 3852 656 3912 3,
713 3849 778 3901 de
817 3846 1007 3900 Lazari
1057 3855 1110 3900 et
1171 3845 1353 3900 divitis
1413 3843 1670 3914 parabola
1729 3858 1851 3896 mox
1911 3843 2159 3897 dicturus

605 3963 1044 4032 tllnrysostomns,
1077 3959 1156 4012 sic
1205 3959 1403 4012 habet:
1446 3956 1619 4010 Unum
1649 3957 1810 4025 igitur
1847 3969 1910 4007 ea:
1966 3955 2029 4006 iis
2072 3953 2160 4021 qui

605 4089 694 4140 per
724 4072 888 4124 latam
925 4071 1056 4124 hanc
1101 4080 1307 4140 portam
1355 4071 1643 4129 intrarunt,
1696 4076 1744 4118 et
1771 4082 1927 4117 unum
1981 4080 2045 4117 ex
2097 4065 2162 4117 iis

607 4187 694 4251 qui
728 4202 817 4254 per
851 4195 1130 4254 angustam
1153 4195 1200 4236 et
1229 4193 1433 4236 arctam
1462 4182 1597 4234 riam
1644 4181 1962 4232 incesserunt
2024 4178 2164 4232 vobis

610 4300 662 4350 in
696 4300 920 4350 medium
951 4298 1294 4366 proferentes,
1329 4311 1506 4349 eorum
1538 4311 1654 4364 qua:
1689 4311 1719 4346 α
1752 4292 1976 4346 Domino
2025 4293 2165 4345 dicta

610 4421 729 4462 sunt
763 4411 1030 4462 veritatem
1063 4411 1419 4473 ostendamus,
1446 4419 1494 4461 et
1532 4410 1710 4461 eadem
1740 4425 1924 4461 rursus
1959 4407 2169 4459 Domini

612 4520 868 4588 parabola
905 4531 1134 4572 utamur.
1168 4520 1230 4572 Et
1265 4522 1447 4587 paucis
1484 4496 1813 4588 interpositis
1857 4534 1951 4572 eos
1981 4521 2166 4572 eadem

615 4638 873 4706 parabola
901 4637 1009 4707 jam
1037 4637 1274 4692 imbutos
1325 4638 1627 4700 declarans,
1691 4636 1767 4690 sic
1819 4610 2035 4706 p‘ergit:
2095 4634 2171 4688 Ac

2257 3613 2366 3666 scio
2395 3613 2628 3682 equidem
2662 3629 2747 3666 vos
2795 3613 3027 3667 homines
3059 3631 3384 3683 perspiceres
3405 3616 3512 3682 jam
3549 3613 3660 3680 quod
3683 3612 3744 3662 di-

2260 3734 2396 3782 cturi
2430 3732 2594 3782 simus
2623 3729 2928 3799 intelligere,
2995 3732 3340 3784 nihilominus
3380 3740 3534 3783 tamen
3581 3745 3608 3780 a
3635 3724 3747 3777 nobis

2261 3843 2367 3898 dici
2402 3860 2606 3897 necesse
2630 3853 2722 3896 est.
2761 3844 2824 3897 Et
2856 3854 3041 3912 postea
3071 3845 3135 3899 de
3164 3844 3332 3900 divite
3357 3854 3409 3899 et
3449 3842 3626 3896 Lazaro
3660 3836 3748 3905 plu-

2264 3957 2414 4010 ribus
2457 3956 2586 4025 agit.
2637 3955 2857 4010 Demum
2907 3973 3134 4011 numero
3178 3958 3254 4024 5,
3294 3966 3560 4027 postquam
3607 3944 3754 4002 Lami

2265 4075 2490 4121 mortem
2540 4084 2663 4123 cum
2729 4070 2910 4123 divitis
2959 4070 3110 4124 obitu
3170 4072 3503 4125 contulerat:
3555 4064 3755 4117 Lubenlct

2265 4182 2421 4245 enim,
2468 4182 2576 4246 ait,
2633 4183 2764 4234 hanc
2806 4198 2911 4235 rem
2954 4197 3088 4249 sa-pe
3126 4199 3296 4247 verso,
3328 4183 3488 4252 ἡδέως
3512 4178 3604 4246 γὰρ
3626 4171 3756 4225 ταῦτα

2270 4292 2486 4363 στρὲφω
2519 4294 2774 4362 συνεχῶς,
2811 4303 2864 4346 ut
2897 4311 3044 4346 nemo
3075 4309 3140 4348 ea:
3172 4295 3308 4358 illis,
3343 4294 3428 4362 qui
3472 4294 3662 4359 egestate
3701 4281 3757 4333 ττι

2269 4403 2462 4458 morbis
2497 4413 2546 4457 et
2573 4405 2710 4473 fame
2735 4417 3068 4472 premuntur.
3101 4421 3154 4458 se
3175 4411 3487 4462 contemnat,
3515 4410 3557 4452 et
3583 4395 3765 4461 seipsum

2270 4520 2514 4572 miserum
2552 4520 2876 4581 arbitretur;
2907 4519 2996 4572 sed
3039 4519 3319 4587 patienter,
3376 4527 3477 4570 etc.
3507 4513 3571 4567 Ex
3603 4503 3760 4574 quibus

2272 4633 2618 4700 perspicuum
2674 4641 2776 4693 est,
2819 4631 2957 4685 hanc
3020 4631 3178 4700 paulo
3228 4640 3350 4699 post
3399 4623 3624 4681 homilias
3670 4614 3761 4668 111³6

1479 4793 3761 4829 ‘___-___________________________________.

591 4845 915 4932 Αυνῐτῖῐιευε
971 4887 1106 4934 EOS.
1153 4888 1258 4941 QUI
1330 4891 1410 4931 AD
1456 4890 1650 4934 LUDOS
1721 4891 2055 4934 CIRCENSES
2096 4887 2670 4937 PBOFICISCUNTUR,
2717 4887 2796 4926 ET
2840 4886 2898 4927 IN
2947 4885 3139 4928 ILLUM
3185 4881 3526 4927 EVANGELII
3590 4868 3765 4919 ιοεωιι

678 4967 948 5007 IVTRATE
993 4968 1110 5008 PER
1155 4969 1489 5011 Ακρυετωί
1535 4969 1810 5021 ιόητΑΜ,
1857 4969 2007 5021 ρυιΑ
2052 4967 2210 5009 ιΑΤΑ
2254 4966 2480 5016 PORTA,
2514 4965 2592 5021 ΕΤ
2636 4964 2926 5006 SPATIOSA
2990 4965 3096 5005 ΠΛ
3146 4965 3280 5017 EST,
3328 4963 3466 5015 QUE
3515 4952 3677 5000 DUClT
3719 4946 3769 4988 At"

676 5044 1133 5098 rennt'rtoneu,
1179 5048 1260 5088 ET
1305 5049 1495 5089 MULTI
1542 5050 1724 5105 sum,
1770 5019 1889 5100 Qut
1922 5047 2196 5088 ιλιι-ΜΠ
2229 5045 2346 5086 PER
2391 5043 2518 5084 EAM
2571 5019 2834 5104 (Matth.
2879 5028 2936 5084 7.
2974 5024 3089 5106 13)
3129 5045 3142 5082 :
3177 5044 3254 5084 ET
3283 5042 3395 5083 sun
3424 5030 3678 5082 nasum
3711 5022 3767 5064 ω’

677 5123 873 5164 γιτιςω
920 5123 999 5164 ET
1041 5124 1104 5165 nt
1150 5125 1440 5168 Lautum
1473 5110 1582 5189 (a).

668 5320 717 5372 1.
749 5320 1066 5375 Consuctam
1112 5338 1292 5376 rursus
1319 5325 1577 5394 attingere
1604 5323 1898 5376 doctrinam
1924 5322 2046 5375 volo
2070 5363 2084 5387 ,
2116 5330 2169 5375 ct

654 5428 728 5539 ὅτι)
764 5429 938 5480 Collata
963 5444 1070 5480 cum
1093 5438 1198 5481 Mss.
1220 5435 1378 5494 Regiis
1398 5435 1534 5490 l96l,
1566 5435 1678 5481 1973
1705 5447 1716 5480 :
1743 5433 2028 5480 Colbertinis
2059 5431 2169 5488 36L,

687 5527 702 5539 .
735 5491 874 5539 1030.
893 5499 942 5539 ln
962 5492 1237 5539 Colbcrlino
1251 5498 1340 5539 303's
1367 5497 1466 5539 haec
1489 5495 1678 5539 humilia
1710 5497 1980 5539 inscribitur
2003 5494 2169 5539 Ouini:

735 5491 874 5542 1030.
893 5499 942 5540 In
962 5492 1237 5544 Colbertino
1251 5489 1340 5546 56";
1366 5497 1466 5544 haec
1489 5489 1678 5544 humilia
1710 5497 1980 5546 inscribitur
2003 5494 2170 5550 Quinta

692 5568 914 5606 .ararum.

2281 5321 2604 5389 spiritualem
2651 5335 2887 5375 mensam
2921 5317 3066 5370 vobis
3111 5329 3373 5384 apponch
3403 5329 3414 5363 ε
3451 5308 3536 5365 Sed
3565 5303 3678 5375 Ρῖέἶθί
3711 5306 3766 5389 mf:

2277 5426 2622 5484 cunctorque,
2651 5413 2777 5466 dum
2807 5412 2958 5464 tiden
2989 5409 3188 5463 nullum
3219 5423 3307 5460 vos
3328 5423 3389 5459 ex
3416 5400 3607 5456 assidua
3633 5391 3768 5444 doctri-

2283 5520 2346 5559 na
2395 5505 2622 5560 (metum
2662 5518 2867 5574 capere.
2909 5501 3339 5570 Quandoquidem
3369 5491 3579 5565 agricola
3615 5485 3764 5553 qumlne
