4032 6198
261 243 405 299 1043

259 361 359 415 καὶ
398 358 451 412 τί
485 361 630 413 ποιεῖ
657 361 687 414 6
716 360 877 427 Θεόςς
927 363 1196 436 Ἀφὼρισε
1228 363 1379 417 νόσον
1412 376 1434 404 ³
1474 367 1539 436 τῇ
1572 364 1844 437 ἁμαρτίᾳ,

261 443 355 496 τὸν
390 442 634 513 παρόντα
672 442 785 514 βίον
827 447 1040 501 καὶτὸν
1076 445 1337 518 μέλλοντα
1365 446 1558 502 αίῶνα.
1604 447 1730 502 Ἐάν
1754 443 1849 502 οὖν

261 522 423 627 ﬁat;
453 524 681 627 δίκαιος,
708 529 802 627 καὶ
837 530 1139 627 ἐργάσηταί
1165 546 1217 582 τι
1252 529 1476 627 ιραῦλον,
1493 532 1626 627 ’καὶ

264 608 392 676 ὧδε,
421 608 515 663 κα)⁸
559 611 802 683 τιμωρίᾳ
856 612 1162 685 παραδοθῇ,
1218 613 1298 685 μὴ
1356 612 1686 685 θορυϐηθῇς,
1732 612 1850 666 ἀλλ’

265 693 522 763 ἐννόησον
543 694 678 765 πρὸς
724 695 940 757 ἑαυτὸν,
975 698 1067 751 καὶ
1099 698 1241 760 είπὲ,
1271 697 1353 751 ὃτι
1385 692 1540 761 οὗτος
1586 699 1616 750 ὀ
1645 697 1852 759 δίκαιος

270 774 494 853 πώποτε
535 778 730 848 μικρόν
761 796 812 832 τι
845 779 1015 833 κακὸν
1065 779 1313 853 ἐποίησε,
1349 780 1444 834 καὶ
1473 779 1851 852 ἀπολαμϐάνει

268 851 401 923 ὧδε,
427 859 515 913 ἵνα
544 859 618 931 μὴ
649 861 765 914 ἐκεῖ
796 860 1054 935 κολασθῇ.

344 942 547 1006 Πάλιν,
585 942 681 997 ὲὰν
733 943 849 1016 ἴδῃς
892 944 1216 1016 ἁμαρτωλὸν
1267 943 1607 1015 ἁρπάζοντα,
1663 946 1854 1000 πλεον-

272 1024 559 1091 εκτοῦντα,
580 1026 748 1098 μυρία
777 1029 1030 1082 ποιοῦντα
1054 1027 1221 1093 κακὰ,
1242 1027 1345 1082 κᾶν
1369 1027 1590 1100 εὖθυνῇ,
1605 1029 1856 1101 ἐννόησον

272 1110 359 1163 ὅτι
381 1109 607 1182 ἐποίησέ
634 1127 766 1164 ποτε
793 1110 998 1180 ἀγαθόν
1022 1129 1099 1176 τι,
1130 1112 1226 1166 καὶ
1249 1111 1627 1183 ἀπολαμϐάνει
1665 1108 1766 1167 ὦδε
1789 1114 1858 1168 τά

274 1192 481 1261 ἀγαθὰ,
513 1193 698 1266 ἵναμὴ
731 1195 851 1248 ἐκεῖ
887 1195 1167 1267 ἀπαιτήσῃ
1200 1195 1291 1248 τὺν
1328 1194 1537 1266 μισθόν.
1572 1194 1729 1251 Οὕτω
1756 1197 1859 1252 κᾶν

275 1273 542 1352 δίκαιος
566 1294 651 1342 τις
688 1278 783 1332 καλ⁵
809 1279 993 1350 πάσχῃ
1015 1278 1188 1333 δεινόν
1218 1294 1294 1343 τι,
1327 1278 1417 1333 διὰ
1444 1277 1599 1333 τοῦτο
1624 1279 1861 1351 ἀπολαμι

278 1358 437 1412 ϐάνει
479 1352 603 1423 ὦδε,
652 1360 743 1414 ἵνα
796 1355 900 1415 ὧδε
932 1359 1206 1431 ἀπόθηται
1262 1361 1362 1433 τὴν
1413 1361 1719 1434 ἁμαρτίαν,
1768 1362 1862 1417 καὶ

279 1442 493 1514 ἀπέλθῃ
518 1443 637 1497 ἐκεῖ
661 1442 921 1514 καθαρός·
954 1443 1059 1498 κᾶν
1109 1444 1432 1516 ἁμαρτωλός
1471 1462 1555 1510 τις
1585 1440 1643 1521 ᾖ,
1675 1446 1861 1516 γέμων

279 1524 491 1587 κακῶν,
524 1525 619 1578 καλ⁴
658 1526 834 1597 μυρία
865 1525 1061 1581 ἁνίατα
1092 1526 1298 1593 νοσῶν,
1351 1527 1635 1600 ἁρπάζων,
1673 1529 1863 1582 πλεον-

278 1608 578 1673 εκτῶν,διὰ
601 1608 758 1664 τοῦτο
773 1610 1035 1665 ἀπολαύει
1058 1610 1293 1666 ἐνταῦθα
1323 1613 1642 1684 εὐημερίας,
1665 1612 1753 1667 ἵνα
1786 1611 1862 1684 μὴ

280 1694 402 1747 ἐκεῖ
426 1694 702 1767 ἀπαιτήσῃ
734 1695 946 1766 μισθόν.
977 1695 1200 1768 Ἐπειδὴ
1224 1691 1317 1751 οὖν
1341 1697 1623 1752 συνέϐαινε
1650 1697 1744 1751 καὶ
1772 1698 1863 1751 τὸν

282 1775 537 1848 Λάζαρον
557 1775 704 1847 ἔχειν
740 1777 862 1831 τινά
904 1779 1306 1851 ἁμαρτήματα,
1343 1780 1437 1834 καὶ
1485 1778 1577 1833 τὸν
1606 1779 1864 1834 πλούσιον

282 1859 429 1932 ἔχειν
450 1877 503 1913 τι
519 1860 740 1929 ἀγαθὸν,
757 1861 846 1916 διά
858 1861 1016 1916 τοῦτο
1033 1863 1061 1916 ὀ
1091 1863 1342 1935 Ἀϐραὰμ
1360 1864 1527 1934 λέγει’
1546 1858 1671 1917 Ὧδε
1700 1864 1866 1935 μηδὲν

285 1944 459 2013 ζήτει·
501 1942 775 2009 ἀπέλαϐες
798 1944 867 1999 τά
898 1945 1080 2014 ἀγαθά
1110 1964 1202 2000 σου
1236 1948 1376 2013 ἐκεῖ,
1407 1947 1503 2001 καὶ
1538 1948 1567 2001 6
1616 1945 1868 2018 Λάζαρος

284 2024 354 2079 τὰ
383 2024 531 2079 κακά
560 2025 747 2083 αὐτοῦ.
775 2028 884 2082 Καὶ
914 2028 1001 2083 ἵνα
1045 2029 1224 2103 μάθῃς
1252 2031 1335 2084 ὅτι
1367 2030 1466 2101 οὐχ
1497 2029 1681 2096 ἁπλῶς
1725 2029 1869 2099 λέγω

283 2107 488 2172 ταῦτα,
539 2109 655 2162 ἀλλ’
705 2109 879 2175 οὕτως
915 2110 944 2153 δ
977 2113 1095 2167 ἐστὶ
1119 2152 1136 2178 ,
1180 2112 1366 2184 λέγει’
1427 2113 1752 2179 Ἀπέλαῦες
1792 2112 1867 2167 τὰ

286 2191 484 2261 ἀγαθά
518 2209 657 2248 σου.
694 2196 865 2261 nota;
921 2197 1187 2267 ἐποίησάς
1218 2215 1272 2252 τι
1312 2197 1551 2267 ἀγαθόν;
1596 2196 1866 2261 ἁπέλαϐές

289 2293 388 2329 σου
413 2276 506 2332 τὸν
526 2277 779 2345 πλοῦτον,
806 2279 903 2352 τὴν
939 2280 1146 2349 ὑγείαν,
1178 2280 1278 2352 τὴν
1320 2281 1554 2352 τρυφὴν,
1583 2281 1682 2352 τὴν
1707 2281 1867 2334 δυνα-

355 2446 383 2476 ⁸
410 2444 701 2513 Legendutn
712 2448 949 2513 ἀφώρισεν
971 2448 1097 2513 ὅρον.
1123 2446 1280 2497 Valic.
1308 2446 1394 2496 δύο
1415 2448 1607 2511 ὥρισεν,
1629 2447 1770 2496 νόσον
1786 2447 1870 2496 καὶ

287 2506 546 2559 ἁμαρτίαν.
569 2509 667 2557 Sed
688 2506 795 2559 Itaéc
820 2506 985 2559 Vitiata
1003 2506 1142 2558 sunt.

352 2566 573 2634 [vatim
588 2570 679 2634 οὐχ
700 2571 862 2634 ἁπλῶς
877 2570 1192 2634 ,στοχάζομαιο
1206 2570 1309 2618 ἀλλ’
1332 2570 1497 2623 οὕτως.
1511 2568 1701 2618 Abhinc
1724 2569 1874 2631 longe

292 2628 452 2681 variat
472 2630 622 2681 Vatic.
645 2628 700 2681 Et
720 2633 914 2683 mendis
926 2628 1102 2682 scatet.

1400 247 1488 302 DF.
1528 245 1807 302 LAZARO
1845 244 2103 302 CONCIO
2138 240 2245 296 VII.

3389 244 3518 299 ιυιᾶ

1948 367 2151 428 στείαν,
2184 367 2285 439 τὴν
2314 367 2492 439 τιμήψ
2513 365 2667 421 οὐδέν
2692 381 2775 419 σοι
2796 366 3225 435 κεχρεώστηταιο
3258 360 3528 424 ἀπέλαϐες

1946 450 2017 505 τὰ
2044 450 2226 521 ἁγαθά
2243 467 2358 505 σου.
2382 450 2449 503 Τί
2470 445 2595 516 οὗν;
2618 449 2648 505 6
2668 447 2919 517 Λάζαρος
2943 444 3098 500 οὐδὲν
3122 445 3374 517 ἧμαρτε;
3399 442 3529 503 Ναὶ.

1946 534 2044 589 καὶ
2077 533 2328 606 Λάζαρος
2353 532 2422 586 τὰ
2454 531 2603 587 κακά
2637 530 2823 585 αὺτοῦ.
2864 529 2995 582 Ὅτε
3034 528 3102 581 σὺ
3144 524 3531 597 ἀπελάμϐανες

1948 618 2016 674 τὰ
2039 618 2244 687 ἀγαθὰ,
2272 617 2395 672 τότε
2420 617 2516 671 καὶ
2552 614 2800 686 Λάζαρος
2834 612 2905 667 τὰ
2931 610 3096 667 κακά’
3135 610 3225 665 διά
3248 608 3408 663 τοῦτο
3436 607 3531 662 νῦν

1950 697 2105 767 οὗτος
2132 701 2552 776 παρακαλεῖται,
2572 698 2722 772 [789]
2741 699 2807 776 σὺ
2825 697 2881 751 δὲ
2912 696 3192 751 ὀδυνᾶσαι.
3225 694 3388 747 Ὥστε
3404 693 3534 747 ὅταν

1953 786 2069 858 ἴδῃς
2092 774 2302 840 δίκαιον
2335 782 2696 854 κολαζόμενον
2733 774 2856 841 ὧδε,
2893 776 3168 851 μακάρίζε
3212 775 3400 840 αὐτὸν,
3440 778 3538 858 καί

1954 857 2101 938 λέγε’
2131 863 2299 932 Οὗτος
2323 870 2352 922 6
2377 868 2584 930 δίκαιος
2610 864 2643 937 ἢ
2672 864 2948 938 ἁμαρτίαν
2968 861 3080 934 ἔχει
3100 861 3192 915 καλ⁵
3211 857 3533 930 ἀπολαμϐά-

1953 970 2033 1007 νει
2059 951 2249 1023 αύτὴν,
2279 952 2374 1006 καὶ
2397 950 2695 1021 ἀπέρχεται
2719 950 2837 1002 ἐκεῖ
2869 946 3133 1017 καθαρὸς,
3166 944 3202 1016 ἦ
3241 943 3405 997 πλέον
3428 941 3539 996 τῶν

1954 1036 2371 1109 ἁμαρτημάτων
2398 1033 2708 1099 κολάζεται,
2750 1031 2847 1086 καὶ
2871 1028 3157 1102 προσθήκη
3191 1025 3541 1097 δικαιοσύνης

1956 1119 2108 1190 αὑτῷ
2137 1117 2433 1188 λογίζεται.
2461 1116 2634 1186 Λόγος
2666 1115 2775 1186 γὰρ
2805 1114 3015 1183 γίνεται
3053 1112 3189 1165 ὲκεῖο
3219 1111 3315 1165 καὶ
3341 1109 3490 1178 λέγει
3512 1109 3543 1161 6

1957 1202 2090 1267 Θεὸς
2123 1202 2201 1273 τῷ
2226 1201 2438 1272 δικαίῳ’
2480 1202 2665 1271 Ἔχεις
2705 1215 2805 1269 μου
2829 1197 3004 1250 τόσον·
3035 1193 3196 1265 τυχὸν
3215 1192 3272 1259 δὲ
3299 1191 3543 1245 πιστεύει

1959 1285 2110 1357 αὐτῷ
2140 1286 2272 1340 δέκα
2292 1284 2513 1348 ὀϐολοὺς
2566 1285 2661 1337 καὶ
2712 1284 2858 1335 ποιεῖ
2904 1278 3052 1351 αύτῷ
3081 1278 3240 1346 λόγον
3276 1275 3387 1329 τῶν
3411 1275 3545 1329 δέκα

1959 1371 2183 1426 ὀϐολῶν.
2236 1371 2362 1425 Ἐάν
2388 1370 2447 1423 δὲ
2485 1370 2771 1439 δαπανήσῃ
2805 1366 3070 1436 ἑξήκοντα
3116 1360 3361 1425 ὀϐολοὺς,
3392 1359 3542 1427 λέγει

1960 1453 2312 1526 αὐτῷὀΘεός
2337 1470 2350 1484 ·
2379 1454 2519 1517 Τοὺς
2567 1451 2699 1509 δέκα
2754 1449 2978 1503 ὀϐολοὺς
3020 1444 3311 1517 λογίζομαί
3349 1460 3430 1498 σοι
3469 1443 3549 1503 είς

1964 1538 2260 1611 ἁμαρτίαν,
2281 1537 2377 1591 καὶ
2400 1537 2526 1601 τοὺς
2552 1535 2895 1605 πεντήκοντα
2922 1533 3003 1595 είς
3031 1528 3403 1599 δικαιοσύνην.
3420 1528 3550 1611 Ἵνα

1966 1624 2026 1678 δὲ
2057 1609 2235 1696 μάθῃς
2253 1622 2337 1676 ὅτι
2364 1621 2426 1674 τὸ
2455 1619 2778 1690 λειπόμενον
2805 1617 2885 1680 είς
2916 1614 3269 1685 δικαιοσύνην
3289 1610 3441 1696 αὺτῷ
3465 1609 3553 1664 λο-

1968 1695 2204 1776 γίζεται,
2234 1704 2355 1758 Ἰὼϐ
2382 1705 2590 1767 δίκαιος
2608 1698 2699 1773 ἦν,
2721 1703 2827 1771 eos
2838 1716 3034 1771 μπτος,
3069 1696 3341 1768 ἀληθινὸς,
3366 1695 3552 1748 θεοσε-

1970 1791 2095 1862 ϐὴς,
2117 1789 2456 1860 ἀπεχόμενος
2500 1786 2610 1841 ἀπὸ
2655 1785 2857 1862 παντὸς
2901 1780 3143 1853 πονηροῦ
3193 1782 3551 1853 πράγματος

1970 1859 2433 1942 ἐκολάσθηαὺτοῦ
2461 1870 2521 1924 τὺ
2551 1869 2712 1939 σῶμα
2732 1859 2967 1929 ὧδε,-ἴνα
2996 1865 3115 1919 ἐκεῖ
3139 1863 3365 1935 μισθοὺς
3393 1862 3557 1916 άπαι-

1970 1958 2133 2029 τήσῃ.
2176 1956 2242 2010 Τί
2267 1954 2378 2026 γάρ
2410 1970 2576 2024 φησιν
2596 1951 2771 2014 ὀΘεὸς
2798 1950 2937 2017 πρὸς
2972 1948 3138 2002 αὐτόν
3158 1965 3172 2015 ;
3189 1948 3428 2012 Ἄλλως
3446 1944 3560 1999 οἷσι

1966 2056 2044 2109 με
2064 2037 2562 2109 κεχρηματικέναι
2594 2050 2714 2097 σοι,
2752 2032 2791 2100 ἣ
2819 2034 2923 2086 ἵνα
2942 2029 3263 2101 ἀναφανῇς
3291 2029 3557 2095 δίκαιοςε

1973 2122 2086 2194 Τὴν
2108 2123 2278 2193 αὐτὴν
2306 2120 2489 2174 τοίνυν
2515 2120 2628 2181 τοῖς
2648 2116 2877 2180 δικαίοις
2905 2114 3186 2185 ὑπομονὴν
3211 2110 3561 2194 ἐπιδειξάμεο

1974 2192 2077 2267 νοι,
2136 2192 2239 2258 καὶ
2282 2206 2348 2275 τῇ
2388 2202 2567 2273 ἀγαθῇ
2611 2200 2792 2254 αὐτῶν
2828 2198 3078 2264 πολιτείᾳ
3110 2196 3211 2265 τὴν
3259 2192 3561 2265 καρτερίαν

1979 2288 2268 2361 mappam
2295 2286 2728 2356 ἐπιδειξάμενοι,
2765 2280 3130 2350 ἀπολάϐωμεν
3161 2278 3232 2333 τὰ
3272 2276 3456 2361 ἁγαθά
3492 2277 3562 2361 τά

1975 2351 2379 2443 εὐτρεπισμένα
2401 2371 2514 2432 τοῖς
2543 2351 2720 2435 ἀγίοις
2756 2362 3154 2433 τοίς-ἀγαπῶσι
3183 2361 3276 2415 τὸν
3302 2360 3459 2414 θεόν·
3487 2351 3564 2411 ὧν

1977 2456 2193 2526 γένοιτο
2211 2452 2420 2513 πάντας
2435 2453 2582 2522 ἡμᾶς
2606 2450 2903 2519 ἐπιτυχεῖν,
2922 2447 3106 2519 χάριτι
3132 2447 3229 2526 καὶ
3258 2443 3563 2526 φιλανθρω-

1980 2523 2083 2608 πίᾳ
2104 2537 2199 2591 τοῦ
2221 2536 2427 2608 Κυρίου
2460 2534 2619 2605 ἡμῶν
2661 2530 2838 2600 Ἰησοῦ
2870 2528 3131 2600 Χριστοῦ,
3163 2523 3209 2597 ᾧ
3236 2530 3269 2598 ἡ
3309 2524 3437 2595 δόξα
3469 2526 3566 2580 καὶ

1976 2619 2040 2674 τὸ
2070 2621 2270 2690 κράτος
2301 2622 2381 2681 είς
2396 2620 2524 2679 τοὺς
2544 2617 2746 2677 αἰῶνας
2772 2615 2882 2667 τῶν
2916 2613 3147 2668 αίώνων.
3192 2611 3385 2681 Ἀμήν.

339 2862 3541 2909 W

1764 3055 2160 3121 MONITUM.

330 3533 576 3598 quatuor
604 3520 671 3579 de
690 3520 900 3576 Lazaro
947 3516 1357 3590 pronuntiatam
1397 3511 1588 3568 fuisse.
1620 3508 1901 3577 Quamob-

333 3655 449 3696 rem
524 3638 580 3692 in
634 3635 911 3692 nonnullis
965 3631 1247 3689 codicibus
1308 3627 1693 3697 manuscriptis
1760 3625 1901 3679 inter

338 3752 590 3809 homilias
623 3751 692 3807 de
718 3750 929 3805 Lazaro
960 3747 1204 3817 ponitur,
1236 3753 1292 3800 et
1315 3742 1371 3796 in
1423 3738 1738 3797 Coibertino
1793 3734 1903 3791 364

337 3875 461 3936 post
488 3874 725 3937 quatuor
749 3863 873 3918 illas
896 3862 1109 3932 priores
1145 3859 1212 3915 de
1241 3857 1452 3912 Lazaro
1488 3856 1697 3911 locatur
1723 3862 1776 3907 et
1813 3851 1902 3906 in-

335 3978 596 4035 scribitur
620 3975 809 4047 quinta
833 3975 901 4030 de
929 3974 1160 4038 Lazaro,
1181 3979 1236 4026 et
1259 3969 1484 4026 homilia
1504 3968 1558 4022 in
1582 3966 1735 4033 illud,
1758 3964 1899 4019 Nolo

336 4106 425 4146 nos
456 4091 700 4161 ignorare
724 4089 789 4145 de
824 4088 1231 4152 dormientibus,
1281 4084 1599 4141 inscribitur
1648 4089 1802 4139 sexta
1835 4078 1904 4134 de

340 4204 572 4260 Lazaro.
610 4203 812 4260 Verum
861 4204 1003 4258 hanc
1033 4210 1363 4273 postremam
1404 4198 1473 4254 de
1503 4197 1647 4252 ludis
1692 4197 1905 4251 circen-

339 4313 494 4370 sibus
527 4314 616 4370 illa
653 4314 720 4370 de
757 4312 1153 4370 dormientibus
1198 4312 1493 4382 praecessit,
1535 4320 1596 4365 ut
1635 4311 1750 4379 ipsa
1807 4310 1907 4363 ho-

347 4430 515 4486 rniiiat
555 4431 704 4486 illius
732 4430 907 4501 prima
936 4429 1099 4484 verba
1132 4427 1393 4493 indicant,
1431 4424 1553 4479 Dies
1591 4434 1820 4495 quatuor
1858 4425 1913 4477 in

344 4544 663 4613 explicanda
691 4544 834 4599 vobts
850 4542 1049 4598 Lazart'
1070 4542 1325 4612 parabole
1351 4541 1789 4611 consumpsimus,
1807 4548 1913 4594 etc.

1909 3291 1975 3313 β

2006 3504 2161 3573 Quod
2186 3505 2298 3576 jam
2324 3502 2704 3559 annotavimus
2734 3501 2788 3556 in
2813 3499 3017 3557 διοηίιο
3039 3500 3107 3556 ad
3130 3499 3377 3555 eamdem
3396 3498 3569 3569 ipsam

2007 3619 2310 3675 homiliam.
2385 3616 2554 3684 Igitur
2630 3616 2931 3670 Antioclila:
2992 3621 3390 3684 consequenter
3450 3625 3574 3684 post

2005 3732 2299 3789 conciones
2330 3730 2396 3786 de
2444 3728 2655 3784 Lazaro
2705 3730 2848 3782 hanc
2891 3728 3085 3783 habuit
3134 3727 3441 3791 homiliam,
3480 3727 3571 3781 ubi

2007 3847 2244 3919 primum
2272 3853 2461 3900 contra
2492 3842 2616 3899 illos
2643 3842 2776 3913 agit,
2805 3842 2899 3911 qui
2938 3842 3214 3897 circenses
3259 3840 3422 3897 ludos
3466 3840 3576 3895 fre-

2007 3962 2364 4033 quentabant.
2396 3968 2450 4015 et
2474 3967 2659 4030 postea
2696 3957 2762 4012 ad
2790 3966 3112 4014 consuetam
3165 3955 3231 4011 de
3260 3954 3471 4011 Lazaro
3522 3965 3577 4009 ct

2011 4076 2177 4131 divite
2206 4073 2520 4146 parabolam
2548 4072 2802 4128 deﬂectit.
2838 4070 2909 4127 De
2936 4085 3081 4126 anno
3111 4085 3220 4139 quo
3268 4070 3351 4124 lue
3377 4069 3443 4124 de
3475 4067 3578 4121 La-

2012 4202 2142 4242 zaro
2185 4186 2426 4242 ltomilite
2475 4186 2674 4242 habitae
2705 4195 2835 4241 sunt
2894 4185 2949 4239 in
2991 4152 3196 4239 Monito
3223 4184 3289 4238 ad
3342 4191 3579 4254 quatuor

2011 4301 2222 4373 priores
2248 4301 2627 4357 disseruimus.

2084 4414 2459 4484 Interpretatio
2490 4411 2682 4467 Latina
2705 4422 2789 4466 est
2819 4408 3111 4465 Frontonis
3146 4407 3343 4461 Dncmi.

336 4890 491 4968 [790]
529 4891 687 4962 Πρὸς
717 4888 859 4956 τοὺς
895 4891 987 4955 εὶς
1024 4888 1131 4955 τὰς
1182 4885 1571 4957 ἱπποδρομίας
1642 4885 2039 4954 ἀπελθόντας,
2080 4885 2178 4942 καί
2204 4890 2292 4954 εἰς
2325 4887 2392 4943 τὸ
2446 4888 2640 4957 ῥητὸν
2685 4888 2794 4943 τοῦ
2838 4890 3246 4962 Εὐαγγελίουυ
3309 4887 3600 4943 Εἱσέλθετε

421 4985 512 5041 διὰ
532 4988 630 5057 τῆς
666 4984 857 5056 στενῆς
895 4982 1091 5054 πύλης,
1125 4982 1208 5036 ὅτι
1239 4979 1471 5036 πλατεῖα
1502 4982 1536 5052 ἡ
1576 4979 1741 5051 πύλη,
1773 4982 1866 5036 καὶ
1902 4981 2213 5054 εὐρύχωρος
2263 4984 2297 5054 ἡ
2336 4982 2455 5045 ὁδὸς
2491 4984 2525 5053 ὴ
2564 4982 2854 5051 ἀπάγουσα
2890 4985 2971 5049 εἰς
3008 4986 3110 5057 τὴν
3144 4982 3442 5048 ἀπώλειαν,
3504 4986 3596 5041 καὶ

421 5075 603 5131 πολλοί
634 5075 773 5128 εἰσιν
794 5074 844 5127 oi
872 5071 1239 5145 εἰσερχόμενοι
1256 5070 1325 5124 δι’
1355 5070 1524 5142 αὐτῆς
1541 5087 1556 5102 ·
1591 5071 1691 5124 καὶ
1730 5071 1880 5140 πρὸς
1903 5070 1984 5137 τῷ
2022 5064 2181 5127 τέλει
2206 5075 2294 5141 εἰς
2318 5074 2628 5129 Πλούσιον
2659 5073 2759 5128 καί
2786 5076 2875 5142 εις
2897 5075 3005 5132 τόν
3025 5076 3307 5147 Λάζαρενι

414 5412 488 5465 α’.
514 5403 786 5480 Βούλομαι
802 5406 902 5479 τῆς
928 5405 1190 5478 συνήθους
1223 5400 1463 5471 ἅψασθαι
1490 5402 1648 5457 πάλιν
1663 5403 1916 5457 διδασκα-

346 5495 378 5547 λ
389 5493 492 5560 ίας.
510 5492 605 5547 καὶ
620 5489 716 5561 τὴν
735 5490 1107 5561 πνευματικὴν
1121 5488 1251 5557 ὑμῖν
1267 5488 1587 5541 παραθεῖναι
1601 5487 1876 5557 τράπεζαν
1888 5499 1902 5513 ⁸
1920 5560 1923 5563 _

640 5586 912 5649 ΡΑι-ῐιοι..
960 5588 1077 5650 GR.
1126 5585 1405 5649 XLVIII.

1925 5291 1991 5304 ὀι

2019 5401 2113 5454 καὶ
2138 5400 2283 5455 ὀκνῶ
2310 5402 2407 5457 καὶ
2439 5400 2741 5473 ἀναδύομαι
2759 5444 2774 5467 ,
2814 5400 2956 5472 ὀρῶν
2980 5402 3131 5458 οὐδὲν
3177 5403 3595 5478 καρπουμένους

2022 5485 2165 5555 ὑμᾶς
2192 5488 2255 5540 ὲκ
2272 5486 2372 5556 τῆς
2397 5483 2652 5563 συνεχοῦς
2670 5484 3016 5553 διδασκαλίας
3030 5503 3046 5520 ⁸
3069 5488 3193 5542 ἐπεὶ
3217 5489 3312 5544 καλ¹
3332 5488 3590 5560 madv“.

3174 5583 3252 5643 33
