4032 6198
255 338 385 394 Ιοὸὄ

252 457 530 519 postquam
552 447 755 504 liberali
782 467 940 508 manu
969 454 1168 508 semina
1191 454 1328 509 siuui
1364 465 1518 510 terra:
1534 458 1818 524 commisit,

247 553 420 608 neque
460 538 676 608 dignutn
723 541 990 597 laboribus
1013 559 1231 612 germen
1257 545 1400 600 videt
1441 549 1682 612 exoriri,
1716 563 1819 602 non

247 630 429 684 eadem
456 645 576 684 cum
623 631 788 686 animi
826 633 1100 690 alacritate
1145 637 1520 704 agriculturam
1562 648 1818 694 exercet:

245 722 494 788 quoniam
523 735 646 788 spes
671 721 928 778 ubertatis
949 724 1157 794 frugum
1189 742 1402 797 semper
1428 729 1722 783 molestiam
1747 729 1821 784 la-

244 812 430 866 borum
483 812 770 868 imminuit.
796 815 916 869 Pari
966 818 1171 873 ratione
1207 833 1306 873 nos
1346 834 1555 890 quoque
1599 822 1820 876 multum

243 901 384 958 hunc
413 902 639 958 docendi
671 903 904 959 laborem
931 921 1084 977 mque
1105 909 1284 963 animo
1313 908 1573 965 ferremus
1602 952 1617 977 ,
1649 912 1693 965 si
1724 928 1821 966 nos

244 992 510 1062 quidpiam
542 995 830 1063 profecisse
849 998 1216 1054 cohortatione
1243 1009 1424 1055 nostra
1453 1001 1820 1058 didicissemus

245 1084 309 1140 ad
338 1085 618 1142 utilitatem
647 1096 877 1142 vestram
919 1091 1335 1158 promovendam
1367 1109 1380 1146 :
1403 1091 1513 1161 jam
1543 1108 1671 1147 vero
1697 1108 1817 1147 cum

245 1178 631 1247 conspiciamus
658 1180 799 1249 quod
826 1189 945 1250 post
969 1191 1074 1236 tam
1101 1184 1292 1238 multas
1310 1183 1704 1239 cohortationes
1725 1198 1818 1239 no-

245 1278 399 1335 stras,
431 1279 550 1338 post
576 1279 680 1325 tam
711 1272 904 1327 nmltas
931 1272 1320 1330 admonitiones
1344 1289 1398 1330 et
1424 1277 1814 1347 castigationes,

249 1363 953 1430 (nequeenimcessavimus
972 1366 1122 1422 vobis
1155 1366 1208 1420 in
1235 1369 1546 1423 memoriam
1569 1383 1820 1424 revocare

167 1459 172 1463 '
249 1453 573 1512 tremendum
617 1455 747 1510 illud
779 1456 1006 1511 tribunal
1032 1499 1047 1522 ,
1078 1458 1408 1515 inevitabiles
1447 1461 1566 1515 illas
1593 1475 1776 1530 poenas
1796 1501 1812 1526 ,

250 1539 415 1610 ignem
448 1543 592 1598 illum
615 1586 632 1611 ,
660 1545 748 1614 qui
773 1561 1059 1616 numquam
1086 1549 1470 1620 exstinguitur,
1502 1559 1556 1605 et
1581 1565 1816 1606 vermem

249 1632 334 1700 qui
359 1647 642 1703 numquam
669 1636 908 1703 moritur,
943 1652 1128 1692 eorum
1155 1640 1440 1704 nonnullis,
1471 1640 1558 1709 qui
1582 1640 1696 1694 haec
1717 1655 1815 1694 au-

249 1721 394 1775 diunt
416 1763 431 1786 ,
463 1724 594 1792 (non
640 1725 780 1779 enim
816 1727 870 1780 in
897 1741 1085 1783 omnes
1120 1729 1434 1784 sententiam
1474 1729 1622 1796 fero,
1654 1731 1816 1800 absit)

250 1812 430 1868 horum
460 1817 694 1871 omnium
721 1818 917 1887 oblitis,
946 1837 1128 1876 rursus
1157 1823 1231 1878 illi
1255 1824 1491 1880 satanico
1516 1839 1573 1880 se
1593 1824 1815 1880 Circen-

248 1907 376 1961 sium
403 1910 706 1977 spectaculo
729 1911 1010 1979 dederunt,
1041 1930 1144 1984 qua
1173 1915 1382 1970 tandem
1422 1917 1816 1986 exspectatione

249 1997 417 2058 laetati
463 2001 754 2058 redibimus
799 2003 868 2057 ad
905 2005 1122 2060 eosdem
1168 2005 1416 2073 labores,
1447 2015 1502 2062 et
1546 2006 1682 2062 hanc
1711 2008 1816 2062 illis

247 2087 534 2144 doctrinam
575 2091 902 2160 spiritualem
943 2110 1270 2165 apponemus
1295 2139 1310 2164 ,
1335 2112 1456 2152 cum
1491 2098 1690 2152 nullum
1721 2114 1816 2154 eos

247 2179 364 2236 inde
392 2180 616 2238 fructum
647 2185 949 2254 percepisse
976 2186 1248 2242 videamus
1277 2229 1293 2253 ,
1325 2188 1419 2243 sed
1447 2189 1812 2244 consuetudini

243 2270 442 2325 cuidam
472 2282 671 2329 temere
695 2275 1049 2346 obsequentes
1072 2293 1192 2332 cum
1217 2279 1494 2348 applausu,
1522 2295 1640 2349 quas
1663 2279 1814 2336 dice-

244 2360 429 2416 bantur
472 2378 502 2417 a
547 2364 1035 2436 nobis,excepisse
1071 2368 1328 2441 nobisque
1376 2371 1812 2440 signiﬁcationem

244 2451 450 2508 dedisse
492 2454 776 2523 voluptatis
801 2457 918 2526 ejus
944 2475 1102 2527 quam
1142 2475 1206 2514 ex
1248 2462 1442 2514 nostris
1479 2462 1814 2517 sermonibus

244 2542 550 2610 capiebant,
578 2559 642 2599 ac
688 2545 880 2601 deinde
927 2563 1109 2604 rursus
1153 2549 1218 2603 ad
1259 2548 1468 2604 Circum
1493 2566 1770 2607 accurrere
1794 2593 1810 2618 ,

243 2634 528 2705 majorique
554 2651 674 2692 cum
698 2639 974 2709 applausu,
997 2650 1050 2696 et
1075 2641 1328 2697 effrenata
1353 2643 1579 2713 quadam
1608 2643 1812 2699 insania

242 2731 476 2785 cursibus
502 2734 815 2802 agitatorum
845 2734 1024 2792 favere
1045 2777 1061 2803 ,
1089 2751 1295 2791 summa
1319 2739 1658 2792 contentione
1690 2753 1812 2792 cum

241 2827 339 2881 illis
367 2840 686 2882 concurrere
711 2869 726 2893 ,
755 2837 809 2882 et
853 2827 990 2882 inter
1026 2843 1084 2883 se
1127 2827 1429 2900 frequenter
1467 2831 1673 2884 velitari
1707 2870 1722 2896 ,
1751 2845 1814 2885 ac

241 2916 433 2982 dicere,
468 2934 626 2972 unum
656 2919 868 2988 quidem
897 2935 960 2974 ex
992 2922 1144 2990 equis
1170 2937 1273 2975 non
1302 2931 1446 2977 recte
1467 2923 1766 2977 cucurrisse
1794 2964 1808 2987 ,

240 3009 459 3063 alterum
491 3025 618 3062 vero
646 3010 1039 3079 supplantatum
1068 3026 1188 3066 esse
1215 3014 1517 3081 prolapsum
1544 3054 1558 3074 ,
1590 3023 1644 3067 et
1672 3013 1813 3067 hunc

241 3099 448 3169 quidem
492 3101 565 3154 illi
599 3102 840 3172 agitatori
870 3119 929 3158 se
954 3103 1260 3173 adjungere,
1294 3105 1438 3158 illum
1461 3120 1591 3160 vero
1615 3107 1766 3160 alteri
1794 3148 1808 3168 ,

241 3205 336 3244 nec
362 3206 583 3260 usquam
613 3207 706 3246 eos
736 3203 915 3247 mente
941 3208 1186 3259 versare,
1215 3193 1296 3248 vel
1321 3195 1590 3249 recordari
1619 3196 1811 3251 verbo-

238 3296 352 3335 rum
379 3293 706 3349 nostrorum,
737 3300 908 3354 neque
929 3285 1279 3354 spiritualium
1309 3287 1814 3356 tremendorumque

241 3373 608 3443 mysteriorum
635 3390 754 3443 qua:
785 3374 870 3428 hic
904 3377 1238 3431 celebrantur
1259 3418 1274 3444 ,
1306 3378 1398 3431 sed
1433 3380 1580 3447 quasi
1621 3379 1812 3434 diaboli

241 3463 439 3535 laqueis
457 3465 651 3534 captivi
682 3476 978 3531 teneantur,
1009 3467 1113 3522 illic
1139 3477 1276 3522 totos
1297 3468 1412 3522 dies
1434 3469 1730 3530 traducere,
1763 3480 1817 3524 et

240 3556 487 3611 satanicis
512 3554 828 3625 Spectaculis
850 3573 908 3612 se
928 3557 1144 3624 dedere,
1177 3574 1341 3629 seque
1367 3560 1565 3616 Judaeis
1589 3577 1650 3616 ac
1670 3562 1814 3617 Gen-

240 3648 417 3704 tilibus
437 3649 734 3718 opprobriis
758 3650 1058 3704 obruendos
1077 3666 1364 3720 exponere,
1388 3652 1596 3721 illisque
1621 3655 1707 3723 qui
1732 3669 1818 3706 re-

239 3738 338 3792 bus
358 3740 553 3793 uostris
573 3739 835 3795 voluerint
853 3741 1190 3795 obtrectare?

311 3829 354 3879 Α
384 3829 684 3897 spectaculis
711 3830 937 3898 profanis
963 3840 1156 3885 avocat.
1184 3862 1254 3872 —
1277 3831 1406 3900 Quis
1428 3847 1576 3903 ergo,
1608 3836 1815 3889 tametsi

243 3918 400 3974 fuerit
442 3921 599 3989 plane
641 3933 870 3986 saxeus,
897 3930 990 3975 aut
1019 3923 1298 3999 stupidus,
1329 3923 1432 3979 hoc
1473 3925 1588 3979 sine
1632 3925 1818 3980 dolore

243 4011 384 4064 ferre
415 4012 642 4079 poterit,
673 4012 867 4066 nedum
897 4027 1014 4076 nos,
1042 4013 1131 4083 qui
1160 4029 1285 4084 erga
1312 4028 1408 4068 vos
1431 4029 1616 4070 omnes
1638 4025 1817 4084 pater-

241 4116 369 4156 num
411 4100 660 4157 allectum
709 4102 962 4158 exhibere
1013 4105 1626 4169 contendimus?Neque
1677 4109 1818 4162 enim

244 4191 348 4246 hoc
390 4192 561 4246 solum
610 4202 734 4260 est,
773 4193 914 4263 quod
963 4194 1114 4250 nobis
1154 4195 1391 4250 dolorem
1433 4196 1633 4262 inurit,
1679 4198 1818 4267 quod

241 4287 762 4342 inutilem‘uostrum
793 4288 1025 4343 laborem
1071 4287 1446 4354 reddatis,sed
1490 4291 1657 4343 multo
1709 4306 1818 4345 ma-

239 4379 323 4445 gis
366 4379 568 4449 tangit,
616 4393 739 4434 cum
784 4380 937 4433 nobis
984 4379 1128 4434 venit
1177 4380 1228 4433 in
1265 4389 1496 4436 mentem
1547 4396 1682 4447 eos,
1731 4383 1818 4450 qui

242 4471 359 4526 luce
392 4471 619 4537 faciunt,
652 4471 953 4542 graviorem
981 4472 1078 4526 sibi
1103 4472 1494 4528 damnationem
1524 4488 1818 4528 accersere.

238 4563 351 4618 Nos
375 4563 516 4618 enim
545 4564 784 4619 laborum
812 4564 1112 4620 mercedem
1130 4581 1158 4618 a
1179 4565 1402 4621 Domino
1417 4576 1818 4635 eXSpectamus:

237 4655 494 4723 quoniam
522 4654 574 4709 id
600 4655 740 4726 quod
770 4655 937 4709 nostri
966 4657 1202 4710 muneris
1224 4656 1337 4718 fuit,
1362 4656 1701 4726 perfecimus,
1729 4673 1821 4726 pe-

236 4746 453 4800 cuniam
496 4747 878 4816 expendimus,
902 4757 954 4800 et
981 4747 1238 4802 creditum
1264 4747 1414 4803 nobis
1437 4749 1686 4802 talentum
1709 4749 1824 4802 dis-

237 4837 562 4900 tribuimus,
593 4837 722 4891 nihil
769 4853 953 4892 eorum
998 4852 1115 4907 qua:
1172 4848 1470 4893 nostrarum
1513 4848 1668 4894 erant
1705 4854 1825 4909 par-

236 4927 374 4982 tium
421 4927 888 4996 praitermisimus;
919 4928 1007 4998 qui
1039 4942 1169 4982 vero
1195 4928 1498 4998 spirituales
1533 4931 1626 4982 has
1666 4945 1827 5000 pecn-

234 5021 358 5075 nias
374 5029 714 5089 acceperunt,
727 5035 905 5089 quam,
920 5020 1518 5089 quaeso,excusationem
1534 5021 1823 5086 habebunt,

231 5126 404 5178 quam
433 5111 662 5173 veniam,
685 5125 805 5164 cum
834 5124 937 5164 non
968 5111 1072 5164 illa;
1095 5119 1294 5164 tantum
1319 5111 1387 5164 ab
1409 5112 1487 5165 eis
1515 5112 1789 5182 exigeutur
1807 5155 1823 5178 ,

230 5204 337 5259 scd
368 5203 530 5258 etiam
559 5213 794 5272 quaestus
816 5201 1064 5256 illarum?
1085 5201 1286 5270 Quibus
1312 5203 1482 5256 oculis
1499 5202 1730 5271 judicem
1755 5206 1828 5258 in-

235 5296 574 5352 tuebuntur?
593 5297 708 5364 Quo
730 5305 882 5365 pacto
904 5294 1285 5350 formidabilem
1307 5296 1451 5349 illum
1472 5295 1610 5351 diem
1634 5298 1824 5363 ferent,

233 5387 585 5445 intoleranda
634 5387 938 5443 tormenta?
984 5386 1120 5442 Num
1173 5389 1312 5442 enim
1367 5386 1434 5442 ad
1482 5387 1828 5458 ignorantiam

228 5479 538 5549 confugere
577 5478 866 5548 poterunt?
890 5477 1137 5546 Quotidie
1166 5478 1512 5533 inclamamus
1531 5518 1546 5543 ,
1569 5477 1826 5533 admone-

229 5585 386 5635 mus,
417 5570 782 5637 cohortamur,
812 5569 1011 5624 fraudis
1041 5569 1328 5640 perniciem
1361 5567 1674 5634 indieamus,
1704 5584 1826 5634 gra-

229 5664 466 5716 vitatem
495 5663 696 5726 damni,
727 5661 946 5717 satanici
971 5671 1266 5717 conventus
1293 5659 1494 5722 dolum,
1526 5673 1622 5712 nec
1654 5667 1827 5712 tamen

226 5757 312 5810 ita
361 5754 631 5825 potuimus
656 5765 1014 5810 commovere.
1043 5749 1176 5818 Quid
1206 5749 1325 5806 dico
1358 5749 1500 5806 diem
1541 5749 1684 5805 illum
1715 5747 1823 5805 for-

1482 346 1568 401 DE
1606 343 1878 403 LAZARO
1911 343 2156 402 CONCIO
2199 345 2305 403 Vll.

3375 351 3508 408 Ill/id

1935 461 2278 516 midabilem?
2307 462 2521 518 Interim
2561 463 2628 519 de
2676 465 2830 534 hujus
2870 465 2992 520 vita:
3021 467 3179 521 rebus
3208 480 3509 525 sermonem

1932 552 2286 606 instituamus.
2318 554 2434 619 Quo
2461 562 2650 622 pacto,
2678 568 2890 622 quasso,
2924 563 3209 623 poterunt,
3243 557 3332 626 qui
3362 569 3504 614 sata-

1931 643 2047 697 nico
2078 643 2150 698 illi
2181 646 2487 713 spectaculo
2513 647 2797 705 intersunt.
2819 647 2923 702 huc
2951 647 3279 703 conlldenter
3301 651 3502 721 venire,

1927 748 2048 787 cum
2078 749 2138 789 se
2162 735 2228 789 ab
2249 735 2555 805 insurgente
2582 751 2644 790 ac
2662 737 3003 792 vehementer
3024 738 3350 795 reclamante
3379 755 3508 794 eon-

1927 825 2146 878 scientia
2184 841 2276 878 sua
2302 827 2531 880 sentiant
2555 827 2934 882 condemnari?
2956 829 3144 882 Annon
3177 831 3396 884 audiunt
3419 831 3504 886 isti

1926 913 2135 968 beatum
2167 915 2696 981 Paulum,doctorem
2731 917 2874 971 orbis
2903 928 3161 973 terrarum
3193 920 3459 976 dicentem
3490 939 3502 974 :

1928 1004 2054 1070 Qua:
2077 1008 2286 1061 societas
2315 1007 2416 1060 luci
2450 1008 2518 1060 ad
2561 1008 2804 1072 latebras,
2833 1019 2919 1061 aut
2945 1019 3056 1078 qua,
3080 1027 3198 1079 pars
3228 1011 3368 1078 ﬁdeli
3390 1027 3506 1064 cum

1923 1095 2117 1164 infideli
2147 1096 2221 1167 (2.
2250 1096 2366 1151 Cor.
2397 1097 2448 1152 6.
2483 1099 2612 1167 ll)?
2637 1097 2840 1166 Quanta
2880 1100 3020 1153 enim
3054 1100 3502 1156 condemnatione

1923 1185 2135 1256 dignum
2175 1187 2499 1243 censendum
2543 1198 2623 1244 est
2646 1230 2660 1255 ,
2687 1203 2808 1243 cum
2841 1191 3042 1256 fidelis,
3071 1192 3158 1260 qui
3191 1207 3403 1261 precum
3449 1203 3502 1247 et

1923 1276 2315 1332 tremendorum
2362 1281 2732 1350 mysteriorum
2764 1296 2880 1350 qua:
2909 1279 2995 1334 hic
3033 1282 3369 1336 celebrantur
3389 1324 3404 1347 ,
3438 1298 3498 1335 ac

1921 1368 2207 1434 spiritualis
2248 1369 2504 1424 doctrinae
2543 1372 2810 1441 particeps
2849 1370 3038 1436 fuerit,
3069 1382 3188 1441 post
3217 1372 3372 1442 hujus
3398 1374 3499 1427 loci

1922 1459 2235 1516 sacrificium
2263 1463 2500 1518 satanico
2534 1463 2611 1518 illi
2650 1465 2952 1532 spectaculo
2978 1479 3097 1519 cum
3138 1465 3334 1520 infideli
3364 1469 3467 1520 assi
3487 1495 3500 1505 -

1920 1547 2076 1618 deat,
2101 1565 2220 1605 cum
2259 1567 2326 1607 eo
2367 1554 2454 1623 qui
2502 1555 2554 1608 in
2586 1555 2818 1609 tenebris
2857 1556 3141 1625 impietatis
3177 1557 3424 1620 aberrat,
3456 1559 3500 1611 is

1919 1640 2009 1707 qui
2030 1640 2156 1694 solis
2175 1641 2392 1726 justitiae
2413 1642 2571 1698 fuerit
2595 1645 2758 1699 radiis
2784 1646 3109 1700 illustratus?
3135 1647 3246 1712 Qua
3270 1649 3496 1710 ratione,

1919 1742 2100 1797 quwso
2119 1771 2133 1795 ,
2164 1732 2415 1802 deinceps
2444 1737 2733 1803 poterimus
2761 1734 3055 1790 Gentilibus
3085 1746 3174 1791 aut
3202 1737 3400 1792 Juda'is
3438 1755 3501 1791 ns

1920 1819 2206 1878 obturare?
2229 1823 2340 1892 Qua
2373 1825 2580 1880 ratione
2620 1826 2868 1880 inducere
2908 1827 3196 1882 valebimus
3221 1870 3234 1891 ,
3264 1843 3327 1883 ac
3371 1843 3496 1898 per-

1919 1913 2142 1969 suadere
2165 1955 2181 1980 ,
2207 1923 2263 1968 ut
2287 1915 2353 1969 ad
2382 1917 2588 1985 pietatis
2618 1927 2793 1984 partes
2815 1927 3083 1973 transeant
3106 1959 3118 1980 ,
3147 1933 3266 1972 cum
3295 1933 3389 1974 eos
3418 1920 3497 1972 vi-

1917 2005 2114 2074 deant,
2141 2007 2232 2077 qui
2256 2017 2396 2063 stant
2423 2024 2452 2062 a
2485 2009 2637 2063 nobis
2659 2050 2674 2074 ,
2703 2010 2754 2063 in
2787 2010 3095 2078 perniciosis
3121 2011 3222 2066 illis
3247 2011 3498 2080 omnique

1917 2096 2152 2150 sordium
2179 2113 2372 2166 genere
2397 2098 2813 2154 redundantibus
2843 2099 3059 2153 theatris
3078 2115 3199 2153 cum
3226 2099 3328 2154 illis
3349 2114 3496 2154 com-

1917 2187 2147 2241 misceri.
2175 2187 2282 2242 Cur
2302 2187 2440 2243 enim
2466 2229 2480 2251 ,
2505 2203 2715 2258 qumso,
2749 2199 3021 2258 postquam
3056 2189 3156 2243 huc
3187 2190 3375 2243 venisti
3401 2230 3416 2258 ,
3445 2199 3500 2242 ct

1915 2277 2150 2331 animum
2188 2278 2486 2347 expurgasti
2512 2319 2527 2344 ,
2561 2289 2898 2348 mentemque
2945 2278 3010 2331 ad
3057 2279 3401 2333 sobrietatem
3443 2287 3497 2332 et

1915 2369 2284 2423 eontritionem
2331 2370 2580 2424 induxisti
2613 2411 2629 2435 ,
2661 2385 2844 2424 rursus
2884 2371 3008 2425 illuc
3057 2371 3240 2427 abiens
3271 2371 3492 2440 teipsum

1915 2461 2282 2515 contaminas?
2309 2461 2423 2515 Non
2454 2461 2604 2515 audis
2643 2463 2936 2532 sapientem
2983 2461 3264 2540 quemdam
3306 2443 3492 2516 dicen-

1915 2560 2023 2604 tem
2049 2569 2061 2604 :
2089 2550 2233 2606 Unus
2252 2553 2533 2620 azdiﬁcans,
2553 2562 2598 2606 et
2621 2569 2750 2606 unus
2771 2552 3055 2617 destruent,
3078 2553 3198 2622 quid
3224 2551 3494 2622 proﬁciunt

1914 2644 2077 2710 aliud,
2094 2660 2243 2714 quam
2271 2644 2464 2699 labores
2488 2643 2672 2715 (Eccli.
2697 2645 2786 2700 54.
2811 2643 2940 2716 28)?
2957 2645 3011 2699 ld
3038 2659 3164 2699 vero
3181 2659 3320 2698 nunc
3338 2645 3496 2698 etiam

1917 2736 1993 2790 lit.
2025 2737 2155 2791 Cum
2185 2737 2324 2792 enim
2357 2752 2416 2790 ea
2464 2753 2579 2807 qua:
2613 2752 2642 2790 a
2686 2738 2838 2791 nobis
2880 2737 2965 2790 hic
3004 2734 3264 2790 :edificata
3294 2736 3497 2789 fuerant

1916 2845 2010 2898 per
2029 2829 2320 2884 doctrinam
2344 2830 2629 2896 assiduam,
2653 2839 2706 2884 et
2731 2829 3054 2899 spiritualem
3088 2827 3224 2882 hanc
3249 2827 3494 2881 admoni-

1919 2924 2112 2975 tionem
2139 2964 2152 2986 ,
2180 2921 2455 2975 confestim
2493 2922 2615 2973 illuc
2643 2921 2826 2974 abiens
2855 2921 3029 2972 omnia
3055 2919 3324 2981 destruas,
3359 2926 3413 2970 et
3444 2917 3494 2969 in

1917 3012 2294 3080 pavimentum,
2319 3021 2376 3063 ut
2406 3013 2471 3064 ita
2500 3011 2698 3078 loquar,
2732 3010 2968 3076 abjicias,
2991 3008 3115 3076 quid
3138 3008 3290 3061 nobis
3306 3009 3500 3076 protle

1917 3104 2016 3167 rit,
2047 3102 2089 3154 si
2131 3116 2313 3155 rursus
2353 3101 2632 3153 aedilicium
2674 3102 3058 3164 instauremus,
3087 3109 3139 3152 et
3168 3114 3262 3152 vos
3307 3099 3493 3151 iterum

1916 3191 2387 3259 destruatis?Quis
2432 3208 2535 3244 non
2587 3206 2804 3245 summa:
2846 3191 3126 3244 dementiae
3157 3191 3257 3244 hoc
3297 3189 3498 3244 facinus

1918 3285 2110 3340 dixerit
2133 3298 2196 3338 ac
2221 3283 2450 3336 furoris?
2479 3283 2569 3337 Dic
2598 3282 2737 3337 enim
2765 3325 2779 3348 ,
2807 3296 2986 3351 qumso
3006 3323 3021 3348 ,
3049 3282 3092 3335 si
3124 3281 3175 3334 in
3214 3280 3496 3334 sensilibus

1918 3377 2034 3431 istis
2060 3377 2296 3432 :ediliciis
2316 3419 2331 3443 ,
2359 3392 2476 3446 quas
2496 3391 2558 3430 ex
2588 3376 2848 3445 lapidibus
2874 3384 3271 3438 construuntur,
3303 3391 3491 3446 quem-

1919 3470 2056 3537 piam
2088 3483 2334 3522 cerneres
2366 3466 2467 3522 hoc
2487 3475 2725 3537 agentem
2753 3484 2764 3518 :
2789 3481 2962 3520 nonne
2985 3481 3106 3520 eum
3134 3475 3397 3536 tamquam
3418 3466 3495 3517 fn-

1920 3562 2116 3614 riosum
2135 3559 2434 3625 intuereris,
2453 3569 2541 3613 aut
2569 3559 2758 3612 frustra
2789 3567 2842 3612 et
2858 3558 3120 3613 incassum
3145 3558 3496 3618 laborantem,

1919 3661 1972 3704 et
2009 3652 2184 3704 omnia
2224 3665 2318 3703 sua
2357 3650 2410 3702 in
2442 3665 2527 3704 res
2558 3649 2768 3703 inutiles
2792 3649 3216 3718 expendentem?
3244 3650 3358 3703 Pari
3411 3667 3497 3702 ra-

1923 3747 2063 3798 tione
2109 3743 2177 3797 de
2223 3743 2324 3796 hoc
2362 3741 2618 3810 spirituali
2668 3740 2894 3795 mdilicio
2940 3740 3294 3806 ratiocinarc,
3341 3751 3498 3810 atque

1919 3833 2159 3887 eamdem
2189 3831 2268 3887 fer
2291 3832 2624 3887 sententiam.
2657 3830 2816 3893 Ecce,
2845 3844 2941 3886 nos
2966 3829 3196 3900 quidem,
3222 3841 3497 3900 postquam

1923 3924 1974 3979 id
2007 3923 2156 3977 nobis
2180 3921 2414 3975 muneris
2443 3936 2470 3972 a
2500 3921 2664 3989 gratia
2691 3919 2866 3974 divina
2896 3918 3125 3974 delatum
3152 3931 3252 3985 est,
3277 3920 3497 3990 singulis

1922 4013 2110 4069 diebus
2135 4011 2411 4082 Spirituale
2437 4010 2537 4064 hoc
2559 4009 2837 4064 mdilicium
2861 4010 2911 4063 in
2934 4010 3096 4063 altum
3127 4009 3378 4079 erigimus
3400 4050 3416 4075 ,
3443 4021 3497 4062 ct

1922 4120 2017 4159 vos
2059 4103 2123 4158 ad
2172 4103 2379 4157 virtutis
2421 4101 2714 4156 doctrinam
2765 4098 3055 4168 provehere
3096 4100 3368 4154 studemus
3402 4116 3414 4150 :
3447 4110 3502 4152 at

1925 4195 2161 4249 nonnulli
2207 4195 2297 4263 qui
2335 4193 2436 4247 huc
2480 4201 2838 4256 concurrunt,
2865 4189 3144 4244 aedilicium
3187 4189 3356 4244 multo
3378 4205 3497 4244 cum

1925 4288 2106 4342 labore
2131 4296 2339 4340 auctum
2375 4300 2482 4338 uno
2512 4283 2763 4352 temporis
2789 4291 3058 4336 momento
3078 4282 3190 4335 suis
3217 4296 3501 4351 propcmo-

1924 4379 2048 4432 dum
2075 4377 2316 4431 manibus
2349 4390 2445 4445 per
2469 4389 2727 4428 summam
2770 4373 2906 4427 hanc
2954 4371 3208 4426 desidiam
3257 4373 3305 4424 in
3352 4371 3502 4440 pavi-

1926 4479 2162 4526 mentum
2205 4469 2492 4537 dejiciunt,
2523 4477 2576 4521 ct
2619 4467 2771 4520 nobis
2811 4465 3022 4535 quidem
3063 4465 3328 4534 ingentem
3381 4463 3504 4517 inde

1928 4561 2190 4617 tristitiam
2225 4561 2432 4629 pariunt
2462 4599 2477 4623 ,
2505 4557 2608 4612 sibi
2639 4573 2765 4610 vero
2801 4557 3086 4626 perniciem
3117 4565 3408 4610 extremam
3451 4565 3500 4608 et

1929 4651 2260 4707 intolerabile
2285 4651 2532 4704 damnum
2563 4648 2900 4703 contrahunt.

1995 4744 2050 4798 2.
2079 4744 2362 4813 Asperiore
2388 4741 2610 4796 fortasse
2637 4740 3052 4811 reprehensione
3087 4740 3166 4793 usi
3201 4752 3384 4792 sumus
3418 4755 3429 4788 :
3460 4738 3505 4789 si

1928 4843 2200 4904 spectetur
2241 4833 2454 4903 quidem
2502 4841 2752 4901 paternus
2798 4829 2886 4884 hic
2923 4843 3074 4882 amor
3112 4835 3310 4890 noster,
3354 4840 3506 4894 aspe~

1929 4929 2106 4990 riore;
2135 4925 2216 4979 sin
2247 4932 2422 4978 autem
2445 4922 2676 4992 gravitas
2694 4920 2871 4975 delicti
2892 4927 3180 4988 spectetur,
3206 4931 3273 4970 ne
3292 4915 3507 4985 quidem

1929 5018 2059 5073 satis
2083 5017 2261 5087 digna.
2305 5015 2676 5070 Verumtamen
2720 5011 2968 5081 quoniam
3006 5009 3167 5078 lapsis
3213 5022 3402 5062 manus
3423 5015 3506 5060 est

1932 5108 2266 5179 porrigenda,
2295 5118 2453 5176 atque
2477 5119 2599 5174 erga
2643 5103 2760 5158 illos
2785 5103 2872 5173 qui
2901 5111 3005 5156 tam
3035 5101 3362 5171 negligentes
3394 5098 3508 5152 fue-

1930 5209 2077 5266 runt,
2106 5208 2319 5269 paterna
2349 5196 2646 5253 exhibenda
2675 5204 2758 5250 est
2782 5194 3172 5259 benevolentia,
3196 5207 3263 5247 ne
3298 5195 3375 5246 sic
3395 5191 3510 5262 qui-

1931 5293 2052 5348 dem
2099 5292 2166 5346 de
2204 5292 2414 5346 illorum
2454 5291 2627 5344 salute
2669 5287 3037 5358 desperamus,
3069 5283 3357 5339 dummodo
3403 5299 3509 5338 non

1932 5384 2158 5453 amplius
2189 5385 2242 5436 in
2273 5380 2458 5436 eadem
2489 5381 2652 5435 velint
2680 5379 2937 5443 recidere,
2960 5375 3055 5432 sed
3078 5376 3367 5444 hucusque
3399 5384 3512 5426 tan.

1935 5484 2044 5530 tum
2091 5473 2421 5544 negligentia!
2464 5487 2574 5526 sua:
2615 5471 2905 5540 indulgere,
2948 5467 3153 5538 sibique
3200 5465 3326 5536 ipsis
3368 5464 3513 5519 aditu

1933 5565 2261 5619 Circensium
2293 5573 2348 5618 ct
2380 5562 2552 5616 omnis
2577 5559 2836 5631 ejusmodi
2863 5558 3082 5613 satanici
3107 5555 3396 5627 spectaculi
3429 5555 3513 5609 in-

1939 5659 2215 5714 terdicant.

2007 5747 2261 5816 Confessio
2290 5753 2624 5816 peccatorum.
2662 5742 2948 5814 Benignum
2984 5741 3144 5807 enim,
3167 5739 3508 5801 clementem,
