4032 6198
496 354 517 371 κ
606 331 738 389 1067

1965 142 1997 161 θ

602 460 665 498 ac
719 441 989 509 providum
1038 438 1293 493 habemus
1337 438 1640 501 Dominum,
1688 436 1778 508 qui
1816 450 1938 491 cum
1974 442 2175 489 naturae

599 539 804 588 nostra:
840 529 1047 584 noverit
1093 527 1528 590 imbecillitatem,
1563 526 1654 591 ubi
1697 513 2011 595 negligentia
2050 536 2178 591 sup-

600 621 818 692 plautati
847 602 898 674 in
921 629 1192 688 peccatum
1212 618 1422 687 aliquod
1447 617 1673 687 prolapsi
1704 615 1980 679 fuerimus,
2013 627 2173 667 unum

603 713 652 767 id
684 711 854 767 solum
881 726 912 765 a
957 710 1109 766 nobis
1140 711 1380 780 requirit,
1428 719 1484 765 ιιι
1527 725 1593 764 nc
1628 709 1993 779 desperemus,
2022 703 2114 761 sed
2140 719 2173 758 a

601 815 819 873 peccato
847 804 1166 865 resiliamus,
1206 812 1257 857 et
1283 801 1349 856 ad
1379 801 1766 856 confessionem
1805 810 2169 867 properemus.

601 893 754 960 Quod
780 894 824 949 si
843 892 949 948 hoc
977 893 1247 958 faciamus,
1277 895 1383 947 cito
1414 908 1472 947 sc
1515 894 1722 947 veniam
1751 891 1994 944 daturum
2027 889 2177 958 polli-

598 994 793 1040 cetur:
825 985 938 1054 ipse
965 986 1104 1039 enim
1134 994 1216 1039 cst
1252 985 1341 1054 qui
1369 984 1497 1038 dicit
1544 1001 1558 1037 :
1591 983 1853 1053 Numquid
1892 981 1978 1051 qui
2017 980 2168 1042 cadit,

510 1074 513 1079 ’
602 1094 701 1130 non
729 1078 964 1147 resurgit,
992 1087 1098 1141 aut,
1126 1077 1213 1142 qui
1239 1076 1412 1129 avertit
1434 1091 1509 1139 se,
1533 1091 1631 1128 non
1665 1073 1926 1128 revertitur
1956 1071 2087 1141 (Jer.
2118 1071 2171 1124 8.

602 1161 692 1225 ll)?
710 1160 832 1214 llmc
849 1160 1005 1229 igitur
1026 1176 1145 1213 cum
1163 1160 1411 1225 sciamus,
1434 1167 1538 1211 tam
1560 1158 1871 1213 clementem
1895 1155 2172 1209 Dominum

603 1264 670 1314 ne
689 1263 1020 1324 Spernamus,
1043 1249 1134 1303 sed
1156 1250 1363 1302 noxiam
1386 1247 1818 1302 consuetudinem
1840 1258 2171 1314 superemus,

604 1357 776 1410 neque
796 1357 887 1411 per
904 1341 1060 1395 latam
1082 1350 1287 1414 portam
1311 1350 1365 1397 ct
1385 1342 1667 1411 spatiosum
1693 1339 1829 1393 viam
1846 1336 2171 1400 iucedamus,

604 1440 761 1499 prout
780 1430 1000 1486 audistis
1030 1432 1187 1487 hodie
1224 1445 1557 1486 communem
1581 1429 1858 1483 Dominum
1872 1426 2175 1481 admonen-

607 1530 715 1577 tem
746 1504 797 1576 in
818 1520 1133 1591 Evangelio,
1152 1532 1215 1571 ac
1234 1522 1498 1577 dicentem
1533 1539 1547 1576 :
1578 1519 1776 1574 Intrate
1801 1534 1891 1588 per
1909 1526 2175 1587 augustam

604 1624 821 1683 portam,
851 1615 971 1683 quia
997 1616 1102 1669 lata
1139 1624 1306 1685 porta,
1336 1625 1380 1669 et
1408 1614 1632 1685 spatiosa
1658 1612 1739 1666 via
1766 1621 1870 1677 est,
1896 1626 2007 1681 qua:
2038 1608 2175 1661 ducit
2198 1602 2209 1607 ﬁ

603 1706 672 1758 ad
715 1708 1064 1776 perditionem,
1105 1717 1151 1761 et
1191 1707 1338 1761 multi
1376 1715 1516 1772 sunt,
1570 1705 1657 1774 qui
1704 1705 1897 1758 intrant
1939 1718 2027 1771 per
2062 1716 2173 1755 eam

602 1797 815 1865 (Matth.
847 1797 899 1851 7.
936 1796 1043 1868 15).
1077 1797 1209 1851 Dum
1238 1797 1390 1851 audis
1409 1796 1567 1850 latam
1588 1809 1709 1850 esse
1728 1802 1951 1863 portam,
1973 1800 2029 1847 et
2055 1805 2175 1858 spa-

603 1886 791 1939 tiosam
817 1887 972 1950 viam,
1015 1902 1081 1940 ne
1110 1886 1387 1955 decipiaris
1436 1887 1489 1940 iu
1524 1885 1784 1949 exordio,
1835 1899 2007 1953 neque
2047 1881 2172 1936 itlud

604 1988 832 2046 spectes,
862 1977 999 2045 quod
1027 1978 1175 2031 multi
1203 1977 1309 2031 sint
1335 1978 1420 2045 qui
1461 1991 1556 2046 per
1582 1990 1696 2030 eam
1720 1976 1917 2030 intrent
1949 1991 1963 2029 :
1990 1972 2083 2029 sed
2113 1972 2176 2027 il-

602 2067 689 2121 lud
718 2069 1098 2133 animadverte,
1140 2070 1191 2121 in
1234 2078 1510 2139 angustum
1538 2068 1678 2123 illam
1712 2069 1869 2121 linem
1907 2066 2170 2121 desinere.

600 2158 733 2213 illud
783 2175 993 2230 quoque
1040 2159 1335 2230 prudenter
1381 2160 1676 2226 considera,
1727 2174 2055 2229 nequaquam
2107 2159 2175 2214 de

602 2250 782 2304 sensili
826 2262 975 2320 porta
1016 2251 1172 2306 verba
1225 2251 1358 2315 fleri,
1402 2266 1574 2321 neque
1612 2251 1679 2306 de
1718 2252 1800 2305 via
1842 2250 2171 2321 simpliciter,

602 2340 697 2395 sed
725 2342 793 2395 de
819 2351 923 2396 tota
948 2342 1049 2396 vita
1084 2350 1285 2407 nostra,
1324 2342 1393 2398 de
1417 2342 1611 2398 virtute
1650 2356 1716 2396 ac
1764 2342 1894 2397 vitio
1935 2341 2176 2396 admoni-

604 2434 801 2489 tinnem
833 2448 969 2489 esse.
1005 2434 1227 2502 Propter
1244 2448 1314 2490 ea
1340 2439 1550 2504 quoque
1573 2432 1640 2501 ab
1662 2432 1743 2488 his
1771 2431 1949 2487 verbis
1972 2447 2178 2487 sermo-

604 2506 733 2578 nem.
755 2524 1036 2586 inchoavit,
1070 2523 1262 2579 Intrate
1286 2542 1375 2595 per
1398 2535 1664 2596 angustata
1702 2535 1923 2591 portam,
1963 2524 2176 2579 virtutis

602 2625 808 2682 portam
825 2614 902 2669 sic
919 2615 1210 2684 appellans.
1235 2614 1437 2670 Deinde
1458 2630 1582 2670 cum
1606 2614 1847 2679 dixisset,
1871 2614 2068 2669 Intrate
2087 2630 2177 2685 per

601 2715 867 2777 angustam
892 2714 1106 2775 portam,
1134 2722 1230 2762 nos
1244 2706 1493 2776 deinceps
1512 2720 1724 2762 causam
1741 2706 1917 2771 docet,
1931 2707 2001 2761 ob
2018 2721 2175 2776 quam

601 2794 668 2849 ad
700 2795 800 2850 hoc
829 2810 926 2850 nos
951 2794 1276 2851 cohortatur.
1319 2796 1471 2852 Licet
1509 2797 1649 2853 enim
1691 2805 1913 2866 angusta
1952 2797 2021 2850 sit
2053 2797 2174 2863 ista,

604 2885 931 2958 multumque
984 2885 1218 2942 laborem
1261 2886 1452 2945 offerat
1492 2888 1544 2943 in
1597 2888 1860 2959 ingresso,
1903 2886 1948 2942 si
2001 2894 2176 2941 tamen

604 2978 868 3047 paululum
898 2978 1170 3047 laboretis,
1200 2979 1267 3035 ad
1308 2980 1525 3036 multam
1548 2979 1876 3035 latitudinem
1907 2979 2180 3050 pervenie-

604 3069 674 3124 tis
700 3077 755 3125 et
796 3071 1217 3140 amplitudinem,
1262 3086 1380 3141 qua:
1422 3086 1517 3126 vos
1560 3072 1754 3142 ingenti
1786 3072 2056 3141 voluptate
2085 3086 2178 3140 po-

602 3161 734 3218 terit
761 3177 1022 3219 recreare.
1054 3163 1132 3219 Ne
1156 3164 1316 3233 igitur
1350 3163 1450 3219 hoc
1487 3165 1756 3233 Spcetetis,
1813 3163 2003 3233 inquit,
2034 3160 2177 3231 quod

602 3264 825 3325 angusta
855 3254 945 3321 sit,
972 3269 1147 3323 neque
1172 3268 1277 3308 vos
1301 3253 1622 3309 conturbent
1652 3253 1960 3322 primordia,
2005 3267 2179 3321 neque

604 3345 873 3417 ingressus
913 3346 1171 3415 angustiae
1211 3344 1424 3400 desides
1459 3360 1553 3399 vos
1594 3345 1851 3411 reddant;
1894 3346 1997 3400 lata
2034 3345 2175 3400 enim

606 3436 718 3490 lucc
749 3446 920 3505 porta,
949 3445 1003 3491 ct
1054 3436 1284 3506 spatiosa
1335 3438 1417 3489 via
1469 3436 1664 3491 desinit
1704 3436 1756 3492 in
1802 3437 2173 3508 perditionem.

603 3526 936 3595 Quapropter
960 3526 1108 3579 multi
1130 3526 1291 3581 etiam
1320 3525 1390 3580 ob
1417 3526 1559 3581 initia
1602 3535 1659 3581 et
1692 3527 1909 3582 exordia
1945 3526 2174 3596 decepti,

606 3630 778 3685 neque
802 3615 1093 3671 futurorum
1118 3616 1403 3687 quidquam
1450 3616 1819 3687 prmvidcntes,
1847 3618 1897 3672 in
1927 3616 2180 3687 perditio-

604 3719 727 3759 nem
770 3704 976 3775 seipsos
1008 3705 1325 3761 dediderunt
1366 3724 1379 3761 :
1431 3708 1645 3768 idcirco.
1694 3706 1823 3761 Lata
1863 3720 1954 3769 est,
1986 3709 2176 3778 inquit,

604 3807 768 3869 porta,
785 3807 830 3852 et
846 3798 1071 3867 spatiosa
1088 3800 1187 3865 via,
1211 3815 1323 3868 qua:
1347 3800 1483 3853 ducit
1503 3801 1570 3854 ad
1596 3801 1942 3870 perditionem,
1963 3811 2011 3855 et
2032 3801 2178 3854 inulti

604 3899 738 3952 sunt,
765 3890 851 3959 qui
879 3890 1068 3943 intrant
1094 3906 1182 3958 per
1216 3907 1344 3944 eam.
1377 3893 1455 3945 Ac
1492 3902 1632 3946 reste
1664 3908 1794 3947 sane
1824 3893 1979 3946 latam
2010 3893 2175 3962 ipsam

606 3988 808 4063 portam
834 3978 1066 4047 vocavit,
1084 3981 1559 4049 ,spatiosanrviam,
1589 3997 1707 4051 qua:
1730 3982 1795 4037 ad
1824 3981 2173 4052 perditionem

605 4070 837 4128 deducit.
867 4071 965 4141 Qui
995 4072 1137 4129 enim
1167 4072 1232 4127 ad
1261 4072 1413 4127 ludos
1432 4071 1707 4128 Circenses
1726 4073 1975 4128 festinant
1994 4088 2179 4129 ascen-

608 4165 754 4227 dere,
782 4172 1081 4235 cmteraque
1100 4164 1332 4219 sataniea
1358 4164 1445 4219 illa
1465 4164 1788 4233 spectacula,
1816 4165 2178 4234 temperantia:

605 4256 984 4322 valedicentes,
1009 4256 1255 4312 virtutem
1286 4271 1381 4326 pro
1427 4256 1592 4312 nihilo
1622 4255 1900 4321 habentes,
1940 4256 2029 4326 qui
2060 4254 2181 4309 libi-

605 4349 712 4403 dini
741 4363 804 4403 ac
818 4350 988 4419 genio
1014 4348 1287 4419 indulgere
1306 4348 1510 4414 volunt,
1531 4348 1621 4418 qui
1640 4348 1848 4405 deliciis
1873 4356 1927 4404 et
1954 4348 2089 4419 gula:
2116 4362 2176 4403 se

605 4439 824 4505 dedunt,
851 4440 943 4509 qui
970 4440 1317 4510 pecuniarum
1353 4440 1642 4511 cupiditate
1666 4450 1721 4495 et
1759 4440 1961 4496 insania
1990 4441 2181 4495 stimu-

606 4529 803 4593 lantur,
831 4543 897 4582 ac
920 4529 1205 4599 prmsentis
1231 4530 1351 4585 vita:
1374 4530 1670 4585 commodis
1709 4530 1932 4597 inhiant,
1972 4545 2066 4599 per
2103 4530 2179 4583 la-

596 4628 712 4677 tam
740 4628 941 4689 portam
972 4629 1026 4673 et
1067 4620 1354 4685 spatiosam
1393 4621 1534 4675 viam
1564 4621 1815 4676 incedunt
1844 4640 1859 4677 :
1897 4631 2174 4692 postquam

604 4718 780 4764 autem
810 4708 967 4778 paulo
994 4709 1202 4780 longius
1224 4712 1487 4780 progressi
1531 4720 1673 4776 sunt,
1707 4713 2006 4782 multasque
2051 4726 2176 4782 pec-

605 4811 843 4857 catorum
871 4802 1105 4857 sarcinas
1139 4811 1556 4869 coacervarunt,
1598 4804 1778 4859 afﬂicti
1806 4814 1861 4860 et
1897 4804 2175 4866 debilitati,

605 4909 725 4950 cum
750 4894 816 4948 ad
839 4894 936 4951 via:
955 4893 1115 4949 finem
1155 4894 1513 4966 pervenerint,
1540 4894 1762 4950 ulterius
1803 4894 2045 4965 progredi
2091 4910 2179 4951 ne-

606 4995 829 5058 queunt,
861 5002 981 5042 cum
1009 4988 1108 5041 via:
1133 4997 1442 5057 premantur
1460 4987 1736 5057 angustiis,
1770 5001 1835 5042 eo
1857 4985 1997 5056 quod
2035 4988 2178 5043 mole

604 5080 807 5146 gravati
843 5088 1176 5149 peccatorum
1213 5079 1357 5133 illam
1398 5093 1652 5149 peragere
1677 5077 1893 5132 minime
1932 5078 2172 5147 possint:

604 5187 710 5241 quo
734 5171 811 5237 fit,
833 5178 890 5226 ut
916 5170 970 5223 in
1004 5170 1174 5240 ipsum
1216 5169 1427 5225 tandem
1477 5169 1788 5239 perditionis
1828 5170 2174 5239 prtecipitium

604 5261 971 5315 dcvolvantur.
1013 5258 1150 5327 Quid
1193 5258 1371 5330 igitur,
1406 5275 1610 5329 qumso,
1652 5259 1890 5330 prodest,
1937 5258 2081 5329 quod
2109 5260 2176 5313 ad

603 5351 856 5419 exiguum
883 5358 1089 5419 tempus
1111 5363 1205 5419 per
1238 5349 1526 5418 spatiosam
1565 5347 1892 5414 incedamus,
1918 5348 1964 5402 si
1993 5363 2179 5418 perpe-

606 5452 692 5494 tua
718 5440 1013 5510 perditione
1038 5454 1162 5495 mox
1184 5438 1565 5509 opprimamur,
1599 5445 1654 5494 et
1678 5437 1767 5493 ubi
1797 5453 1891 5508 per
1910 5439 2173 5492 somnium

604 5531 988 5600 propemodum
1028 5530 1234 5587 deliciis
1280 5530 1430 5599 potiti
1468 5528 1744 5597 fuerimus,
1793 5545 1855 5586 re
1896 5545 2020 5586 vera
2058 5545 2176 5602 sup—

605 5623 764 5696 plicio
792 5624 1085 5692 plectamur
1102 5625 1127 5675 ἲ

562 5764 573 5781 .
675 5719 888 5779 Samnio
924 5716 1099 5773 limi”:
1123 5726 1193 5773 ut
1244 5718 1349 5774 hac
1393 5716 1513 5773 vita.
1540 5748 1610 5760 —
1637 5717 1789 5789 Quod
1835 5720 1978 5778 enim
2021 5722 2175 5780 unius

1303 325 1357 383 S.
1397 322 1673 382 JOANNIS
1707 316 2176 377 CllliYSOSTOMl
2202 315 2515 373 ARCHIEP.
2547 312 3067 372 GONSTANTINOP.

3623 319 3738 377 {058

2279 434 2449 487 noctis
2476 440 2560 486 est
2585 430 2871 494 sotnnium,
2905 428 3007 483 hoc
3036 435 3152 481 tota
3201 441 3421 497 praesens
3460 438 3536 484 est
3571 433 3667 500 vita,
3706 438 3743 491 si

2271 538 2398 578 cum
2425 537 2511 587 eo,
2536 521 2680 593 quod
2711 536 2809 575 nos
2849 529 3188 588 excepturum
3212 529 3312 583 est,
3337 520 3565 588 supplicio
3586 538 3745 592 compa-

2278 624 2445 669 retur.
2476 613 2609 668 Nmn
2651 614 2793 668 enim
2838 621 2895 666 ut
2939 621 3137 666 temere
3184 625 3213 664 a
3258 610 3401 664 nobis
3442 610 3642 679 legantur
3667 615 3754 671 haec

2275 706 2469 773 scripta
2510 704 2674 759 sunt?
2722 703 3007 773 Propterea
3060 701 3265 756 Domini
3313 714 3559 755 sermones
3593 704 3756 772 scriptis

2278 794 2515 849 mandari
2545 794 2711 863 gratia
2745 794 2972 862 Spiritus
2999 792 3167 846 sancti
3193 790 3407 856 curavit,
3432 799 3487 846 ut
3507 791 3612 846 dum
3633 809 3686 848 es
3708 795 3756 848 iis

2276 885 2508 940 remedia
2531 884 2918 953 depromimos,
2944 882 3133 953 quibus
3159 882 3405 936 adversus
3430 881 3664 949 passiones
3685 898 3755 937 nos

2280 975 2710 1043 prmmuniamus,
2755 972 3038 1028 imminens
3076 972 3335 1041 possimus
3370 971 3648 1039 supplicium
3673 973 3755 1026 evi-

2277 1075 2409 1120 tare.
2437 1065 2792 1133 Quamobrem
2818 1075 2931 1117 tum
2970 1078 3182 1133 quoque
3225 1063 3563 1117 convenientia
3584 1063 3757 1117 valueri-

2277 1158 2376 1213 bus
2418 1172 2604 1213 eorum
2646 1158 2904 1213 adhibens
2945 1157 3324 1212 medicamenta
3366 1156 3595 1210 Dominus
3626 1166 3758 1213 noue:

2277 1248 2434 1304 Jesus
2455 1249 2695 1305 Christus
2716 1249 3093 1304 cohortabatur
3111 1247 3295 1302 dicens
3318 1263 3332 1297 :
3355 1245 3535 1299 Intrate
3550 1263 3623 1316 per
3641 1263 3756 1316 uagu-

2274 1350 2407 1395 Δειαινι
2456 1351 2671 1411 portam.
2722 1342 3010 1409 Angustam
3052 1349 3228 1392 autem
3278 1336 3415 1390 illam
3460 1337 3661 1401 vocabat,
3683 1352 3758 1392 non

2274 1428 2413 1498 quod
2435 1438 2619 1483 natura
2644 1444 2738 1484 sua
2759 1429 2828 1482 sit
2854 1436 3094 1498 angusta,
3124 1426 3218 1482 sed
3241 1426 3376 1496 quod
3404 1428 3587 1480 animus
3609 1435 3757 1487 noster,

2273 1520 2339 1576 ad
2368 1520 2623 1577 desidiam
2641 1519 2888 1589 proclivis
2910 1527 3185 1588 angustam
3221 1517 3359 1571 illam
3395 1530 3505 1570 esse
3523 1515 3755 1572 arbitretur.

2272 1613 2452 1682 Neque
2476 1613 2617 1668 enim
2645 1622 2700 1667 ut
2728 1628 2825 1667 nos
2863 1619 3131 1675 avocaret,
3163 1608 3357 1664 idcirco
3387 1619 3627 1678 angustam
3660 1608 3758 1663 illam

2273 1704 2576 1773 appellavit,
2603 1702 2696 1758 sed
2723 1711 2781 1757 ut
2814 1701 3032 1756 alterius
3079 1698 3403 1753 latitudinem
3451 1697 3682 1767 fugientes,
3713 1706 3753 1751 et

2272 1811 2338 1851 ex
2377 1794 2482 1850 {me
2524 1807 2946 1865 unamquamque
2982 1800 3393 1863 cognoscentes,
3424 1790 3544 1850 hanc
3560 1790 3614 1849 ita
3635 1790 3763 1864 potius

2273 1889 2550 1958 eligamus.

2342 1981 2397 2040 5.
2425 1979 2672 2054 Exempla
2696 2000 2868 2038 eorum
2894 1985 2980 2055 qui
3016 2001 3106 2055 per
3146 1984 3301 2038 latam
3342 1982 3465 2037 riam
3502 1980 3764 2034 ambulmut.

2271 2104 2345 2116 —-
2367 2075 2472 2130 Sed
2517 2087 2575 2130 ut
2609 2076 2855 2131 omnibus
2887 2075 3162 2130 intellectu
3207 2073 3372 2128 facilis
3400 2073 3482 2126 fiat
3502 2073 3658 2134 oratio,
3678 2083 3759 2138 age.
3802 2068 3809 2077 ’

2275 2166 2318 2220 si
2348 2166 2574 2232 videtur,
2608 2181 2722 2232 eos,
2754 2167 2841 2237 qui
2875 2181 2970 2236 per
3014 2166 3180 2219 latam
3209 2173 3414 2234 portam
3443 2162 3631 2232 ingressi
3659 2172 3760 2219 sunt.

2277 2266 2333 2314 et
2350 2273 2446 2329 per
2465 2259 2751 2329 spatiosam
2779 2258 2914 2312 viam
2954 2258 3292 2312 incesserunt
3332 2257 3382 2310 in
3410 2254 3613 2310 medium
3643 2250 3761 2304 adtu-

2274 2365 2478 2419 cemns,
2504 2359 2561 2405 et
2586 2350 2702 2418 quis
2731 2363 2825 2403 eos
2850 2349 3063 2403 tandem
3094 2348 3220 2403 finis
3249 2345 3504 2417 exceperit
3526 2342 3763 2397 videamus:

2275 2439 2507 2510 itemque
2532 2440 2647 2493 illos
2676 2439 2762 2508 qui
2787 2453 2886 2509 per
2912 2447 3195 2508 angustam
3223 2446 3421 2506 portam
3452 2432 3640 2503 ingressi
3659 2441 3760 2490 sunt,

2275 2540 2331 2588 et
2358 2545 2455 2600 per
2476 2538 2677 2584 arctam
2707 2529 2867 2593 viam,
2905 2536 2959 2583 et
2991 2543 3111 2597 quae
3140 2525 3354 2581 tandem
3393 2524 3471 2578 isti
3498 2523 3612 2577 bona
3642 2517 3764 2574 sortiti

2275 2620 2494 2686 fuerint,
2526 2633 2931 2691 cognoscamus.
2980 2616 3160 2673 Unum
3199 2617 3361 2686 igitur
3397 2630 3459 2669 ex
3493 2614 3566 2675 iis,
3600 2611 3670 2679 qui
3701 2622 3766 2676 per

2276 2712 2434 2766 latam
2467 2710 2604 2766 hanc
2637 2719 2843 2780 portam
2884 2710 3169 2774 intrarunt,
3197 2716 3253 2763 et
3272 2721 3428 2762 unum
3446 2720 3506 2759 ex
3529 2705 3598 2766 iis,
3617 2701 3684 2771 qui
3702 2714 3766 2767 per

2275 2809 2551 2872 angustam
2576 2808 2631 2856 et
2671 2808 2872 2856 arctam
2910 2800 3048 2854 viam
3087 2802 3437 2860 incesserunt,
3470 2795 3602 2849 vobis
3624 2794 3665 2845 in
3678 2806 3765 2843 nte-

2276 2891 2423 2947 dium
2451 2893 2801 2961 proferentes,
2831 2905 3015 2946 eorum
3046 2906 3172 2961 quae
3213 2905 3244 2944 a
3285 2888 3503 2944 Domino
3533 2885 3647 2940 dicta
3681 2889 3767 2935 sum

2276 2984 2554 3039 veritatem
2579 2983 2943 3050 ostendamus,
2982 2990 3038 3037 et
3065 2981 3258 3037 eadem
3292 2995 3471 3036 rursus
3510 2975 3767 3042 Dotiiinipa-

2275 3075 2460 3132 rabola
2487 3086 2714 3130 utamur.
2743 3076 2994 3142 Quisnam
3021 3089 3153 3145 ergo
3184 3081 3267 3129 est
3307 3073 3398 3126 ille
3437 3070 3520 3141 qui
3553 3067 3767 3139 perlatam

2277 3177 2488 3239 portam
2514 3167 2748 3233 intravit,
2771 3174 2827 3222 et
2853 3165 3140 3236 spatiosum
3174 3165 3318 3219 viam
3340 3159 3641 3234 peragravit?
3661 3156 3770 3211 Prius

2277 3260 2419 3315 enim
2445 3260 2565 3330 quis
2586 3259 2685 3314 iste
2709 3259 2779 3314 sit
2815 3259 3063 3313 convenit
3089 3257 3772 3326 indicari,-quantumqoespa-

2279 3349 2409 3404 tium
2438 3349 2536 3403 vite
2560 3347 2867 3414 confecerit,
2897 3363 2992 3417 per
3014 3347 3174 3400 latam
3210 3345 3476 3410 incedens,
3498 3357 3556 3397 ac
3576 3350 3666 3396 tum
3686 3351 3769 3391 m-

2274 3439 2524 3497 nifestum
2552 3439 2703 3495 vobis
2727 3438 2972 3505 reddere,
2999 3438 3052 3493 in
3073 3452 3241 3508 quem
3263 3436 3467 3491 tandem
3494 3433 3629 3488 linem
3644 3428 3773 3483 desie-

2275 3532 2367 3586 rit.
2421 3531 2501 3584 Ac
2533 3529 2646 3584 scio
2682 3529 2927 3600 equidem
2973 3543 3072 3583 vos
3115 3528 3367 3583 homines
3388 3524 3680 3597 perspicaees
3695 3518 3773 3587 iam

2274 3620 2399 3693 quid
2424 3620 2614 3677 dicturi
2640 3620 2807 3675 simus
2845 3619 3138 3689 intelligere
3172 3634 3187 3673 :
3243 3619 3564 3674 nihilominus
3597 3622 3773 3667 tamen

2278 3715 2430 3771 nobis
2451 3714 2559 3771 dici
2591 3729 2811 3770 necesse
2834 3724 2937 3769 est.
2991 3714 3268 3768 Revocate
3294 3713 3437 3769 vobis
3463 3712 3509 3766 in
3532 3705 3772 3764 memoriam

2277 3808 2493 3863 divitem
2542 3808 2711 3869 illum,
2753 3807 2843 3877 qui
2890 3805 3128 3877 quotidie
3173 3820 3411 3878 purpura
3451 3800 3774 3858 induebaturet

2276 3897 2459 3970 bysso,
2513 3899 2602 3967 qui
2646 3896 2963 3967 epulabatur
3008 3896 3316 3965 splendide,
3365 3894 3451 3966 qui
3488 3889 3703 3964 parasitos
3734 3890 3773 3935 et

2277 3988 2578 4043 adulatores
2622 3989 2814 4052 alebat,
2858 3989 2946 4057 qui
2993 3987 3216 4040 multum
3268 4000 3466 4041 merum
3513 3977 3773 4037 infundebat,

2278 4080 2365 4150 qui
2395 4080 2628 4155 quotidie
2658 4088 2897 4134 ventrem
2944 4078 3283 4145 saburrahat,
3310 4078 3397 4149 qui
3434 4073 3657 4130 multisse
3677 4061 3777 4121 deli-

2278 4171 2375 4225 ciis
2404 4169 2776 4241 ingurgitabat,
2815 4184 2909 4239 per
2951 4169 3109 4223 latam
3158 4180 3367 4238 portam
3421 4168 3669 4235 ingressus,
3705 4167 3775 4207 '0'

2279 4263 2479 4332 luptate
2503 4277 2566 4317 ac
2608 4261 2786 4316 la‘titia
2816 4259 3077 4315 mundana
3096 4272 3369 4329 perpetuo
3396 4256 3654 4313 fruebatur.
3676 4247 3776 4301 Nam

2279 4354 2354 4410 illi
2384 4363 2570 4409 cuncta
2597 4353 2740 4408 velut
2757 4368 2824 4407 ex
2842 4350 3001 4406 .fontc
3027 4350 3342 4418 affluebant,
3365 4349 3571 4405 multum
3591 4339 3775 4398 ministe-

2279 4447 2440 4511 rium,
2470 4446 2741 4500 immensas
2781 4444 3005 4507 delicia,
3048 4444 3292 4514 corporis
3341 4453 3546 4505 sanitas,
3583 4429 3777 4506 pecunia-

2276 4552 2395 4590 rum
2447 4536 2620 4606 copia,
2669 4534 2874 4590 delatus
2919 4549 2949 4589 a
3004 4534 3185 4589 multis
3234 4535 3424 4600 honor,
3461 4533 3776 4586 assentatorum

2276 4627 2480 4695 laudes,
2511 4628 2638 4682 nihil
2666 4628 2872 4682 interim
2898 4627 3186 4698 erat,un
3208 4628 3281 4681 illi
3300 4627 3557 4682 tristitiam
3575 4618 3773 4675 alterm:

2277 4730 2334 4776 et
2357 4721 2496 4790 quod
2526 4720 2698 4789 majus
2720 4731 2821 4781 est,
2853 4735 2973 4775 cum
3013 4730 3154 4775 totos
3196 4719 3313 4775 dies
3344 4716 3562 4788 crapula
3595 4710 3777 4783 ευιεφκ

2277 4825 2472 4866 vacans
2498 4811 2832 4881 transigeret,
2856 4825 2961 4865 non
2982 4809 3142 4865 modo
3164 4824 3415 4880 prospera
3438 4803 3650 4875 corporis
3667 4795 3773 4852 vale-

2279 4900 2459 4956 tudine
2479 4899 2769 4966 fruebatur,
2798 4909 2856 4955 et
2880 4901 2932 4956 in
2961 4902 3247 4957 securitate
3268 4914 3468 4955 summa
3486 4894 3693 4967 degebat.
3709 4882 3773 4942 ωδ

2278 5003 2334 5048 et
2357 5007 2641 5062 pauperem
2667 4992 2928 5048 Lazarum
2952 4993 3008 5046 in
3037 4991 3299 5047 vestibulo
3321 4991 3592 5061 jacentem.
3616 4983 3771 5055 plenum

2278 5084 2565 5151 ulceribus,
2608 5084 2883 5140 obsessum
2926 5098 2957 5137 a
2998 5082 3251 5148 canibus,
3282 5082 3373 5152 qui
3414 5079 3613 5135 vulnera
3656 5070 3771 5134 Ιίηεθ

2277 5176 2425 5241 bant,
2465 5174 2713 5246 fameque
2761 5174 3061 5231 confectum
3108 5174 3484 5229 immisericors
3519 5160 3770 5239 prmterihllo

2276 5274 2331 5321 et
2355 5280 2422 5320 ne
2460 5265 2626 5320 micas
2647 5263 2860 5335 quidem
2899 5264 2972 5319 illi
3014 5263 3291 5333 impertire
3311 5258 3624 5331 dignabatur.
3648 5251 3769 5314 Διιῐιιο

2278 5354 2365 5411 hic
2385 5355 2596 5426 quidem
2623 5368 2716 5425 per
2741 5354 2902 5410 latam
2926 5363 3134 5425 portam
3161 5355 3426 5425 ingressus
3448 5362 3536 5419 per
3552 5340 3769 5429 spatiosatl

2276 5445 2414 5501 viam
2436 5445 2734 5511 incedebat,
2768 5444 2908 5500 viam
2929 5444 3258 5507 deliciarum,
3293 5432 3689 5510 intemperantia,
3718 5437 3770 5477 τι·

2275 5551 2385 5602 sus,
2418 5535 2694 5605 voluptatis
2717 5576 2734 5603 ,
2774 5534 3145 5602 helluationis,
3180 5530 3462 5594 ebrietatis,
3495 5520 3771 5613 Ρεευπίπψ

2277 5628 2460 5698 copiae,
2505 5626 2740 5682 mollitiei
2781 5626 2837 5684 in
2872 5625 3201 5682 vestimentis
3238 5642 3253 5680 :
3290 5637 3351 5678 ac
3390 5621 3475 5676 diu
3513 5625 3657 5672 totum
3688 5610 3774 5657 ﬁll

2279 5720 2433 5792 hujus
2462 5728 2665 5792 tempus
2694 5734 2785 5792 per
2823 5720 3108 5793 spatiosam
3135 5718 3272 5777 viam
3308 5709 3586 5775 incedendo
3615 5708 3774 5760 trame'
