4032 6198
315 329 336 380 1
351 325 450 381 049

311 442 407 509 gi',
437 454 608 508 neque
640 437 924 510 quidquam
972 437 1332 493 molestiarum
1359 444 1613 504 expertus
1651 442 1752 498 eet,
1795 427 1890 485 sed

310 546 528 601 semper
581 546 836 601 prospero
883 540 1158 586 ventorum
1205 528 1385 584 afflatu
1426 527 1670 589 delatus,
1713 529 1894 591 utpote

313 637 411 685 per
441 623 726 692 spatiosam
769 621 907 676 viam
949 620 1218 682 incedens,
1251 619 1415 678 multa
1451 631 1571 672 cum
1611 612 1892 668 securitate

313 715 588 785 pergebat.
613 713 883 782 Nusquam
912 727 1036 766 saxa
1061 712 1164 765 sub
1192 710 1346 764 undis
1373 707 1611 773 latentia,
1633 717 1891 774 nusquam

308 805 542 875 scopuli,
575 818 830 875 nusquam
870 803 1192 874 pmcipitia,
1238 814 1495 870 nusquam
1543 795 1892 864 naufragium,

317 911 580 966 nusquam
607 896 828 950 mutatio
855 895 1150 965 inaequalis,
1179 894 1270 949 sed
1297 892 1452 963 quasi
1476 907 1568 961 per
1593 888 1812 944 solidam
1840 895 1896 940 et

311 988 528 1055 planam
558 988 829 1056 regionem
857 987 959 1042 iter
988 985 1210 1050 habens,
1238 985 1306 1038 ita
1335 982 1608 1052 praesentis
1625 980 1745 1033 vitae
1773 993 1897 1047 spao

312 1079 386 1130 tia
417 1076 730 1132 decurrebat
766 1094 780 1128 :
809 1074 1043 1144 quolidie
1069 1074 1312 1127 vitiorum
1341 1070 1590 1125 ﬂuctibus
1615 1067 1893 1137 mergeba-

313 1180 424 1233 tur,
455 1184 627 1239 neque
651 1167 951 1222 sentiebat:
978 1165 1214 1236 quotidie
1241 1177 1522 1233 pravarum
1548 1159 1894 1228 cupiditatum

312 1259 547 1312 stimulis
572 1258 920 1328 pangebatur,
947 1265 1001 1311 et
1026 1255 1256 1325 amplius
1285 1253 1558 1309 leuabatur
1587 1267 1600 1303 :
1627 1265 1656 1304 a
1683 1246 1896 1303 lascivia

311 1366 531 1419 semper
557 1349 919 1414 obsidebatur,
944 1349 1016 1404 ab
1057 1346 1308 1418 ingluvie,
1338 1345 1405 1399 ab
1433 1344 1618 1399 insana
1657 1339 1895 1410 pecunia:

311 1442 628 1511 cupiditate,
665 1455 766 1494 nec
801 1441 908 1496 ullo
946 1440 1204 1493 maiorum
1253 1451 1414 1491 sensu
1446 1432 1773 1503 tangebatur,
1801 1444 1897 1485 nc-

313 1548 423 1601 que
446 1533 546 1585 viae
580 1533 736 1594 linem
775 1539 984 1599 poterat
1027 1528 1318 1598 praevidere
1360 1543 1374 1580 :
1421 1525 1516 1581 sed
1554 1522 1895 1594 praesentium

314 1632 519 1677 tantum
551 1621 880 1692 jucunditate
909 1620 1199 1684 fruebatur,
1229 1633 1326 1674 nec
1365 1631 1613 1686 umquam
1654 1611 1895 1683 perpetui

314 1717 523 1772 doloris
549 1718 599 1770 in
630 1724 861 1771 mentem
906 1715 980 1769 illi
1005 1714 1272 1776 veniebat,
1301 1711 1394 1768 sed
1423 1710 1694 1779 deceptus,
1727 1715 1782 1760 ut
1823 1705 1895 1759 ita

315 1807 523 1876 loquar,
555 1822 651 1875 per
679 1807 838 1860 latam
866 1806 1007 1860 viam
1045 1803 1340 1865 incedebat,
1369 1809 1424 1855 et
1460 1799 1526 1856 ad
1560 1799 1729 1868 ipsum
1759 1809 1895 1864 prac-

315 1897 554 1966 cipitium
574 1897 875 1960 festinabat,
902 1897 1041 1966 quod
1063 1911 1168 1950 non
1189 1903 1396 1964 poterat
1423 1907 1530 1962 pra:
1548 1890 1708 1945 nimia
1723 1887 1898 1944 ebrie-

315 1998 427 2042 tate
453 2002 796 2057 cognoscere.
828 1986 959 2042 Nam
1008 1988 1097 2042 ille
1142 2000 1364 2054 prosper
1399 1982 1782 2036 mundanorum
1813 1992 1898 2032 re-

311 2094 436 2132 rum
461 2093 770 2142 successus,
811 2080 902 2148 qui
933 2079 1193 2132 rationem
1231 2076 1344 2145 ejus
1375 2073 1641 2135 obruerat,
1685 2067 1895 2124 oculum

313 2169 395 2222 illi
423 2167 615 2223 mentis
636 2177 952 2234 exca:carat,
977 2176 1030 2222 et
1057 2167 1205 2237 quasi
1233 2166 1343 2236 jam
1371 2163 1656 2219 luminibus
1680 2160 1900 2215 orbatus

313 2258 642 2325 ambulabat,
670 2275 843 2329 neque
869 2273 982 2329 quo
1006 2258 1232 2313 ferretur
1257 2256 1458 2312 sciebat
1481 2273 1494 2308 :
1521 2255 1743 2308 fortasse
1769 2265 1899 2306 vero

317 2364 493 2417 neque
521 2359 723 2404 natura:
762 2350 1008 2404 humanae
1037 2348 1374 2412 meminerat,
1410 2361 1530 2400 cum
1568 2359 1626 2398 se
1652 2351 1898 2398 cerneret

307 2439 679 2494 difﬁcultatem
707 2441 902 2500 nullam
927 2439 1183 2508 experiri.
1223 2437 1337 2492 Non
1364 2437 1504 2492 enim
1533 2443 1732 2490 tantum
1761 2431 1894 2487 deli-

311 2530 417 2583 ciis
441 2529 726 2594 fruebatur,
765 2529 860 2585 sed
885 2540 936 2585 et
960 2529 1148 2599 opibus
1183 2527 1484 2584 abundabat
1513 2544 1525 2580 :
1558 2540 1729 2592 neque
1774 2532 1892 2577 tau-

307 2629 430 2672 ttum
450 2619 638 2688 opibus
664 2619 988 2686 abundabat,
1013 2619 1108 2675 sed
1140 2627 1194 2674 et
1230 2632 1481 2688 prospera
1513 2626 1630 2671 erat
1656 2614 1896 2684 corporis

318 2709 618 2765 valetudine
647 2725 668 2765 :
692 2725 864 2781 neque
891 2725 1024 2765 sano
1054 2717 1256 2766 tantum
1289 2718 1404 2764 erat
1428 2722 1672 2776 corpore,
1714 2705 1810 2762 sed
1839 2713 1894 2760 et

316 2817 351 2855 a
377 2803 544 2857 multo
567 2802 824 2859 famulitio
843 2803 1134 2866 colebatur,
1165 2817 1337 2872 neque
1368 2808 1570 2854 tantum
1600 2797 1897 2863 colebatur,

315 2895 415 2950 sed
442 2894 616 2949 omnia
637 2896 738 2950 sibi
778 2911 1004 2952 cernens
1024 2903 1288 2965 tamquam
1319 2909 1384 2948 ex
1409 2892 1556 2948 fonte
1596 2891 1784 2959 ﬂuere,
1822 2890 1902 2944 vi-

317 2998 428 3040 tam
461 2987 516 3040 in
554 2995 806 3056 perpetua
835 2987 1104 3055 voluptate
1129 2987 1374 3055 degebat.
1402 2983 1635 3047 Vidistis,
1663 2982 1898 3037 dilectis-

315 3078 462 3143 simi,
487 3091 632 3145 eum,
667 3078 755 3147 qui
793 3093 886 3148 per
919 3077 1080 3132 latam
1123 3086 1327 3146 portam
1363 3074 1672 3139 intraverat,
1712 3081 1768 3128 et
1802 3087 1900 3142 per

311 3169 606 3239 spatiosam
663 3169 800 3223 viam
853 3167 1186 3234 incesserat,
1250 3166 1460 3238 quantis
1513 3164 1718 3220 deliciis
1761 3162 1899 3233 poti-

317 3269 467 3313 retur
494 3259 518 3313 ἲ

387 3352 517 3404 Ante
541 3352 693 3419 ﬁnem
738 3351 852 3404 vita
891 3365 1036 3404 nemo
1077 3350 1264 3404 beatus.
1289 3346 1546 3402 —Nemo
1588 3354 1763 3402 tamen
1794 3359 1893 3399 eo-

317 3459 460 3509 rum,
505 3444 594 3512 qui
639 3442 754 3497 haec
795 3441 1040 3507 audiunt,
1082 3450 1206 3494 ante
1251 3439 1414 3493 tinem
1455 3437 1668 3493 beatum
1723 3435 1896 3505 ipsum

319 3535 608 3602 praedicare
643 3533 908 3604 dignetur,
945 3532 1040 3588 sed
1079 3547 1255 3587 rerum
1300 3530 1457 3586 finem
1497 3537 1788 3600 exspectet,
1834 3541 1898 3583 ac

317 3638 432 3681 tum
460 3626 778 3682 sententiam
802 3624 956 3680 feret.
1000 3625 1177 3694 itaque
1208 3623 1352 3676 illum
1381 3622 1469 3690 qui
1500 3635 1592 3690 per
1618 3626 1894 3690 angustam

317 3729 528 3788 portam
555 3719 865 3785 intraverat,
905 3725 959 3773 et
984 3727 1187 3771 arctam
1225 3715 1326 3770 iter
1351 3713 1674 3778 confecerat,
1705 3711 1750 3765 si
1778 3710 1895 3782 pla-

316 3818 424 3875 cet,
471 3809 528 3863 in
578 3808 812 3863 medium
863 3807 1207 3871 adducamus,
1255 3820 1319 3861 ac
1368 3803 1560 3860 deinde
1613 3813 1892 3874 postquam

319 3902 593 3970 utriusque
643 3901 802 3956 tinem
857 3899 1316 3970 conspexerimus,
1369 3895 1772 3951 convenientem
1826 3893 1895 3950 de

321 4007 642 4062 unoquoque
690 3991 1006 4046 sententiam
1059 3989 1310 4044 feramus.
1370 3987 1664 4054 Quemnam
1715 3993 1892 4039 autem

316 4086 479 4140 alium
515 4083 754 4154 proferre
783 4097 1084 4152 possumus,
1125 4096 1282 4151 quam
1312 4079 1591 4144 Lazarum,
1633 4078 1723 4149 qui
1771 4086 1898 4132 ante

314 4175 494 4231 divtis
513 4173 834 4230 vestibulum
867 4172 1098 4242 jacebat,
1139 4180 1196 4226 et
1231 4171 1299 4223 ab
1330 4171 1431 4224 illis
1463 4170 1726 4225 ulceribus
1750 4169 1895 4223 obsi-

313 4266 561 4331 debatur,
587 4265 677 4335 qui
717 4281 812 4320 sua
836 4265 1054 4319 vulnera
1097 4278 1128 4317 a
1166 4276 1358 4318 canum
1385 4261 1584 4332 linguis
1607 4261 1790 4330 attingi
1817 4261 1894 4314 vi-

311 4360 496 4426 debat,
539 4373 635 4412 nec
679 4358 800 4413 illos
838 4357 1044 4412 valebat
1091 4353 1346 4426 abigere?
1386 4353 1455 4410 Ut
1489 4354 1629 4408 enim
1674 4353 1763 4408 ille
1799 4351 1894 4422 per

315 4452 473 4504 latam
504 4458 709 4519 portam
741 4450 1027 4518 ingressus,
1069 4463 1164 4517 per
1187 4447 1472 4517 spatiosam
1502 4448 1640 4500 viam
1681 4446 1893 4501 incede-

315 4539 436 4604 bat;
477 4539 551 4594 ita
577 4539 761 4594 beatus
803 4540 937 4604 iste;
979 4538 1190 4594 beatum
1229 4537 1426 4607 quippe
1469 4537 1614 4592 illum
1654 4536 1763 4608 jam
1792 4551 1890 4606 ap-

312 4631 478 4700 pello,
505 4631 644 4702 quod
675 4645 770 4700 per
811 4640 1089 4700 angustam
1131 4630 1352 4700 elegerit
1385 4629 1642 4684 introire:
1677 4643 1773 4699 per
1795 4643 1892 4682 an-

308 4734 520 4792 gustam
576 4734 781 4793 portam
833 4724 1080 4790 intravit,
1134 4723 1188 4777 in
1231 4737 1332 4793 qua
1391 4722 1570 4778 omnia
1621 4721 1891 4776 contrario

309 4814 474 4870 modo
497 4828 556 4870 se
577 4813 863 4870 trahebant.
903 4813 970 4869 Ut
999 4814 1088 4868 ille
1112 4828 1324 4882 semper
1361 4813 1564 4868 deliciis
1593 4812 1887 4878 fruebatur,

309 4905 388 4958 sic
430 4914 485 4959 et
527 4904 626 4960 iste
655 4913 906 4974 perpetua
941 4905 1081 4960 fame
1121 4904 1544 4960 conflictabatur.
1594 4907 1768 4976 Atque
1797 4904 1888 4959 ille

308 4996 529 5064 quidem
567 4995 780 5052 deiiciis
822 5006 1164 5078 etoprospera
1204 4996 1446 5065 corporis
1484 4997 1805 5063 valetudine,
1834 5007 1888 5054 et

311 5091 654 5158 pecuniarum
682 5089 1002 5144 abundantia
1029 5089 1348 5158 potiebatur,
1379 5098 1433 5142 et
1459 5089 1703 5160 ingluviei
1725 5098 1886 5159 atque

307 5179 554 5234 ebrietati
579 5181 707 5234 totis
729 5179 918 5235 diebus
940 5177 1174 5234 vacando
1193 5178 1571 5234 conficiebatur
1594 5197 1608 5233 :
1633 5179 1733 5235 iste
1758 5195 1885 5234 vero

307 5285 412 5324 una
439 5285 558 5325 cum
580 5271 740 5335 fame,
766 5271 972 5324 surnma
1012 5283 1300 5340 oppressus
1325 5277 1440 5324 erat
1468 5279 1723 5341 egestate,
1757 5287 1882 5340 pcr-

306 5365 431 5417 cuni
471 5363 680 5430 morbo,
717 5373 776 5420 et
817 5364 1165 5420 intolerandis
1203 5365 1494 5428 ulceribus,
1527 5375 1671 5422 utne
1698 5381 1884 5423 neccs~

304 5458 481 5512 sarius
506 5457 720 5527 quidem
752 5457 826 5512 illi
851 5457 1005 5513 cibus
1032 5465 1355 5527 suppeteret,
1395 5457 1488 5512 scd
1515 5459 1680 5514 micas
1705 5459 1771 5513 de
1796 5460 1880 5514 di-

305 5549 430 5604 vitis
482 5565 665 5605 mensa
706 5549 956 5605 uidentes
999 5558 1310 5620 expeteret,
1363 5565 1495 5620 quas
1549 5566 1878 5621 nequaquam

306 5653 482 5698 tamen
514 5644 840 5710 impetraret.

377 5740 432 5790 4.
478 5734 660 5792 Vidisti
691 5749 795 5806 quo
824 5745 975 5804 pacto
1005 5749 1096 5804 per
1125 5743 1398 5804 angustam
1442 5743 1645 5803 portam
1673 5734 1876 5805 ingrcs-

1511 320 1599 375 nr:
1637 312 1906 374 LAZABO
1934 311 2176 386 CQNCIO
2207 313 2314 370 vn.

3440 323 3462 377 1
3475 323 3576 377 030

2005 441 2094 480 sus
2125 428 2243 493 iste,
2272 443 2365 496 per
2401 439 2600 483 arctam
2632 428 2768 482 viam
2810 444 3020 497 semper
3050 431 3350 487 incederet!
3389 431 3575 488 Vidisti

2001 535 2107 589 quo
2151 528 2302 588 pacto
2357 521 2448 573 ille
2494 535 2588 589 per
2633 520 2788 574 latam
2811 529 3014 588 portam
3061 532 3115 575 et
3157 537 3249 590 per
3292 523 3577 592 Spatiosam

2002 613 2138 666 viam
2168 611 2442 681 pergeret?
2478 611 2593 666 Jam
2625 626 2750 665 vero
2791 611 2948 665 tinem
2977 612 3251 682 utriusque
3280 613 3572 680 videamus,

2000 712 2056 758 et
2079 719 2183 773 quo
2211 711 2364 773 pacto
2395 704 2446 756 in
2476 711 2756 771 angustum
2783 703 2873 757 ille
2903 703 3058 758 linem
3082 703 3319 768 desierit,
3348 721 3454 774 quo
3482 722 3512 772 p
3531 728 3574 755 t-

2000 805 2088 847 cto
2114 794 2212 848 istc
2243 795 2293 847 iu
2329 794 2489 847 latum
2534 809 2597 847 ac
2635 793 2814 848 multis
2843 793 3051 848 deliciis
3080 792 3336 849 refertum
3367 813 3382 847 :
3415 805 3472 847 ut
3495 794 3578 849 bis
3633 854 3648 859 ν

2003 885 2164 956 probe
2193 885 2490 950 intellectis,
2525 901 2592 938 ne
2621 886 2908 954 spatiosam
2934 884 3072 938 viam
3096 885 3241 939 omni
3274 885 3431 939 modo
3459 901 3578 953 per-

2001 993 2304 1046 sequamur,
2347 992 2518 1045 neque
2558 992 2652 1046 per
2682 977 2841 1031 latam
2884 987 3086 1047 portam
3119 977 3317 1048 ingredi
3363 977 3580 1032 studea-

2003 1086 2142 1135 mus,
2170 1069 2263 1123 sed
2300 1078 2578 1138 angustam
2611 1077 2816 1136 portam
2861 1078 3143 1132 sectemur,
3176 1078 3229 1122 et
3257 1084 3351 1137 per
3379 1077 3579 1122 arctam

2002 1161 2142 1215 viam
2183 1160 2509 1227 incedamus,
2540 1175 2644 1229 quo
2685 1160 2948 1228 possimus
2975 1160 3042 1214 ad
3074 1160 3270 1215 bonum
3311 1159 3472 1214 finem
3517 1176 3580 1212 ac

2002 1251 2253 1307 refertum
2283 1251 2485 1306 deliciis
2512 1253 2806 1320 pervenire.

2075 1344 2347 1397 Dissimilis
2379 1343 2561 1398 Lazari
2608 1346 2720 1399 vita:
2762 1346 3020 1399 terminus.
3044 1377 3112 1384 —
3139 1347 3268 1400 Cum
3301 1347 3440 1401 enim
3490 1365 3581 1399 cu-

1996 1438 2187 1507 jusque
2218 1438 2423 1492 illorum
2473 1436 2592 1492 finis
2631 1437 2954 1503 advenisset,
3004 1437 3120 1491 vide
3149 1437 3274 1507 quid
3306 1439 3372 1491 de
3401 1453 3468 1490 eo
3491 1439 3578 1507 qui

2001 1545 2096 1600 per
2125 1541 2322 1583 arctam
2351 1529 2487 1582 viam
2529 1536 2854 1598 perrexerat,
2891 1529 3035 1596 prius
3063 1528 3239 1582 dicat:
3267 1526 3483 1581 Factum
3511 1537 3581 1580 cst

2001 1633 2188 1686 autem,
2226 1621 2420 1691 inquit,
2445 1630 2499 1674 ut
2529 1631 2803 1674 moreretur
2827 1619 3109 1684 mendicus,
3142 1631 3186 1673 et
3216 1629 3502 1690 portaretur
3522 1619 3582 1670 ab

2001 1715 2192 1786 angelis
2220 1714 2272 1768 in
2301 1714 2468 1768 sinum
2487 1714 2704 1766 Abrahae
2728 1712 2874 1783 (Luc.
2904 1714 2990 1766 l6.
3019 1713 3137 1782 22).
3167 1713 3412 1767 Fortasse
3437 1713 3582 1766 illum

2002 1805 2334 1860 abducebant
2360 1805 2532 1874 angeli
2577 1805 2936 1874 praecedentes
2980 1814 3034 1858 et
3063 1804 3198 1858 latus
3227 1805 3341 1873 ejus
3381 1805 3582 1858 satelli-

2003 1907 2116 1951 tum
2153 1912 2301 1952 more
2322 1897 2618 1966 cingentes,
2648 1907 2805 1967 atque
2845 1896 2896 1950 in
2923 1895 3231 1950 deliciarum
3261 1897 3434 1950 locum
3466 1906 3583 1965 post

2003 1991 2196 2046 multas
2221 1990 2336 2044 illas
2360 1989 2676 2047 afflictiones
2701 1999 2755 2042 et
2797 1998 2998 2043 arctam
3027 1988 3171 2042 illam
3200 1986 3583 2057 peregrinatio-

2003 2097 2125 2138 nem
2178 2082 2547 2137 restituebant.
2609 2082 2769 2136 Vides
2816 2091 3012 2152 quanta
3066 2081 3118 2134 in
3179 2081 3283 2135 [ine
3348 2090 3585 2149 angusta:

2001 2182 2171 2244 portre
2213 2185 2269 2230 et
2311 2183 2473 2230 arcta:
2501 2174 2599 2228 via:
2636 2184 2890 2244 appareat
2930 2174 3181 2229 latitudo?
3210 2175 3341 2229 Vide
3363 2174 3473 2244 jam
3505 2173 3585 2228 l‘u-

2003 2275 2213 2342 nestum
2243 2266 2526 2320 terminum
2553 2266 2653 2320 via:
2685 2266 2952 2335 spatiosm.
2983 2265 3221 2320 Mortuus
3247 2276 3320 2321 est
3348 2275 3514 2319 autent
3539 2275 3584 2321 et

2002 2358 2158 2422 dives,
2191 2356 2379 2426 inquit,
2409 2364 2456 2410 et
2477 2356 2703 2426 sepultus
2732 2365 2825 2409 est.
2857 2355 3042 2410 Nullus
3073 2356 3171 2411 fuit
3195 2357 3283 2426 qui
3313 2355 3583 2426 praecede-

2003 2457 2106 2511 ret,
2139 2447 2314 2500 nullus
2339 2445 2432 2514 qui
2459 2445 2598 2500 latus
2635 2445 2878 2514 stiparet,
2904 2445 3079 2500 nullus
3104 2445 3193 2516 qui
3223 2447 3274 2500 in
3297 2447 3382 2500 via
3408 2445 3582 2500 dedu-

2003 2547 2167 2603 ceret,
2196 2538 2333 2592 sicut
2358 2537 2637 2591 Lazarum.
2679 2535 2812 2591 Nam
2851 2537 3100 2606 quoniam
3129 2537 3182 2590 in
3227 2537 3457 2606 spatiosa
3499 2537 3583 2589 via

2003 2629 2208 2684 cunctis
2233 2628 2380 2683 hisce
2405 2629 2604 2700 potitus
2637 2637 2736 2692 est,
2766 2627 3056 2697 habuitque
3093 2627 3289 2682 multos
3333 2627 3584 2682 satellites

2003 2734 2066 2775 ac
2103 2719 2352 2784 famulos,
2379 2728 2764 2785 assentatores,
2795 2718 3030 2788 inquam,
3058 2719 3340 2787 parasitos,
3367 2718 3581 2789 quando

2003 2795 2071 2866 ad
2097 2811 2400 2880 sepulcrum
2443 2811 2608 2874 venit,
2653 2809 2826 2865 nudus
2865 2825 2928 2863 ac
2967 2808 3251 2863 destitutus
3279 2808 3362 2862 his
3409 2811 3584 2862 omni-

2004 2901 2106 2956 bus
2145 2901 2244 2955 fuit
2271 2911 2390 2970 post
2426 2902 2618 2955 multas
2665 2900 2781 2954 illas
2809 2900 3104 2968 voluptates
3134 2901 3214 2954 vel
3255 2899 3429 2969 potius
3462 2909 3581 2968 post

2003 2992 2219 3047 brevem
2258 2992 2400 3046 illam
2454 2992 2776 3060 voluptatem
2827 2999 2882 3044 et
2928 2992 3354 3060 prOSperitatem.
3403 2990 3584 3044 Brevis

2002 3084 2145 3137 enim
2187 3089 2270 3135 est
2315 3089 2424 3134 tota
2458 3095 2692 3148 praesens
2731 3079 2856 3143 vita,
2903 3081 2947 3133 si
2993 3096 3112 3133 cum
3168 3080 3346 3134 futuro
3391 3081 3586 3134 saeculo

2001 3180 2360 3243 comparetur.
2392 3172 2517 3227 Post
2550 3170 2767 3226 brevem
2794 3171 2952 3239 igitur
2980 3170 3324 3238 voluptatem,
3355 3186 3459 3240 qua
3487 3187 3583 3240 po-

2003 3265 2130 3318 titus
2168 3271 2270 3331 est,
2297 3261 2422 3317 dum
2459 3277 2552 3330 per
2579 3261 2864 3330 spatiosam
2891 3261 3032 3314 viam
3076 3259 3364 3326 incederet,
3411 3275 3580 3328 angu-

1999 3355 2221 3409 stiarum
2261 3362 2318 3410 et
2355 3353 2655 3408 afﬂictionis
2683 3367 2804 3407 eum
2836 3352 2985 3406 locus
3019 3353 3246 3421 excepit.
3285 3353 3459 3420 Atque
3490 3352 3579 3404 ille

2001 3445 2214 3516 quidem
2262 3445 2316 3500 in
2359 3444 2479 3499 sinu
2521 3442 2747 3498 Abrabze
2798 3443 3185 3511 requiesccbat,
3237 3457 3301 3495 ac
3341 3442 3581 3496 laborum

2000 3537 2395 3604 multarumque
2432 3534 2766 3590 miseriarum
2812 3533 3117 3589 mercedem
3162 3533 3424 3602 recipiens
3462 3545 3581 3604 post

1999 3625 2218 3691 famem,
2262 3635 2384 3696 post
2409 3626 2608 3688 ulcera,
2653 3633 2929 3694 postquam
2970 3626 3022 3678 in
3053 3625 3315 3678 vestibulo
3346 3625 3578 3679 reclina-

2001 3724 2087 3770 tus
2106 3715 2370 3785 jacuerat,
2417 3713 2773 3768 ineiIabilibus
2812 3714 2917 3768 illis
2946 3713 3171 3779 deliciis,
3204 3730 3336 3784 quas
3369 3731 3434 3769 ne
3459 3731 3580 3769 ora-

2001 3807 2146 3862 tione
2192 3804 2404 3880 quidem
2457 3803 2741 3872 complecti
2793 3817 3102 3871 possumus,
3146 3801 3465 3857 fruebatur:
3499 3803 3582 3859 hic

1999 3912 2126 3952 vero
2181 3905 2299 3968 post
2345 3896 2667 3964 voluptatem
2718 3910 2782 3949 ac
2828 3894 3070 3960 delicias,
3122 3903 3242 3965 post
3287 3894 3576 3964 ingluviem

1998 3991 2238 4055 multam,
2268 4000 2388 4059 post
2409 3989 2722 4044 ebrietatem
2763 3988 2837 4042 illi
2869 3989 3158 4044 inevitabili
3199 3989 3459 4060 supplicio
3487 3989 3584 4043 ad-

1998 4081 2174 4136 dictus
2213 4081 2566 4136 cruciabatur.
2608 4078 2677 4136 Ut
2715 4089 2891 4134 autem
2930 4079 3139 4132 illorum
3172 4089 3394 4149 uterque
3423 4081 3580 4135 rebus

1997 4171 2128 4241 ipsis
2162 4172 2436 4239 doceatur,
2482 4169 2568 4227 bic
2593 4171 2828 4241 quidem,
2859 4181 3054 4240 quanta
3103 4171 3173 4225 sit
3212 4181 3450 4240 angusta:
3479 4173 3578 4226 via:

1999 4265 2219 4328 utilitas,
2262 4265 2353 4319 ille
2392 4280 2541 4332 vero,
2573 4272 2827 4333 quantum
2874 4263 3148 4332 damnum,
3181 4273 3374 4334 quanta
3401 4265 3579 4334 perni-

1997 4357 2106 4410 cies
2150 4355 2420 4425 spatiosae,
2451 4369 2483 4409 a
2521 4353 2674 4424 longe
2703 4354 2874 4409 multo
2911 4353 3181 4423 sejunctas
3211 4354 3494 4410 intervallo
3520 4370 3579 4410 se

1995 4447 2220 4503 invicem
2263 4447 2555 4502 intuentur.
2602 4445 2740 4500 Audi
2776 4461 2882 4516 quo
2926 4444 3214 4515 pactozEt
3260 4447 3315 4500 in
3355 4447 3574 4518 inferno,

1995 4539 2089 4604 ait,
2112 4539 2308 4594 elevans
2331 4539 2502 4592 oculos
2519 4554 2658 4602 suos,
2681 4539 2734 4591 in
2758 4539 3015 4591 tormentis
3034 4537 3240 4610 degens,
3264 4537 3394 4593 videt
3419 4537 3578 4592 Abra-

1995 4631 2114 4683 ltam
2153 4646 2185 4683 α
2221 4630 2389 4700 longe,
2419 4639 2466 4684 et
2504 4628 2758 4682 Lazarum
2795 4629 2848 4682 in
2878 4629 2993 4682 sinu
3017 4629 3129 4697 ejus
3160 4628 3312 4698 (Luc.
3344 4628 3431 4684 16.
3455 4627 3574 4700 25).

1996 4722 2251 4794 Equidem
2279 4723 2509 4778 arbitror
2546 4723 2694 4778 illum
2725 4721 2812 4777 ubi
2839 4732 2946 4776 tam
2987 4722 3212 4777 subitam
3242 4737 3421 4775 rerum
3465 4737 3582 4775 mu-

1997 4815 2252 4872 tationem
2283 4815 2435 4883 vidit,
2462 4825 2516 4871 et
2561 4815 2708 4869 illum
2734 4815 2947 4885 quidem
2973 4814 3061 4884 qui
3093 4813 3305 4883 jacebat
3332 4813 3386 4867 in
3410 4813 3575 4867 vesti-

1995 4909 2143 4975 bulo,
2168 4923 2466 4979 canumque
2506 4908 2699 4978 linguis
2724 4916 2840 4963 erat
2874 4906 3168 4975 expositus,
3207 4913 3352 4960 tanta
3384 4903 3572 4959 fiducia

1987 5001 2245 5072 gaudere,
2272 5001 2398 5058 dum
2428 5001 2479 5056 in
2509 5000 2821 5070 patriarchae
2847 4999 2966 5054 sinu
2992 5007 3331 5052 versaretur:
3357 5011 3416 5053 se
3445 5011 3573 5051 vero

1991 5100 2135 5149 tanta
2163 5092 2407 5148 obrutum
2438 5091 2742 5163 ignominia,
2771 5098 2928 5160 atque
2958 5089 3172 5157 insuper
3207 5087 3328 5158 igne
3362 5089 3571 5142 crucia-

1991 5193 2124 5251 tum,
2153 5185 2406 5254 majorem
2437 5197 2655 5237 sensum
2685 5181 2890 5236 doloris
2909 5179 3137 5249 cepisse.
3169 5177 3301 5233 Cum
3335 5191 3462 5248 ergo
3482 5191 3570 5231 res

1989 5283 2235 5332 cerneret
2261 5275 2314 5329 in
2345 5272 2669 5329 contrarium
2709 5277 2959 5334 mutatas,
2984 5282 3047 5322 ac
3080 5283 3137 5323 se
3158 5267 3248 5337 qui
3286 5281 3570 5336 propemo-

1989 5366 2115 5422 dum
2161 5365 2216 5421 in
2259 5363 2461 5421 somnis
2499 5371 2553 5418 et
2587 5361 2772 5418 umbra
2797 5360 3000 5416 deliciis
3030 5359 3227 5430 potitus
3250 5366 3383 5424 erat,
3426 5371 3567 5413 nunc

1989 5457 2322 5515 intolerabile
2345 5455 2659 5528 supplicium
2688 5454 2846 5520 ferre,
2873 5469 2934 5509 ac
2956 5460 3074 5522 post
3112 5451 3400 5521 spatiosam
3426 5449 3562 5506 viam

1988 5551 2254 5620 latamque
2272 5556 2502 5620 portam,
2531 5547 2584 5602 in
2616 5547 2776 5602 tinem
2798 5550 2933 5600 adeo
2961 5553 3243 5615 augustum
3271 5557 3389 5598 esse
3414 5545 3556 5598 dola-

1991 5651 2138 5696 tum:
2166 5641 2241 5697 illi
2264 5655 2391 5696 vero
2416 5637 2679 5695 contraria
2702 5636 2924 5707 'penitus
2965 5634 3229 5697 evenisse,
3257 5647 3319 5686 ac
3346 5645 3570 5706 propter

1992 5751 2128 5804 eam,
2163 5750 2317 5806 quam
2362 5734 2412 5788 in
2444 5731 2544 5790 hac
2574 5732 2676 5787 vita
2705 5729 3016 5788 exhibuerat
3045 5725 3379 5798 patientiam,
3411 5724 3561 5779 illum
