4032 6198
499 290 626 346 [Otii

497 402 850 460 iueﬂ'abilibus
888 405 1083 476 perfrui
1121 405 1293 467 bonis.
1328 406 1570 462 nesciens
1601 422 1706 477 quo
1731 423 1791 462 se
1821 415 2068 473 verteret,

497 496 753 565 inopsque
781 481 1007 561 conSilii,
1042 511 1162 550 cum
1188 498 1511 566 experientia
1549 498 1843 564 didicisset,
1875 508 2071 568 quanta

495 588 677 642 fraude
703 589 912 657 penitus
939 587 1189 658 deceptus
1219 591 1422 658 fuisset,
1458 608 1577 646 cum
1619 592 1906 661 spatiosam
1933 591 2072 645 viam

494 680 763 748 elegisset,
804 680 1239 750 supplicationem
1279 682 1433 737 offert
1460 683 1791 752 patriarcliaz,
1823 698 1886 737 ac
1911 683 2072 736 misc-

496 771 688 826 rabiles
736 788 894 827 voces
937 774 1092 828 simul
1136 785 1190 830 et
1241 777 1505 846 lacrymas
1556 777 1782 832 ubertim
1830 775 2072 830 effundit.

496 862 677 930 itaque
699 864 741 918 is
758 867 844 934 qui
872 866 937 920 ad
963 866 1220 921 Lazarum
1252 883 1310 922 se
1333 878 1666 932 convertere,
1700 869 1780 922 vel
1807 868 1957 922 illum
1983 884 2074 923 re-

495 955 700 1022 spicere
747 972 850 1010 non
890 957 1222 1028 dignabatur,
1255 976 1538 1030 pauperem
1579 961 1842 1030 abjcctum
1887 971 1939 1016 et
1986 963 2073 1028 ja-

497 1057 707 1100 centem
729 1049 777 1102 iu
793 1051 1072 1116 vestibulo,
1102 1051 1194 1104 scd
1223 1062 1275 1106 et
1308 1053 1479 1123 ipsum
1508 1049 1888 1124 propemodum
1919 1055 2072 1108 dete-

496 1138 735 1192 stabatur
762 1152 979 1210 propter
1022 1143 1257 1197 ulcerum
1299 1153 1493 1199 tetrum
1535 1145 1774 1208 odorem,
1819 1161 2074 1215 suamque

499 1231 800 1298 mollitiem,
847 1242 901 1287 et
947 1233 1186 1299 delicias,
1243 1237 1434 1306 quibus
1477 1238 1728 1292 continue
1778 1237 2070 1304 fruebatur,

498 1336 640 1374 nunc
663 1323 976 1391 patriarcha:
1003 1327 1265 1395 supplicat
1292 1337 1345 1382 et
1366 1328 1437 1381 ait
1470 1346 1482 1381 :
1517 1329 1672 1382 Pater
1684 1329 1958 1395 Abraham,
1980 1331 2076 1382 mi-

496 1427 659 1466 serere
687 1414 802 1479 mei,
827 1425 872 1468 et
907 1417 1045 1469 mitte
1072 1415 1344 1483 Lazarum,
1373 1427 1423 1471 ut
1452 1418 1666 1489 intingat
1695 1429 1967 1473 extremum
1991 1421 2073 1473 di-

497 1503 590 1572 giti
625 1505 706 1557 sui
747 1505 798 1558 in
837 1522 1041 1575 aquam,
1082 1517 1129 1561 et
1162 1509 1423 1578 refrigeret
1461 1509 1688 1580 linguam
1736 1512 2074 1580 meam;quia

497 1595 695 1648 crucior
720 1595 770 1648 in
796 1595 890 1650 hac
915 1598 1125 1666 ﬂamma
1157 1598 1303 1668 (Luc.
1337 1598 1423 1653 16.
1455 1598 1570 1667 24).
1596 1597 1940 1655 Sufﬁciehanl
1961 1601 2074 1655 haec

495 1683 656 1738 verba
711 1685 778 1738 ad
836 1687 1253 1741 misericordiam
1308 1690 1655 1757 movendam,
1709 1701 2072 1744 verumtamen

499 1774 629 1828 nihil
674 1774 788 1830 hac
833 1777 904 1830 illi
952 1776 1279 1845 profuerunt.
1327 1778 1699 1846 intempestiva
1743 1781 1939 1850 quippe
1979 1779 2075 1835 fuit

497 1866 786 1932 confessio,
817 1876 870 1921 et
911 1885 1014 1921 non
1047 1870 1381 1924 convcnienti
1413 1871 1588 1927 oblata
1617 1881 1856 1941 tempore
1884 1872 2074 1941 depre-

496 1957 656 2009 catio.
693 1956 860 2023 Mitte,
900 1957 1088 2029 inquit,
1114 1959 1371 2014 Lazarum
1404 1961 1548 2015 illum
1579 1977 1884 2031 pauperem,
1915 1978 2073 2032 quem

496 2055 653 2100 antea
689 2046 1014 2116 detestabar,
1049 2051 1136 2105 cui
1173 2051 1337 2107 micas
1379 2067 1483 2108 non
1520 2052 1861 2123 impcrtiebar
1885 2071 1898 2105 :
1926 2054 2072 2108 illum

496 2149 594 2189 oro
621 2152 780 2204 nunc,
812 2147 866 2193 et
897 2139 1120 2210 digitum
1148 2142 1298 2196 illum
1327 2143 1563 2212 requiro,
1606 2159 1764 2212 quem
1790 2150 1951 2199 canes
1973 2145 2074 2198 lin-

494 2226 710 2293 gebant.
759 2227 922 2284 Vides
977 2239 1032 2284 ut
1077 2232 1225 2286 illum
1274 2233 1591 2302 supplicium
1647 2235 2073 2304 compescuerit?

493 2318 658 2374 Vides
691 2335 849 2392 quam
889 2333 1170 2392 angustum
1211 2324 1276 2378 ad
1331 2327 1484 2378 tinem
1522 2326 1670 2380 illum
1719 2327 1950 2395 spatiosa
1989 2329 2071 2380 via

497 2409 796 2466 detulerit?
836 2413 1018 2483 Neque
1060 2429 1248 2484 preces
1289 2416 1444 2470 offert
1471 2416 1690 2482 Lazaro,
1723 2418 1815 2471 sed
1845 2420 2071 2487 patriar-

495 2501 612 2556 chae
635 2519 649 2568 ;
683 2505 874 2558 merito
900 2523 912 2558 :
943 2521 1114 2574 neque
1140 2508 1281 2561 enim
1303 2517 1485 2561 contra
1519 2525 1804 2578 pauperem
1831 2511 2073 2566 attollere

493 2594 677 2647 oculos
716 2594 964 2648 audebat.
1014 2595 1173 2652 Suam
1225 2598 1365 2651 enim
1409 2592 1843 2655 inhumanitatem
1892 2612 2072 2657 mente

491 2685 759 2750 versabat;
803 2695 856 2742 et
893 2688 1150 2756 cogitans,
1181 2705 1338 2758 quam
1379 2689 1850 2746 immisericordem
1895 2693 1966 2746 illi
2012 2708 2071 2749 se

491 2775 840 2845 exhibuisset,
883 2779 1053 2848 ipsum
1101 2795 1166 2834 ne
1204 2795 1464 2849 responso
1492 2780 1706 2851 quidem
1735 2797 1796 2836 se
1821 2782 2070 2851 dignatu-

494 2884 612 2922 rum
641 2871 1029 2939 suspicabatur.
1053 2871 1221 2938 Quam
1252 2873 1321 2928 ob
1346 2887 1558 2927 causam
1591 2889 1762 2944 neque
1800 2876 2069 2944 supplica-

492 2958 690 3013 tionem
721 2959 786 3014 ad
814 2961 964 3015 illum
991 2961 1191 3032 dirigit,
1236 2963 1330 3018 sed
1367 2965 1722 3034 patriarebam
1748 2966 2064 3022 obtestatur.

491 3047 598 3104 Sed
639 3066 705 3105 ne
745 3051 822 3105 sic
850 3052 1061 3121 quidem
1089 3053 1377 3124 quidquam
1408 3055 1672 3125 profecit:
1708 3066 1910 3113 tantum
1951 3075 2066 3113 ma-

488 3140 597 3194 lum
636 3149 718 3195 est
751 3141 1214 3212 intempestivitas,
1255 3154 1309 3200 et
1346 3161 1660 3203 concessum
1709 3149 1861 3205 nobis
1895 3166 1925 3204 a
1973 3152 2067 3206 Dei

488 3228 815 3300 benignitate
841 3232 907 3286 ad
934 3234 1119 3287 salutis
1142 3243 1340 3288 nostra:
1361 3237 1696 3292 occasionem
1727 3248 1937 3310 tempus
1969 3259 2066 3297 ne-

486 3321 708 3391 gligere.
753 3322 924 3388 Quem
979 3323 1120 3377 enim
1175 3324 1512 3380 adamantem
1573 3342 1678 3382 non
1730 3329 1846 3384 hmc
1900 3332 2062 3387 verba

485 3413 797 3478 flexissent,
845 3422 900 3468 et
950 3412 1018 3468 ad
1067 3415 1486 3472 misericordiam
1531 3427 1586 3474 et
1636 3423 2061 3491 compassioncm

483 3503 895 3558 commovissem
914 3504 938 3558 ?

554 3591 705 3648 Dives
742 3594 838 3648 sibi
866 3596 1112 3651 malorum
1135 3607 1331 3653 auctor.
1360 3629 1431 3641 —
1460 3601 1834 3660 Verumtamen
1876 3622 1942 3662 ne
1982 3609 2061 3665 sic

483 3685 695 3755 quidem
741 3689 925 3742 annuit
975 3691 1216 3760 petitioni
1267 3695 1596 3763 patriarcha,
1653 3698 1747 3752 sed
1802 3715 2061 3769 reSponso

482 3777 692 3848 quidem
723 3779 866 3834 illum
890 3783 1154 3852 dignatur,
1182 3785 1352 3856 ipsum
1382 3804 1508 3843 vero
1536 3789 1691 3845 docet
1715 3793 1814 3846 sibi
1845 3802 1920 3848 tot
1950 3810 2061 3850 ma-

483 3868 654 3922 lorum
687 3884 807 3924 eum
847 3882 1117 3928 auctorem
1149 3876 1436 3932 exstitisse.
1473 3879 1563 3933 Sic
1601 3881 1741 3934 enim
1772 3897 1892 3936 eum
1923 3885 2058 3939 allo-

481 3959 660 4029 quitur
684 3963 982 4030 patriarcha
1013 3982 1025 4014 :
1051 3963 1176 4032 Fili,
1207 3970 1493 4038 recordare,
1523 3973 1641 4041 quia
1671 3977 1902 4044 recepisti
1927 3978 2058 4031 bona

480 4060 567 4104 tua
601 4053 652 4105 in
681 4054 780 4107 vita
809 4063 915 4120 tua,
943 4067 991 4110 et
1017 4056 1243 4113 Lazarus
1271 4061 1498 4116 similiter
1527 4065 1662 4116 mala
1689 4081 1708 4119 :
1732 4083 1864 4120 nunc
1889 4079 2056 4123 autem

478 4141 560 4196 hic
602 4145 800 4213 quidem
845 4148 1150 4216 consolatur,
1193 4161 1245 4204 tu
1291 4166 1404 4205 vero
1437 4154 1696 4209 cruciaris.
1737 4154 1805 4209 Et
1842 4158 1911 4211 ad
1949 4161 2057 4213 Itwc

477 4234 648 4285 onmia
671 4234 800 4288 inter
827 4251 913 4290 vos
941 4247 986 4291 et
1015 4255 1105 4293 nos
1131 4240 1300 4295 hiatus
1325 4258 1535 4313 magnus
1561 4245 1855 4300 constitutus
1881 4261 1975 4311 est,
2001 4261 2054 4304 ut

477 4323 514 4376 ii
537 4326 624 4393 qui
651 4325 820 4379 uolunt
866 4328 983 4382 hinc
1018 4332 1233 4385 transire
1273 4333 1340 4385 ad
1379 4351 1482 4398 vos,
1516 4352 1614 4389 non
1642 4341 1852 4406 possint,
1899 4358 2055 4410 neque

476 4414 594 4467 inde
619 4414 728 4469 'huc
766 4427 1090 4474 transmeare.
1135 4422 1409 4479 Terribilia
1453 4436 1575 4480 sunt
1615 4427 1729 4483 haec
1772 4431 1952 4500 verba,
2000 4444 2054 4490 et

475 4518 591 4570 quae
641 4507 844 4572 possint
879 4523 992 4575 eos,
1035 4512 1225 4580 quibus
1271 4529 1366 4568 cor
1411 4518 1567 4587 sapit,
1599 4519 1876 4586 plurimum
1907 4539 2054 4578 com-

477 4609 714 4650 movere.
744 4596 874 4651 Nam
911 4609 967 4653 ut
991 4615 1113 4655 eum
1153 4602 1360 4670 doceat,
1395 4619 1455 4661 se
1492 4608 1702 4677 quidem
1733 4626 1882 4666 suam
1925 4628 2050 4683 erga

474 4687 621 4741 illum
654 4688 1069 4746 misericordiam
1112 4692 1384 4762 exhibere,
1433 4709 1590 4766 atque
1617 4701 1683 4754 ad
1722 4704 2050 4772 compatien-

473 4777 597 4832 dum
613 4778 828 4844 inﬂecti,
843 4780 968 4835 dum
988 4784 1366 4853 suppliciorum
1383 4788 1872 4859 cernitgravitatem
1889 4809 1903 4847 :
1921 4795 2048 4850 nihil

471 4880 648 4926 tamen
695 4871 868 4926 solatii
894 4876 1134 4944 praebere
1157 4891 1332 4946 posse,
1359 4892 1522 4947 seque
1549 4883 1928 4950 propemodum
1955 4902 2049 4940 ex-

469 4975 662 5034 cusans
689 4963 782 5028 illi,
810 4963 1038 5031 Vellem,
1066 4966 1256 5038 inquit,
1294 4985 1508 5024 manum
1543 4971 1634 5027 tibi
1663 4975 1953 5045 porrigere,
1983 4992 2048 5033 ac

467 5052 680 5109 dolores
707 5057 966 5126 mitigare.
996 5068 1051 5114 et
1090 5062 1404 5129 peracerbas
1441 5079 1625 5134 pmnas
1661 5065 1918 5131 minuere,
1951 5069 2046 5125 sed

467 5154 521 5199 tu
552 5148 888 5216 temetipsum
912 5150 1228 5220 jampridem
1255 5170 1320 5209 eo
1349 5157 1539 5211 solatio
1566 5157 1777 5227 privasti
1803 5176 1816 5212 :
1847 5161 2046 5218 idcirco

467 5239 539 5293 ait
569 5257 582 5293 :
613 5240 741 5307 Fili,
786 5243 1078 5300 recordare.
1103 5243 1238 5301 Vide
1279 5246 1567 5304 bonitatem
1619 5251 1952 5320 patriarchae,
1987 5253 2046 5306 fl-

466 5329 594 5388 lium
651 5336 824 5404 ipsum
866 5347 1039 5392 vocat.
1087 5337 1466 5396 Verumtamen
1521 5343 1623 5396 hoc
1675 5345 1889 5412 quidem
1929 5346 2044 5414 ejus

466 5421 846 5484 humanitatem
873 5439 1049 5499 potest
1079 5431 1383 5498 ostendere,
1421 5433 1512 5486 sed
1551 5433 1756 5488 nullum
1790 5435 2042 5490 auvilium

466 5515 628 5584 ferre,
677 5520 818 5588 quod
864 5521 1099 5592 seipsum
1143 5523 1254 5592 ipse
1302 5524 1613 5592 prodiderit.
1671 5526 1798 5594 Fili,
1848 5527 2036 5596 inquit,

461 5608 747 5676 recordare,
778 5611 896 5680 quia
936 5615 1167 5684 recepisti
1197 5625 1251 5668 tu
1290 5614 1422 5670 bona
1451 5627 1537 5669 tua
1565 5617 1616 5670 in
1656 5619 1757 5672 vita
1798 5629 1904 5672 tua.
1933 5617 2040 5673 Ve-

464 5703 616 5754 niant
637 5699 732 5756 tibi
770 5702 823 5755 in
852 5711 1085 5758 mentem
1116 5708 1402 5777 praeterita,
1431 5707 1535 5763 noli
1565 5708 1801 5765 oblivisci
1827 5712 2038 5782 quantis

1198 293 1254 347 s.
1292 252 1568 349 massis
1589 289 2059 349 cnuvsosrout
2095 291 2412 350 ARCﬂlEP.
2451 287 2976 348 CONSTANTINOP.

3612 287 3746 344 105?.

2181 403 2388 459 deliciis
2409 402 2608 473 potitus
2642 400 2826 467 fueris,
2863 407 3058 470 quanta
3094 398 3386 469 voluptate,
3415 406 3608 467 quanta
3633 416 3747 452 ma-

2180 493 2482 565 gnilicenlia
2511 510 2525 546 :
2551 506 2658 562 quo
2687 500 2840 563 pacto
2869 489 3118 560 ingluviei
3143 498 3302 559 atque
3329 489 3568 544 ebrietati
3597 491 3751 542 dedi-

2181 593 2266 640 tus
2291 599 2505 651 semper
2523 585 2741 650 vixeris,
2771 598 2890 638 cum
2917 583 2968 637 in
2999 596 3157 637 omne
3183 598 3354 637 aivum
3397 592 3446 636 te
3470 580 3764 635 fruiturum

2183 674 2288 729 illis
2307 675 2660 739 existimares,
2689 685 2743 729 et
2769 675 2857 728 illa
2879 689 2997 728 esse
3022 673 3159 727 bona
3185 682 3466 726 statueres.
3493 672 3570 725 Ex
3590 672 3767 738 ipsius

2178 768 2438 822 sententia
2467 783 2778 838 responsum
2809 767 2881 820 illi
2908 765 3072 821 dedit.
3093 764 3226 818 Cum
3252 764 3396 818 enim
3420 763 3510 817 ille
3529 761 3770 816 sublime

2180 856 2310 911 nihil
2350 859 2656 927 conciperet
2699 860 2896 924 animo,
2938 873 3110 926 neque
3149 857 3285 908 mala
3315 855 3507 920 futura,
3537 871 3661 924 qua:
3705 857 3774 908 il-

2179 947 2287 1001 lum
2315 960 2598 1018 exceptura
2630 960 2829 1015 essent,
2871 947 2972 1004 sibi
3007 935 3132 1001 ante
3171 945 3355 1002 oculos
3391 957 3635 1014 poneret,
3671 946 3772 1000 illa

2177 1053 2298 1093 esse
2323 1038 2460 1093 bona
2487 1040 2759 1094 censebat.

2248 1130 2302 1185 5.
2343 1130 2456 1186 Hoc
2482 1132 2624 1186 enim
2665 1131 2900 1202 plerique
2922 1130 3104 1186 dicere
3131 1129 3276 1185 soliti
3315 1136 3456 1195 sunt,
3486 1128 3576 1198 qui
3620 1128 3767 1182 deli-

2178 1221 2290 1277 cias
2314 1231 2369 1277 et
2391 1225 2674 1293 ingluviem
2703 1225 2767 1280 ad
2790 1233 3058 1294 stuporem
3088 1224 3367 1287 mirantur,
3396 1224 3571 1277 multis
3600 1221 3792 1291 potiti.

2179 1313 2372 1367 fuimus
2409 1315 2584 1382 bonis,
2629 1319 2673 1370 si
2703 1317 2914 1386 quando
2939 1330 3175 1370 summas
3213 1315 3430 1369 delicias
3467 1316 3632 1368 velint
3658 1331 3764 1369 ex-

2179 1405 2429 1475 primere.
2459 1406 2577 1460 Noli
2605 1407 2717 1461 haec
2737 1407 3044 1476 simpliciter
3066 1407 3203 1460 bona
3232 1420 3440 1468 vocare.
3469 1405 3540 1458 mi
3569 1405 3768 1469 homo,

2178 1497 2273 1552 sed
2301 1498 2472 1567 cogita
2501 1499 2614 1553 haec
2649 1513 2679 1552 a
2715 1499 2943 1554 Domino
2967 1498 3088 1552 data
3115 1513 3250 1562 esse,
3295 1505 3352 1550 ut
3379 1497 3455 1550 eis
3480 1497 3765 1550 moderate

2179 1596 2386 1644 utentes
2413 1588 2572 1643 vitam
2599 1597 2836 1643 nostram
2869 1595 3132 1654 tueamur,
3163 1597 3217 1642 et
3257 1587 3617 1642 infirmitatem
3640 1602 3767 1640 cor-

2178 1679 2322 1747 poris
2347 1688 2706 1734 sustentemus
2729 1697 2741 1732 :
2773 1679 2874 1733 alia
2894 1693 3022 1732 vero
3046 1688 3169 1732 sunt
3195 1693 3319 1732 vere
3345 1678 3503 1732 bona.

2253 1769 2380 1836 Qua:
2397 1772 2498 1824 sint
2521 1787 2632 1825 vere
2653 1773 2801 1825 bona.
2824 1799 2898 1810 —
2921 1769 3059 1828 Nihil
3079 1769 3274 1840 quippe
3303 1770 3522 1824 istorum
3553 1769 3760 1823 bonum

2177 1869 2280 1928 est,
2311 1877 2417 1916 non
2446 1862 2650 1917 delicia:
2674 1903 2690 1930 ,
2721 1878 2824 1918 non
2855 1863 3085 1930 divitiae,
3119 1878 3224 1917 non
3255 1864 3637 1932 sumptuositas
3660 1878 3761 1917 ve-

2177 1954 2373 2018 stium,
2423 1953 2516 2008 sed
2564 1955 2735 2007 solmn
2785 1969 2978 2009 nomen
3025 1953 3240 2009 habent.
3267 1953 3401 2021 Quid
3431 1964 3611 2009 autem
3640 1954 3763 2008 dico

2177 2043 2347 2096 solum
2377 2059 2439 2098 ea
2480 2057 2672 2098 nomen
2703 2045 2938 2100 habere?
2967 2046 3060 2099 illa
3091 2061 3217 2099 vero
3242 2060 3612 2114 smpenumero
3641 2061 3762 2113 pcr-

2177 2135 2369 2189 niciem
2401 2136 2552 2190 nobis
2571 2148 2876 2204 accersunt,
2905 2140 2948 2192 si
2974 2138 3187 2208 quando
3209 2137 3355 2206 ipsis,
3385 2152 3492 2190 non
3519 2147 3576 2190 ut
3601 2151 3762 2206 Opor-

2178 2235 2279 2291 tet,
2311 2239 2538 2284 utamur.
2565 2229 2695 2284 Nam
2724 2232 2921 2286 divitia:
2957 2231 3109 2285 bona:
3134 2239 3353 2300 possunt
3378 2244 3500 2284 esse
3546 2244 3761 2299 posses-

2176 2316 2320 2383 sori,
2369 2320 2580 2390 quando
2624 2337 2730 2375 non
2776 2323 2828 2375 in
2879 2322 3102 2376 delicias
3148 2331 3350 2375 tantum
3390 2321 3545 2385 illas,
3578 2336 3680 2374 nec
3708 2321 3759 2373 in

2176 2408 2486 2464 ebrietatem
2527 2421 2584 2466 et
2627 2412 2814 2466 noxias
2851 2413 3149 2482 voluptates
3193 2411 3475 2478 expendit,
3515 2411 3614 2466 sed
3639 2427 3760 2468 cum

2175 2499 2381 2556 deliciis
2442 2503 2714 2560 moderate
2759 2504 3070 2574 perfruens,
3121 2504 3319 2574 reliqua
3364 2504 3418 2558 in
3466 2519 3756 2575 pauperum

2173 2602 2386 2649 ventres
2415 2595 2720 2662 distribuit,
2749 2607 2860 2651 tum
2888 2597 3041 2651 bona:
3066 2605 3190 2650 sunt
3217 2596 3434 2650 divitiae.
3457 2596 3552 2650 Sin
3579 2605 3755 2648 autem

2174 2684 2408 2753 seipsum
2436 2689 2554 2756 quis
2583 2689 2787 2744 deliciis
2818 2703 2880 2742 ac
2908 2689 3116 2744 caneris
3153 2688 3458 2741 libidinibus
3482 2688 3754 2742 dedituros

2172 2775 2261 2841 sit,
2285 2791 2390 2830 non
2423 2779 2583 2834 modo
2613 2781 2745 2835 nihil
2768 2782 2817 2836 ei
2846 2791 3092 2851 prosunt,
3125 2781 3221 2837 sed
3248 2781 3406 2836 etiam
3439 2781 3492 2834 in
3535 2779 3746 2849 profun-

2172 2866 2298 2921 dum
2326 2868 2470 2922 illum
2501 2870 2808 2926 barathrum
2838 2873 3160 2942 prmcipitem
3188 2883 3347 2941 agunt
3372 2890 3386 2926 :
3418 2871 3564 2940 quod
3590 2881 3645 2927 et
3669 2871 3751 2924 isti

2172 2961 2320 3019 diviti
2344 2963 2554 3018 accidit.
2583 2965 2750 3031 Quam
2791 2966 2862 3020 ob
2902 2981 3114 3020 causam
3144 2965 3270 3020 dicit
3305 2965 3376 3017 illi
3411 2963 3748 3033 patriarcha:

2172 3059 2299 3127 Fili,
2327 3058 2612 3125 recordare,
2643 3060 2762 3130 quia
2787 3060 3016 3129 recepisti
3043 3060 3172 3114 bona
3200 3069 3289 3111 tua
3313 3059 3366 3110 in
3393 3058 3493 3110 vita
3521 3067 3631 3110 tua.
3662 3056 3748 3110 Illa

2170 3175 2289 3229 quze
2317 3176 2442 3216 vere
2468 3161 2604 3215 bona
2635 3176 2754 3216 esse
2792 3160 3052 3216 censebas
3101 3156 3382 3228 recepisti,
3425 3165 3479 3209 et
3523 3155 3756 3210 Lazarus

2169 3252 2415 3308 similiter
2443 3254 2577 3307 mala
2610 3270 2624 3308 :
2654 3269 2761 3307 non
2788 3252 2928 3322 quod
2953 3267 3016 3306 ea
3042 3251 3273 3305 Lazarus
3300 3247 3438 3302 maia
3473 3256 3748 3310 censeret,

2167 3345 2340 3410 absit,
2370 3345 2462 3399 sed
2499 3361 2561 3400 ex
2591 3346 2758 3414 ipsius
2784 3345 2966 3398 divitis
2993 3343 3252 3398 sententia
3285 3340 3384 3394 hoc
3411 3339 3572 3394 etiam
3601 3337 3743 3406 adje-

2166 3437 2238 3492 cit
2264 3455 2276 3491 :
2307 3437 2564 3505 siquidem
2594 3437 2681 3491 ille
2705 3453 2822 3490 cum
2847 3435 2984 3489 hanc
3004 3435 3141 3505 apud
3162 3449 3219 3488 se
3242 3432 3557 3488 sententiam
3583 3440 3747 3482 ratam

2167 3528 2461 3595 habuisset,
2489 3544 2616 3600 opes
2636 3545 2699 3583 ac
2717 3529 2958 3593 delicias,
2984 3528 3252 3582 lasciviam
3275 3533 3330 3580 et
3353 3540 3565 3580 omnem
3588 3523 3745 3575 alium

2165 3620 2289 3676 vitae
2334 3621 2514 3675 luxum
2558 3621 2697 3676 bona
2741 3635 2862 3676 esse
2891 3619 3119 3674 ducebat
3149 3637 3162 3673 :
3191 3627 3552 3688 paupertatem
3584 3630 3742 3679 vero,

2167 3713 2359 3767 famem
2391 3722 2444 3768 et
2473 3713 2750 3767 adversam
2778 3711 3132 3767 valetudinem
3176 3710 3310 3763 mala
3350 3724 3472 3764 esse
3507 3707 3732 3774 suspica-

2165 3803 2337 3858 batur.
2362 3803 2526 3858 Pront
2553 3803 2710 3872 igitur
2734 3802 3082 3858 cxistimabas
3101 3842 3115 3866 ,
3146 3809 3199 3856 et
3227 3801 3416 3853 falsum
3451 3797 3574 3852 illud
3601 3796 3743 3865 judi-

2161 3894 2301 3949 cium
2327 3892 2750 3964 amplectebaris,
2777 3893 3060 3949 recordare
3103 3903 3152 3946 te
3178 3908 3240 3946 cx
3264 3900 3355 3944 tuo
3376 3890 3586 3944 calculo
3607 3889 3740 3943 bona

2163 3987 2249 4041 illa
2274 3986 2538 4054 recepisse
2558 4027 2573 4050 ,
2605 4001 2725 4040 cum
2754 4001 2846 4054 per
2871 3986 3030 4040 latam
3061 3999 3122 4040 ac
3159 3985 3448 4053 spatiosam
3477 3984 3615 4036 viam
3659 3982 3761 4049 ἰιιο,

2160 4075 2403 4142 cederes,
2430 4085 2484 4130 et
2512 4075 2770 4130 Lazarum
2801 4075 3048 4130 similiter
3068 4075 3200 4128 mala
3227 4088 3289 4128 ex
3320 4073 3601 4126 ratiocinio
3628 4070 3759 4135 tno,‘

2160 4169 2284 4224 dum
2312 4180 2590 4238 angustum
2635 4178 2688 4224 et
2731 4178 2934 4223 arctum
2979 4169 3082 4223 iter
3127 4166 3432 4220 conficeret.
3480 4164 3738 4232 Quoniam

2159 4259 2319 4329 igitur
2341 4269 2392 4313 tu
2426 4261 2522 4314 vite
2549 4267 2752 4312 tantum
2775 4257 2976 4312 aditum
3003 4255 3302 4325 spectabas,
3328 4254 3414 4308 hic
3435 4269 3563 4309 vero
3583 4254 3736 4306 ﬁnem

2158 4349 2512 4418 respiciebat,
2553 4364 2728 4418 neque
2759 4347 3107 4418 negligentior
3135 4354 3350 4414 propter
3391 4345 3596 4397 aditum
3644 4343 3736 4395 vim

2155 4439 2494 4500 reddebatur,
2525 4448 2801 4509 propterea
2847 4453 2989 4491 nunc
3027 4437 3336 4491 consolatur
3365 4434 3465 4488 hoc
3505 4436 3555 4487 in
3588 4435 3732 4494 loco.

2159 4538 2211 4582 tn
2243 4545 2369 4584 vero
2395 4531 2670 4594 cruciaris,
2698 4541 2751 4584 et
2779 4529 2907 4584 lines
2935 4528 3033 4582 sibi
3065 4529 3285 4582 invicem
3309 4524 3605 4581 contrarios
3630 4539 3736 4577 sor-

2155 4621 2235 4675 titi
2257 4622 2404 4676 estis.
2430 4621 2650 4677 Vidistis
2679 4622 2851 4691 reipsa
2889 4621 3136 4688 spatiosa?
3163 4635 3225 4674 ac
3262 4620 3382 4672 latae
3407 4619 3504 4670 vice
3537 4617 3698 4670 finem
3716 4657 3732 4681 ,

2153 4721 2208 4767 et
2235 4727 2341 4782 quo
2381 4723 2537 4783 pacto
2563 4719 2798 4782 angusta:
2828 4719 2997 4781 portae
3021 4751 3036 4777 ,
3067 4719 3122 4764 et
3149 4717 3313 4762 arctte
3338 4708 3441 4761 via:
3464 4706 3591 4760 felix
3636 4715 3734 4760 ter-

2152 4803 2328 4857 minus
2355 4818 2476 4857 eum
2506 4802 2777 4869 exceperit
2805 4801 2892 4871 qui
2925 4800 3092 4870 ipsam
3120 4800 3376 4868 elegerat;
3405 4797 3588 4852 audite
3615 4812 3734 4865 ergo

2151 4902 2207 4950 et
2230 4909 2540 4962 responsum
2571 4893 2698 4947 illud
2729 4893 3050 4946 terribilius:
3081 4890 3146 4944 Et
3184 4891 3252 4942 ad
3277 4889 3383 4942 haec
3408 4889 3618 4954 omnia,
3655 4888 3732 4940 in-

2151 4984 2297 5054 quit,
2326 4986 2454 5038 inter
2479 5001 2569 5038 nos
2599 4994 2646 5038 et
2671 4999 2756 5037 vos
2791 4983 2958 5037 hiatus
2987 4999 3201 5052 magnus
3227 4980 3530 5034 constitutus
3553 4991 3657 5044 est,
3683 4989 3732 5030 ut

2151 5074 2190 5128 ii
2215 5075 2300 5146 qui
2329 5074 2501 5128 volunt
2527 5075 2643 5128 hinc
2671 5075 2886 5128 transire
2909 5074 3030 5127 illuc
3056 5089 3157 5126 non
3188 5071 3399 5140 possint,
3431 5087 3596 5140 neque
3619 5070 3728 5123 inde

2151 5165 2248 5219 huc
2277 5176 2603 5219 transmeare.
2626 5164 2703 5219 Ne
2733 5175 2932 5218 temere
2957 5171 3353 5232 praetereamus,
3375 5159 3724 5219 dilectissimi,

2150 5256 2292 5324 quod
2319 5254 2517 5309 dictum
2543 5262 2653 5320 est,
2681 5253 2776 5308 sed
2819 5262 3058 5308 exactam
3105 5251 3362 5305 orationis
3408 5251 3515 5302 vim
3557 5256 3728 5302 mente

2148 5361 2444 5413 versemus,
2474 5355 2528 5401 et
2551 5354 2747 5415 quanto
2778 5342 3076 5414 perfruatur
3102 5343 3332 5405 honore,
3362 5349 3566 5410 quanta
3594 5337 3728 5392 sedis

2148 5439 2520 5509 prmrogativa,
2553 5438 2643 5508 qui
2673 5452 2768 5507 pro
2793 5437 3055 5492 vestibulo
3076 5434 3320 5505 iacebat,
3358 5433 3449 5488 ille
3491 5431 3729 5500 abjectus

2147 5537 2201 5582 et
2231 5544 2451 5599 panper,
2480 5530 2570 5584 ille
2598 5529 2687 5600 qui
2718 5529 2856 5583 fame
2891 5527 3315 5594 conflictabatur,
3345 5524 3436 5580 ille
3461 5523 3732 5579 ulceribus

2147 5620 2406 5690 Oppletus.
2435 5628 2492 5676 et
2515 5621 2736 5676 canibus
2757 5619 3050 5689 expositus.

2222 5709 2343 5767 Non
2388 5729 2632 5785 pauperes
2674 5722 2719 5767 et
2763 5711 2929 5782 μητίειὶ
2971 5711 3137 5765 miseri
3197 5720 3332 5764 sunt.
3357 5739 3424 5748 —
3453 5696 3732 5756 ιυὺεωετ
