4032 6198
349 329 482 386 1051

343 442 531 500 στενὸν
584 439 1031 512 καταστρέψαντα
1077 439 1232 503 τέλος
1255 455 1269 470 ·
1329 438 1416 491 ἐπ’
1460 438 1670 509 ἐκείνου
1727 435 1784 489 δὲ
1838 434 1906 488 τά

339 525 562 581 ἐναντία
598 522 1000 593 συμϐεϐηκότα,
1029 523 1123 576 καὶ
1139 521 1229 575 διὰ
1254 521 1354 592 τὴν
1378 518 1612 573 ἐνταῦθα
1635 516 1909 587 ὑπομονὴν

339 608 452 662 τῶν
478 607 807 678 ἀπορρήτων
843 604 1067 659 ἐκείνων
1084 603 1312 673 ¹ἀγαθῶν
1336 603 1502 656 αὐτὸν
1524 600 1868 655 ἀπολαύοντα
1890 614 1904 627 ⁸

340 695 438 746 καὶ
462 693 520 744 ἐν
551 689 831 760 ἀμηχανίᾳ
856 687 1116 757 γεγονὼς,
1147 687 1243 742 καὶ
1273 689 1340 757 τῇ
1390 686 1556 756 πείρᾳ
1587 683 1775 755 μαθὼν
1808 682 1909 752 τὴν

316 772 578 843 ἀπάτην,
616 771 684 842 ἢν
721 771 977 840 ὑπέμεινε
1022 770 1089 824 δι’
1124 770 1246 824 ὅλου
1286 770 1387 840 τὴν
1439 766 1751 839 εὐρύχωρον
1792 763 1908 817 ὁδὸν

340 857 612 926 ἐλόμενος,
640 853 918 924 ἱκετηρίαν
941 852 1123 925 τίθησι
1149 852 1286 923 πρὸς
1308 853 1401 905 τὸν
1423 849 1787 920 πατριάρχην,
1814 846 1909 899 καὶ

339 936 550 990 ἐλεεινὰ
601 935 896 1005 φθέγγεται
927 936 1167 1008 ῥήματα,
1222 934 1316 987 καὶ
1364 931 1616 1003 δακρύων
1645 930 1905 999 γέμοντα.

340 1021 453 1073 Καὶ¹
478 1021 508 1072 6
537 1019 645 1089 πρὸ
690 1017 880 1071 τούτου
914 1018 1047 1088 μηδέ
1084 1016 1564 1089 ἐπιστρεφόμενος,
1601 1011 1736 1083 μηδέ
1781 1010 1908 1064 ἰδεῖν

326 1103 667 1173 ἀνεχόμενος
703 1100 794 1155 τὸν
843 1100 1113 1171 Λάζαρον,
1155 1099 1250 1153 τόν
1291 1099 1500 1168 πένητα
1522 1138 1538 1161 ,
1582 1097 1675 1150 τὸν
1721 1097 1780 1148 ἐν
1829 1093 1909 1165 τῷ

342 1185 549 1239 πυλῶνι
581 1183 930 1255 ἐρριμμένον,
960 1184 1095 1238 ἀλλά
1135 1184 1230 1236 καὶ
1278 1180 1696 1253 βδελυττόμενος
1722 1178 1906 1245 αὐτὸν,

341 1269 419 1331 ὡς
445 1268 640 1327 εἰπεῖν,
688 1266 774 1320 διὰ
813 1266 915 1337 τὴν
954 1265 1065 1319 τῶν
1098 1264 1271 1318 ἑλκῶν
1317 1263 1606 1328 δυσωδίαν,
1662 1262 1759 1315 καὶ
1807 1261 1908 1330 τὴν

341 1350 550 1403 οἰκείαν
581 1348 858 1418 βλακείαν,
892 1350 954 1402 ἐν
988 1343 1311 1421 ᾖδιηνεκῶς
1352 1346 1573 1421 τρυφῶν
1612 1345 1786 1416 διῆγε,
1812 1345 1909 1399 νῦν

342 1432 575 1487 ἱκετεύει
595 1433 682 1486 τὸν
712 1431 1075 1503 πατριάρχην,
1112 1430 1205 1484 καί
1224 1446 1356 1500 φησι
1380 1446 1396 1461 ο
1425 1430 1616 1498 Πάτερ
1640 1428 1904 1499 Ἀϐραὰμ,

340 1515 609 1584 ἐλέησόν
628 1532 728 1584 με,
760 1514 859 1569 καί
890 1513 1134 1582 πέμψον
1179 1511 1464 1580 Λάζαρον,
1500 1512 1601 1565 ἵνα
1622 1511 1801 1580 ,ϐάψῃ
1838 1511 1907 1565 τὸ

342 1601 529 1665 ἄκρον
553 1599 659 1652 τοῦ
678 1597 980 1652 δακτύλου
1003 1596 1190 1651 αὐτοῦ
1219 1590 1460 1662 ὕδατος,
1474 1597 1572 1649 καὶ
1590 1596 1907 1666 καταψύξῃ

342 1686 460 1751 τὴν
489 1680 777 1752 γλῶσσάν
818 1699 959 1751 μου,
1010 1679 1101 1734 ὅτι
1143 1678 1443 1748 ὀδυνῶμαι
1489 1679 1559 1733 ἐν
1611 1677 1688 1747 τῇ
1730 1680 1909 1748 φλογί

346 1769 552 1835 ταύτῃ.
594 1761 773 1818 Ἱκανὰ
794 1763 861 1817 τά
899 1765 1116 1835 ῥήματα
1151 1764 1229 1826 εἰς
1259 1758 1436 1814 οἶκτον
1463 1761 1905 1831 ἀφελκύσασθαι·

345 1849 464 1904 ἀλλ’
482 1851 630 1920 ὅμως
653 1848 772 1902 οὐδὲ
801 1846 970 1911 οὕτως
992 1845 1167 1917 ὤνησέ
1192 1864 1244 1899 τι
1271 1846 1459 1899 πλέον·
1485 1846 1713 1917 άκαιρος
1737 1844 1845 1916 γὰρ
1872 1847 1905 1916 ή

343 1934 728 2005 ἐξομολόγησις
776 1932 872 1984 καὶ
919 1933 953 2001 ή
1003 1930 1345 2001 παράκλησις
1393 1930 1493 1983 οὐκ
1542 1932 1599 1983 ἐν
1630 1928 1808 2000 καιρῷ
1833 1928 1910 1999 τῷ

342 2019 515 2071 δέοντι
546 2015 825 2086 γινομένη.
857 2012 1097 2085 Πέμψον,
1118 2014 1269 2083 φησὶ,
1294 2013 1385 2065 τὸν
1408 2011 1657 2083 Λάζαρον
1681 2013 1910 2074 ἐκεῖνον,

341 2103 435 2155 τὸν
464 2102 688 2171 πένητα,
738 2098 798 2151 ὃν
845 2097 952 2168 πρὸ
999 2097 1191 2151 τούτου
1238 2096 1652 2168 ἐϐδελυττόμην,
1703 2089 1747 2162 ᾧ
1804 2093 1913 2148 τῶν

342 2185 539 2254 ψιχίων
570 2187 633 2237 οὐ
670 2181 1009 2254 μετεδίδουψ
1037 2180 1249 2234 ἐκείνου
1297 2180 1486 2250 δέομαι
1519 2180 1633 2244 νῦν,
1681 2177 1777 2232 καὶ
1821 2177 1913 2230 τὸν

343 2265 604 2321 δάκτυλον
636 2267 838 2328 ἐκεῖνον
861 2261 1125 2335 ἐπιζητῶ,
1158 2262 1217 2317 δν
1246 2264 1294 2316 οἰ
1320 2262 1480 2326 κύνες
1506 2262 1731 2331 ἐλειχον.
1761 2256 1914 2323 Εἶδες

345 2349 463 2411 πῶς
499 2345 834 2400 συνέστειλεν
879 2345 1040 2399 αὐτὸν
1068 2347 1103 2416 ἡ
1154 2345 1428 2416 τιμωρίας
1475 2340 1615 2408 εἶδες
1671 2343 1786 2406 πῶς
1834 2344 1915 2406 εἰς

347 2431 532 2484 στενὸν
558 2430 710 2493 τέλος
738 2430 1073 2500 κατήντησεν
1104 2429 1137 2500 ή
1167 2427 1480 2498 εὐρύχωρος
1530 2428 1682 2493 όδός;
1718 2426 1827 2479 Καὶ
1850 2428 1912 2479 οὐ

345 2516 579 2566 ποιεῖται
608 2512 743 2583 πρὸς
773 2511 865 2564 τδν
888 2511 1135 2580 Λάζαρον
1166 2512 1265 2582 τὴν
1293 2509 1593 2580 ἱκετηρίαν,
1616 2508 1752 2563 ἀλλὰ
1780 2508 1916 2579 πρὸς

344 2599 439 2651 τδιν
488 2598 851 2668 πατριάρχην.
924 2595 1203 2659 Εἰκότως’
1267 2594 1387 2647 οὐδὲ
1434 2593 1545 2664 γὰρ
1599 2591 1916 2660 ἀντιϐλέψαι

346 2681 548 2751 ἐτόλμα
581 2679 657 2750 τῷ
687 2681 900 2749 πένητι.
939 2677 1167 2730 Ἐνενόει
1195 2676 1325 2747 γὰρ,
1368 2672 1544 2746 οἶμαι,
1589 2676 1688 2746 τὴν
1712 2676 1918 2728 οἰκείαν

347 2762 766 2834 ἀπανθρωπίαν,
809 2762 903 2815 καὶ
932 2760 995 2813 τὸ
1018 2759 1243 2830 ἀνηλεές
1285 2760 1635 2829 λογιζόμενος
1672 2759 1808 2829 ὅπερ
1838 2760 1917 2821 εἰς

348 2845 515 2900 αὐτὸν
545 2844 876 2909 ἐπεδείξατο,
911 2844 1231 2897 ὑπώπτευεν
1261 2842 1422 2895 αὐτὸν
1453 2842 1581 2905 ίσως
1610 2840 1744 2912 μηδὲ
1784 2841 1920 2893 ἀπο-

349 2930 585 3000 κρίσεως
606 2927 809 2994 ἀξιοῦν.
833 2926 932 2980 Διά
948 2943 1046 2995 ,τοι
1073 2926 1231 2978 τοῦτο
1254 2925 1373 2977 οὐδὲ
1395 2924 1529 2995 πρὸς
1563 2923 1722 2977 αὐτὸν
1750 2924 1921 2975 ποιεῖ-

348 3030 442 3066 ται
496 3012 594 3083 τὴν
644 3011 1024 3086 παράκλησιν,
1078 3008 1215 3063 ἁλλά
1257 3008 1347 3062 τὸν
1390 3008 1734 3077 πατριάρχην
1769 3006 1918 3079 [797]

352 3094 608 3149 ἰκετεύει.
652 3094 791 3147 Ἀλλ’
819 3094 968 3164 ὅμως
996 3092 1116 3145 οὐδέ
1144 3090 1318 3153 οὓτως
1350 3090 1610 3159 ἐκέρδανέ
1648 3106 1701 3143 τι
1735 3090 1915 3144 πλέον.

350 3176 616 3229 Τοσοῦτον
646 3177 812 3230 κακόν
836 3178 980 3229 ἐστιν
1003 3176 1036 3246 ἡ
1065 3173 1311 3244 ἀκαιρία,
1338 3174 1432 3225 καὶ
1455 3173 1516 3224 τὸ
1533 3170 1623 3225 τὸν
1642 3172 1921 3243 δεδομένον

350 3263 483 3331 ἡμῖν
512 3261 607 3331 τῆς
635 3260 780 3330 ζωῆς
812 3258 1001 3330 καιρὸν
1028 3258 1178 3328 παρά
1206 3257 1303 3327 τῆς
1331 3254 1425 3308 τοῦ
1453 3256 1587 3308 Θεοῦ
1618 3254 1923 3326 φιλανθρω-

351 3347 483 3408 πίας
507 3346 585 3408 εἰς
613 3347 707 3414 τὴν
739 3343 839 3413 τῆς
868 3342 1144 3414 ἡμετέρας
1177 3341 1447 3413 σωτηρίας
1492 3340 1745 3394 ὑπόθεσιν
1792 3358 1924 3413 προ-

350 3428 572 3483 διδόναι.
598 3428 756 3481 Ποῖον
776 3426 882 3497 γὰρ
904 3424 1184 3495 ἀδάμαντα
1206 3423 1305 3477 οὐκ
1325 3423 1391 3477 ἂν
1408 3423 1725 3494 κατέκαμψε
1750 3424 1924 3478 ταῦτα

350 3512 423 3567 τὰ
452 3514 694 3584 ῥήματα,
724 3511 819 3565 καὶ
846 3512 926 3574 εἰς
949 3505 1129 3562 οἶκτον
1154 3507 1249 3561 καὶ
1294 3506 1640 3578 συμπάθειαν
1670 3508 1878 3579 ἤγαγεν
1906 3525 1921 3574 ;

439 3595 578 3648 Ἀλλ’
617 3597 767 3664 ὅμως
808 3593 927 3646 οὐδέ
952 3591 1125 3657 οὕτως
1157 3593 1185 3645 6
1213 3591 1556 3664 πατριάρχης
1585 3590 1825 3645 ἐπινεύει
1856 3594 1922 3663 τῇ

354 3679 591 3750 αἰτήσει,
619 3676 732 3730 ἀλλ’
764 3675 1107 3747 ἀποκρίσεως
1135 3675 1232 3745 μὲν
1269 3675 1431 3728 αὐτὸν
1473 3675 1635 3741 ἀξιοῖ,
1681 3674 1924 3728 διδάσκει

354 3762 412 3815 δὲ
435 3762 597 3814 αὐτὸν
633 3761 714 3813 ὅτι
737 3759 898 3822 αὐτὸς
930 3754 1108 3835 ἐαυτῷ
1145 3756 1317 3820 αἴτιος
1345 3755 1548 3811 τούτων
1571 3757 1789 3825 ἐγένετο
1814 3757 1925 3812 τῶν

356 3844 560 3899 κακῶν.
590 3845 727 3915 Φησὶ
754 3842 864 3913 γὰρ
888 3841 1024 3911 πρὸς
1054 3839 1216 3893 αὐτὸν
1246 3841 1275 3893 6
1305 3838 1921 3912 πατριάρχηςσΐέκνον,

348 3927 656 3997 μνήσθητι
693 3926 783 3980 ὅτι
811 3925 1108 3989 ἀπέλαϐες
1133 3922 1205 3977 τὰ
1238 3921 1430 3992 ἀγαθά
1454 3936 1572 3976 σου
1619 3923 1690 3977 έν
1712 3921 1788 3992 τῇ
1812 3922 1927 3992 ζ’ωῇ

355 4026 497 4075 σου,
533 4010 632 4063 καὶ
662 4007 920 4077 Λάζαρος
942 4008 1155 4077 ὁμοίως
1186 4005 1260 4060 τὰ
1280 4005 1466 4060 κακά·
1498 4006 1615 4060 νῦν
1634 4005 1703 4059 δέ
1750 4009 1783 4059 ό
1809 4006 1928 4076 μὲν

354 4092 807 4164 παρακαλεῖται,
858 4090 939 4146 σὺ
978 4089 1048 4142 δέ
1104 4088 1419 4144 ὀδυνᾶσαι.
1469 4089 1580 4143 Καὶ
1631 4089 1732 4143 ἐπὶ
1774 4088 1927 4144 πᾶσι

355 4178 592 4240 τούτοις
646 4173 875 4244 μεταξὺ
930 4171 1098 4242 ὑμῶν
1144 4171 1245 4224 καὶ
1301 4171 1471 4241 ἡμῶν
1519 4171 1725 4241 χάσμα
1772 4172 1928 4243 μέγα

355 4259 720 4327 ἐστήρικται,
735 4258 893 4321 ὅπως
911 4258 963 4309 οἰ
990 4254 1271 4319 θέλοντες
1293 4253 1569 4321 διαϐῆναι
1591 4255 1766 4309 ἐνθεν
1778 4256 1928 4323 πρὸς

357 4342 516 4411 ὑμᾶς
552 4340 640 4410 μὴ
692 4340 1008 4400 δύνωνται,
1048 4335 1206 4406 μηδὲ
1235 4339 1289 4390 οἰ
1317 4336 1546 4392 ἐκεῖθεν
1573 4336 1722 4406 πρὸς
1771 4337 1927 4407 ἡμᾶς

357 4420 704 4492 διαπερῶσι.
730 4420 940 4492 Φοϐερά
960 4420 1027 4473 τὰ
1055 4419 1341 4491 εἰρημένα,
1369 4421 1463 4473 καὶ
1499 4420 1657 4473 ἰκανά
1704 4420 1929 4475 καθικέ-

361 4506 490 4560 σθαι
512 4506 619 4559 τῶν
648 4504 772 4559 νοῦν
802 4504 1052 4575 ἐχόντων.
1086 4504 1205 4556 Ἵνα
1253 4503 1363 4574 γάρ
1393 4502 1579 4575 διδάξῃ
1622 4505 1808 4568 αὐτὸν,
1844 4505 1927 4558 ὅτι

357 4590 523 4652 αὐτὸς
555 4588 652 4659 μὲν
679 4588 776 4659 τὴν
796 4586 1002 4640 οἰκείαν
1032 4585 1434 4657 εὐσπλαγχνίαν
1464 4604 1529 4640 πε
1540 4589 1593 4658 ρὶ
1624 4587 1785 4641 αὐτόν
1809 4589 1930 4641 ἐπι-

356 4674 625 4735 δείκνυσι,
654 4671 751 4724 καὶ
793 4672 872 4735 εἰς
902 4666 1082 4723 οἶκτον
1112 4672 1543 4741 ἐπικάμπτεται,
1580 4671 1722 4742 ὀρῶν
1762 4672 1928 4726 αὐτοῦ

358 4759 459 4828 τῆς
483 4757 755 4819 κολάσεως
779 4756 879 4826 τὴν
905 4753 1177 4815 ἐπίτασιν,
1211 4754 1363 4809 οὐδὲν
1387 4754 1445 4807 δὲ
1471 4753 1637 4808 πλέον
1666 4755 1816 4827 αὐτῷ
1849 4759 1930 4821 είς

362 4841 716 4913 παραμυθίαν
745 4842 988 4908 ἐνεγκεῖν
1014 4838 1260 4900 δύναται,
1300 4839 1582 4909 μονονουχὶ
1631 4838 1928 4908 ἀπολογού-

363 4941 524 4996 μενος
558 4922 707 4993 αὐτῷ
741 4938 927 4994 φησιν,
952 4923 1032 4975 ὃτι
1067 4921 1397 4991 Ἐϐουλόμην
1422 4921 1580 4992 χεῖρά
1612 4938 1694 4979 σοι
1723 4922 1928 4993 ὀρέξαι,

309 5013 319 5020 ’
361 5012 460 5064 κα)⁹
491 5007 842 5076 ἐπικουφίσαι
867 5023 960 5059 σου
982 5006 1079 5067 τὰς
1123 5004 1445 5075 ἀλγηδόνας,
1476 5006 1572 5059 καὶ
1602 5004 1713 5059 τῶν
1757 5023 1934 5077 τιμω-

363 5092 498 5165 ριῶν
522 5088 918 5161 ὑποτέμνεσθαι
946 5087 1009 5140 τὸ
1035 5087 1283 5157 σφοδρὸν,
1309 5088 1444 5142 ἀλλὰ
1470 5087 1754 5158 προλαϐὼν
1773 5089 1933 5154 αὐτὸς

360 5174 566 5244 ταύτης
598 5172 975 5244 ἀπεστέρησας
1019 5170 1210 5223 ἐαυτὸν
1266 5170 1367 5239 τῆς
1430 5171 1811 5242 παραμυθία;’
1845 5173 1935 5227 διὰ

359 5257 522 5312 τοῦτό
539 5273 671 5327 φησι
690 5273 703 5287 ⁸
734 5254 970 5319 Τέκνον,
980 5252 1300 5325 μνήσθητι.
1331 5254 1471 5324 Ὅρα
1486 5253 1580 5307 τοῦ
1599 5257 1934 5328 πατριάρχου

360 5342 464 5412 τὴν
494 5339 832 5409 ἀγαθότητιι⁸
870 5339 1057 5392 τέκνον
1080 5338 1239 5391 αὐτὸν
1264 5336 1436 5391 καλεί.
1476 5336 1635 5391 Ἀλλά
1655 5340 1813 5393 τοῦτο
1834 5341 1935 5411 μὲν

362 5426 463 5496 τὴν
486 5425 801 5497 ἡμερότητα
821 5422 919 5493 τὴν
949 5420 1114 5475 αὐτοῦ
1138 5422 1377 5492 ἐμφῆναι
1407 5419 1656 5484 δύναται,
1679 5423 1936 5493 οὐδεμίαν

362 5509 423 5564 δέ
469 5506 620 5579 αὐτῷ
656 5506 904 5578 βοήθειαν
948 5503 1177 5577 παρέχει
1203 5503 1290 5558 διὰ
1318 5503 1380 5556 τὸ
1404 5503 1495 5573 ὐφ’
1526 5504 1719 5559 ἐαυτοῦ
1771 5506 1935 5561 αὐτὸν

364 5590 733 5666 προδίδοσθαι.
768 5589 1005 5650 Τέκνον,
1066 5588 1218 5658 φησι,
1259 5584 1561 5655 μνήσθητι
1589 5587 1678 5642 ὅτι
1708 5589 1936 5644 ἀπέλα-

366 5678 470 5744 ϐες
498 5676 581 5732 σὺ
608 5676 681 5731 τὰ
711 5673 905 5746 ἀγαθά
942 5688 1059 5728 σου
1085 5671 1156 5725 ἐν
1189 5669 1267 5739 τῇ
1299 5669 1412 5741 ζ’ωῇ
1442 5687 1559 5727 σου
1578 5689 1590 5702 ·
1621 5676 1701 5738 είς
1729 5674 1938 5730 ἔννοιαν

370 5764 490 5821 uo:
527 5766 637 5820 τῶν
686 5761 1078 5835 παρελθόντων,
1139 5758 1214 5829 μὴ
1246 5758 1478 5832 ammon
1527 5759 1694 5831 πόσης
1722 5764 1935 5832 τρυφῆς

1527 322 1617 379 DE
1651 291 2212 381 ιιῑλιιοόοιηριο
2248 325 2362 382 vn.

3436 332 3457 384 1
3467 330 3574 387 οδε

2012 436 2351 506 άπήλαυσας,
2399 440 2573 512 πόσης
2605 440 2863 509 ἀνέσεως,
2895 441 3066 508 πόσης
3108 443 3427 511 φαντασίας,
3459 444 3576 510 πῶς

2009 520 2069 572 ἐν
2091 523 2504 594 γαστριμαργίᾳ
2528 525 2624 577 καὶ
2648 524 2786 595 μέθη
2804 524 2979 578 πάντα
3000 525 3089 577 τὸν
3114 525 3226 594 βίον
3251 526 3575 593 διετέλεσας,

2009 603 2067 655 ἐν
2099 603 2325 667 ἐκείνοις
2350 604 2584 675 νομίζων
2604 603 2742 659 εἶναι
2760 607 2936 660 πάντα
2955 607 3046 661 τὸν
3066 608 3254 669 αἰῶνα,
3273 609 3366 660 καὶ
3394 609 3579 663 ἐκεῖνα

2007 683 2323 754 ὁριζόμενος
2343 683 2480 741 εἶναι
2494 688 2561 742 τὰ
2577 689 2777 757 ἀγαθά.
2817 689 2951 742 Ἀπὸ
2963 690 3064 759 τῆς
3090 691 3273 758 ψήφου
3292 691 3388 759 τῆς
3413 689 3576 744 αὐτοῦ

2007 766 2107 836 τὴν
2153 767 2443 840 ἀπόκρισιν
2504 771 2642 841 πρὸς
2684 772 2849 841 αὐτὸν
2900 773 3211 842 ἐποιήσατο.
3251 775 3415 826 υύδέν
3467 773 3578 842 γὰρ

2008 848 2217 913 ἐκεῖνος
2247 851 2448 922 ὑψηλὸν
2471 854 2893 924 φανταζόμενος,
2933 854 3055 906 οὐδέ
3085 855 3155 907 τά
3198 856 3457 926 μέλλοντα
3482 857 3579 907 αὐ-

2007 931 2100 984 τὸν
2124 932 2464 1003 διαδέχεσθαι
2483 936 2628 988 κακὰ
2649 937 2754 1008 πρὸ
2771 937 2880 991 τῶν
2896 937 3190 1009 ὀφθαλμῶν
3221 940 3376 1009 ἔχων,
3397 941 3580 992 ἐκεῖνα

2008 1014 2189 1082 ἀγαθὰ
2218 1011 2358 1069 εἶναι
2389 1018 2627 1089 ἐνόμιζε.

2079 1103 2140 1150 ε’.
2167 1097 2338 1150 Τοῦτο
2367 1101 2479 1169 γὰρ
2508 1102 2601 1153 καὶ
2620 1101 2717 1153 νῦν
2745 1100 2866 1165 ἔθος
2887 1102 3066 1171 λέγειν
3093 1105 3206 1165 τοῖς
3227 1102 3441 1164 πολλοῖς
3467 1106 3581 1167 τοῖς

2010 1179 2141 1250 περὶ
2192 1181 2405 1253 τρυφὴν
2435 1184 2531 1236 καί⁸
2579 1183 2677 1253 τὴν
2730 1184 3038 1255 ἀδηφαγίαν
3070 1185 3457 1256 ἐπτοημένοις,
3497 1186 3578 1238 ὅτι

2009 1261 2188 1315 Πολλά
2220 1264 2402 1331 ἀγαθὰ
2430 1266 2766 1335 ἐσχήκαμεν,
2794 1267 2922 1320 ὅταν
2951 1266 3243 1336 βούλωνται
3268 1269 3460 1331 ἀνάξαι
3481 1270 3579 1336 τῆς

2010 1344 2213 1416 πολλῆς
2233 1346 2446 1417 τρυφῆς
2471 1350 2571 1419 τὴν
2603 1348 2877 1403 ἐπίτασιν.
2910 1349 3001 1419 Μὴ
3027 1350 3182 1402 κάλει
3197 1350 3371 1403 ταῦτα
3384 1340 3581 1411 ⁵ἁπλῶς

2008 1427 2504 1500 ἀγαθά,ἄνθρωπε,
2545 1431 2741 1484 ἐννοῶν
2768 1433 2851 1486 ὃτι
2900 1433 3074 1486 ταῦτα
3106 1433 3204 1504 μὲν
3237 1433 3391 1504 ἐδόθη
3427 1432 3582 1503 παρά

2006 1510 2102 1565 τοῦ
2131 1513 2426 1577 Δεσπότου,
2454 1515 2540 1568 ἵνα
2566 1516 2666 1585 τῆς
2688 1517 3033 1588 συμμετρίας
3063 1516 3447 1581 ἀπολαύοντες,
3477 1519 3580 1589 τὴν

2011 1594 2272 1650 σύστασιν
2304 1596 2515 1667 ἔχωμεν
2538 1599 2637 1668 τῆς
2667 1599 2836 1669 ζωῆς,
2868 1600 2964 1653 καὶ
3011 1600 3109 1670 τὴν
3145 1601 3429 1654 ἀσθένειαν
3459 1601 3579 1653 δια-

2010 1678 2301 1749 κρατῶμεν
2318 1679 2409 1732 τοῦ
2425 1679 2693 1750 σώματος’
2718 1681 2878 1753 ἕτερα
2904 1682 2960 1735 δέ
2977 1685 3092 1736 ἐστι
3111 1683 3175 1736 τά
3194 1683 3358 1741 ὅντως
3377 1685 3577 1751 ἀγαθά.
3644 1672 3647 1677 ”

2082 1760 2247 1813 Οὐδὲν
2279 1761 2389 1832 γάρ
2434 1762 2638 1817 τούτων
2655 1763 2876 1831 ἀγαθὸν,
2900 1764 2959 1816 οὐ
2986 1766 3185 1835 τρυφὴ,
3231 1766 3292 1818 οὐ
3328 1764 3576 1830 πλοῦτος,

2010 1844 2111 1898 οὐκ
2167 1846 2394 1917 ἐσθῆτος
2454 1846 2793 1911 πολυτέλεια,
2843 1847 2956 1900 ἀλλ’
3011 1848 3180 1919 ὄνομα
3236 1850 3399 1919 μόνον
3444 1848 3579 1918 ἔχει.

2011 1927 2077 1980 Τί
2110 1927 2166 1980 δὲ
2192 1928 2336 1996 λέγω
2363 1928 2533 1999 ὄνομα
2573 1930 2735 2000 μόνον
2772 1928 2884 1998 ἔχει
2912 1947 2926 1996 ;
2969 1930 3142 1983 ταῦτα
3183 1930 3283 2000 μὲν
3316 1927 3409 1985 οὖν
3450 1931 3585 1984 πολ-

2011 2010 2169 2076 λάκις
2224 2012 2317 2065 καὶ
2361 2011 2581 2083 ὀλέθρου
2622 2013 2753 2083 ἡμῖν
2781 2012 2932 2066 αῐτια
2968 2014 3198 2081 γίνεται,
3253 2014 3472 2068 ἐπειδάν
3507 2014 3583 2087 μὴ

2011 2093 2238 2156 δεόντως
2282 2093 2467 2157 αὐτοῖς
2529 2094 2884 2166 χρησώμεθα.
2930 2096 2990 2149 ὐ
3035 2096 3144 2167 γὰρ
3195 2097 3425 2160 πλοῦτος
3461 2098 3583 2150 τότε

2012 2175 2079 2230 ἂν
2133 2176 2342 2246 γένοιτο
2370 2176 2575 2244 ἀγαθὸς
2597 2177 2676 2248 τῷ
2703 2177 3047 2249 κεκτημένῳ,
3087 2180 3218 2232 ὅταν
3237 2180 3309 2250 μὴ
3334 2182 3414 2243 είς
3438 2195 3578 2250 τρυ-

2014 2261 2120 2331 φὴν
2180 2261 2338 2330 μόνον
2385 2260 2546 2314 αὐτὸν
2602 2260 2889 2334 ἀναλίσκη,
2947 2262 3083 2331 μηδέ
3138 2264 3218 2324 εἰς
3272 2262 3443 2333 μέθην
3488 2263 3584 2315 καὶ

2013 2345 2113 2407 τὰς
2150 2343 2462 2407 ἐπιϐλαϐεἴς
2483 2344 2695 2413 ἡδονάς,
2722 2344 2837 2398 ἀλλ’
2880 2346 3009 2398 ὅταν
3053 2348 3153 2416 τῆς
3190 2348 3404 2417 τρυφῆς
3443 2363 3584 2417 συμ-

2017 2427 2230 2499 μέτρως
2264 2426 2571 2492 ἀπολαύων,
2628 2428 2697 2480 τὰ
2724 2427 2884 2481 λοιπά
2939 2429 3020 2491 εἰς
3045 2429 3143 2491 τάς
3183 2428 3291 2481 τῶν
3339 2431 3584 2500 πενήτων

2013 2510 2245 2583 διανέμῃ
2294 2511 2586 2581 γαστέρας,
2635 2510 2757 2563 τότε
2814 2510 3018 2579 ἀγαθὸν
3047 2514 3083 2583 ρ
3131 2511 3378 2576 πλοῦτος.
3421 2513 3484 2566 Εἰ
3524 2513 3586 2567 δέ

2020 2593 2203 2664 μέλλοι
2220 2582 2322 2657 τις
2348 2597 2531 2665 τρυφῇ
2563 2595 2753 2649 ἑαυτὸν
2786 2593 2941 2668 [798]
2959 2596 3228 2650 ἐκδιδόναι
3253 2597 3349 2650 καὶ
3369 2599 3434 2668 τῇ
3449 2582 3588 2671 ἄλλῃ

2017 2676 2246 2747 ἀσωτίᾳ,
2306 2676 2366 2730 οὐ
2424 2678 2584 2754 μόνον
2634 2677 2785 2730 οὐδὲν
2827 2676 2989 2729 αὐτὸν
3039 2678 3298 2749 ὀνίνησιν,
3331 2678 3464 2732 ἀλλὰ
3492 2681 3588 2733 καὶ

2005 2762 2099 2823 -είς
2132 2760 2298 2830 βαθὺν
2344 2761 2590 2832 κρημνὸν
2622 2761 2886 2829 κατάγει·
2924 2760 2953 2813 6
2992 2761 3056 2832 δὴ
3106 2762 3200 2814 καὶ
3251 2765 3281 2816 6
3333 2762 3587 2827 πλούσιος

2019 2838 2173 2906 οὗτος
2217 2842 2469 2896 πέπονθε.
2549 2843 2635 2895 Διό
2696 2859 2863 2915 φησιν
2920 2843 3069 2914 αὐτῷ
3127 2844 3156 2896 6
3206 2847 3584 2917 πατριάρχης

2025 2927 2264 2990 Τέκνον,
2322 2925 2617 2995 μνήσθητι
2640 2925 2729 2980 ὅτι
2777 2926 3076 2992 ἀπέλαϐες
3128 2928 3202 2980 τὰ
3253 2929 3445 2997 ἁγαθὰ
3471 2948 3589 2985 σου

2018 3010 2088 3064 ἐν
2119 3008 2193 3077 τῇ
2239 3007 2349 3076 ζωῇ
2398 3024 2532 3062 σου.
2577 3010 2789 3062 Ἐκεῖνα
2842 3008 2878 3062 ἃ
2930 3009 3177 3079 ἐνόμιζες
3233 3006 3371 3063 εἶναι
3418 3012 3588 3077 ὅντως

2019 3091 2218 3160 ἀγαθὰ,
2250 3091 2422 3145 ταῦτα
2486 3090 2774 3155 ἀπέλαϐες,
2819 3092 2915 3144 καὶ
2956 3091 3204 3162 Λάζαρος
3261 3094 3466 3163 ὁμοίως
3521 3096 3590 3149 τά

2022 3175 2193 3238 κακὰ,
2249 3175 2350 3228 οὐκ
2425 3172 2616 3244 ἐπειδὴ
2678 3172 2929 3246 Λάζαρος
2968 3175 3109 3227 αὐτά
3160 3176 3306 3230 κακὰ
3348 3177 3586 3247 ἐνόμιζε,

2025 3263 2100 3333 μὴ
2126 3261 2357 3329 γένοιτο·
2405 3261 2519 3314 ἀλλ’
2576 3261 2683 3315 ἀπὸ
2731 3267 2831 3335 τῆς
2882 3264 3062 3336 ψήφου
3082 3263 3176 3317 τοῦ
3205 3262 3459 3316 πλουσίου
3493 3268 3589 3319 καὶ⁹

2020 3342 2179 3397 τοῦτο
2205 3345 2503 3414 ἐπήγαγεν.
2552 3345 2786 3409 Ἐκεῖνος
2814 3344 2925 3415 γάρ
2983 3345 3187 3417 ταύτην
3253 3345 3380 3416 παρ’
3411 3348 3592 3418 ἐαυτῷ

2023 3426 2276 3497 κυρώσας
2302 3427 2401 3497 τὴν
2431 3426 2630 3497 ψῆφον,
2654 3426 2744 3480 τόν
2768 3426 2866 3499 μὲν
2899 3426 3127 3481 πλοῦτον
3155 3429 3244 3482 καὶ
3264 3429 3359 3499 τὴν
3381 3430 3590 3500 τρυφὴν

2025 3512 2121 3564 καὶ
2144 3510 2241 3582 τὴν
2285 3510 2579 3563 ἀκολασίαν
2612 3512 2706 3564 καί
2758 3510 2855 3582 τὴν
2892 3511 3060 3581 ἄλλην
3121 3511 3380 3582 βλακείαν
3409 3508 3589 3581 ἀγαθά

2026 3591 2264 3664 ἐνόμιζε,
2313 3592 2410 3664 τὴν
2445 3593 2503 3647 δὲ
2531 3594 2719 3647 πενίαν
2747 3594 2842 3648 καὶ
2888 3594 2980 3647 τὸν
3002 3594 3160 3664 λιμόν
3190 3594 3283 3647 καὶ
3306 3594 3404 3666 τὴν
3432 3595 3594 3667 χαλε-

2025 3676 2133 3746 πὴν
2172 3676 2481 3746 ἀρρωστίαν
2525 3675 2671 3729 κακά
2746 3674 3086 3730 ὑπώπτευεν.
3155 3678 3242 3740 Ὠς
3285 3674 3377 3731 οῦν
3430 3680 3599 3735 αὐτὸν

2026 3758 2428 3830 ὑπελάμϐανες,
2479 3760 2572 3812 καὶ
2624 3757 2721 3829 τὴν
2771 3758 3111 3828 ἐψευσμένην
3159 3759 3339 3829 κρίσιν
3377 3760 3596 3831 ἐκείνην

2026 3838 2191 3915 εἶχες,
2231 3841 2498 3913 μνήσθητι
2524 3842 2606 3894 ὅτι
2645 3841 2788 3895 κατά
2826 3841 2927 3914 τὴν
2961 3841 3058 3912 σὴν
3104 3841 3283 3911 ψῆφον
3311 3842 3403 3894 καὶ
3430 3842 3494 3895 σὺ
3522 3843 3592 3897 τά

2027 3924 2211 3993 ἀγαθά
2235 3925 2420 3977 ἐκεῖνα
2436 3922 2725 3986 ἀπέλαϐες,
2761 3923 2863 3993 τὴν
2884 3922 3141 3978 πλατεῖαν
3169 3924 3262 3977 καὶ
3282 3922 3593 3996 εὐρύχωρον

2025 4007 2252 4073 ὁδεύσας
2272 4005 2411 4069 ὁδὸν,
2442 4007 2538 4059 καὶ
2551 4004 2803 4076 Λάζαρος
2829 4006 3030 4074 ὁμοίως
3060 4004 3128 4058 τὰ
3150 4005 3293 4059 κακά
3321 4006 3465 4060 κατά
3502 4008 3596 4062 τὸν

2028 4091 2120 4144 σὺν
2146 4089 2325 4158 λόγον,
2371 4089 2471 4159 τὴν
2523 4093 2718 4157 στενὴν
2765 4086 2939 4158 πύλην
2967 4086 3063 4139 καὶ
3104 4088 3205 4158 τὴν
3228 4086 3595 4160 τεθλιμμένην

2030 4172 2253 4244 βαδίσας
2280 4171 2417 4225 ὀδόν.
2448 4171 2601 4224 Ἐπεὶ
2646 4165 2741 4223 οὖν
2772 4170 2836 4222 σὺ
2873 4169 2972 4239 μὲν
3003 4169 3074 4221 τά
3115 4171 3380 4239 προοίμια
3431 4171 3594 4240 μόνον

2028 4253 2168 4321 εἶδες
2202 4256 2298 4325 τῆς
2328 4254 2472 4323 ὀδοῦ,
2509 4249 2664 4315 οὗτος
2703 4252 2761 4305 δὲ
2802 4252 2897 4305 καὶ
2945 4253 3080 4322 πρὸς
3114 4251 3177 4305 τὸ
3218 4253 3369 4318 τέλος
3423 4255 3592 4323 ἐώρα,

2027 4341 2180 4394 οὐδὲν
2231 4339 2341 4393 ἀπὸ
2376 4337 2471 4390 τοῦ
2502 4336 2787 4409 προοιμίου
2818 4335 2915 4406 τῆς
2939 4334 3059 4388 όδοῦ
3101 4335 3383 4405 γινόμενος
3427 4336 3595 4407 ὀκνη-

2031 4425 2271 4495 ρότερος,
2298 4422 2387 4475 διὰ
2432 4419 2591 4473 τοῦτο
2618 4419 2712 4473 νῦν
2740 4415 2973 4471 ἐνταῦθα
3002 4418 3421 4488 παρακαλεῖται,
3458 4422 3522 4472 σὺ
3539 4422 3596 4474 δέ

2028 4506 2301 4569 ὀδυνᾶσαι,
2332 4503 2425 4558 καὶ
2456 4501 2786 4565 ἀπεναντίας
2812 4500 3061 4573 ἀλλήλοις
3090 4502 3153 4555 τὸ
3207 4501 3361 4567 τέλος
3397 4506 3598 4576 κατήν-

2030 4607 2216 4662 τησεν.
2260 4588 2445 4642 Είδετε
2488 4587 2553 4640 δι’
2578 4586 2757 4639 αὐτῶν
2790 4585 2901 4638 τῶν
2936 4586 3278 4657 πραγμάτων
3310 4591 3408 4659 τῆς
3437 4589 3598 4660 εὐρυ-

2031 4671 2208 4743 χώρου
2260 4671 2357 4724 καὶ
2401 4668 2661 4734 πλατείας
2701 4668 2821 4722 όδοῦ
2861 4667 2923 4722 τὺ
2982 4668 3155 4733 τέλος,
3210 4670 3443 4740 ἐμάθετε
3496 4672 3598 4742 τῆς

2031 4756 2225 4827 στενῆς
2252 4753 2427 4825 πύλης
2448 4752 2542 4806 καὶ
2567 4752 2663 4822 τῆς
2676 4751 3041 4822 τεθλιμμένης
3060 4751 3182 4805 όδοῦ
3202 4753 3349 4815 ὅπως
3360 4752 3599 4824 χρηστὸν

2030 4839 2090 4892 τὺ
2124 4839 2298 4910 πέρας
2323 4837 2538 4904 ἐδέξατο
2585 4837 2677 4889 τὸν
2730 4835 2936 4905 ταύτην
2985 4834 3272 4905 ἑλόμενον
3326 4837 3598 4893 ἀκούσατε

2031 4921 2096 4994 δὴ
2129 4921 2300 4976 καὶτὸ
2326 4919 2697 4993 φοϐερώτερον
2716 4937 2730 4950 ·
2749 4917 2861 4972 Καὶ
2878 4917 2976 4972 ἐπὶ
2996 4916 3166 4982 πᾶσι,
3194 4918 3347 4991 φησὶ,
3367 4923 3601 4990 τούτοις

2026 5005 2254 5077 μεταξὺ
2297 5003 2467 5075 ήμῶν
2513 5006 2609 5058 καί
2638 5001 2807 5071 ὑμῶν
2832 4999 3039 5071 χάσμα
3054 5007 3209 5071 μέγα
3232 5004 3599 5074 ἐστήρικται,

2034 5090 2193 5157 ὅπως
2224 5092 2279 5143 οἱ
2320 5088 2599 5150 θέλοντες
2622 5081 3085 5151 διαϐῆναιένθεν
3114 5084 3240 5139 ἐκεῖ
3255 5087 3341 5155 μὴ
3372 5087 3602 5143 δύνων-

2034 5191 2151 5240 ται,
2182 5172 2339 5243 μηδὲ
2388 5173 2442 5225 οἰ
2484 5168 2713 5223 ἐκεῖθεν
2756 5167 2908 5235 πρὸς
2934 5167 3446 5239 ἡμᾶς-διαπερῶσα
3507 5174 3600 5246 Μὴ

2035 5258 2222 5320 ἁπλῶς
2272 5253 2737 5326 παραδράμωμεν,
2784 5251 3083 5321 ἀγαπητοὶ,
3134 5253 3196 5307 τὸ
3232 5254 3443 5325 λεχθὲν,
3484 5255 3602 5311 ἀλλ⁹

2036 5342 2375 5410 ἐννοήσωμεν
2443 5335 2550 5389 τῶν
2626 5333 2923 5406 λεχθέντων
2977 5335 3076 5407 τὴν
3131 5337 3453 5409 ἀκρίϐειαν,
3507 5340 3604 5394 καὶ

2037 5427 2168 5495 ὅσης
2218 5418 2480 5477 ἀπολαύει
2532 5419 2632 5488 τῆς
2692 5417 2858 5488 τιμῆς
2922 5417 3018 5472 καὶ
3081 5418 3181 5490 τῆς
3234 5420 3526 5494 προεδρίας
3573 5424 3605 5478 6

2038 5507 2191 5580 παρὰ
2228 5505 2318 5558 τὸν
2346 5501 2568 5555 πυλῶνα
2596 5500 2949 5572 ἐρριμμένος,
2980 5501 3009 5554 ό
3046 5501 3544 5577 εὐκαταφρόνητος,
3574 5506 3607 5561 6

2040 5592 2229 5660 πένης,
2268 5592 2297 5644 6
2330 5588 2407 5659 τῷ
2453 5584 2600 5657 λιμῷ
2637 5584 2900 5654 διηνεκῶς
2931 5585 3197 5650 παλαίων,
3222 5588 3252 5641 6
3277 5589 3391 5653 τοῖς
3423 5588 3607 5644 ἕλκεσι

2042 5672 2516 5747 πολιορκούμενος,
2537 5673 2567 5725 ό
2588 5672 2701 5733 τοῖς
2718 5668 2845 5722 κυσὶ
2875 5670 3255 5740 προκείμενος.

2125 5761 2327 5826 Ἡδέως
2354 5758 2461 5828 γὰρ
2509 5756 2682 5810 ταῦτα
2714 5753 2948 5829 ,στρέφω
2996 5755 3256 5826 συνεχῶς,
3294 5755 3383 5810 ῖνα
3416 5754 3604 5827 μηδεὶς
