4032 6198
350 291 486 348 1053

330 396 481 455 enim
520 401 661 453 hanc
688 411 804 452 rem
832 395 1078 452 oratione
1099 410 1246 465 saepe
1272 408 1453 460 verso,
1476 404 1531 450 ut
1554 410 1712 451 nemo
1735 411 1800 452 ex
1822 393 1930 449 illis

330 493 427 548 uni
458 498 698 560 egestate
720 489 801 543 vel
833 487 1033 543 morbis
1058 495 1112 542 et
1138 485 1279 541 fame
1310 495 1642 557 premuntur,
1670 501 1730 542 se
1754 495 1932 542 conte-

320 588 505 644 mnat,
537 591 592 637 et
619 580 853 650 seipsum
902 581 1157 634 miserum
1195 579 1511 645 arbitretur;
1539 579 1632 635 sed
1673 580 1933 649 patienter

343 683 390 728 at
429 689 552 729 cum
590 671 883 744 gratiarum
929 673 1141 727 actione
1183 682 1373 727 cuncta
1401 672 1577 728 ferens
1602 715 1618 740 ,
1654 672 1789 728 bona
1835 689 1933 743 spe

338 763 395 823 fo
432 777 617 827 eatur,
669 775 723 819 et
769 766 856 820 illa
900 780 1019 834 qua:
1061 765 1221 821 nullis
1245 766 1472 836 exprimi
1511 764 1691 821 verbis
1730 776 1933 837 queunt

343 857 564 925 pra-mia
588 896 604 920 ,
638 840 987 924 laborumque
1028 858 1485 911 remunerationes
1525 865 1818 926 exspectet.
1863 857 1932 911 Et

338 949 404 1003 ad
432 954 541 1002 tute
567 948 755 1002 omnia.
777 947 915 1014 Quid
939 957 1041 1013 est,
1068 949 1140 1001 ad
1152 949 1267 1001 Iure
1285 949 1455 1003 omnia
1470 948 1497 1002 .’
1515 947 1647 1004 Cum
1670 950 1892 1005 dixisset
1913 964 1928 1004 :

330 1052 392 1109 tu
416 1040 628 1112 quidem
654 1041 706 1094 in
738 1040 840 1095 hac
865 1043 971 1096 vita
997 1042 1186 1096 cuncta
1212 1043 1483 1115 recepisti,
1510 1055 1630 1113 qua:
1653 1057 1772 1098 esse
1794 1044 1931 1101 bona

341 1148 556 1200 censes,
583 1143 637 1187 et
666 1133 754 1188 hic
783 1148 846 1189 ea
876 1134 1107 1203 recepit,
1130 1149 1249 1203 quae
1274 1143 1331 1189 tu
1360 1135 1497 1189 mala
1521 1149 1642 1197 esse
1662 1134 1894 1189 ducebas
1911 1172 1929 1199 ,

339 1226 444 1281 hoc
485 1225 716 1295 adjecit,
750 1234 809 1280 ut
849 1240 976 1281 eum
1021 1226 1272 1293 doceret,
1303 1241 1731 1296 unumquemque
1769 1224 1931 1280 ﬁnem

338 1319 440 1372 silli
473 1319 879 1372 convenientem
907 1318 1184 1388 excepisse
1214 1320 1279 1372 ad
1311 1317 1426 1373 hate
1449 1318 1626 1373 omnia
1651 1332 1770 1388 qum
1790 1317 1931 1372 dicta

337 1419 528 1473 eratut:
558 1419 608 1464 te
645 1408 860 1480 quidem
908 1424 1009 1462 una
1052 1423 1175 1463 cum
1216 1406 1405 1474 bouis,
1452 1407 1645 1479 quibus
1699 1416 1749 1462 te
1774 1406 1933 1478 potiri

339 1500 671 1557 arbitrabare
690 1541 705 1563 ,
735 1500 958 1555 afﬂictio
981 1508 1037 1554 et
1065 1500 1327 1571 angustia:
1345 1541 1362 1564 ,
1394 1507 1449 1554 et
1478 1499 1616 1569 ignis
1642 1499 1734 1568 qui
1773 1513 1935 1552 num-

339 1608 499 1663 quam
519 1593 875 1663 exstinguitur
896 1608 911 1646 :
935 1591 1077 1647 hunc
1099 1601 1276 1647 autem
1300 1600 1646 1662 posteaquam
1674 1600 1785 1646 toto
1811 1590 1934 1645 vita:

342 1701 453 1741 sua:
494 1695 731 1753 tempore
776 1683 1113 1740 conﬂictatus
1154 1694 1237 1740 est
1266 1684 1363 1749 iis,
1388 1699 1508 1754 quae
1538 1693 1593 1739 tu
1628 1682 1768 1738 mala
1814 1696 1934 1737 esse

341 1776 618 1839 censebas,
646 1775 889 1844 voluptas
914 1784 969 1829 et
995 1774 1256 1830 bonorum
1288 1774 1645 1844 participatio,
1674 1783 1732 1829 et
1750 1789 1930 1828 aevum

344 1866 486 1937 quod
514 1882 635 1920 eum
663 1865 866 1920 sanctis
895 1865 1042 1920 ducit
1061 1906 1075 1929 .
1105 1865 1341 1937 excepit.
1365 1864 1591 1933 Quando
1616 1865 1776 1935 igitur
1799 1879 1934 1920 cou-

344 1959 648 2014 venientem
678 1957 1044 2028 imusquisque
1069 1957 1234 2011 finem
1261 1957 1480 2012 sortitus
1507 1964 1620 2019 est,
1653 1965 1709 2012 et
1742 1965 1793 2012 te
1825 1956 1936 2026 qui-

344 2052 468 2108 dem
511 2063 662 2121 porta
712 2052 814 2106 lata
845 2060 900 2107 et
927 2052 1163 2122 spatiosa
1190 2051 1274 2107 via
1318 2051 1372 2105 in
1412 2050 1509 2106 has
1540 2051 1813 2121 angustias
1836 2051 1937 2106 de.

345 2143 497 2197 duxit
523 2160 538 2197 :
574 2143 716 2197 hunc
739 2151 916 2206 autem
944 2149 1165 2213 angusta
1184 2150 1243 2196 ct
1268 2151 1411 2197 arcta
1437 2142 1502 2196 ad
1535 2142 1673 2197 hanc
1693 2142 1939 2209 volupta-

347 2245 452 2291 tem
475 2236 741 2304 provexit.
776 2231 844 2287 Et
875 2234 943 2288 ad
964 2234 1072 2288 hwc
1106 2235 1277 2288 omnia
1298 2235 1430 2289 inter
1455 2246 1547 2288 nos
1578 2243 1627 2289 et
1655 2251 1741 2289 vos
1773 2235 1938 2289 hiatus

348 2344 559 2398 magnus
584 2327 881 2381 constitutus
909 2336 1003 2379 est.
1031 2324 1167 2380 Vide
1197 2340 1505 2396 pauperem,
1536 2324 1804 2380 ulceribus
1827 2325 1939 2394 ple-

349 2434 498 2481 num,
528 2431 713 2471 rursus
740 2418 882 2471 enim
910 2416 1026 2471 lucc
1045 2417 1189 2482 dico,
1212 2432 1335 2471 cum
1364 2416 1664 2486 patriarcha
1689 2431 1939 2471 numera-

350 2520 496 2573 tum,
522 2518 582 2563 et
611 2509 663 2562 in
693 2519 891 2563 emtum
932 2508 1199 2578 justorum
1238 2516 1600 2577 aggregattnn.
1640 2506 1777 2560 Nam
1808 2508 1939 2560 inter

350 2618 440 2655 nos
463 2612 510 2655 et
536 2617 653 2667 eos,
683 2601 871 2670 inquit.
897 2599 1057 2654 Vides
1082 2615 1239 2670 quam
1267 2600 1390 2652 vitae
1422 2598 1780 2653 conditionem
1817 2613 1938 2653 sor-

352 2695 478 2747 titus
519 2692 590 2747 sit
630 2692 710 2757 is,
757 2692 846 2760 qui
890 2706 1010 2745 cum
1052 2690 1310 2761 patientia
1334 2699 1388 2745 et
1410 2691 1698 2759 gratiarum
1728 2691 1940 2746 actione

349 2801 566 2855 gravem
609 2784 759 2838 illum
802 2785 1046 2838 morbum
1096 2785 1268 2838 fuerat
1305 2784 1607 2853 famemque
1634 2798 1935 2853 perpessus.

353 2875 407 2930 Ν
413 2890 495 2929 am
520 2877 650 2930 inter
678 2893 768 2929 nos
792 2886 836 2929 et
864 2894 968 2940 vos,
994 2877 1182 2946 inquit,
1210 2876 1379 2928 hiatus
1401 2892 1615 2945 magnus
1648 2876 1941 2930 constitutus

351 2977 442 3023 at.
491 2966 736 3037 Magnum
781 2976 898 3031 est,
944 2968 1145 3036 inquit,
1190 2966 1333 3035 quod
1373 2981 1469 3019 nos
1507 2966 1739 3029 dirimit,
1769 2980 1941 3035 neque

350 3058 667 3127 simpliciter
688 3058 883 3125 hiatus,
900 3056 997 3112 sed
1019 3071 1260 3127 magnus.
1284 3056 1420 3110 Vere
1436 3070 1667 3126 namque
1690 3070 1940 3126 magnum

353 3157 436 3202 est
466 3149 606 3203 inter
630 3154 876 3204 virtutem
908 3156 963 3203 et
990 3149 1175 3203 vitium
1205 3147 1544 3202 intervallum
1566 3189 1580 3211 ,
1610 3148 1941 3217 multumque

353 3239 643 3294 discrimen
668 3258 681 3294 :
705 3240 966 3309 siquidem
997 3240 1100 3295 hoc
1124 3240 1288 3295 latum
1315 3249 1370 3294 et
1397 3241 1688 3310 spatiosum
1717 3248 1817 3305 est,
1849 3238 1941 3296 illa

354 3348 484 3386 vero
509 3342 655 3386 arcta
676 3341 730 3387 et
758 3341 982 3403 angusta
1004 3348 1023 3387 :
1047 3332 1290 3401 voluptas
1316 3332 1422 3385 lata
1441 3342 1497 3387 et
1517 3332 1747 3401 spatiosa
1774 3349 1789 3386 :
1811 3347 1942 3401 pau-

351 3434 535 3496 pertas
574 3434 755 3480 autem
798 3433 853 3479 et
894 3426 1112 3495 penuria
1140 3434 1283 3480 arcta
1316 3433 1369 3480 et
1408 3433 1650 3495 angusta.
1685 3423 1754 3480 Ut
1782 3424 1943 3495 igitur

352 3519 444 3574 hic
466 3519 748 3573 contraria:
772 3528 897 3572 sunt
927 3519 1025 3573 viai
1044 3560 1060 3585 ,
1093 3527 1148 3575 el.
1171 3518 1259 3574 hic
1286 3519 1499 3589 quidem
1519 3560 1535 3582 ,
1561 3520 1649 3589 qui
1672 3519 1943 3589 virginita-

350 3620 463 3664 tem
484 3610 671 3679 elegit,
701 3624 796 3679 per
819 3617 1096 3678 angustam
1127 3618 1183 3665 et
1206 3618 1406 3664 arctam
1434 3609 1627 3664 incedit
1646 3648 1662 3672 ,
1692 3609 1817 3664 item
1846 3611 1939 3678 qui

351 3706 650 3758 castitatem
679 3703 982 3774 profitetur,
1009 3705 1096 3773 qui
1128 3713 1493 3774 paupertatem
1520 3702 1799 3771 amplexus
1822 3713 1906 3758 est
1923 3744 1938 3767 ,

355 3804 410 3849 ct
435 3796 523 3865 qui
552 3807 741 3848 vanam
771 3794 991 3863 gloriam
1012 3802 1331 3863 aspernatur
1355 3812 1369 3849 :
1396 3794 1487 3850 ille
1517 3810 1644 3850 vero
1663 3809 1757 3865 per
1781 3793 1941 3848 latam

354 3896 410 3940 ct
448 3887 735 3953 spatiosam
788 3901 1011 3955 pergere
1050 3884 1339 3952 chtinaus,
1382 3884 1665 3949 ebrietati,
1703 3884 1938 3952 deliciis,

354 3978 703 4045 pecuniarum
745 3976 942 4039 insano
984 3977 1184 4042 amori,
1237 3977 1501 4043 lasciviae,
1534 3991 1600 4032 ac
1629 3976 1944 4045 perniciosis

352 4068 673 4133 spectaculis
697 4068 930 4136 seipsum
956 4066 1186 4133 addicit,
1214 4077 1270 4123 et
1295 4066 1521 4121 multum
1564 4068 1701 4122 inter
1739 4078 1943 4122 utrum-

355 4172 462 4228 que
486 4157 777 4213 discrimen
816 4157 1052 4215 occurrit
1078 4176 1094 4215 :
1119 4159 1202 4215 sic
1228 4158 1479 4215 nimirum
1514 4168 1569 4215 et
1606 4158 1663 4215 in
1703 4168 1943 4231 tempore

1061 287 1381 344 ASCETAM
1420 290 1728 344 Ρςακτῐικ
1767 290 1885 341 l‘Tl
1921 289 2068 346 NON
2099 290 2389 347 DEBERE.
2421 323 2491 335 —
2524 291 2841 349 MONITUM

3476 300 3614 354 {05%

2037 396 2281 466 supplicii
2308 413 2372 455 ac
2397 401 2760 458 retributionis
2795 403 3016 461 multam
3063 403 3205 461 inter
3239 407 3457 475 praemia
3492 423 3620 479 pos-

2037 505 2222 544 sumus
2238 490 2589 547 differcntiam
2614 494 2871 548 invenire.
2900 493 3088 550 Iliatus
3108 497 3241 551 enim
3263 515 3477 570 magnus
3501 518 3623 557 can-

2036 586 2240 638 stitntus
2280 593 2356 639 est
2392 587 2524 639 inter
2566 602 2692 650 nos,
2741 586 2842 641 hoc
2884 596 2999 652 est,
3031 589 3170 642 inter
3188 589 3395 658 justos,
3429 593 3623 649 virtute

2037 680 2313 748 prteditos,
2343 667 2432 749 qui
2459 679 2816 734 conditionem
2855 680 2998 734 illam
3035 682 3157 735 vita:
3182 682 3356 736 sortiti
3386 694 3543 747 sunt,
3577 697 3625 738 et

2035 786 2143 834 vos,
2172 770 2279 826 hoc
2304 782 2406 838 est,
2438 772 2525 841 qui
2553 772 2648 825 toti
2674 772 2803 826 estis
2841 772 3071 842 nequitia
3098 782 3151 827 et
3178 773 3469 829 sceleribus
3492 791 3623 829 coo-

2039 864 2196 933 perti.
2227 861 2483 932 Adeoque
2509 878 2732 934 magnus
2760 872 2842 917 est
2869 861 3063 927 hiatus,
3089 862 3157 918 Ut
3179 880 3336 934 neque
3358 869 3624 935 quisquam

2035 968 2210 1014 earum
2237 958 2324 1026 qui
2349 957 2430 1010 hic
2466 958 2770 1019 consistunt,
2801 956 2871 1009 ad
2897 972 2983 1011 vos
3008 958 3225 1011 transire
3253 960 3437 1027 possit.
3467 976 3626 1028 neque

2036 1052 2107 1106 ad
2134 1068 2225 1105 nos
2249 1052 2369 1105 inde
2408 1061 2732 1105 transmeare.
2762 1050 2924 1106 Vides
2954 1052 3124 1105 hiatus
3163 1052 3579 1117 magnitudinem
3610 1093 3625 1116 ,

2036 1145 2186 1200 vides
2210 1159 2525 1213 responsum
2553 1142 2796 1213 geltenna
2820 1144 3052 1213 gravius.
3076 1143 3261 1198 Nonne
3299 1160 3328 1197 a
3367 1144 3624 1213 principio

2036 1249 2156 1289 cum
2184 1234 2591 1304 prosperitatem
2611 1232 2790 1287 divitis
2809 1232 3085 1297 audiretis,
3110 1242 3164 1287 et
3187 1234 3496 1303 obsequium
3516 1250 3624 1303 quo

2037 1327 2314 1383 colebatur
2341 1326 2410 1379 ab
2439 1325 2706 1389 omnibus,
2737 1325 2992 1380 satellitio
3019 1326 3244 1394 stipatus
3265 1368 3277 1385 ,
3305 1335 3361 1379 et
3385 1326 3624 1394 quotidie

2036 1418 2245 1475 deliciis
2273 1417 2541 1482 addictus,
2574 1416 2943 1472 beatissimum
2986 1432 3106 1471 esse
3148 1416 3292 1470 illum
3331 1418 3625 1472 arbitraba-

2038 1509 2204 1563 mini?
2232 1509 2436 1563 Rursus
2466 1508 2591 1562 dum
2621 1518 2910 1578 pauperem
2955 1523 3051 1577 pro
3092 1508 3295 1564 foribus
3317 1510 3582 1577 alijectum
3602 1551 3621 1575 ,

2039 1608 2093 1656 et
2120 1600 2371 1670 gravibus
2401 1600 2504 1654 illis
2533 1601 2832 1669 expositum
2863 1600 3135 1655 ulceribus
3150 1603 3466 1665 cerneretis,
3490 1618 3625 1656 non-

2040 1705 2107 1745 ne
2132 1690 2380 1744 miscram
2402 1689 2517 1759 ejus
2540 1691 2702 1744 vitam
2728 1691 3029 1759 putabatis?
3050 1691 3118 1745 At
3141 1707 3266 1746 ecce
3288 1692 3398 1762 jam
3421 1693 3487 1747 ab
3509 1693 3624 1762 ipso

2040 1796 2219 1836 rerum
2247 1782 2353 1836 fine
2389 1781 2441 1835 in
2469 1781 2795 1836 contrarium
2822 1783 3096 1836 cernimus
3119 1792 3308 1836 cuncta
3335 1799 3586 1837 conversa
3605 1824 3622 1848 ,

2036 1879 2095 1927 et
2134 1871 2276 1926 hunc
2317 1871 2535 1942 quidem
2582 1880 2703 1942 post
2750 1872 2971 1927 delicias
3000 1873 3116 1927 illas
3140 1884 3191 1925 et
3218 1874 3526 1929 ebrietatem
3571 1875 3625 1928 iu

2040 1963 2340 2028 tormentis,
2365 1963 2510 2017 illum
2540 1977 2670 2017 vero
2702 1970 2820 2030 post
2847 1970 3138 2031 egestatem
3163 1963 3304 2017 illam
3331 1975 3624 2019 extremam

2040 2065 2096 2112 et
2122 2055 2317 2110 famem
2340 2056 2391 2110 in
2422 2054 2737 2125 patriarcha:
2760 2055 2882 2109 sinu
2909 2056 3130 2110 versari.
3154 2055 3533 2110 Verumtamen
3559 2072 3626 2110 ne

2039 2147 2297 2219 prolixior
2318 2164 2472 2218 aequo
2497 2157 2675 2203 nostra
2699 2147 2771 2203 sit
2790 2147 2987 2213 oratio,
3019 2146 3217 2203 sufﬁcit
3246 2158 3302 2202 ut
3333 2147 3437 2201 huc
3458 2162 3626 2215 usque

2042 2247 2345 2311 provectam
2373 2239 2668 2295 doctrinam
2696 2240 2971 2304 ﬁniamus,
3004 2247 3058 2293 et
3086 2238 3361 2293 caritatem
3393 2246 3624 2292 vestram

2040 2332 2403 2394 cobortemur,
2432 2346 2498 2386 ne
2525 2332 2686 2386 latam
2718 2341 2923 2400 portam
2950 2328 3252 2392 scctemini,
3286 2344 3460 2398 neque
3489 2329 3625 2381 viam

2040 2421 2353 2493 Spatio~am,
2382 2438 2554 2493 neque
2582 2423 2910 2490 voluptatem
2940 2422 3085 2476 omni
3113 2421 3322 2475 ratione
3344 2420 3626 2489 perquira-

2044 2516 2114 2571 tis
2139 2534 2153 2571 :
2181 2516 2273 2569 Sed
2318 2516 2592 2586 utriusque
2631 2515 2791 2570 ﬁnem
2830 2513 2983 2568 vobis
3024 2512 3094 2567 ob
3133 2513 3319 2567 oculos
3345 2520 3622 2582 ponentes,

2041 2609 2181 2665 hanc
2205 2609 2447 2681 fugiatis,
2469 2609 2764 2679 cogitantes
2791 2624 2911 2678 qua:
2935 2606 3151 2661 divitem
3184 2606 3343 2659 istum
3371 2604 3506 2657 mala
3533 2617 3627 2671 op-

1989 2763 1995 2769 ,
2041 2704 2338 2772 presserint
2365 2718 2379 2755 :
2411 2709 2694 2772 angustam
2730 2710 2909 2754 autem
2939 2710 2996 2754 et
3030 2707 3230 2754 arctam
3262 2698 3401 2769 viam
3440 2711 3628 2767 perse-

2041 2791 2298 2863 quamini,
2346 2799 2405 2846 ut
2451 2790 2517 2845 ad
2560 2790 2735 2846 locum
2782 2790 3092 2845 deliciarum
3141 2796 3263 2858 post
3307 2786 3464 2855 hujus
3506 2788 3628 2841 vita:

2042 2899 2309 2939 (erumnas
2338 2884 2616 2953 pervenire
2639 2882 2925 2953 possimus.
2956 2880 3147 2948 Fugite
3176 2893 3629 2950 ergo,qua-so,sa~

2040 2976 2217 3029 tanica
2246 2975 2335 3030 illa
2357 2975 2679 3046 spectacula,
2702 2990 2768 3029 ac
2790 2973 3119 3042 perniciosos
3145 2973 3267 3027 illos
3288 2971 3427 3027 Circi
3451 2971 3624 3026 ludos.

2043 3067 2174 3122 Nam
2204 3074 2423 3136 propter
2453 3080 2548 3121 eos
2573 3065 2663 3135 qui
2692 3063 2914 3119 subdole
2951 3063 3160 3116 attracti
3194 3062 3405 3116 fuerunt
3424 3103 3439 3125 ,
3471 3071 3628 3131 atque

2044 3160 2111 3215 ad
2137 3160 2425 3229 spatiosam
2452 3156 2591 3211 viam
2617 3164 2987 3226 perrexerunt,
3016 3152 3130 3207 htec
3159 3153 3340 3207 dicere
3365 3152 3627 3220 compulsi

2041 3266 2249 3313 smnus,
2283 3259 2341 3306 ut
2364 3250 2540 3306 cdocti
2563 3264 2687 3304 cum
2707 3248 2845 3302 hanc
2878 3246 3163 3310 deserant,
3194 3254 3302 3298 tum
3334 3259 3428 3313 per
3458 3259 3630 3313 angu—

2040 3355 2179 3400 tatam
2223 3342 2568 3406 incedentes,
2620 3340 2834 3395 virtutis
2880 3336 3167 3399 nimirum,
3215 3336 3267 3389 in
3308 3334 3630 3405 patriarcha:

2044 3439 2242 3503 sinum,
2275 3432 2723 3507 quemadmodum
2751 3417 3006 3495 Lazarus,
3032 3428 3197 3498 recipi
3227 3439 3553 3491 mereantur,
3576 3437 3631 3481 et

2043 3545 2075 3584 a
2103 3529 2347 3600 gehenoa
2376 3526 2513 3597 ignis
2536 3524 2892 3582 communiter
2911 3537 3096 3577 oumes
3121 3518 3326 3575 liberati
3344 3519 3499 3575 bonis
3525 3516 3631 3572 illis

2040 3623 2275 3687 arcanis,
2307 3636 2426 3691 quae
2452 3620 2640 3674 oculus
2670 3632 2776 3673 non
2809 3617 2971 3681 vidit,
3002 3625 3057 3671 et
3083 3616 3230 3669 auris
3254 3629 3359 3667 non
3384 3612 3588 3668 audivit
3608 3654 3622 3673 ,

2046 3715 2285 3768 fruamur
2308 3730 2321 3765 :
2344 3726 2462 3781 qua:
2490 3723 2587 3764 nos
2613 3722 2801 3763 omnes
2828 3709 3027 3761 utinam
3062 3706 3309 3759 obtinere
3335 3703 3626 3772 contingat,

2038 3805 2211 3876 gratia
2234 3812 2292 3858 et
2322 3801 2648 3872 benignitate
2672 3798 2881 3853 Domini
2914 3796 3079 3850 nostri
3105 3795 3234 3850 Jesu
3259 3794 3481 3859 Christi,
3508 3809 3631 3847 cum

2042 3910 2152 3966 quo
2180 3893 2321 3948 Patri
2352 3892 2616 3961 simulqm
2640 3888 2865 3959 Spiritui
2895 3896 3080 3941 sancto
3099 3885 3288 3957 gloria,
3326 3883 3629 3953 imperium,

2041 3985 2221 4041 honor
2267 3999 2408 4039 nunc
2466 3992 2523 4039 et
2572 3996 2805 4053 semper,
2834 3988 2890 4035 et
2936 3979 2991 4034 in
3042 3977 3237 4033 szccula
3289 3975 3628 4032 szcculoruni.

2045 4078 2239 4133 Amen.

2222 4536 2439 4550 υ-κο--σο

1798 4777 2201 4844 MONITUM.

385 5313 612 5368 operum
646 5277 867 5351 lectioni
907 5294 988 5349 vet
1018 5292 1288 5349 tantillum
1323 5300 1573 5347 assuetus
1597 5290 1725 5346 erit.
1762 5289 2125 5357 Quamobrem
2148 5302 2273 5357 jure
2307 5288 2449 5342 inter
2480 5285 2665 5356 spuria
2698 5285 2941 5357 ablegata
2973 5285 3079 5341 fuit
3104 5286 3172 5340 ab
3212 5286 3299 5349 iis,
3324 5287 3417 5355 qui
3464 5288 3619 5355 prius

386 5394 554 5448 alitis
581 5393 965 5463 advigilarunt.
987 5390 1087 5445 ilic
1106 5391 1356 5459 quamdam
1386 5389 1657 5443 habentur
1681 5388 1748 5443 de
1782 5386 2215 5442 subintroductis
2241 5393 2294 5441 et
2320 5385 2579 5455 agapetis,
2610 5397 2717 5453 qua
2749 5383 2817 5438 de
2862 5398 2921 5436 re
2958 5381 3013 5435 in
3050 5379 3197 5433 notis
3227 5379 3619 5447 posterioribus

388 5497 618 5555 agatur;
654 5486 747 5541 sed
778 5487 941 5539 etiam
976 5484 1147 5538 fusius
1176 5490 1366 5551 agetur
1388 5481 1453 5535 ad
1483 5481 1686 5535 calcem
1718 5494 1967 5549 operum,
1995 5494 2117 5536 cum
2153 5480 2219 5535 de
2248 5478 2534 5548 disciplina
2559 5493 2677 5533 aevo
2716 5471 3092 5547 Chrysostomi
3116 5481 3330 5543 recepta
3373 5473 3617 5543 disputa-

389 5573 558 5633 bitur.
594 5577 971 5649 lntcrpretatio
999 5577 1193 5634 Latina
1217 5587 1299 5634 est
1331 5575 1619 5632 Frontonis
1654 5572 1856 5629 Ducwi.
