4032 6198
343 318 473 376 Ιοόῖ

331 428 674 485 immanitatis
696 469 716 496 ,
754 437 1056 496 serpentem
1096 432 1154 480 ut
1200 422 1441 496 Evagtibi
1476 420 1912 496 contubernalem

328 503 605 557 asciveris.
625 491 762 555 eam
787 491 1088 566 alligaveris
1115 496 1289 566 ignem
1313 494 1370 547 in
1396 493 1535 566 sinu,
1562 501 1617 546 et
1640 491 1909 547 lucernam

328 574 383 625 in
405 569 553 627 {meo
576 569 838 640 posueris,
860 563 1165 640 pericultt_m_
1176 563 1268 619 tibi
1294 563 1564 640 creabitnr
1582 578 1648 640 ett
1668 573 1912 640 utruqtte.

329 644 440 696 Aut
465 632 613 697 enim
646 638 700 693 in
730 632 898 705 ipsam
936 634 1169 705 barathri
1213 633 1603 705 prolapsionem
1635 632 1872 705 incidens
1893 673 1911 705 ε

329 710 639 766 amittendae
666 701 925 762 castitatis
953 701 1244 774 periculum
1270 701 1473 769 adibis;
1500 711 1593 757 aut
1615 703 1660 756 si
1692 703 1792 757 hoc
1818 702 1913 757 tibi

329 798 437 836 non
465 779 692 843 accidat,
725 786 932 845 turpem
960 775 1053 830 tibi
1081 774 1307 845 infamia:
1331 783 1512 829 notam
1544 775 1723 845 inut-es
1743 813 1760 838 ,
1791 787 1911 845 cum

331 851 426 904 tibi
469 841 779 904 mandatum
814 841 886 903 sit
907 887 924 912 ,
956 856 1014 900 ut
1052 860 1160 900 non
1201 844 1375 899 solum
1419 858 1599 912 coram
1628 843 1782 912 Deo.
1817 841 1914 912 sed

328 922 491 974 etiam
521 934 703 975 coram
743 909 1046 973 hominibus
1087 915 1223 969 bona
1264 912 1546 985 provideas
1573 909 1667 985 (2.
1707 910 1826 967 Cor.
1855 911 1909 966 8.

325 990 457 1060 21).
485 991 820 1060 Quapropter
845 986 946 1041 hac
974 983 1339 1060 Eeclesiastica
1366 983 1735 1060 cohortatione
1760 998 1911 1037 com-

324 1053 663 1116 mdneiictus
679 1053 969 1113 Observare
991 1055 1153 1109 debes
1177 1067 1522 1124 quaecumque
1549 1053 1769 1124 honesta
1789 1060 1912 1107 sunt

320 1141 385 1186 et
404 1130 592 1199 pudiea
614 1127 871 1199 (Philipp.
895 1126 948 1180 ι.
971 1124 1050 1199 8_)_,
1072 1122 1244 1199 neque
1263 1123 1317 1199 id
1324 1134 1565 1189 tantum,
1583 1122 1678 1199 sed
1695 1132 1750 1178 et
1767 1138 1913 1199 quac-

330 1191 563 1270 cuinque
590 1191 743 1253 boote
781 1191 956 1270 tam.
990 1191 1172 1270 Metire
1198 1209 1264 1249 ex
1305 1191 1579 1270 honestate
1610 1191 1910 1270 humanita-

334 1280 445 1326 tem
467 1261 792 1338 {sapientem
806 1267 903 1323 tibi
926 1266 1239 1338 monitorem
1259 1278 1487 1338 appune.
1508 1261 1615 1338 Cur
1629 1263 1909 1338 honestum

329 1331 721 1395 Christiairismi
751 1351 942 1392 nomen
969 1331 1343 1391 contaminas?
1367 1331 1474 1387 Cur
1500 1334 1724 1387 aliorum
1749 1332 1907 1387 etiam

329 1410 628 1479 illaqueans
656 1409 861 1479 animas
899 1405 1336 1479 contubernalem
1372 1402 1469 1479 tibi
1506 1402 1755 1479 asciscis?
1792 1401 1907 1479 Non

328 1471 472 1534 enim
497 1479 669 1533 solum
691 1488 747 1533 ut
769 1476 1000 1531 animam
1028 1484 1171 1529 tuam
1196 1471 1469 1536 delendas,
1501 1472 1759 1528 rationem
1783 1474 1906 1528 red-

328 1551 445 1614 des,
469 1549 563 1603 sed
590 1549 661 1603 ob
687 1562 802 1614 eos,
823 1546 1014 1615 quibus
1038 1543 1289 1601 seandalo
1316 1542 1481 1615 fuisti.
1504 1542 1707 1615 Proiice
1731 1558 1760 1596 e
1780 1543 1907 1615 sinu

330 1613 772 1688 tuoserpeutem,
800 1613 1040 1688 abiieeua
1081 1625 1133 1670 te
1174 1615 1292 1683 ipso
1321 1613 1637 1688 periculum.
1668 1614 1845 1688 Sitibi
1875 1630 1907 1669 a

333 1682 552 1745 I‘entinis
573 1682 1177 1750 ministraridesideras,
1196 1682 1294 1737 cur
1313 1698 1419 1737 non
1442 1683 1710 1751 antiquam
1736 1682 1904 1751 legem

326 1760 643 1825 observans,
674 1758 871 1825 nuptiis
897 1766 949 1811 te
991 1754 1241 1825 legitimis
1273 1752 1530 1825 copulasti
1559 1751 1908 1825 (a)?7_NAupti;e

329 1830 505 1898 penis
541 1823 647 1883 non
690 1823 815 1882 sunt
854 1823 1097 1898 obnoxia:
1128 1841 1143 1878 :
1179 1823 1494 1898 adulterium
1533 1823 1790 1898 supplicio
1822 1832 1908 1878 est

328 1893 616 1954 obnoxium
665 1896 952 1953 iucvitabili
999 1913 1014 1949 :
1052 1904 1134 1949 est
1177 1894 1318 1948 enim
1365 1893 1703 1959 adulterium,
1747 1902 1908 1963 atque

327 1971 464 2026 adeo
496 1984 749 2038 magnum
782 1965 1112 2038 adulterium
1157 1963 1460 2020 cohabitare
1508 1977 1639 2038 c_um_
1675 1963 1902 2038 feminis.

326 2032 723 2095 Couscicniiam
755 2047 897 2091 tuam
926 2036 1190 2101 examina,
1220 2049 1344 2089 num
1374 2033 1584 2102 quando
1608 2032 1902 2087 detrimen-

326 2120 439 2163 tum
464 2109 738 2179 acceperis
758 2146 776 2172 ,
804 2121 940 2179 numq
955 2105 1070 2179 sive
1094 2114 1254 2160 noctu
1276 2147 1293 2171 ,
1322 2103 1435 2159 sive
1457 2101 1687 2158 interdiu
1713 2102 1903 2179 vuinus

324 2174 705 2235 inﬂictum'tibi
740 2177 994 2233 senseris.
1024 2175 1165 2235 Sane
1189 2189 1288 2243 ego
1316 2190 1410 2229 cor
1435 2182 1582 2228 tuum
1609 2174 1859 2229 reserabo
1881 2214 1898 2240 ,

327 2250 539 2306 tametsi
578 2248 706 2303 mihi
749 2261 1103 2302 succensurus
1147 2261 1226 2299 es.
1267 2244 1643 2300 Verumtamen
1678 2259 1782 2298 non
1820 2254 1905 2299 est

327 2320 455 2374 mihi
481 2335 625 2374 cura:
650 2335 664 2371 :
698 2318 851 2373 valde
877 2317 1071 2385 quippe
1101 2315 1258 2370 doleo
1278 2356 1294 2380 ,
1325 2330 1445 2369 cum
1476 2312 1632 2385 video
1666 2322 1899 2385 ascetattt

327 2390 783 2445 subintroductam
802 2384 1080 2441 mulierem
1103 2384 1203 2439 sibi
1225 2384 1504 2440 asciscere.
1536 2384 1644 2445 Ego
1669 2384 1759 2437 tibi
1781 2384 1902 2439 dico

326 2469 381 2514 te
406 2461 459 2515 in
485 2461 719 2529 singulas
747 2457 906 2529 horas
926 2455 1190 2510 vulnerari
1214 2495 1231 2522 ,
1257 2466 1313 2510 et
1336 2454 1555 2529 singulis
1586 2454 1731 2529 horis
1759 2470 1901 2529 pra:-

325 2530 450 2585 tlatn
476 2524 668 2585 bellum
691 2528 826 2587 ﬁeri.
851 2526 1124 2582 Laxautur
1150 2528 1291 2580 enim
1323 2524 1435 2581 tibi
1456 2525 1659 2580 vincula
1683 2524 1897 2580 castita-

328 2601 431 2666 tis,
457 2599 814 2668 corrumperis
841 2612 904 2651 ac
930 2595 1393 2668 remissusevadis
1422 2595 1649 2668 bellator
1673 2610 1899 2668 genero-

324 2662 435 2734 sus,
472 2684 569 2736 pro
600 2662 802 2724 victore
847 2667 1090 2736 captivus
1131 2665 1378 2720 elliceris.
1423 2663 1558 2719 Num
1600 2662 1740 2719 enim
1765 2662 1898 2734 lapis

324 2740 424 2799 es?
449 2736 619 2797 Homo
639 2754 720 2804 es,
747 2737 1120 2793 communibus
1143 2744 1347 2791 naturae
1374 2736 1585 2789 casibus
1612 2736 1894 2791 obnoxius.

326 2809 502 2867 Ignem
531 2810 692 2864 habes
721 2810 771 2862 in
802 2809 920 2862 sinu
943 2850 957 2867 .
988 2816 1042 2861 et
1084 2823 1189 2863 tton
1235 2804 1444 2860 ureris?
1484 2804 1580 2861 Cui
1611 2805 1898 2862 verisimile

324 2876 452 2934 illud
475 2879 748 2934 videatur?
772 2879 919 2937 Pone
943 2879 1212 2937 lucernam
1239 2877 1290 2932 iu
1319 2876 1483 2941 faeno,
1512 2885 1727 2947 tumque
1752 2876 1893 2947 vide,

323 2966 451 3004 num
474 2950 652 3005 dicere
681 2949 809 3003 mihi
837 2950 1006 3017 possis
1033 2947 1231 3002 I'tnnum
1259 2962 1364 3001 nou
1391 2947 1470 3017 uri
1491 2945 1690 3017 {Quod
1725 2945 1770 3000 si
1797 2962 1899 3001 nc-.

320 3021 531 3089 gaveris
560 3021 640 3075 uri
668 3016 890 3082 faenum,
918 3034 988 3072 ne
1017 3018 1145 3072 mihi
1168 3017 1314 3071 dicas
1334 3056 1348 3079 ,
1375 3016 1470 3071 sed
1496 3016 1544 3069 ei
1574 3017 1671 3089 qu_i
1689 3017 1895 3089 occulta

317 3085 471 3144 itovit
491 3131 509 3157 ,
539 3091 629 3160 qui
660 3090 805 3144 venit
843 3098 899 3143 ut
925 3089 1270 3160 cogitationes
1296 3096 1601 3160 congregct.
1632 3085 1893 3160 Estenim

318 3155 583 3215 discreto}
606 3155 1023 3230 cOgitationum',
1052 3168 1125 3230 et
1146 3157 1574 3230 ratiocinationes
1599 3155 1776 3230 cordis
1810 3157 1893 3230 itt-

320 3230 529 3300 telligit.
569 3226 836 3285 Ait'euim
865 3245 881 3283 :
914 3230 1013 3295 Qui
1044 3229 1220 3281 viderit
1260 3226 1532 3300 mulierem
1553 3226 1620 3281 ad
1657 3227 1895 3300 caucupi-

316 3295 563 3355 scendum
598 3317 707 3355 eam
731 3342 747 3367 ,
771 3301 886 3371 jam
910 3299 1318 3371 Amo/tatus‘eu
1362 3312 1475 3371 eum
1514 3296 1567 3351 in
1612 3295 1762 3371 corde
1787 3313 1894 3371 _suo

318 3372 341 3439 (
366 3371 553 3425 Matth.
577 3371 635 3426 5.
662 3371 734 3428 28
754 3366 793 3439 )2
829 3369 957 3425 Vide
997 3368 1236 3439 neptuni
1266 3367 1392 3439 hora
1502 3375 1554 3421 te
1577 3366 1892 3439 adulterium

318 3435 771 3512 deprehendatur.
802 3439 1032 3496 Omnino
1056 3436 1202 3512 dices
1231 3456 1245 3491 :
1269 3435 1486 3507 ieiuniis
1508 3476 1524 3502 ,
1552 3437 1891 3512 exercitatio-

319 3508 480 3566 nibus
505 3522 559 3566 et
586 3512 737 3566 arido
764 3519 1082 3579 austeroque
1108 3508 1253 3579 victu
1274 3523 1379 3579 me
1400 3511 1734 3579 communio,
1766 3522 1835 3565 ne
1863 3523 1892 3563 a

319 3583 596 3652 preposito
631 3580 897 3637 excidam.
935 3573 1099 3649 Igitur
1124 3573 1194 3633 ob
1240 3576 1383 3652 aliud
1427 3577 1555 3652 nihil
1602 3578 1894 3652 instituitur

318 3646 631 3707 exercitatio
652 3660 762 3717 tua,
787 3651 886 3705 nisi
913 3646 1129 3720 prepter
1148 3648 1580 3720 contubernalem
1603 3657 1765 3701 tuam.
1790 3646 1896 3702 Ita-

317 3737 426 3793 que
454 3738 560 3777 non
595 3722 705 3792 iam
749 3722 842 3775 tibi
881 3718 1136 3790 iustitiam
1180 3718 1543 3778 thesaurizas;
1577 3726 1718 3771 tuam
1747 3720 1891 3772 enim

320 3793 413 3846 illa
441 3793 872 3847 exercitationem
921 3788 1197 3845 subtraxit.
1241 3787 1426 3856 Ahiice
1473 3787 1630 3858 igitur
1665 3802 1694 3840 a
1722 3789 1894 3858 teipse

318 3864 489 3923 illam.
521 3879 638 3929 qum
666 3864 947 3915 multorum
978 3861 1236 3915 bonorum
1267 3860 1358 3913 tibi
1388 3859 1641 3929 damnum
1670 3857 1889 3924 invexit,

321 3949 393 3987 ne
424 3942 474 3986 te
498 3928 674 4000 eiiciat
702 3948 734 3986 e
761 3932 1024 4001 paradiso,
1052 3944 1120 3984 ue
1150 3939 1200 3983 te
1226 3929 1439 4001 diabolo
1459 3928 1740 3983 ludibrium
1768 3929 1893 3984 red-

316 4004 432 4058 dat.
459 3999 577 4057 Noli
598 4002 734 4071 apud
761 3999 812 4056 ie
832 4002 973 4055 illam
998 4001 1281 4066 collocare,
1305 4015 1374 4071 ne
1392 3999 1529 4054 forte
1548 4013 1670 4071 cum
1697 4008 1749 4071 te
1767 4014 1895 4071 sup-

362 4074 611 4134 Iautarit,
635 4068 819 4128 tecum
849 4072 900 4126 in
938 4071 1234 4142 gehennam
1279 4070 1532 4124 mittatur.
1565 4068 1895 4125 Formidabi-

362 4089 611 4134 ωηιξη-ιι,
643 4089 819 4128 ιρουιιι
849 4089 900 4126 ιη
938 4089 1234 4142 genennant
1279 4089 1532 4124 mlllallll'.
1565 4089 1894 4125 rornttuaut-

318 4089 428 4198 iem
464 4143 695 4212 iudicem
737 4142 1067 4212 pertimesce,
1097 4140 1185 4212 gini
1232 4148 1403 4212 tecum
1445 4148 1652 4212 pactum
1675 4178 1693 4203 ,
1734 4148 1894 4212 utine

316 4209 506 4268 oculos
547 4209 759 4283 quidem
802 4211 1053 4281 coniicias
1094 4210 1146 4264 in
1193 4209 1489 4264 mulierem.
1541 4209 1894 4265 Praesentibus

318 4284 623 4360 senioribus
648 4284 896 4339 canitiem
926 4294 1170 4360 reuertere
1187 4320 1202 4342 ,
1230 4289 1574 4360 e_t_tatuqua_m
1603 4287 1893 4360 patres

319 4355 611 4417 reveritus,
644 4368 800 4422 parce
824 4352 1131 4408 scurrilibus
1157 4350 1333 4405 verbis
1359 4358 1415 4422 et
1441 4349 1664 4422 ludicris
1681 4358 1736 4404 et
1761 4349 1893 4404 ridi-

316 4424 477 4478 culis.
504 4422 581 4478 Nc
604 4419 725 4478 ltide
749 4438 868 4477 cum
892 4422 1086 4492 iuniori
1110 4461 1127 4487 ,
1156 4435 1327 4492 neque
1351 4420 1489 4473 viam
1515 4419 1716 4492 inertiae
1741 4435 1896 4475 monk

318 4504 481 4557 stres,
509 4495 681 4548 iniens
705 4509 823 4548 eam
855 4489 998 4560 prior
1026 4491 1158 4559 ipse,
1188 4490 1457 4559 multoque
1483 4489 1736 4560 majorem
1762 4505 1893 4544 con-

316 4574 579 4633 temptum
605 4559 919 4633 ingenerans
938 4560 1255 4633 ;_mulicrent
1276 4574 1403 4633 vero
1429 4560 1513 4615 vel
1537 4559 1654 4614 solo
1676 4570 1892 4633 aspectu

317 4630 479 4689 tentis
504 4630 767 4688 reverére.
799 4634 878 4688 Sit
918 4631 1019 4685 illis
1046 4630 1211 4684 forma
1239 4630 1482 4700 quredam
1506 4639 1561 4684 et
1589 4631 1891 4698 exemplum

317 4706 429 4758 vita
458 4714 574 4768 tua;
603 4704 760 4757 talem
789 4712 842 4758 te
869 4702 1049 4773 praebe
1069 4741 1085 4765 ,
1114 4710 1264 4773 ut_te
1285 4700 1404 4773 illa:
1424 4707 1807 4773 Arevereautur,
1840 4709 1896 4773 et

320 4775 491 4828 I’orma
514 4769 897 4843 atqueinitiun't
926 4770 1258 4843 verecundia:
1282 4771 1385 4843 illis
1417 4771 1531 4843 llas,
1560 4769 1891 4843 quandoqui-

318 4845 445 4898 dem
470 4845 553 4897 vir
570 4840 817 4911 quiddam
833 4851 916 4897 est
938 4842 1162 4896 muliere
1184 4841 1542 4911 principalins,
1570 4854 1745 4911 neque
1769 4840 1895 4894 laci-

322 4915 526 4969 litatem
553 4909 771 4981 adiicias
808 4912 1027 4967 faciliori
1054 4922 1257 4964 natura
1282 4909 1551 4966 muliebri.
1586 4909 1894 4967 Verecunda

319 4989 391 5039 sit
420 4985 680 5053 principua
712 4984 938 5053 quadam
977 4984 1180 5053 ratione
1222 4982 1429 5053 ntuligr,
1453 4989 1658 5053 quanto
1686 4982 1897 5053 gravius

318 5062 406 5108 est
424 5050 663 5107 dedecus
690 5050 928 5108 mulieris
956 5050 1297 5120 impudentia.
1332 5050 1397 5105 Et
1422 5051 1465 5105 si
1494 5050 1707 5107 liberius
1735 5052 1894 5120 etiam

321 5138 448 5178 cum
476 5124 603 5177 viris
645 5125 783 5193 loqui
823 5119 1106 5177 admodum
1128 5120 1415 5193 indignum
1454 5131 1538 5175 est
1570 5130 1633 5193 et
1662 5119 1896 5176 audacias

322 5195 573 5263 plenum,
601 5191 729 5248 eum
766 5194 971 5248 mulieri
1015 5194 1086 5247 sit
1127 5191 1559 5263 imposituntuput
1601 5192 1784 5249 timeat
1822 5193 1900 5263 vis

325 5260 444 5318 rum
472 5278 623 5317 suum
644 5304 660 5330 ,
689 5264 865 5334 potius
886 5305 902 5329 ,
930 5277 1088 5332 quam
1115 5270 1175 5334 ut
1213 5261 1460 5334 loquendi
1486 5260 1731 5317 libertate
1757 5262 1896 5334 apud

319 5334 475 5388 illum
504 5331 720 5389 utatur}
749 5332 937 5387 Mulier
952 5331 1126 5399 enim,
1154 5332 1341 5400 inquit,
1365 5331 1529 5387 uirum
1554 5348 1701 5386 suum
1728 5333 1899 5388 timeat

323 5409 342 5474 ζ
371 5402 563 5473 Eplm.
586 5405 641 5460 5.
670 5405 770 5473 55)
802 5420 816 5456 :
847 5405 892 5459 si
932 5404 1089 5474 igitur
1113 5402 1159 5474 ei
1183 5441 1200 5465 ,
1228 5417 1348 5470 quae
1380 5402 1553 5474 virum
1594 5401 1785 5466 habet,
1813 5402 1897 5457 lex

322 5472 425 5529 ista
456 5474 724 5545 prOposita
750 5483 834 5529 est
856 5514 871 5537 ,
901 5472 1146 5545 quidrtibi
1173 5486 1313 5527 nunc
1337 5486 1454 5541 qum
1474 5473 1641 5527 virum
1656 5487 1774 5545 non
1804 5474 1900 5528 ha-

326 5545 440 5611 bes,
457 5542 734 5615 agendum
757 5542 962 5600 restat?
985 5542 1105 5599 Tibi
1129 5556 1257 5598 vero
1281 5556 1420 5598 nunc
1445 5542 1728 5610 convenit,
1754 5553 1900 5599 utne

383 5704 458 5765 (η)
495 5704 579 5753 ttic
600 5702 845 5766 agitur-de
866 5701 1243 5766 subintroductis
1270 5707 1327 5766 et
1368 5701 1605 5766 agapetis,
1637 5711 1730 5764 qua
1752 5698 1816 5750 de
1841 5712 1899 5750 re

321 5762 514 5829 agetur,
540 5762 709 5816 ubi'de
727 5763 978 5828 disciplina
998 5771 1217 5826 tempore
1236 5762 1571 5835 chryso'stomi.

1284 310 1600 369 ASCETABI
1639 308 1950 366 FACETIIS
1987 312 2101 368 υτι
2138 308 2274 367 NON
2314 310 2605 369 DEBERE.

3457 312 3596 371 1058

2024 421 2135 479 ullo
2162 421 2373 493 quidem
2404 432 2561 497 pacte
2586 423 2703 478 viro
2732 426 3134 497 appropinques
3154 467 3170 489 ,
3199 438 3449 497 quantum
3480 433 3595 491 Ilcrl

2024 502 2236 570 putest,
2268 508 2441 570 neque
2469 494 2578 549 ullo
2623 495 2781 549 modo
2826 496 2907 570 vir
2936 506 3082 550 tuum
3110 494 3313 570 vultum
3353 501 3595 570 aspiciat.

2020 561 2216 618 Christi
2268 561 2410 635 enim
2457 579 2648 634 sponsa
2687 579 2791 628 es;
2846 566 2924 619 sic
2965 567 3284 635 progredere
3325 561 3510 627 orn-ala
3541 586 3597 632 ttt

2019 648 2212 702 sponsa
2237 673 2253 695 ,
2309 634 2454 710 vultu
2490 634 2685 710 amictu
2708 634 3175 710 velato_,_ne_forte
3222 638 3266 691 si
3294 654 3451 710 quem
3506 654 3595 698 tuo

2019 713 2306 777 conspectu
2332 704 2711 777 vulneraveris,
2742 704 3055 775 perditionis
3079 706 3193 777 eius
3220 704 3428 776 patiam
3455 711 3591 768 luas.

2019 773 2192 848 Atque
2234 773 2348 848 hinc
2372 774 2584 843 quidem
2604 789 2725 848 _nos
2744 773 2817 830 ex
2854 790 3045 848 arcana
3073 773 3466 848 scripturarum
3499 781 3591 838 do.

2016 844 2186 922 ctrina
2225 843 2539 922 deprompta
2585 843 2810 899 dicimus
2841 862 2855 899 :
2889 843 3228 922 mulceret-3)
3266 864 3385 918 quae
3424 867 3595 922 neque

2021 912 2114 991 _Dei
2135 912 2380 991 timorem
2405 912 2839 991 animoversant,
2866 931 3037 985 neque
3061 915 3266 991 facilem
3283 912 3439 974 suam
3464 912 3594 991 pro-

2016 982 2310 1059 lapsionem
2356 983 2740 1059 reformidaut,
2788 982 2963 1059 neque
3013 989 3333 1057 propositam
3381 982 3592 1059 pmitam

2017 1054 2321 1121 provident,
2352 1069 2414 1109 ea
2460 1070 2565 1109 non
2611 1054 2895 1110 admodum
2939 1054 3167 1120 curant,
3198 1068 3251 1112 et
3294 1054 3397 1113 suo
3419 1061 3594 1118 ducta:

2016 1123 2241 1201 causilio
2269 1126 2502 1201 virorum
2531 1126 2899 1201 se__eb_scquiis
2941 1126 3255 1201 addixerunt
3278 1170 3292 1192 .
3311 1144 3496 1201 neque
3526 1150 3591 1189 ex

2014 1195 2325 1270 praescripto
2350 1195 2545 1265 regulae
2564 1195 2648 1270 illi
2673 1195 2985 1270 datae,_qua:_
3006 1199 3278 1270 nupsit._et
3300 1195 3482 1270 iunéta
3507 1215 3589 1258 est

2013 1266 2222 1338 marito.
2263 1266 2333 1318 At
2365 1273 2423 1338 tu
2455 1280 2522 1320 ne
2563 1266 2701 1320 hanc
2727 1266 2943 1338 quidem
2972 1266 3143 1338 legem
3169 1266 3450 1338 observas;
3482 1290 3589 1329 uou

2014 1334 2155 1387 enim
2185 1348 2308 1389 cum
2340 1334 2531 1390 timore
2556 1334 2908 1401 conversaris,
2929 1334 3206 1393 sed'multa
3234 1354 3353 1394 cum
3380 1334 3585 1397 securi-

2014 1411 2121 1457 tate
2139 1414 2298 1480 atque
2317 1416 2625 1480 contemptu
2648 1416 2702 1461 et
2720 1406 2876 1480 simul
2896 1407 3154 1480 comedis,
3181 1418 3235 1463 et
3255 1410 3410 1465 simul
3429 1411 3585 1480 bibis,

2012 1480 2068 1528 et
2085 1474 2423 1548 colloqueris,
2448 1483 2499 1548 et
2521 1477 2872 1545 incomposite
2891 1477 3049 1531 simul
3075 1479 3234 1540 rides.
3254 1490 3308 1534 et
3334 1491 3451 1548 post
3470 1474 3586 1539 haec

2011 1544 2187 1597 omnia
2220 1553 2394 1621 tamen
2410 1546 2563 1621 virgo
2589 1544 2948 1621 vis_appellari
2981 1564 2994 1600 :
3026 1544 3388 1621 verumtamen
3413 1562 3554 1621 egot

2010 1627 2116 1691 non
2133 1614 2357 1683 amplius
2372 1614 2629 1684 virginem
2647 1614 2839 1691 dicam,
2861 1634 2979 1691 qua:
3002 1632 3166 1691 usque
3185 1619 3320 1675 adeo
3336 1632 3386 1675 te
3405 1614 3589 1691 [traici-

2013 1683 2173 1762 pitem
2190 1683 2531 1762 agashncque
2552 1687 2844 1762 periculum
2874 1683 3204 1762 reformides.
3228 1683 3448 1745 Audebo
3470 1709 3591 1762 pro-

2010 1752 2275 1833 pheticum
2298 1754 2425 1809 illud
2448 1752 2727 1833 usurpare,
2750 1756 3077 1833 Qbstupescat
3100 1760 3277 1813 caelum
3297 1778 3449 1833 super
3467 1752 3581 1830 hoc,
3670 1814 3682 1833 ,

2013 1832 2059 1876 et
2085 1823 2284 1898 horreat
2311 1836 2540 1898 creatura
2577 1823 2722 1898 (λετ.
2746 1826 2802 1880 2.
2832 1823 2929 1898 l2)
2959 1844 2972 1879 :
3007 1829 3057 1881 in
3089 1839 3338 1898 quautam
3360 1823 3582 1886 deveni:

2008 1908 2129 1947 mus
2159 1893 2541 1970 impudentiam
2583 1893 2638 1970 et
2662 1897 2871 1970 dignam
2909 1893 3171 1970 stantibus
3197 1901 3250 1970 in
3289 1903 3583 1970 prostibulo
3674 1913 3687 1918 ‘

2009 1964 2398 2019 meretricibus.
2427 1964 2494 2020 Ut
2517 1969 2658 2020 enim
2688 1967 2791 2021 illa:
2817 1968 2885 2021 ab
2911 1966 3212 2023 hominibus
3240 1964 3583 2026 histrionibus

2006 2044 2337 2105 congregatae
2363 2036 2708 2104 procliviorcs
2744 2037 2813 2091 ad
2856 2039 3164 2092 inhonestus
3192 2041 3430 2096 actiones
3457 2043 3564 2097 red-

2005 2102 2251 2178 duntur,
2272 2105 2351 2160 sic
2365 2102 2587 2178 Vetiista:
2609 2122 2751 2178 cum,
2772 2108 2824 2162 in
2862 2108 3096 2162 animum
3143 2110 3493 2178 induxerunt,
3524 2122 3576 2166 ut

2005 2178 2128 2250 eum
2156 2173 2285 2250 viris
2310 2176 2632 2250 coltabitent.
2665 2176 2969 2250 Indignatur
3002 2181 3156 2250 luteus.
3192 2179 3431 2235 homines
3456 2173 3578 2250 pro-

2004 2242 2102 2298 bro
2125 2241 2475 2318 afliciuntpat
2518 2246 2625 2300 illac
2664 2257 2720 2300 ιιι
2747 2241 2982 2318 ἱιῖἰψιιιηι
3003 2248 3236 2318 iudicem
3276 2241 3576 2318 imitentur,

2004 2328 2175 2388 neque
2196 2313 2362 2369 Deum
2387 2316 2593 2388 timent,
2622 2332 2792 2388 neque
2816 2313 3084 2372 hominem
3114 2332 3423 2375 reverentur
3440 2339 3459 2376 :
3483 2313 3576 2377 sed

2002 2383 2070 2439 ad
2098 2382 2223 2440 hare
2258 2387 2435 2459 omnia
2467 2387 2634 2440 multo
2662 2382 2847 2459 maiori
2876 2402 2997 2443 cum
3027 2388 3215 2444 ﬁducia
3246 2389 3533 2459 loquuntur
3555 2433 3570 2455 ,

2001 2468 2171 2530 quam
2192 2455 2276 2530 vel
2320 2455 2449 2524 ipsa:
2468 2471 2645 2530 _,_qua:_
2680 2455 2904 2530 honesto
2942 2458 3146 2530 juncta:
3181 2455 3428 2530 coniugio
3453 2477 3575 2516 cum

2001 2524 2130 2598 viris
2156 2523 2416 2598 habitant.
2467 2523 2567 2598 Ila}
2595 2526 2842 2598 nimirum
2886 2523 3221 2598 arrogantius
3257 2523 3440 2584 eorum
3476 2549 3573 2586 ne—

1999 2593 2165 2663 gotia,
2186 2610 2305 2668 cunt
2329 2597 2520 2668 quibus
2539 2596 2754 2667 degunt,
2777 2593 3151 2653 adminisiraut
3174 2609 3227 2654 et
3245 2602 3573 2668 perturbant.

1999 2665 2450 2742 contumeliiseos
2473 2665 2757 2742 lacessunt,
2780 2668 3123 2742 omniumque
3144 2665 3429 2742 bon—orum,
3453 2688 3571 2742 qua:

2000 2734 2067 2810 ad
2096 2737 2216 2810 illos
2242 2739 2531 2810 pertinent,
2561 2738 2746 2792 volunt
2770 2739 3012 2793 obtinere
3037 2734 3389 2810 dominatum.
3416 2734 3567 2810 Quod

2000 2805 2045 2858 si
2075 2809 2219 2877 velit,
2245 2805 2336 2861 ille
2378 2822 2774 2877 nonnumquam
2814 2824 3027 2862 manum
3070 2809 3140 2863 ad
3176 2805 3574 2867 beneﬁcentiattt

2000 2876 2319 2948 protendere
2341 2918 2356 2942 ,
2388 2876 2773 2948 prohibetipsa
2793 2919 2807 2942 ,
2838 2878 3067 2948 denique
3093 2879 3286 2934 famula
3316 2896 3420 2936 non
3451 2896 3533 2938 est
3559 2925 3572 2943 .

1998 2944 2092 3017 sed
2120 2947 2334 3001 domina
2359 2944 2546 3005 evasit.
2576 2944 2779 3002 Secede
2818 2944 3071 3017 igitur'ab
3106 2950 3278 3004 aliena
3303 2952 3574 3007 cohabita-

2000 3014 2162 3079 tione,
2192 3031 2224 3066 ο
2252 3018 2417 3084 virgo,
2446 3032 2617 3084 neque
2640 3032 2668 3069 a
2693 3014 3087 3073 cohabitatione
3125 3028 3325 3074 tantum
3347 3063 3361 3085 ,
3389 3037 3574 3076 verum

1996 3093 2052 3159 et
2069 3098 2100 3137 a
2120 3085 2387 3159 colloquio
2406 3095 2459 3140 et
2482 3100 2512 3159 a
2541 3087 2731 3159 risu_te
2756 3095 2940 3159 mutuo
2967 3087 3195 3159 abstine.
3218 3089 3349 3144 Nam
3380 3091 3423 3145 si
3450 3108 3574 3159 pruo

1997 3156 2140 3229 denti
2163 3154 2277 3229 viro
2298 3155 2388 3229 vix
2413 3156 2570 3229 tacite
2587 3154 2874 3229 subridet-eg
2885 3157 3201 3224 permissum
3222 3169 3324 3224 est,
3344 3154 3572 3229 sapienti

1996 3225 2207 3280 mulieri
2235 3233 2293 3278 ιιι
2314 3227 2402 3281 vix
2430 3226 2587 3281 etiam
2614 3225 2776 3287 istud.
2805 3226 3096 3295 iniunctum
3124 3240 3227 3283 est.
3256 3225 3463 3284 Etenim
3486 3234 3567 3287 vel

1998 3296 2111 3362 ipse
2134 3295 2371 3370 modicus
2389 3296 2527 3349 risus
2550 3296 2757 3370 mulieri
2783 3297 3092 3370 religionem
3120 3299 3372 3367 professa:
3397 3303 3573 3370 gravis

1995 3375 2153 3420 estet
2180 3366 2524 3439 periculosus.
2553 3365 2724 3439 Multo
2740 3365 3101 3422 enint’melior
3124 3365 3229 3435 est,
3257 3386 3376 3439 qute
3399 3365 3470 3424 ob
3498 3387 3573 3426 re-

1995 3437 2285 3508 verentiam
2309 3446 2578 3508 spectatur
2602 3437 2822 3508 mulier,
2844 3452 3003 3506 quam
3025 3454 3145 3508 quae
3164 3440 3236 3494 ob
3254 3437 3576 3495 hilaritatem

1997 3514 2051 3561 et
2078 3506 2745 3582 voluptatem._Enimvero
2785 3506 2911 3582 dum
2931 3508 3018 3582 _ad
3045 3506 3376 3582 spiritualem
3407 3527 3574 3582 spon-

1998 3589 2112 3651 sam
2134 3591 2164 3629 a
2185 3577 2408 3651 muliere
2429 3576 2907 3651 Iattdes‘transl'ert.
2925 3578 2993 3651 is,
3021 3576 3111 3649 qui
3138 3581 3416 3651 mysticum
3436 3576 3576 3637 scri-

1998 3648 2100 3716 psit
2121 3646 2544 3721 canticum,__ejus
2564 3646 2830 3702 silentium
2859 3646 3137 3721 celebrans
3157 3646 3211 3703 ei
3231 3651 3439 3706 habitus
3459 3652 3575 3721 eius

1994 3715 2308 3792 grauitatem
2336 3715 2623 3792 collaudat,
2655 3732 2906 3792 pavorem
2929 3718 3070 3792 illan)
3095 3721 3369 3792 appellans
3398 3715 3569 3792 (Cant.

1996 3787 2059 3860 6.
2082 3785 2174 3860 5‘).
2198 3786 2307 3860 Hoc
2330 3785 2471 3840 enim
2499 3794 2582 3841 est
2608 3786 2747 3860 quod
2777 3785 3387 3860 admodumvetierabile
3405 3785 3572 3860 atque

1994 3854 2361 3933 admirandum
2393 3857 2757 3933 spectantibus
2781 3867 3019 3933 apparet.
3047 3858 3317 3933 Siquidem
3339 3854 3569 3933 oportet,

1994 3938 2055 3983 ut
2079 3927 2199 3995 eius
2237 3927 2489 3996 honestas
2515 3936 2571 3981 et
2606 3927 2836 3996 gravitas
2864 3929 3090 3983 curiosis
3118 3927 3285 3983 oculis
3315 3927 3572 3986 terrorem

1996 3996 2234 4071 incutiat,
2257 4006 2312 4051 et
2327 3995 2392 4050 ad
2422 3995 2778 4071 importunam
2809 3998 3191 4067 impudentiam
3211 4000 3570 4071 repellendam

1996 4069 2064 4123 sit
2088 4067 2275 4122 idonea
2299 4084 2312 4120 :
2337 4081 2493 4136 quam
2514 4067 2671 4121 etiam
2694 4070 2763 4122 ob
2778 4083 2990 4123 causam
3012 4071 3185 4122 onmis
3204 4067 3395 4125 aui-eus
3414 4087 3574 4125 orna-

2000 4145 2085 4203 tus
2114 4137 2187 4192 illi
2231 4146 2446 4205 ereptus
2472 4147 2588 4202 est,
2629 4147 2685 4193 et
2727 4148 2984 4193 tortorum
3031 4139 3255 4194 crinium
3280 4180 3295 4205 ,
3328 4150 3380 4194 et
3411 4143 3574 4197 vestis

1996 4209 2264 4281 pretiosae,
2295 4223 2361 4281 ne
2380 4209 2719 4281 ornamentis
2740 4208 2932 4279 quibus
2957 4216 3040 4265 est
3061 4209 3253 4281 cincta,
3274 4210 3531 4281 refulgeat
3553 4253 3568 4274 ,

1995 4276 2050 4351 et
2068 4276 2530 4351 oculosexhilaret
2552 4276 2892 4351 intuentium,
2908 4286 3067 4351 atque
3087 4279 3151 4351 ad
3177 4276 3564 4351 prolapsioueut

1996 4348 2203 4403 invitet.
2234 4346 2520 4417 Propterea
2545 4347 2747 4416 ieiunia
2768 4389 2784 4416 ,
2820 4346 3154 4404 abstinentia:
3177 4346 3193 4415 ζ
3224 4359 3279 4405 ct
3306 4346 3570 4406 exercita-

1998 4419 2203 4480 tiones,
2230 4420 2539 4487 vultumque
2576 4418 2829 4487 pallidum
2870 4433 2933 4473 ac
2975 4426 3259 4486 ttttestnm,
3290 4433 3343 4475 et
3372 4433 3572 4476 vestem

1995 4488 2239 4562 viliorem
2285 4486 2492 4562 habere
2513 4486 2661 4562 virgo
2703 4488 3225 4562 debct_ohunatur-.e
3259 4491 3325 4546 ad
3366 4492 3567 4562 lapsum

1996 4557 2407 4627 proclivitatem.
2440 4557 2641 4613 Idcirco
2681 4561 2841 4614 etiam
2877 4557 3070 4615 Paulus
3106 4561 3346 4616 scribens
3386 4557 3450 4617 ad
3481 4579 3574 4617 ra-

1997 4626 2266 4699 rissimum
2298 4626 2464 4683 lilium
2490 4628 2851 4695 Timotheum,
2878 4629 2995 4699 ejus
3022 4630 3074 4685 in
3106 4629 3428 4687 honorandis
3455 4649 3575 4686 tutt-

1997 4697 2217 4770 lieribus
2259 4699 2637 4770 humanitatem
2680 4697 2939 4770 castitatis
2974 4703 3211 4757 custodia
3251 4705 3533 4770 prazmuuit
3557 4745 3569 4765 .

1996 4768 2179 4823 dicens
2209 4786 2222 4822 :
2250 4767 2488 4823 Juniores
2511 4768 2689 4824 viduas
2712 4769 2904 4824 honora
2928 4781 2982 4823 ut
3007 4787 3222 4833 sorores,
3252 4767 3306 4824 in
3331 4776 3469 4826 omni
3489 4790 3575 4826 ca-

1997 4836 2274 4913 stitate“.
2310 4837 2445 4913 Tim.
2492 4840 2544 4896 5.
2594 4840 2683 4909 ὅ).
2727 4840 2877 4908 Quod
2921 4841 3039 4913 sia
3081 4842 3301 4895 muliere
3330 4851 3574 4895 ornatum

1999 4910 2212 4964 omnem
2232 4911 2473 4978 corporis
2498 4920 2745 4965 amovent
2765 4925 2931 4964 sacra:
2957 4910 3142 4975 literaa,
3184 4921 3381 4980 quanto
3402 4915 3570 4980 magis

1999 4980 2116 5034 viro
2137 4982 2384 5051 cortsenit
2421 4982 2564 5034 nullo
2599 4980 2757 5051 modo
2782 4989 3060 5051 comptum
3093 4995 3234 5048 essv,
3271 4992 3577 5051 tantumque

2000 5050 2302 5105 necessario
2316 5051 2511 5105 amictu
2531 5050 2730 5120 vestiri,
2748 5050 2825 5104 sic
2842 5061 2899 5104 ut
2921 5059 3278 5120 tegumentum
3301 5054 3388 5117 sit,
3408 5050 3576 5106 etnon

2000 5131 2370 5191 ornamentum
2395 5161 2409 5183 ,
2440 5119 2883 5191 quemadmodum
2926 5119 2990 5175 id
3021 5122 3305 5191 appellavit
3337 5122 3527 5177 l’aulus
3562 5141 3573 5174 :

2003 5188 2257 5262 Habetin:
2288 5188 2533 5262 cupiente
2576 5199 2621 5245 et
2668 5199 2948 5262 tegumenta
2972 5231 2985 5252 ,
3016 5188 3107 5244 Itis
3134 5192 3351 5246 contenti
3394 5194 3578 5246 erimus

2003 5260 2022 5324 (
2046 5260 2094 5314 I.
2122 5259 2252 5314 Tim.
2275 5259 2327 5315 6.
2355 5260 2447 5330 8).
2473 5259 2602 5315 Nam
2625 5259 2745 5329 qua:
2764 5259 2830 5314 ad
2852 5271 3094 5315 ornatum
3115 5269 3435 5330 comparata!
3455 5276 3580 5315 sunt

2003 5340 2199 5393 vestes,
2218 5330 2502 5399 muliebres
2528 5333 2704 5399 potius
2724 5345 2885 5399 quam
2908 5332 3085 5385 viriles
3109 5342 3447 5386 censeantur.
3470 5331 3579 5388 Lex

2042 5400 2197 5475 uippe
2231 5399 2360 5475 dicit
2394 5416 2411 5475 :_
2442 5397 2848 5475 Noujnduetur
2875 5402 2950 5475 vir
2982 5412 3114 5455 veste
3138 5400 3401 5475 {caninae}
3423 5401 3577 5457 Deut.

2042 5416 2197 5468 tuppe
2231 5416 2359 5454 uicit
2394 5416 2408 5453 :
2442 5416 2563 5454 non
2606 5416 2848 5454 mouetur
2875 5416 2950 5454 tur
2982 5416 3114 5455 veste
3138 5416 3351 5471 [cannea
3382 5416 3577 5475 (neut.

2002 5416 2092 5524 3‘2.
2121 5468 2322 5544 5)._l‘ie
2348 5471 2505 5540 igitur
2530 5468 2865 5544 ell‘emiuetur
2889 5471 3003 5535 vir,
3033 5472 3458 5544 quandoquidem
3489 5490 3584 5528 ue-

2003 5555 2108 5613 qtte
2130 5539 2442 5613 muliebrem
2469 5554 2653 5613 sexum
2674 5539 2957 5613 admodum
2982 5539 3231 5597 convenit
3249 5539 3387 5613 apud
3413 5544 3577 5600 Deum

2005 5609 2428 5683 clientiltarial‘lx
2459 5611 2581 5682 pilis
2619 5611 2946 5666 camelorum
2987 5624 3188 5683 vestem
3229 5609 3501 5683 gestabat,
3531 5626 3586 5669 et

2006 5695 2195 5733 zonam
2228 5681 2466 5749 pellicam
2495 5683 2636 5737 circa
2677 5683 2883 5741 lumbos
2915 5699 3041 5739 suos
3078 5681 3311 5739 Joannes
3339 5703 3351 5739 :
3381 5694 3433 5740 et
3460 5702 3584 5740 ante

2010 5751 2155 5806 illum
2187 5751 2327 5808 Elias
2352 5794 2367 5819 ,
2397 5754 2546 5825 cuius
2582 5754 2825 5826 spiritum
2866 5754 3103 5812 Joannes
3144 5756 3382 5827 gerebt,
3426 5757 3583 5811 ovilla
