4032 6198
530 255 668 314 1059

513 375 685 428 solum
717 371 855 442 pelle
881 371 991 442 ipse
1027 385 1237 442 quoque
1265 369 1631 442 amiciebatur.
1677 368 2008 442 Stupitliucst
2035 382 2088 442 et

513 445 694 497 mollis
719 439 881 496 animi
904 439 1240 509 ’splendiduni
1282 441 1645 494 indumentum
1677 449 1729 494 et
1757 439 1931 495 subtili
1961 440 2090 494 arti-

513 514 635 567 licio
651 523 951 567 etmtextum
971 511 1144 579 magni
1169 509 1372 564 facere:
1395 512 1606 563 animus
1622 521 1796 564 autem
1815 510 1878 562 ad
1901 511 2086 566 altiora

515 599 741 651 qumque
763 589 933 643 natus,
956 581 1043 649 qui
1072 581 1180 634 veri
1203 591 1420 634 ornatus
1441 597 1654 636 sensum
1677 595 1868 651 capere
1891 589 2084 651 potest,

516 650 731 706 mollem
771 666 982 705 omnem
1006 661 1204 704 vestem
1237 651 1497 720 despicit,
1531 659 1584 703 et
1609 650 1970 720 sublimiorem
2001 650 2086 703 illa

512 723 837 783 desiderans,
867 736 1108 774 securam
1130 762 1144 783 ,
1180 719 1395 774 minime
1421 720 1740 789 superﬂuam
1763 761 1778 785 ,
1811 719 2085 774 honestio-

512 806 625 844 rem
655 792 795 844 illam
828 791 1160 858 maximeque
1199 791 1553 844 venerandam
1583 791 1878 846 castitatem
1915 790 2087 842 omni-

511 860 614 915 bus
652 862 919 914 existimat
967 860 1369 928 prteferendam.
1417 861 1661 915 Contenti
1713 861 1869 929 igitur
1915 869 2086 916 estote

513 932 818 992 verborum,
835 947 952 998 quae
970 931 1104 984 dicta
1124 942 1265 993 sunt,
1280 931 1655 984 atlnionitiunc.
1674 931 1866 984 Cavete
1884 939 2083 993 autem,

512 1016 578 1053 ne
601 1001 926 1054 honestatem
949 1011 1106 1069 atque
1126 1003 1433 1069 gravitatem
1461 1001 1591 1053 ultra
1614 1002 1863 1054 terminos
1886 1001 2087 1054 medio-

509 1072 714 1124 critatis
768 1081 1033 1138 tan'iquam
1093 1071 1367 1123 molestam
1412 1071 1696 1192 quamdam
1742 1071 2079 1124 severitatem

512 1141 816 1192 uroducatis
845 1159 855 1191 :
885 1157 1000 1192 alue
1026 1149 1078 1192 et
1104 1140 1199 1192 insi
1231 1142 1319 1192 oui
1344 1157 1408 1192 an
1453 1143 1508 1192 it.
1537 1151 1590 1192 et
1620 1141 1682 1192 iis
1709 1141 1794 1192 oni
1824 1143 1936 1192 eius
1958 1155 2079 1192 con-

512 1141 816 1200 producatis
845 1159 855 1191 :
885 1157 1000 1208 quae
1026 1149 1078 1192 et
1104 1140 1199 1206 ipsi
1231 1142 1319 1208 qui
1344 1140 1508 1204 audit,
1537 1151 1590 1193 et
1620 1141 1682 1193 iis
1709 1141 1794 1206 qui
1824 1143 1936 1206 ejus
1958 1155 2085 1192 Cott-

506 1212 676 1261 sonio
707 1211 955 1263 fruuntur
978 1252 991 1272 ,
1025 1212 1182 1264 melle
1208 1227 1270 1264 ac
1300 1212 1416 1262 favo
1456 1211 1663 1264 dulcior
1690 1209 1935 1264 efficitur.
1966 1210 2084 1276 Spi-

509 1279 715 1332 ritualis
756 1282 946 1348 quippe
989 1281 1167 1333 laetitia
1194 1281 1414 1334 honeste
1440 1296 1502 1334 ac
1528 1281 1720 1334 decore
1748 1281 1813 1333 ad
1837 1281 2081 1333 unionem

508 1363 632 1401 cum
671 1350 775 1403 Deo
815 1349 1090 1418 provehit,
1123 1366 1320 1420 eosque
1362 1353 1448 1420 qui
1500 1351 1551 1403 in
1597 1366 1939 1415 congressuro
1969 1349 2084 1417 ejus

507 1421 750 1482 veniunt,
775 1420 1038 1487 voluptate
1069 1419 1352 1487 perfundit.
1376 1419 1563 1475 Verum
1595 1436 1661 1474 ne
1693 1422 1772 1472 his
1797 1435 1913 1488 qua:
1941 1435 1969 1471 a
2001 1436 2084 1472 me

510 1489 644 1542 dicta
674 1499 794 1542 sunt
817 1531 829 1553 ,
870 1491 1147 1543 occasione
1189 1501 1396 1558 arrepta
1418 1532 1430 1551 ,
1463 1506 1527 1544 eo
1565 1490 1702 1559 quod
1745 1491 1793 1542 in
1825 1490 2085 1543 hilaritate

511 1560 684 1611 virere
710 1559 782 1612 sis
817 1560 1108 1627 prolnbitus
1133 1601 1146 1620 ,
1173 1561 1335 1613 tristis
1363 1577 1423 1613 ac
1449 1576 1690 1612 morosus
1717 1574 1836 1613 esse
1867 1559 2084 1626 incipias

509 1642 633 1700 erga
665 1630 850 1682 fratres
879 1629 1242 1693 adventantes,
1270 1645 1442 1700 neque
1467 1630 1695 1682 difficilis
1721 1644 1839 1683 esse
1866 1630 1996 1682 velis
2022 1643 2084 1683 ac

509 1699 728 1752 minime
766 1699 987 1752 affabilis
1024 1708 1116 1753 aut
1158 1700 1472 1753 inhmnanus
1520 1715 1614 1766 pro
1660 1700 1886 1768 benigno
1925 1709 2084 1766 atque

509 1768 763 1833 gratioso,
799 1784 968 1835 neque
995 1769 1118 1821 dum
1148 1772 1370 1823 comiter
1397 1769 1715 1836 suscipiendi
1747 1777 1887 1826 sunt,
1917 1771 2004 1836 qui
2032 1777 2084 1822 te

441 1839 446 1854 '
509 1837 738 1889 invisum
761 1879 773 1898 ,
805 1839 994 1890 fratres
1016 1879 1030 1901 ,
1065 1853 1305 1892 morosus
1333 1854 1395 1893 ac
1426 1839 1592 1892 tristis
1613 1880 1626 1902 ,
1655 1846 1747 1890 aut
1775 1838 1826 1890 in
1858 1853 2082 1906 respon-

509 1907 744 1978 sionibus
764 1919 811 1960 et
838 1908 1080 1975 alloquiis
1111 1910 1428 1962 inaccessus.
1463 1909 1686 1977 Semper
1708 1908 1847 1978 enim
1878 1918 1930 1960 ut
1954 1923 2082 1978 gau-

514 1975 730 2045 deamus
751 2017 765 2039 ,
800 1978 1100 2030 mandatum
1127 1987 1206 2031 est
1249 1975 1634 2045 apostolicum,
1667 1989 1716 2030 et
1743 1975 2084 2031 Consolainini

508 2044 734 2118 invicem,
757 2056 829 2109 et,
859 2047 1065 2118 invicem
1095 2044 1293 2118 benigni
1317 2058 1488 2103 estote
1507 2091 1522 2114 ,
1551 2059 1622 2113 et,
1657 2046 2079 2118 Caritas,inquit,

507 2114 718 2188 benigna
757 2126 824 2169 est
860 2114 944 2188 (1.
987 2116 1162 2170 Thess.
1196 2114 1251 2170 5.
1297 2119 1350 2172 ll
1382 2134 1396 2182 ;
1434 2118 1619 2186 Ephes.
1665 2119 1718 2172 4.
1749 2118 1851 2181 3‘2;
1884 2119 1930 2171 l.
1957 2114 2078 2172 Cor.

508 2185 592 2238 l5.
627 2185 690 2254 4)
727 2203 738 2237 :
770 2197 821 2240 et
849 2185 1208 2252 apostolorum
1239 2185 1580 2243 salutationes
1613 2190 1662 2241 in
1689 2204 1874 2241 eorum
1904 2189 2085 2242 insunt

507 2255 744 2323 epistolis
765 2267 1026 2325 tamquam
1048 2258 1182 2310 tilios
1199 2259 1610 2326 complectentcs
1630 2273 1721 2312 eos
1739 2260 1822 2326 qui
1841 2258 2078 2322 audiunt,

509 2333 769 2397 tamquam
820 2327 1006 2397 fratres
1060 2327 1398 2382 cohortantes
1427 2344 1520 2382 eos
1556 2329 1642 2397 qui
1673 2329 1969 2382 attendunt.
2004 2329 2081 2382 Ac

512 2396 672 2446 mnlta
700 2411 826 2448 sane
847 2396 914 2449 de
941 2398 1036 2450 hac
1062 2408 1240 2450 sancta
1270 2396 1606 2467 benignitate,
1637 2414 1753 2467 qua:
1773 2414 1840 2452 ex
1861 2398 2078 2452 caritate

510 2477 805 2528 promanat,
839 2481 907 2536 cx,
932 2467 1095 2520 sacris
1124 2468 1289 2520 literis
1314 2469 1518 2521 discere
1569 2483 1867 2536 possumus.
1899 2467 2080 2536 Neque

507 2542 718 2598 oportet
748 2544 803 2586 ut
846 2535 912 2587 ad
962 2536 1294 2589 immodicam
1342 2535 1657 2590 hilaritatem
1699 2535 2076 2603 traducamtir,

509 2615 680 2671 neque
701 2614 760 2657 ut
782 2605 1103 2659 scurrilitate
1129 2607 1510 2676 benignitatem
1533 2623 1590 2662 se
1609 2607 1675 2661 ad
1703 2608 1797 2662 Dei
1824 2607 2079 2661 imitatio-

2027 257 2294 320 SPURIA.

3625 263 3770 320 406;)

2193 385 2316 425 nem
2357 380 2750 438 comparantem
2795 366 3171 422 labtfactemns
3196 408 3210 433 ,
3243 367 3337 422 sed
3381 369 3435 422 in
3469 371 3766 433 meditullio

2191 441 2419 513 quodam
2471 440 2716 513 perfecte
2765 439 3046 513 hilaritatis
3085 439 3475 513 consistamus,
3504 449 3562 495 et
3603 460 3772 513 neque

2190 508 2400 583 molesti
2435 508 2599 563 simus
2639 512 2704 583 iis
2744 509 2933 577 quibus
2979 508 3310 583 familiariter
3337 511 3569 577 utimur,
3603 508 3774 583 neque

2189 581 2473 634 dissolutos
2498 595 2590 634 eos
2611 591 2664 635 ct
2696 581 2893 650 inertes
2915 579 3198 650 reddamus
3227 594 3241 630 :
3273 595 3443 650 neque
3467 583 3666 636 acerbe
3692 579 3778 638 re-

2190 651 2603 772 prehendamus,
2632 667 2804 720 neque
2834 649 3196 703 fraudulenter
3223 649 3520 718 adulemur,
3550 654 3645 708 sed
3678 657 3778 709 uti.

2213 721 2312 772 iter
2337 721 2685 772 corrigamus.
2709 730 2763 772 et
2801 719 3101 772 humaniter
3127 719 3488 772 cohortemnr.
3519 721 3619 772 Οιιί
3649 741 3776 772 mr-

2213 721 2312 775 iter
2337 721 2685 790 corrigamus,
2709 719 2763 775 et
2801 719 3101 790 humaniter
3127 719 3488 774 cohortemnr.
3519 721 3619 787 Qui
3649 741 3776 789 par-

2189 791 2274 854 cit,
2305 791 2489 860 inquit,
2517 792 2739 844 emittere
2766 791 2966 843 verbum
3003 789 3206 850 durum,
3237 792 3457 858 prudens
3485 803 3575 844 est.
3605 792 3783 850 Fam

2189 861 2350 913 mellis
2379 876 2627 913 sermones
2652 863 2783 922 boni,
2817 861 3027 912 dulcedo
3055 869 3222 912 autem
3245 876 3416 913 eorum
3445 863 3641 916 sanitas
3661 867 3778 918 ani-

2189 946 2302 982 mw.
2337 930 2469 1002 Sunt
2491 932 2577 999 qui
2597 932 2815 984 dicentes
2842 933 3102 1002 uulnerant
3125 931 3270 1002 quasi
3288 933 3442 1002 ensis,
3468 931 3664 1002 lingua.-
3687 953 3778 987 au-

2189 1010 2286 1069 tem
2311 1001 2591 1069 sapientum
2629 1011 2807 1053 sanant
2848 999 3044 1066 (Prov.
3079 1000 3166 1054 10.
3203 1000 3297 1063 l9;
3347 1000 3503 1054 Prov.
3540 999 3628 1056 l6.
3669 1004 3774 1067 2h;

2192 1068 2350 1140 i’rov.
2373 1068 2464 1124 ⁷12.
2494 1071 2557 1124 l8
2573 1073 2609 1140 ).
2643 1072 2839 1124 Bonum
2865 1071 3074 1138 quidem
3097 1077 3179 1140 est
3199 1071 3392 1124 divinis
3412 1075 3639 1126 canticis
3663 1091 3777 1128 mo-

2186 1139 2370 1194 derate
2410 1139 2807 1208 operamdarc.
2841 1141 2968 1193 Nam
3015 1139 3191 1208 laetitia
3234 1141 3496 1208 ejusmodi
3541 1155 3775 1199 mentem

2188 1207 2500 1280 sanctificat,
2519 1215 2577 1260 ut
2597 1207 2672 1260 ait
2692 1209 2985 1278 Apostolus
3004 1224 3018 1260 :
3039 1207 3328 1278 lmplemini
3355 1212 3556 1280 Spiritu
3577 1225 3773 1279 sancto,

2190 1279 2357 1348 ittquit
2380 1321 2394 1344 ,
2423 1290 2680 1338 cantantes
2719 1292 2765 1332 et
2807 1283 3072 1346 psallentes
3100 1280 3152 1332 in
3193 1279 3424 1334 cordibus
3452 1286 3632 1336 vestris
3668 1284 3774 1336 Do.

2188 1350 2322 1402 mino
2350 1348 2569 1418 (Ephes.
2613 1351 2665 1404 5.
2702 1350 2925 1419 l8-l9).
2958 1351 3158 1403 Bonum
3200 1351 3358 1419 igitur
3385 1363 3462 1406 est
3496 1394 3510 1415 ,
3540 1355 3611 1406 ad
3642 1356 3774 1408 lati-

2191 1419 2314 1492 tiam
2345 1419 2606 1492 ejusmodi
2633 1421 3057 1492 consequendam
3089 1420 3329 1492 studiose
3353 1437 3567 1486 vacare,
3599 1439 3772 1492 neque

2188 1490 2257 1541 ob
2286 1490 2573 1562 quamdam
2597 1491 3185 1562 mortnnuasperitatem
3216 1506 3277 1544 ac
3301 1491 3554 1546 duritiem
3599 1490 3772 1562 negli-

2184 1569 2372 1627 genter
2398 1561 2446 1612 in
2473 1559 2665 1612 divinis
2690 1560 2931 1612 cantibus
2961 1561 3181 1624 versari,
3215 1564 3361 1626 quasi
3392 1562 3645 1615 nimirum
3675 1559 3769 1617 vo-

2190 1644 2306 1706 cem
2337 1629 2642 1706 impendere
2685 1630 2775 1683 Dei
2809 1630 3050 1683 laudibus
3076 1646 3179 1684 non
3216 1631 3514 1706 dignemur.
3543 1633 3679 1687 Nam
3707 1636 3770 1689 ad

2185 1700 2445 1771 ejusmodi
2476 1716 2586 1753 rem
2619 1709 2856 1753 sanctam
2888 1711 2941 1754 et
2984 1715 3194 1754 sacrum
3242 1703 3386 1754 illum
3417 1717 3767 1771 congressum

2186 1767 2427 1823 hilariter
2453 1771 2671 1824 allectos
2695 1785 2814 1824 esse
2845 1786 2940 1824 nos
2965 1779 3195 1836 oportet,
3228 1787 3329 1824 non
3359 1773 3410 1824 in
3440 1767 3626 1827 dulces
3655 1791 3769 1827 mo-

2185 1837 2339 1891 dulos
2397 1839 2638 1901 effundi,
2691 1855 2862 1907 neque
2908 1840 3132 1894 delicate
3179 1841 3372 1894 divinis
3417 1845 3769 1898 concentibus

2185 1908 2424 1980 mulceri,
2448 1925 2628 1980 neque
2651 1911 2898 1964 mollibus
2925 1926 2986 1964 ac
3015 1911 3191 1964 fractis
3217 1913 3358 1964 sonis
3380 1914 3615 1980 gaudere
3636 1956 3651 1978 ,
3683 1927 3768 1968 at-

2185 1991 2286 2045 que
2314 1979 2414 2053 huc
2442 1979 2672 2053 illucque
2697 1980 3252 2053 oculos_eircumferre
3276 2023 3290 2044 ,
3325 1979 3594 2036 ut’videas
3619 2025 3632 2046 ,
3662 2001 3767 2053 quo

2186 2057 2341 2120 pacto
2365 2048 2594 2120 lauderis
2627 2067 2649 2120 :7
2673 2050 2765 2103 sed
2808 2050 2858 2103 in
2891 2051 3005 2120 Deo
3032 2051 3314 2103 lactandum
3345 2063 3448 2114 est,
3477 2054 3639 2120 eique
3667 2048 3765 2109 soli

2188 2117 2393 2185 placere
2416 2119 2752 2191 _sttnlendum
2771 2161 2784 2182 ,
2813 2130 2969 2189 atque
2997 2119 3082 2174 hic
3119 2121 3406 2191 praecipue,
3436 2132 3494 2175 ut
3517 2117 3640 2176 cum
3673 2126 3766 2176 lio-

2185 2195 2391 2241 nestate
2416 2187 2654 2259 hilaritas
2690 2190 2858 2242 mixta
2886 2187 3212 2259 reperiat—ur,
3246 2187 3363 2245 cum
3392 2207 3419 2244 a
3451 2193 3544 2246 Dei
3575 2195 3766 2250 timore

2182 2260 2411 2328 gravitas
2437 2271 2487 2312 et
2515 2258 2765 2313 honestas
2798 2258 3162 2328 proliciSCatur
3183 2302 3198 2325 ,
3229 2262 3391 2314 divini
3419 2278 3550 2316 vero
3575 2275 3765 2318 cantus

2183 2327 2250 2380 ad
2278 2328 2510 2380 laetitiam
2538 2344 2633 2383 nos
2675 2327 2964 2397 provehant
2989 2371 3004 2395 ,
3035 2341 3087 2384 et
3116 2340 3324 2385 aeternae
3352 2332 3492 2385 illius
3518 2336 3759 2386 exsulta-

2185 2397 2348 2473 tionis
2375 2398 2724 2473 imitationem
2752 2400 2802 2473 in
2828 2401 2985 2473 nobis
3013 2403 3330 2473 exprimant,
3360 2403 3546 2473 inqua
3574 2405 3649 2456 illi
3675 2405 3764 2473 qui

2183 2465 2408 2541 honeste
2430 2469 2726 2541 conversati
2751 2469 3001 2541 fuerint,
3030 2465 3254 2541 futuram
3279 2465 3572 2541 transigent
3603 2465 3764 2526 vitam

2183 2537 2324 2610 apud
2353 2537 2656 2610 Dominum,
2679 2539 2762 2594 cui
2785 2540 2953 2610 gloria
2980 2548 3034 2595 et
3058 2539 3335 2610 imperium
3365 2542 3418 2596 in
3444 2537 3764 2598 sacculum-

2183 2607 2451 2661 culorum.
2495 2609 2690 2663 Amen.

532 2777 3741 2816 Μ

1047 2927 1126 2988 IN
1168 2928 1571 2990 HOMILIAM
1607 2928 1712 2990 DE
1745 2929 2056 2990 JEJUNIO
2095 2930 2196 2991 ET
2239 2929 2776 2992 ELEEMOSYNA
2815 2931 3211 2992 MONITUM.

588 3251 700 3333 Etsi
727 3267 884 3333 .non_
909 3253 1088 3333 inepta
1141 3253 1212 3307 sit
1259 3253 1376 3308 haec
1406 3253 1646 3333 humilia,
1676 3253 1797 3333 jure
1817 3269 1868 3333 .a
1911 3254 2182 3333 Frontone
2211 3254 2407 3333 Ducam
2435 3254 2576 3333 inter
2599 3255 2812 3333 spuria1
2832 3255 2916 3309 vel
2941 3270 3006 3333 ex
3031 3255 3148 3310 aliis
3168 3259 3543 3312 consurcinata
3569 3257 3748 3333 αισα

518 3323 738 3378 sostomi
783 3325 998 3391 scriptis
1031 3334 1367 3378 accensetur.
1414 3323 1790 3392 lnterpretatio
1817 3322 2006 3378 Latina
2053 3332 2136 3377 est
2177 3325 2421 3394 ejusdem
2454 3322 2743 3378 Frontonis
2779 3325 2977 3379 Ducaei.

495 3425 3749 3450 —_—__———_——-——————_——-_———————_————

1346 3541 1627 3585 EIUSDEM
1651 3539 1886 3585 ORATIO
1927 3540 2012 3584 DE
2051 3537 2311 3583 JEJUNIO
2355 3538 2436 3582 ΕΤ
2478 3537 2914 3583 ειεειιοεῖιυ.

1927 3662 2294 3719 «ΒΜ»

565 3795 766 3849 Bonum
797 3803 877 3846 cst
899 3791 1176 3860 jejunium,
1212 3791 1346 3845 bona
1379 3799 1458 3844 est
1491 3799 1542 3844 et
1577 3791 1734 3845 lectio
1759 3790 2061 3857 Scriptura-

493 3882 612 3921 rum
645 3884 657 3919 :
690 3867 823 3918 bona
853 3878 980 3915 vero
1009 3870 1108 3921 est,
1139 3862 1348 3930 quando
1379 3873 1430 3914 et
1467 3862 1605 3914 actio
1625 3878 1686 3914 ex
1713 3877 1772 3912 ea
1806 3864 2063 3929 sequitur,

493 3935 740 4004 quoniam
768 3935 810 3986 si
850 3934 1014 4004 legas,
1047 3939 1102 3984 at
1133 3948 1234 4004 non
1279 3932 1457 3991 facias,
1487 3933 1535 4004 in
1564 3931 1816 4004 judicium
1859 3930 1955 4004 tibi
1984 3930 2066 3983 le-

491 3999 599 4059 ctio
627 4004 802 4062 vertit,
826 4013 879 4057 et
919 4003 969 4054 in
999 4002 1334 4054 occasionem
1366 4002 1628 4069 supplicii.
1661 3999 1783 4052 Non
1807 4001 1940 4052 enim
1968 4016 2066 4052 au-

491 4075 674 4128 ditores
698 4075 841 4142 legis,
863 4072 1050 4140 inquit,
1073 4072 1202 4142 ju_sti
1217 4079 1330 4142 sunt
1351 4071 1488 4142 apud
1514 4069 1706 4131 Deum;
1743 4071 1834 4142 sed
1845 4071 2066 4142 factores

498 4145 623 4226 legis
643 4138 1257 4226 justiﬁcabunturillam.
1281 4140 1451 4226 2.13)
1479 4157 1493 4193 :
1523 4150 1575 4194 et
1595 4154 1782 4221 rursus
1797 4140 2061 4226 Christus,

497 4210 565 4268 Si
590 4210 687 4267 non
707 4214 964 4274 venissem,
991 4220 1036 4264 et
1067 4211 1302 4280 loquutus
1331 4212 1536 4281 fuissent
1562 4210 1652 4273 eis,
1683 4219 1937 4281 peccatum
1965 4226 2067 4264 non

494 4285 729 4337 haberent
754 4299 771 4336 :
801 4299 932 4335 nunc
958 4279 1517 4334 autem’excusa‘tionem
1548 4297 1647 4332 non
1669 4279 1848 4334 habent
1878 4280 1940 4332 de
1960 4297 2068 4348 pec-

491 4364 602 4407 cato
631 4371 721 4406 suo
753 4351 928 4421 (Joan.
975 4349 1219 4421 15.722),
1247 4351 1438 4404 Beatus
1480 4360 1678 4414 autem,
1707 4351 1794 4419 qui
1841 4350 1966 4404 dicit
2014 4352 2064 4404 in

493 4424 709 4477 auribus
755 4419 962 4484 eorum,
991 4420 1079 4489 qui
1122 4419 1370 4486 audiunt,
1403 4435 1463 4474 ac
1494 4430 1602 4474 tum
1636 4421 1918 4488 praecipue,
1943 4435 2062 4474 cum

491 4496 666 4548 lienus
706 4493 1090 4559 erogaycrint:
1135 4491 1304 4544 flemus
1346 4501 1520 4544 autem
1556 4501 1636 4543 est
1673 4490 1970 4544 obedientia
2010 4499 2065 4544 et

494 4563 589 4616 Dei
623 4561 990 4615 mandatorum
1022 4561 1350 4627 exsequntio,
1376 4561 1512 4614 sicut
1556 4560 1809 4614 Dominus
1838 4561 1912 4613 ait
1939 4576 1952 4612 :
1999 4560 2064 4613 Et

493 4650 583 4702 ego
608 4633 804 4702 veniens
824 4631 1119 4702 recepissem
1143 4630 1332 4702 utique,
1360 4630 1491 4696 quod
1517 4646 1682 4683 meum
1707 4639 1914 4702 estcum
1941 4647 2063 4683 usu-

486 4699 546 4756 ra
574 4701 799 4773 (ΜαιιΙι.⁸
829 4699 918 4755 25.
939 4699 1219 4773 _27)._Quid
1247 4714 1372 4767 ergo
1403 4699 1754 4773 congregasti,
1784 4699 1964 4773 frater,
1995 4715 2062 4756 ex

483 4769 732 4844 jejunio?
769 4769 1203 4838 Quandoquidem
1231 4779 1283 4821 et
1310 4769 1539 4844 agricola
1584 4770 2058 4844 idcircoseminat,

493 4839 554 4896 ut
584 4844 742 4897 etiam
773 4848 955 4901 metat,
981 4849 1035 4894 et
1080 4848 1341 4892 mercator
1365 4839 1561 4892 idcirco
1609 4840 2061 4908 peregrinationes

490 4914 623 4978 ohit,
648 4921 705 4966 ut
727 4912 978 4979 pecunias
1004 4910 1238 4978 colligat,
1255 4919 1306 4962 et
1332 4909 1654 4977 gubernator
1680 4909 1876 4963 idcirco
1899 4912 2060 4966 multa

489 4985 654 5036 maria
695 4982 966 5044 emetitur,
995 4990 1050 5033 ut
1092 4980 1344 5033 mercium
1372 4979 1592 5032 sarcinis
1633 4980 1806 5032 navim
1835 4980 2055 5048 repleat.

489 5052 565 5107 Ne
593 5051 721 5106 mihi
765 5051 982 5115 dixeris,
1015 5058 1093 5103 tot
1133 5051 1246 5102 dies
1266 5049 1520 5118 jejunavi,
1555 5050 1656 5103 hoc
1685 5059 1738 5102 et
1776 5049 1903 5103 illud
1952 5065 2058 5105 non

482 5121 904 5185 comedi,vinum
935 5134 1038 5172 non
1069 5119 1193 5180 hihi,
1216 5120 1450 5175 illuviem
1477 5119 1695 5188 pertuli;
1728 5120 1820 5174 sed
1839 5121 2058 5175 ostende

486 5191 722 5255 mihi,an
749 5206 867 5244 cum
897 5189 1177 5243 iracundus
1206 5204 1372 5256 esses,
1398 5191 1530 5244 lenis
1561 5190 1726 5244 factus
1751 5193 1844 5251 sis,
1865 5199 1918 5242 ct
1937 5206 2055 5244 cum

485 5277 635 5315 esses
665 5261 916 5321 crudelis,
945 5259 1202 5329 benignus
1228 5263 1461 5314 evaseris
1491 5278 1503 5312 :
1535 5262 1782 5327 quoniam
1810 5261 1852 5314 si
1879 5260 2056 5313 ebrius

486 5331 756 5385 iracundia
789 5332 881 5392 sis,
913 5330 1038 5400 quid
1062 5345 1283 5400 carnem
1314 5330 1535 5400 aflligis?
1578 5331 1630 5384 Si
1661 5333 1799 5384 intus
1822 5333 1890 5384 sit
1919 5329 2054 5382 invio

485 5400 571 5453 dia
600 5413 653 5454 et
681 5402 920 5463 avaritia,
949 5399 1071 5469 quid
1106 5399 1321 5470 prodest
1343 5399 1491 5470 aqua:
1519 5402 1708 5470 potus?
1737 5400 1848 5470 Non
1875 5412 2055 5470 quacro

486 5485 647 5531 nunc,
675 5473 844 5536 qualis
874 5471 940 5523 sit
963 5485 1167 5527 mensa.
1197 5469 1288 5523 sed
1313 5469 1564 5524 anmalit:
1593 5472 1784 5524 mentis
1811 5469 1945 5523 facta
1986 5469 2055 5522 sit

485 5541 725 5593 mutatio.
761 5541 812 5594 Si
841 5541 1078 5606 drmina,
1107 5539 1355 5592 nimirum
1386 5542 1580 5597 anima.
1625 5539 1930 5602 fornicatur,
1959 5540 2054 5593 cur

484 5609 751 5676 ancillam,
787 5621 1022 5664 ventrem
1053 5610 1286 5679 inquam,
1317 5609 1587 5680 ﬂagellas?
1611 5610 1666 5665 Si
1697 5609 1869 5664 anima
1891 5607 2052 5664 sedu-

2175 3790 2330 3854 citur,
2359 3804 2454 3844 cur
2491 3804 2684 3858 corpus
2724 3791 3004 3846 maceras?
3045 3790 3171 3844 llaec
3221 3803 3321 3858 ego
3367 3789 3509 3854 dico,
3541 3804 3651 3844 non
3697 3801 3753 3847 nt

2174 3874 2270 3914 vos
2298 3874 2565 3931 accusem,
2589 3861 2680 3914 sed
2709 3870 2922 3930 propter
2950 3862 3294 3931 negligentes.
3325 3859 3453 3914 Cum
3485 3861 3630 3913 enim
3659 3877 3752 3914 vos

2173 3930 2384 3983 videam
2412 3930 2671 3992 volantes,
2701 3931 2861 3984 altius
2888 3930 3066 3986 volare
3091 3945 3186 3984 vos
3206 3931 3362 3984 velim
3391 3949 3405 3984 :
3433 3939 3578 3984 tanta
3609 3933 3752 3984 enim

2173 4009 2257 4054 est
2279 4002 2358 4052 vis
2379 4001 2633 4069 caritatis.
2660 4001 2727 4054 Et
2752 4000 3202 4068 quemadmodum
3232 4001 3374 4054 avari
3402 4011 3605 4068 quanto
3636 4002 3754 4069 plus

2173 4069 2286 4140 auri
2323 4057 2652 4138 collegerint,
2683 4057 2828 4123 tan'to
2857 4073 2976 4140 plus
3003 4079 3292 4139 expetunt:
3324 4070 3401 4140 sic
3423 4057 3478 4124 et
3505 4086 3604 4123 nos
3637 4057 3752 4122 ina-

2169 4139 2273 4209 jori
2302 4153 2611 4208 progressus
2632 4141 2790 4194 vestri
2814 4141 3074 4195 desiderio
3098 4151 3359 4195 tenemur.
3379 4139 3433 4194 Si
3463 4155 3596 4208 ergo
3619 4142 3753 4194 velis

2173 4209 2343 4280 excipi
2374 4210 2531 4280 apud
2558 4210 2742 4274 Deum,
2773 4211 2952 4279 jejuna
2992 4209 3435 4280 quemadmodum
3481 4209 3750 4274 Ninivita‘,

2174 4281 2246 4350 mi
2278 4279 2476 4350 frater;
2507 4279 2578 4333 illi
2608 4281 2776 4350 legem
2818 4295 2922 4334 non
2949 4279 3265 4350 acceperant
3293 4299 3306 4334 :
3339 4279 3407 4334 de
3435 4281 3633 4349 quibus
3675 4282 3750 4333 ait

2173 4349 2367 4404 Paulus
2391 4367 2404 4402 :
2433 4347 2561 4404 Cum
2589 4347 2719 4403 enim
2749 4350 2947 4414 Gentes,
2971 4347 3091 4414 qua!
3103 4350 3258 4420 legem
3279 4366 3379 4402 non
3418 4347 3623 4414 habent,
3655 4366 3749 4402 na-

2174 4420 2401 4500 turaliter
2443 4436 2501 4472 ea
2542 4436 2662 4500 qua:-
2703 4421 2825 4500 legis
2869 4422 3006 4500 sunt,
3035 4420 3255 4500 faciunt,
3291 4421 3555 4500 ejusmodi.
3587 4422 3748 4500 legem

2172 4506 2272 4542 non
2298 4489 2772 4560 habentes,ipsisibi
2786 4501 2902 4543 sunt
2929 4492 3011 4543 lea:
3035 4490 3277 4560 (Rom.‘2.
3300 4491 3408 4554 Η).
3438 4489 3557 4544 Noli
3588 4491 3749 4559 igitur

2171 4560 2398 4612 otiosum
2421 4559 2676 4628 jejunium
2695 4559 2974 4614 exhibere:
2999 4575 3100 4614 non
3119 4560 3259 4614 enim
3287 4560 3459 4613 solum
3489 4561 3746 4628 jejuniunt

2171 4629 2224 4683 in
2249 4631 2434 4683 cadum
2458 4629 2716 4693 ascendit,
2734 4630 2835 4683 nisi
2855 4644 3093 4684 sororem
3123 4631 3316 4684 habeat
3335 4645 3490 4684 suam
3513 4631 3744 4684 eleemo—

2171 4713 2377 4769 synam.
2400 4699 2672 4769 Siquidem
2696 4701 2809 4769 biga
2837 4709 2919 4754 est
2939 4699 3074 4768 ejus,
3099 4716 3197 4754 nec
3218 4699 3524 4753 fraternitas
3543 4709 3598 4754 et
3627 4700 3742 4768 biga

2172 4777 2392 4832 tantum,
2427 4772 2518 4823 sed
2546 4771 2703 4824 etiam
2731 4769 3056 4824 vehiculum.
3091 4769 3241 4826 Unde
3271 4769 3321 4822 id
3347 4771 3596 4824 constat?
3640 4773 3742 4824 An-

2169 4840 2320 4908 gelus
2345 4840 2591 4894 Cornelio
2615 4839 2822 4910 dicebat
2854 4856 2866 4889 :
2903 4839 3166 4894 Orationes
3205 4849 3304 4893 tua:
3338 4850 3387 4892 et
3413 4841 3742 4910 eleemosyna

2169 4920 2270 4963 tua:
2293 4911 2622 4980 ascenderunt
2646 4909 2699 4962 in
2741 4911 3032 4963 memoriam
3073 4911 3128 4963 in
3165 4920 3433 4978 conspectu
3472 4909 3570 4963 Dei
3613 4909 3736 4980 (Act.

2169 4980 2255 5051 10.
2291 4979 2366 5049 4).
2402 4979 2662 5051 Estenim
2684 4981 2767 5051 ala
2791 4981 3055 5051 orationis
3078 4980 3416 5051 eleemosyna
3447 4997 3462 5033 :
3494 4981 3600 5034 nisi
3627 4979 3735 5034 era-

2167 5050 2296 5102 tioni
2338 5059 2440 5102 tute
2467 5050 2603 5103 alam
2648 5049 2936 5113 addideris,
2967 5051 3186 5105 minime
3229 5049 3408 5104 volat:
3438 5066 3565 5105 cum
3615 5062 3732 5102 vero

2168 5119 2325 5171 fuerit
2349 5119 2447 5172 alis
2473 5119 2692 5188 praedita
2726 5121 2903 5174 anima
2930 5131 3034 5184 tua,
3066 5121 3120 5174 in
3148 5119 3344 5174 caelum
3366 5119 3568 5175 evolat.
3600 5121 3732 5188 0ro-

2165 5201 2334 5259 usque
2361 5187 2574 5243 tandem
2605 5192 2940 5258 pecuniarum
2984 5205 3137 5244 amor
3174 5201 3230 5244 et
3253 5205 3412 5258 opum
3437 5187 3728 5259 cupiditas!

2164 5255 2290 5310 Haec
2325 5259 2524 5321 omnia,
2554 5255 2628 5314 mi
2674 5260 2856 5325 frater,
2885 5275 2987 5314 una
3017 5275 3137 5314 cum
3170 5260 3267 5315 hac
3289 5255 3396 5314 vita
3444 5255 3729 5314 terminan-

2164 5325 2404 5398 tur._Sed
2435 5330 2585 5397 mihi,
2604 5331 2832 5393 satscio,
2850 5329 3018 5392 dices,
3036 5331 3150 5386 haec
3177 5331 3269 5385 tibi
3296 5331 3392 5398 ipsi
3419 5342 3730 5384 commemo-

2165 5411 2242 5451 ra.
2272 5396 2341 5452 Et
2368 5398 2498 5453 mihi
2521 5396 2620 5469 ipsi
2640 5409 3092 5465 commemoro,et
3115 5401 3291 5455 vobis:
3318 5396 3404 5454 est
3427 5403 3572 5454 enim
3597 5413 3730 5454 com-

2161 5481 2327 5541 mune
2360 5470 2660 5541 consilium.
2708 5469 2820 5541 Ego
2845 5469 2972 5525 dum
3018 5470 3134 5525 hate
3176 5471 3354 5536 audio,
3391 5479 3445 5524 et
3476 5471 3728 5541 corrigat.

2162 5537 2475 5610 beneficium
2522 5556 2550 5592 a
2584 5540 2734 5594 vobis
2760 5537 2984 5610 'accipio
3013 5557 3026 5593 :
3061 5542 3182 5596 licet
3226 5543 3272 5596 is
3311 5556 3501 5595 servus
3527 5537 3728 5607 sit,'Qui

2162 5607 2319 5676 dicit,
2350 5610 2626 5664 consilium
2659 5607 2917 5678 admitto;
2947 5613 3070 5667 licet
3099 5613 3256 5673 liber,
3293 5611 3520 5667 libenter
3545 5609 3724 5666 audio:
