4032 6198
266 381 387 441 1061

260 513 366 569 non
397 494 540 569 enim
584 507 937 564 personarum
980 490 1311 569 eacellentia,
1338 488 1681 569 sederutilite's
1709 502 1839 569 con:

261 568 364 621 silii
396 558 666 628 etlicitfut
710 578 773 618 ea
818 577 939 632 quae
982 562 1252 632 dicuntur,
1289 559 1583 632 admittam.
1622 558 1753 632 Nam
1794 558 1841 612 si

264 636 474 706 Moyses
498 634 587 710 ille
614 640 791 710 tantus
823 628 925 710 vir,
951 633 1041 702 qui
1077 646 1197 686 cum
1226 631 1335 685 Deo
1372 629 1546 710 fuerat
1571 628 1840 710 coiloquu:

264 703 372 770 tus,
418 704 586 759 soceri
617 703 700 758 sui
738 704 1017 759 consilium
1060 717 1166 756 non
1195 710 1278 755 est
1304 706 1600 770 aversatus.
1634 703 1842 753 tametsi

266 767 525 830 barbarus
553 782 688 838 erat,
717 772 811 828 sed
837 788 955 827 cum
982 773 1095 841 ipse
1123 771 1377 840 suscepit,
1406 778 1516 841 tum
1546 767 1687 841 Deus
1710 783 1840 841 (ten-

265 842 554 927 tirmavitt
574 836 740 924 Exod.
781 841 867 897 18.
916 836 1055 912 24):
1096 836 1297 965 quanto
1339 839 1507 908 magis
1549 838 1685 892 nos?
1724 836 1841 919 Non

266 916 391 965 dlCO
439 914 554 965 llbl.
600 922 657 965 ut
699 927 854 965 mons
888 912 1002 965 tias.
1041 927 1098 965 sc
1181 920 1249 964 ut-
1284 909 1425 965 quod
1469 908 1747 965 redundat.
1790 923 1841 962 tn

266 916 391 971 dico
439 908 554 978 tibi,
600 922 657 966 ut
699 912 854 980 inops
888 908 1003 974 tias,
1041 908 1133 965 scd
1181 920 1249 964 ut-
1284 909 1425 980 quod
1462 908 1747 980 redundat,
1772 908 1842 980 _in

267 999 527 1055 pauperes
543 977 751 1055 eroges,
767 977 826 1035 u't
862 982 1179 1055 abundantia
1209 977 1502 1055 tua—salutis
1521 978 1732 1055 occasio
1748 977 1842 1031 tibi

270 1048 391 1111 iiatf
409 1053 525 1107 Non
552 1048 742 1106 videtis
779 1052 972 1105 multos
1007 1054 1059 1105 in
1083 1052 1164 1105 via
1201 1064 1459 1119 pauperes
1475 1049 1512 1119 ?_
1534 1048 1657 1119 Quo
1690 1057 1845 1119 pacto

268 1124 396 1192 ωειί
437 1122 667 1191 nudique
707 1121 1022 1176 remanent?
1071 1117 1245 1192 Atque
1280 1120 1365 1192 hie
1391 1117 1603 1192 quidem
1630 1117 1841 1192 _junior,

278 1186 365 1249 ille
394 1208 522 1247 vero
567 1186 746 1245 senior
779 1201 900 1254 est;
946 1200 1001 1245 et
1039 1186 1173 1245 alter
1200 1189 1267 1243 ab
1304 1186 1473 1242 altero
1517 1186 1750 1251 fulcitur,
1793 1196 1847 1242 et

276 1263 442 1318 nudta
466 1271 550 1316 est
570 1262 781 1315 illorqu
805 1261 1035 1315 miseria.
1063 1262 1134 1314 Da
1164 1261 1319 1330 igitur
1346 1258 1846 1330 conservo,_u_t_l)o—

278 1335 483 1389 miuum
527 1331 721 1386 habeas
748 1330 1062 1394 debitorem,
1090 1326 1204 1400 qui‘
1227 1329 1469 1400 lubenter
1510 1337 1604 1400 cst‘
1617 1326 1843 1390 debitor,

271 1403 365 1473 qui
385 1410 585 1457 sortem
606 1400 697 1455 dat
719 1416 839 1455 cum
870 1416 1048 1454 usura.
1066 1396 1209 1473 Nam
1229 1399 1280 1473 ig
1310 1397 1467 1473 rebus
1484 1396 1696 1467 quidem
1727 1410 1849 1473 pro-

276 1464 412 1527 fanis
438 1473 638 1526 crimen
665 1479 748 1524 est
776 1485 957 1532 usura,
994 1480 1048 1523 at
1075 1469 1212 1539 apud
1242 1469 1412 1539 Deum
1438 1464 1559 1539 laus
1584 1476 1684 1520 est.
1708 1464 1845 1539 ‘Non

275 1544 370 1597 das
415 1541 671 1612 pauperi?
718 1541 865 1612 Eunt
891 1537 1125 1612 attende,
1162 1538 1252 1608 qui
1300 1553 1395 1607 per
1435 1537 1583 1591 illum
1617 1537 1765 1606 petit,
1793 1545 1848 1612 et

275 1614 392 1682 ejus
415 1605 750 1681 dignitatem,
780 1609 869 1679 qui
899 1605 1117 1682 accipit,
1143 1605 1387 1682 reverere
1415 1624 1430 1660 :
1463 1605 1662 1682 pauper
1703 1605 1847 1682 a_cci_s

277 1676 374 1752 pit,
405 1692 459 1736 et
480 1676 631 1752 'Deot
659 1676 897 1739 mutu—um
940 1676 1116 1733 datur.
1158 1678 1341 1752 Cogita
1369 1692 1475 1747 quo
1515 1676 1850 1752 descenderit

279 1747 394 1821 ejus
420 1765 579 1804 causa
612 1751 866 1821 Dominus
892 1758 1113 1821 tuus,_ut
1143 1759 1192 1821 te
1218 1747 1534 1821 inﬂecteret,
1566 1761 1633 1802 ne
1658 1747 1848 1821 erude-

276 1817 344 1876 lis
367 1835 516 1875 esses
543 1827 596 1875 et
627 1819 964 1873 inhumanus.
1005 1819 1317 1873 Esurientcm
1346 1817 1477 1871 enim
1520 1833 1597 1869 me
1635 1817 1847 1881 ridistis,

278 1903 322 1944 ct
351 1908 451 1945 non
476 1890 671 1945 aluistis
700 1905 718 1943 :
745 1891 1008 1953 sitientem,
1039 1899 1085 1942 et
1114 1905 1211 1942 non
1238 1887 1443 1941 dedistis
1481 1886 1604 1939 mihi
1638 1897 1809 1955 potum
1827 1901 1847 1939 :

282 1962 546 2031 hospitem,
562 1971 629 2031 tet
669 1977 767 2011 non
794 1958 1062 2031 rollegistis
1088 1975 1107 2011 :
1133 1959 1347 2022 nudum,
1384 1966 1430 2010 et
1458 1974 1558 2031 n_o_n
1584 1958 1849 2031 aperuisti:

282 2025 609 2109 (Hattlt._25.
638 2030 726 2083 42.
757 2030 885 2109 ᾅδῃ
903 2025 1120 2109 _étmqua:
1147 2037 1458 2095 sequuntur.
1485 2025 1599 2081 Non
1625 2026 1720 2109 das
1751 2027 1848 2109 igi-

281 2098 598 2158 turChristo
635 2099 927 2155 esurienti?
975 2099 1054 2153 Tu
1103 2108 1156 2153 et
1210 2113 1409 2167 pauper
1451 2098 1691 2165 corporis
1734 2098 1852 2164 ejus

280 2171 635 2227 cmumuuiter
660 2184 728 2224 ex
758 2184 940 2224 mensa
969 2169 1252 2239 participes
1286 2169 1435 2230 estis,
1467 2176 1522 2221 et
1546 2167 1698 2223 calici
1736 2168 1851 2236 ejus

280 2242 484 2312 pariter
511 2239 913 2312 communicatis
941 2256 953 2291 :
983 2239 1036 2293 in
1077 2254 1255 2294 rerum
1299 2252 1607 2312 magnarum
1646 2252 1710 2291 ac
1743 2245 1852 2312 tre-_-

280 2307 593 2367 iuendarum
644 2309 1070 2367 communionem
1122 2318 1295 2363 tecum
1348 2307 1518 2373 venit,
1564 2316 1619 2362 et
1667 2318 1721 2361 tu
1773 2307 1851 2361 illi

276 2384 493 2453 exiguas
524 2398 629 2453 nen
657 2380 930 2453 impertisti
960 2378 1096 2433 Num
1142 2379 1284 2453 enim
1316 2378 1410 2442 illi,
1443 2392 1562 2445 quae
1579 2388 1675 2453 _tua
1702 2387 1847 2444 sunt,

280 2448 523 2521 largiris?
549 2448 801 2518 Quamvis
820 2450 960 2505 enim
977 2467 1006 2503 a
1025 2449 1327 2521 parentibus
1351 2448 1641 2521 acceperis,
1662 2463 1850 2521 quatu-

279 2517 415 2576 vis'u
446 2523 752 2590 majoribus,
789 2521 881 2577 Dei
911 2517 1074 2576 sunt:
1107 2519 1230 2589 quid
1257 2518 1310 2572 in
1343 2529 1535 2572 terram
1567 2517 1845 2590 _illatdelo-

281 2594 402 2647 dis?
430 2592 504 2645 Da
534 2588 771 2661 pauperi,
801 2601 854 2644 ct
882 2588 1195 2661 utultacum
1229 2590 1514 2661 securitate
1542 2588 1633 2642 tibi
1665 2588 1847 2661 Domi:

280 2679 380 2718 nus
408 2663 497 2717 illa
534 2658 784 2716 serrabit.
814 2660 932 2717 Non
978 2660 1146 2727 vides,
1178 2659 1303 2731 quid
1332 2658 1529 2714 faciant
1567 2658 1851 2731 agricolae?

275 2732 657 2801 Saepenumero
687 2733 751 2798 is,
782 2733 866 2786 cui
905 2748 1012 2799 pne
1041 2729 1218 2801 inopia
1246 2744 1565 2801 semennon
1595 2729 1847 2801 suppetit,

282 2798 486 2857 vestem
536 2818 686 2856 suam
738 2798 939 2871 pignori
969 2798 1208 2871 opponit,
1238 2799 1454 2870 etquod
1485 2800 1597 2853 vult
1636 2798 1848 2867 accipit,

276 2887 338 2927 ac
386 2881 539 2942 terrse
578 2872 902 2926 committit:
935 2873 1142 2926 tametsi
1195 2887 1450 2942 μετεωρο,
1482 2885 1604 2942 cum
1645 2878 1849 2938 tempe-

276 2952 474 2996 statum
520 2941 859 3011 intemperies
901 2941 1373 3010 iugruerit,nulla
1403 2941 1624 3011 collecta
1674 2954 1849 3011 messe

276 3011 533 3077 discedit,
565 3023 618 3065 et
650 3008 822 3066 tamen
858 3008 1073 3081 propter
1114 3027 1261 3079 spem
1296 3021 1452 3065 terra:
1478 3010 1665 3065 credit.
1697 3008 1847 3074 Quod

278 3083 435 3150 igitur
485 3091 625 3135 terra
679 3091 926 3151 prwstat,
975 3081 1076 3151 hoc
1130 3082 1383 3151 Dominus
1439 3088 1693 3151 prtrstare
1743 3093 1850 3132 non

278 3148 492 3220 potest?
522 3148 733 3206 Imitare
759 3152 901 3206 illam
943 3152 995 3204 in
1029 3150 1206 3205 Veteri
1231 3148 1576 3204 Testznuento
1610 3148 1845 3220 viduam,

276 3219 397 3290 qua:
430 3222 678 3290 pugillum
710 3221 890 3276 farinae
921 3221 974 3275 in
1020 3221 1225 3291 hydria,
1253 3228 1307 3272 et
1336 3235 1560 3291 paucum
1591 3219 1766 3291 oleum
1795 3219 1847 3273 in

275 3289 486 3362 lecytho
515 3290 736 3345 habuit:
768 3291 1017 3362 cmonium
1059 3289 1127 3362 es
1174 3291 1304 3359 ipsis
1332 3290 1563 3362 hospitio
1608 3289 1845 3362 prophe-

275 3359 383 3431 tam
409 3363 616 3429 excepit
648 3368 665 3431 (
693 3362 746 3431 '5.
782 3359 1028 3431 Reg.fl7.
1063 3360 1185 3431 12):
1214 3371 1306 3414 aut
1334 3359 1491 3413 istam
1526 3360 1579 3412 in
1605 3359 1848 3431 Evange-

276 3430 369 3497 lio,
398 3446 516 3501 qua:
544 3430 665 3485 cum
688 3430 876 3486 obolos
905 3430 1038 3486 duos
1062 3430 1315 3496 misisset,
1342 3444 1532 3501 omnes
1556 3431 1847 3501 superavit,

273 3499 470 3572 quippe
498 3516 784 3572 quietisuas
820 3516 1006 3572 eumes
1031 3516 1160 3571 opes
1205 3500 1410 3556 miserit
1454 3499 1601 3571 (Luc.
1643 3499 1737 3572 21.
1766 3500 1844 3572 5).

272 3571 411 3638 Quid
447 3586 573 3625 vero
609 3570 779 3625 dicis?
800 3640 805 3641 γ
829 3571 1039 3641 Pauper
1063 3570 1201 3636 Sum,
1246 3572 1496 3641 pecunias
1523 3585 1638 3641 non,
1655 3570 1845 3641 habeo.

277 3641 420 3711 Duos
445 3641 629 3695 obolos
658 3656 763 3695 non
795 3640 977 3704 habes,
1008 3642 1320 3711 quinetiam,
1350 3640 1472 3696 licet
1497 3654 1601 3694 non
1630 3640 1845 3704 habeas,

274 3710 429 3765 bona:
480 3712 676 3764 mentis
717 3720 771 3764 et
798 3710 1037 3765 allecms’
1069 3726 1197 3780 opes
1246 3711 1467 3780 requirit
1495 3711 1675 3764 Deus:
1724 3725 1849 3779 pro-

274 3790 455 3848 pterea
504 3780 734 3846 dicebat,
768 3780 1077 3850 Quicumque
1120 3780 1313 3834 dederit
1354 3780 1558 3834 calicem
1585 3780 1847 3904 aquwlri-

274 3850 425 3904 aidw.
458 3867 560 3903 non
609 3852 777 3904 perdet
825 3852 1099 3904 mercedem
1148 3867 1293 3904 suam
1344 3850 1556 3904 (Matth.
1613 3850 1699 3904 10.
1768 3848 1844 3904 Ξ).

306 3850 425 3921 idm,
458 3867 577 3921 noti
608 3852 777 3921 perdet
825 3848 1099 3904 mercedem
1148 3867 1293 3905 suam
1344 3850 1556 3921 (Matth.
1613 3850 1699 3905 10.
1731 3848 1844 3920 42).

300 3918 580 3993 iide,_quid
605 3919 746 3974 dicat
772 3938 785 3974 :
813 3936 959 3989 aqua:
997 3921 1214 3993 frigidm,
1244 3918 1580 3993 non'calidte,
1607 3935 1674 3974 ne
1720 3918 1847 3993 pro-

269 4000 391 4059 pter
416 3989 678 4060 lignorum
707 4001 974 4059 sumptum
997 3989 1246 4046 mercede
1267 3990 1510 4059 priveris.
1541 3991 1714 4060 Atque
1742 3989 1844 4043 lm-

270 4068 486 4129 peratur
514 4059 731 4129 quidem
755 4062 798 4115 si
829 4061 1079 4115 tributum
1119 4075 1249 4114 auro
1280 4060 1374 4115 tibi
1403 4059 1715 4115 solvendam
1762 4060 1847 4112 in-

268 4128 435 4200 dicat,
476 4128 789 4200 suspensus,
826 4130 1054 4185 fidiculis
1093 4138 1285 4195 tortus,
1314 4140 1577 4200 quantum,
1618 4130 1707 4185 ille
1750 4145 1847 4183 vo-

268 4198 448 4270 iuerit,
480 4198 663 4270 pendis
691 4217 704 4253 :
735 4200 977 4269 quamvis
1002 4215 1220 4270 pauperi
1237 4198 1343 4263 sis,
1363 4214 1471 4254 nou
1499 4199 1659 4254 habet
1683 4202 1845 4270 ratio-

267 4284 394 4323 nem
422 4267 688 4324 facultatis
725 4267 1225 4339 personarum,‘scd
1261 4270 1458 4338 proprii
1496 4270 1661 4335 lucri;
1706 4268 1847 4324 Deus

266 4349 448 4409 autem
490 4354 596 4393 non
643 4340 735 4406 ita,
767 4355 953 4394 verum
981 4355 1075 4408 pro
1100 4340 1357 4409 cujusque
1384 4339 1635 4394 facultate
1663 4339 1845 4408 requi-

268 4408 358 4479 git.
390 4408 496 4463 Cur
538 4409 678 4463 enim
717 4420 838 4464 sunt
868 4410 1168 4479 pauperes?
1216 4408 1300 4463 An
1324 4424 1456 4479 vero
1484 4425 1591 4479 non
1637 4417 1848 4479 poterat

268 4424 358 4461 ru.
390 4424 496 4463 uur
538 4424 678 4463 enim
717 4424 838 4464 sunt
868 4424 969 4478 pan
1045 4424 1168 4464 rest
1216 4424 1300 4463 an
1327 4424 1456 4464 vero
1484 4425 1591 4463 non
1637 4424 1846 4479 peierat

265 4476 413 4533 Deus
440 4493 658 4533 aureum
691 4479 917 4534 imbrem
950 4424 1271 4535 deemittere?
1312 4478 1418 4535 Sed
1444 4489 1502 4533 ut
1544 4478 1684 4534 illius
1712 4494 1846 4549 pau~

266 4558 449 4620 pertas
475 4549 722 4603 solatium
741 4550 832 4604 tibi
852 4550 942 4603 ttat
959 4560 1315 4620 peccatorum.
1338 4549 1583 4620 uagitum
1603 4550 1845 4620 quiddam

265 4628 340 4691 est
360 4617 534 4691 homo,
558 4628 604 4671 et
646 4620 913 4691 pretiosum
931 4617 1101 4691 homo
1126 4620 1406 4674 misericors
1428 4617 1621 4691 '(Prov.
1649 4618 1839 4688 20.6).

270 4686 410 4742 Vide
451 4686 652 4761 quanta
679 4705 763 4761 res
787 4689 855 4743 sit
896 4689 1235 4761 eleemosyna
1269 4707 1282 4743 :
1326 4686 1506 4761 secuin
1535 4690 1673 4743 Deus
1696 4686 1845 4745 coui-

266 4769 422 4830 parat
446 4759 846 4830 misericordem
878 4778 891 4814 :
923 4758 1098 4814 Estote
1135 4758 1308 4830 enim,
1338 4759 1526 4830 inquit,
1554 4760 1844 4830 misericor-

264 4829 381 4898 des,
409 4829 539 4898 sicut
571 4840 619 4883 et
664 4827 820 4883 Pater
864 4841 1019 4883 vester
1047 4829 1257 4883 ccclestis
1282 4827 1562 4885 misericors
1588 4839 1661 4883 est
1688 4827 1839 4898 (Luc.

264 4897 324 4951 6.
356 4898 468 4969 56).
514 4896 570 4952 Si
608 4901 813 4954 venerit
840 4915 1003 4963 mors,
1035 4899 1120 4953 hic
1161 4911 1376 4954 manent.
1422 4896 1842 4969 peetmizcziquiu

262 4977 324 5021 tu
371 4967 531 5037 igitur
554 4983 644 5021 eas
674 4970 797 5023 illuc
825 4970 1119 5037 prmmittis,
1149 4979 1209 5022 ut
1248 4971 1301 5024 in
1343 4967 1434 5024 illa
1453 4969 1541 5024 die
1581 4969 1673 5024 tibi
1701 4985 1834 5038 pau-

261 5052 426 5107 peres
466 5038 884 5106 patrocinentur,
928 5040 1018 5093 ubi
1061 5055 1166 5092 non
1198 5048 1281 5094 est
1308 5049 1508 5101 orator,
1540 5055 1640 5094 nec
1683 5038 1845 5095 advo-

258 5108 475 5178 catus?
510 5109 809 5163 Ostenduut
833 5110 973 5164 enim
1000 5117 1176 5163 vestes
1205 5117 1258 5163 et
1286 5108 1521 5178 strOphia
1558 5124 1839 5178 pauperes,

258 5187 320 5232 et
360 5176 435 5249 ab
462 5177 585 5249 igne
614 5188 664 5232 te
705 5180 990 5248 abripiunt.
1022 5179 1138 5233 Non
1185 5180 1253 5233 ita
1280 5176 1416 5233 cum
1433 5180 1485 5233 in
1512 5176 1732 5249 glaciem
1761 5185 1841 5236 sol

258 5247 534 5311 inciderit,
567 5262 683 5320 eam
721 5247 1007 5318 liquefacit,
1041 5260 1201 5319 atque
1235 5247 1594 5320 eleemosyna,
1627 5264 1748 5320 eum
1790 5251 1840 5304 in

259 5326 607 5386 peccatorum
652 5319 893 5373 inciderit
920 5321 1328 5383 multitudinem,
1361 5334 1422 5373 ea
1448 5318 1608 5373 delet.
1641 5318 1711 5373 Ut
1738 5334 1838 5375 au-

255 5396 373 5461 tem
402 5387 778 5461 sublimitatem
815 5389 1084 5461 intelligas
1111 5391 1493 5461 eleemosynm,
1513 5388 1638 5457 quid
1681 5389 1841 5459 virgi-

256 5431 462 5509 ἶῆἱὶὶιὲῖ
468 5431 795 5512 ἷέὑόἤῖἱῶὶὶὲ
809 5431 1374 5513 ἡῖίῗῗῖιιῖιὶῖἆῗέιῖῧ
1383 5431 1704 5522 (milites;
1718 5431 1839 5515 ὲ)

256 5539 497 5598 magnae.
524 5527 642 5582 alia:
689 5529 939 5598 majores,
966 5529 1085 5583 alia:
1127 5529 1403 5585 minores?
1445 5530 1513 5582 At
1540 5527 1840 5595 virginitate

256 5595 582 5651 latxvriosios
634 5608 717 5653 est
762 5595 913 5652 nihil.
966 5599 1100 5653 Cum
1154 5610 1339 5654 natura
1400 5600 1674 5662 luctatur;
1740 5599 1841 5655 hoc.

256 5663 463 5719 bellum
507 5667 952 5723 intermissiOnem
998 5686 1102 5722 non
1148 5670 1349 5740 habet:
1395 5684 1580 5740 pugna
1614 5676 1697 5740 est
1724 5684 1841 5738 quae

256 5747 457 5807 paceni
479 5753 762 5807 numquam
794 5741 1012 5793 sortitur
1036 5740 1132 5792 nisi
1177 5739 1313 5793 forte
1340 5737 1436 5807 per
1457 5737 1652 5793 Christi
1681 5737 1841 5794 mise-

254 5803 570 5862 ricordiam.
596 5803 712 5864 Stat
756 5810 901 5878 virgo
926 5809 1196 5864 fornacem
1238 5810 1289 5864 iu
1316 5803 1550 5879 seipsam
1576 5808 1835 5875 conflatis,

1404 368 1492 427 DE
1526 366 1801 428 JEJUNIO
1841 358 1924 422 ET
1965 360 2442 421 ELEEMOSYNA.

3387 358 3520 429 teda

1953 501 2053 540 nec
2096 485 2525 559 tamenuritur:
2559 486 2707 557 virgo
2756 506 2916 559 super
2966 505 3158 559 prunas
3201 487 3519 559 consistens,

1949 572 2054 610 non
2082 566 2258 610 tamen
2287 556 2604 623 incenditur,
2628 556 2747 613 cum
2776 556 2844 613 sit
2868 561 2919 614 in
2949 556 3187 623 fornace,
3217 572 3324 612 non
3342 557 3522 611 exuri-

1949 636 2053 697 tur,
2076 624 2169 681 sed
2201 634 2258 679 ut
2282 627 2561 697 trcspueri
2590 643 2712 682 rore
2747 629 3097 697 perfunditur,
3127 644 3249 683 cum
3282 627 3520 681 invisibi-

1947 696 2086 766 libus
2129 704 2339 750 certans
2354 696 2665 766 ,virtutibus,
2689 699 2994 755 Michaelem
3028 696 3281 760 imitatur,
3310 706 3365 751 et
3411 697 3520 766 Ga-

1949 764 2168 839 brielem
2209 765 2505 820 aemulatur.
2549 766 2603 820 In
2653 770 2896 837 paradiso
2922 780 3037 825 erat
3073 769 3366 839 virginitas,
3394 776 3447 839 et
3484 764 3522 822 Va

1950 835 2183 890 dracone
2217 846 2468 909 corrupta
2493 849 2575 891 est
2607 856 2619 891 :
2653 835 2932 909 propterea
2979 835 3522 909 mediis'temporibns

1950 914 2055 958 neu
2084 906 2373 980 apparebat
2398 924 2412 959 :
2443 922 2563 980 eum
2611 906 2787 962 autem
2816 911 2961 964 venit
2998 911 3063 976 is,
3092 909 3180 980 qui
3208 922 3273 962 cx
3318 908 3522 971 virgine

1950 985 2106 1029 natus
2124 984 2230 1046 est,
2258 975 2411 1030 Jesus
2433 975 2675 1032 Christus
2701 980 2791 1033 Dei
2815 980 2999 1042 Filius,
3022 975 3132 1034 tum
3156 991 3340 1033 rursus
3355 991 3522 1046 appa-

1949 1046 2074 1120 ruit.
2123 1045 2212 1099 Vis
2260 1048 2799 1120 aute_m_virginitatis
2848 1050 3262 1120 magnitudinem
3324 1049 3523 1120 nosse?

1951 1114 2159 1186 Moyses
2178 1131 2332 1186 mare
2357 1115 2554 1179 divisit,
2572 1114 2764 1173 'aerem
2792 1114 3105 1185 immtilavit,
3136 1133 3327 1173 manna
3347 1117 3517 1172 demi-

1949 1185 2050 1249 sit,
2074 1196 2128 1259 et
2173 1185 2245 1238 illi
2286 1196 2501 1259 propter
2529 1195 2747 1259 urerent
2774 1204 2925 1243 suam
2956 1189 3331 1259 sﬁthiopissam
3368 1186 3523 1242 oblo-

1949 1255 2259 1328 quutisunt
2289 1254 2492 1328 (Nam.
2520 1257 2607 1310 12.
2636 1257 2713 1320 1),
2755 1260 2894 1328 quod
2927 1275 3119 1315 uxores
3139 1254 3387 1313 'haberct
3415 1274 3427 1308 :
3469 1268 3523 1312 ct

1952 1340 2079 1379 vero
2097 1325 2386 1388 Abraham,
2404 1325 2572 1393 lanae,
2589 1338 2639 1382 et
2662 1325 2846 1384 Jacob.
2873 1330 2983 1384 Imo
3002 1341 3057 1386 et
3075 1328 3292 1399 Joseph,
3311 1329 3520 1399 tametsi

1950 1401 2128 1449 castus
2157 1404 2292 1460 erat,
2321 1406 2499 1465 postea
2532 1406 2705 1452 tamen
2735 1415 2950 1456 uxorem
2981 1400 3183 1455 habuit.
3207 1396 3302 1453 Vis
3328 1396 3524 1452 intelli-

1950 1478 2096 1533 gere,
2132 1474 2325 1534 quauta
2372 1480 2457 1539 res
2481 1467 2554 1521 sit
2592 1468 2904 1539 virginitas?
2932 1470 3068 1526 Cum
3094 1470 3329 1539 venisset
3366 1467 3523 1539 Chri-

1951 1542 2230 1614 stus,eam
2255 1536 2573 1614 necessitate
2594 1536 2697 1591 non
2725 1540 2995 1614 devinxit;
3028 1540 3185 1614 simul
3211 1538 3365 1614 _enim
3393 1537 3524 1591 alias

1954 1607 2175 1659 virtutes
2201 1619 2320 1659 eum
2367 1607 2697 1674 intendisset,
2730 1609 2865 1665 hanc
2893 1625 2999 1664 non
3044 1609 3290 1674 intendit,
3322 1617 3379 1661 ut
3403 1621 3523 1663 cum

1952 1684 2143 1743 sponte
2185 1674 2318 1731 bene
2355 1677 2549 1745 egeris,
2589 1681 2882 1734 coroneris.
2911 1681 3009 1747 Qui
3040 1681 3092 1735 in
3119 1677 3444 1735 continentia
3471 1688 3525 1732 et

1952 1752 2263 1819 j‘iaupertate
2291 1760 2351 1800 se
2389 1756 2661 1819 exercent,
2692 1750 2917 1817 primam
2956 1751 3096 1804 illam
3128 1748 3522 1819 aggrediuntur.

1954 1812 2090 1886 Sunt
2110 1815 2243 1886 enim
2268 1816 2499 1879 eunuchi,
2527 1819 2612 1886 qui
2633 1812 2705 1872 sic
2728 1821 2834 1873 nati
2861 1831 2977 1875 sunt
3004 1836 3024 1875 :
3058 1830 3105 1873 et
3141 1812 3257 1873 sunt
3287 1818 3521 1883 eunuchi,

1951 1884 2036 1964 qui
2063 1883 2186 1954 facti
2230 1896 2347 1939 sunt
2374 1886 2435 1939 ab
2484 1883 2765 1943 hominibus
2792 1904 2811 1943 :
2846 1899 2890 1942 et
2930 1900 3046 1964 sunt
3087 1888 3305 1964 eunuelii
3331 1888 3418 1964 qui
3441 1903 3524 1964 _se-

1952 1956 2089 2027 ipsos
2114 1965 2451 2009 castraverunt
2476 1967 2680 2027 propter
2708 1976 2917 2027 regnum
2940 1962 3177 2014 calorum
3198 1957 3409 2027 (Matth.
3435 1956 3522 2011 19.

1955 2023 2074 2099 12),-
2120 2040 2390 2099 nonhcum
2438 2023 2537 2082 sibi
2574 2023 2823 2083 membra
2849 2023 3231 2099 amputasscut,
3270 2027 3365 2083 sed
3406 2042 3525 2081 cum

1953 2093 2197 2169 laseivam
2220 2095 2490 2169 libidinem
2519 2099 2887 2153 resecuisscnt.
2925 2093 3023 2167 Qui
3044 2109 3202 2169 potest
3220 2114 3399 2167 capere
3435 2114 3524 2150 ca-

1954 2165 2078 2235 piat.
2107 2165 2393 2233 Apostolus
2439 2183 2649 2235 quoque
2695 2174 2912 2223 virtutes
2941 2165 3128 2225 omnes
3171 2165 3292 2224 eum
3343 2181 3525 2222 recen-

1953 2234 2181 2308 suisset,
2227 2235 2488 2308 _liujusque
2531 2234 2939 2294 innuensitatem
2988 2241 3152 2308 probe
3190 2246 3390 2302 nosset,
3418 2237 3524 2308 ait:

1955 2300 2032 2379 pe
2059 2300 2328 2379 eirginihus
2374 2300 2678 2374 praereptum
2724 2308 2931 2363 Domini
2973 2300 3072 2363 non
3120 2309 3277 2363 habeo
3298 2300 3385 2379 (l.
3407 2307 3525 2360 Cor.

1955 2374 2007 2449 7_.
2059 2373 2171 2443 ‘25).
2219 2373 2384 2449 ‘Vides
2436 2386 2493 2430 ut
2541 2393 2730 2448 magna
2778 2380 2849 2433 sit
2895 2379 3199 2449 virginitas,
3247 2373 3317 2432 et'
3350 2386 3525 2432 tamen

1952 2444 2153 2519 absque
2184 2444 2523 2519 e‘lcemosyua
2566 2444 2671 2502 non
2709 2452 2939 2503 servavit
2962 2444 3367 2519 {elcemosynze
3398 2462 3526 2502 vero

1955 2514 2071 2568 sine
2099 2515 2393 2584 virginitate
2418 2514 2782 2590 servaverunt.
2807 2518 3051 2590 Quinque
3088 2514 3319 2588 virgines
3346 2517 3525 2590 [δίων.

1956 2595 2231 2658 propterea
2260 2589 2399 2656 quod
2429 2589 2603 2642 oleum
2652 2603 2755 2642 non
2795 2589 3078 2654 habebant,
3106 2591 3201 2644 sed
3246 2589 3521 2658 virginita-

1956 2666 2062 2709 tem
2091 2656 2278 2722 solam,
2310 2659 2360 2710 in
2408 2659 2588 2725 διιοηεί
2621 2659 2910 2713 thalamum
2955 2676 3061 2714 non
3102 2656 3381 2714 intrarunt.
3426 2658 3526 2713 Sa-

1953 2726 2093 2798 pient
2102 2726 2215 2798 ibus
2232 2728 2371 2780 enim
2390 2728 2591 2790 dicunt,
2613 2727 2746 2782 Date
2770 2730 2912 2784 nobis
2928 2732 2990 2784 de
3004 2731 3114 2785 oleo
3134 2740 3294 2785 vestro
3311 2726 3525 2798 (Matth.

1952 2796 2041 2871 25.
2069 2796 2149 2865 8).
2173 2798 2248 2871 Ac
2272 2799 2466 2871 merito
2492 2814 2619 2871 sane
2657 2799 2815 2855 future
2840 2810 2966 2855 sunt
2990 2810 3210 2864 vocatae,
3238 2796 3527 2871 quodcum

1955 2866 2027 2940 id,
2060 2868 2201 2935 quod
2243 2878 2359 2922 erat
2404 2869 2738 2935 laboriosius,
2781 2872 3149 2939 perfecissent,
3189 2866 3331 2940 quod
3382 2869 3529 2924 labo«

1956 2938 2028 2990 ris
2077 2951 2269 3012 expers
2311 2949 2454 3012 erat,
2496 2957 2598 2993 non
2655 2938 3025 3007 praeStitissent
3058 2960 3081 3012 7:
3131 2938 3378 3012 magnum
3428 2940 3525 2995 ad-

1954 3008 2244 3080 :crsarium
2296 3008 2627 3080 dcjccerant,
2658 3019 2713 3063 et
2752 3026 2783 3064 a
2811 3013 3002 3066 minori
3042 3011 3191 3066 fuere
3222 3008 3525 3080 superata).

1955 3078 2022 3131 Et
2076 3092 2196 3149 cum
2245 3079 2485 3132 venisset
2527 3093 2776 3147 sponsus,
2828 3082 3094 3149 sapientes
3144 3083 3195 3135 in
3240 3078 3525 3135 thalamum

1951 3148 2132 3216 Sponsi
2175 3156 2466 3222 venerunt;
2516 3159 2676 3222 atque
2703 3150 2805 3222 illa:
2834 3148 3044 3222 quoque
3072 3152 3339 3222 pulsantes
3365 3167 3526 3222 vene-

1953 3226 2076 3292 r_unt
2106 3235 2121 3292 :_
2160 3218 2337 3287 aitque
2363 3219 2465 3292 illis
2495 3236 2508 3271 :
2560 3218 2746 3274 Nescio
2787 3218 2874 3276 vos
2898 3218 3002 3292 (Ib.
3034 3218 3085 3275 υ.
3113 3221 3224 3290 12).
3253 3220 3389 3292 Quid
3417 3222 3527 3292 ita?

1954 3289 2235 3365 Queniam_
2262 3290 2558 3365 esurientem
2616 3307 2694 3343 me
2747 3289 2972 3365 uidistis,
3037 3308 3126 3346 nec
3165 3289 3360 3365 aluistis
3410 3291 3523 3365 (ιι.

1951 3374 1999 3413 υ.
2032 3361 2144 3429 42).
2173 3358 2326 3412 Absit
2366 3370 2563 3424 autem,
2595 3371 2655 3414 ut
2695 3360 2849 3417 talem
2880 3377 2978 3417 nos
3005 3378 3188 3418 vocem
3230 3358 3505 3417 audiamus

1952 3431 2060 3486 Illis
2085 3443 2211 3502 vero
2238 3445 2358 3502 qua:
2376 3430 2769 3502 eleemosynam
2796 3443 3166 3502 erogaverunt,
3192 3432 3298 3487 ait:
3334 3430 3524 3494 Venite,

1951 3499 2196 3573 benedicti
2239 3499 2410 3573 Patris
2455 3502 2569 3573 mei,
2610 3499 2858 3573 possidete
2882 3499 3116 3573 paratum
3143 3504 3280 3557 vobis
3318 3518 3526 3573 regnum

1952 3588 1985 3624 a
2009 3570 2356 3624 constitutione
2382 3571 2557 3623 mundi
2589 3571 2690 3642 (llr.
2720 3587 2768 3642 υ.
2804 3570 2917 3642 54).
2940 3573 3076 3640 Quid
3106 3574 3216 3627 ita?
3245 3570 3525 3639 num'quia

1953 3641 2679 3712 virginitatemservarunt?
2722 3641 3088 3711 Nequaquam,
3132 3643 3227 3697 sed
3274 3643 3525 3711 quoniam

1955 3710 2174 3781 Esuriui,
2205 3720 2252 3781 et
2293 3710 2500 3781 dedistis
2532 3711 2657 3764 mihi
2697 3710 3007 3767 manducare
3035 3727 3054 3766 :
3096 3713 3248 3777 sitioi,
3278 3710 3328 3765 et
3356 3722 3525 3781 potum

1953 3780 2081 3834 mihi
2124 3779 2329 3834 dedistis
2355 3795 2374 3832 :
2412 3780 2591 3852 hospes
2626 3797 2784 3844 erant,
2824 3793 2870 3836 et
2898 3782 3169 3852 collegistis
3208 3798 3289 3835 me
3309 3796 3330 3835 :
3357 3779 3527 3835 nudus

1951 3867 2108 3915 eram,
2141 3859 2188 3902 et
2217 3851 2545 3920 cooperuistis
2578 3866 2657 3903 me
2681 3867 2700 3903 :
2730 3853 2961 3920 inﬁrmus
2987 3851 3039 3906 et
3060 3853 3111 3904 iu
3137 3868 3355 3915 carcere,
3380 3860 3428 3904 et
3454 3853 3527 3904 ui-

1951 3920 2136 3992 sitastis
2161 3935 2240 3992 me
2262 3918 2366 3990 (Ib.
2396 3935 2446 3972 tt.
2472 3919 2561 3973 42.
2590 3922 2706 3992 45).
2731 3918 2798 3992 Ut
2823 3934 3000 3978 autem
3030 3921 3310 3992 intelligas,
3333 3934 3523 3992 quanta

1954 4006 2038 4046 res
2063 3991 2133 4043 sit
2157 3989 2515 4062 eleemosyna,
2540 3989 2722 4046 rursus
2751 3990 2889 4046 hanc
2913 3994 3039 4048 volo
3067 3989 3223 4062 vobis
3246 3989 3525 4046 historiam

1953 4063 2002 4116 iu
2033 4059 2340 4115 memoriam
2371 4059 2639 4116 revocare.
2674 4062 2866 4117 Decem
2906 4072 3059 4117 erant
3096 4060 3347 4131 virgines,
3375 4063 3527 4131 quin-

1950 4147 2053 4200 que
2078 4130 2363 4199 sapientes,
2411 4140 2465 4202 et
2501 4131 2736 4202 quinque
2781 4132 2936 4187 latum
2968 4149 2982 4186 :
3027 4147 3092 4187 ac
3118 4130 3259 4202 circa
3290 4130 3523 4202 medium

1955 4202 2125 4256 noctis
2152 4216 2249 4254 vox
2275 4210 2357 4254 est
2384 4200 2557 4255 edita:
2584 4201 2804 4271 surgite,
2841 4216 3070 4271 sponsus
3094 4201 3258 4256 venit.
3297 4200 3525 4255 Medium

1952 4271 2123 4325 noctis
2147 4278 2229 4325 est
2254 4271 2575 4340 resurrectio
2618 4289 2632 4326 :
2678 4286 2783 4340 quo
2811 4280 3049 4340 teiupore
3078 4285 3176 4325 nos
3217 4286 3405 4326 omnes
3431 4285 3525 4324 au-

1949 4341 2051 4410 geli
2078 4339 2402 4411 excitabunt.
2426 4338 2564 4411 _Cum
2605 4338 2735 4395 vero
2771 4338 3002 4411 virgines
3030 4341 3409 4403 surrexissent,
3438 4356 3523 4395 or-

1951 4418 2210 4465 naverunt
2233 4409 2503 4481 lampades
2524 4426 2667 4466 suas.
2692 4409 2874 4467 Porru‘
2887 4411 3089 4481 lampas
3118 4420 3202 4466 est
3226 4411 3523 4481 virginitas,

1948 4497 2065 4550 qua:
2095 4478 2452 4550 estquiddam
2495 4496 2705 4550 purum,
2746 4495 2887 4544 acre,
2928 4478 3009 4537 ac'
3036 4481 3290 4536 lucidum.
3314 4478 3526 4535 'Dicuut

1950 4547 2274 4619 sapientibus
2301 4547 2458 4603 fatua:
2486 4547 2510 4603 ε’
2531 4549 2663 4604 Date
2688 4551 2830 4607 nobis
2854 4553 2917 4607 de
2951 4552 3061 4607 oleo
3089 4560 3252 4606 vestro
3273 4568 3292 4604 :
3317 4568 3525 4619 respon-

1949 4618 2066 4695 dent
2086 4621 2189 4674 illis
2211 4618 2463 4695 sepientes
2493 4634 2512 4673 :
2542 4621 2790 4695 timemus,
2819 4639 2882 4695 ne
2900 4627 3040 4695 forte
3063 4640 3164 4695 non
3199 4618 3410 4695 sufficiet
3432 4639 3524 4695 tto-

1948 4692 2023 4745 bis
2054 4700 2100 4744 et
2141 4690 2278 4744 vobis
2302 4689 2387 4759 (at
2432 4704 2536 4743 non
2567 4690 2707 4759 quod
2734 4689 3046 4755 inviderent,
3098 4689 3317 4745 minime
3359 4690 3523 4747 dede-

1950 4770 2108 4816 runt:
2139 4759 2266 4829 quid
2309 4759 2451 4813 enim
2498 4760 2602 4814 illic
2627 4776 2763 4829 opus
2803 4771 2889 4817 est
2910 4766 3075 4818 auro?
3114 4777 3221 4815 non
3247 4762 3389 4815 enim
3420 4760 3527 4815 illic

1948 4832 2097 4887 dives
2121 4838 2175 4885 et
2200 4844 2399 4899 pauper
2426 4830 2564 4899 est),
2592 4832 2682 4885 sed
2713 4832 2949 4887 abeuntes
2983 4832 3145 4886 entire.
3178 4829 3403 4897 Quinam
3426 4844 3524 4883 au-

1949 4913 2054 4956 tem
2083 4909 2208 4955 sunt
2230 4899 2324 4964 illi,
2346 4900 2435 4970 qui
2462 4901 2730 4955 vendunt?
2760 4902 3042 4970 Pauperes.
3070 4900 3150 4955 Tu
3179 4901 3320 4954 enim
3350 4900 3523 4970 potius

1947 4972 2145 5039 accipis
2164 4985 2319 5039 quam
2342 4969 2475 5023 das:
2506 4979 2560 5024 tu
2586 4971 2680 5025 das
2707 4971 2779 5024 illi
2807 4979 3037 5034 terrena,
3067 4978 3122 5025 et
3146 4970 3342 5037 accipis
3362 4969 3522 5024 caele-

1947 5041 2204 5097 stia.Cum
2222 5040 2380 5109 igitur
2392 5051 2626 5108 emptum
2644 5041 3067 5104 abiissent,venit
3080 5053 3329 5108 sponsus,
3342 5048 3525 5109 etqua:

1947 5121 2147 5180 parata:
2171 5120 2345 5180 erant,
2376 5109 2428 5162 in
2457 5123 2640 5180 sponsi
2674 5109 2964 5164 thalamum
3003 5119 3127 5165 sunt
3166 5111 3442 5179 ingressae,
3472 5119 3526 5166 et

1946 5178 2142 5236 clausa:
2170 5190 2294 5236 sunt
2328 5179 2547 5248 janute,
2570 5178 2677 5232 Illae
2717 5193 2846 5233 vero
2874 5195 2996 5234 cum
3025 5178 3315 5244 venissent,
3349 5180 3524 5248 pulsa-

1949 5261 2091 5315 runt,
2120 5259 2175 5304 et
2216 5249 2295 5309 ait
2331 5248 2432 5319 illis
2460 5266 2491 5319 :_
2507 5247 2700 5303 Nescio
2729 5263 2845 5303 vos.
2877 5249 3063 5317 Vides,
3091 5247 3362 5319 quoniam
3383 5248 3525 5303 elec-

1948 5334 2224 5391 mosynam
2264 5333 2371 5372 non
2410 5317 2692 5391 habebant,
2728 5319 2964 5375 laborem
3003 5317 3163 5375 etiam
3208 5318 3525 5388 virginitatis

1947 5387 2257 5450 amiserunt,
2284 5397 2338 5441 et
2378 5397 2523 5442 extra
2569 5387 2857 5443 thalamum
2909 5391 3089 5458 sponsi
3135 5387 3520 5443 remanserunt.

1950 5461 2130 5529 Itaque
2158 5465 2432 5527 perspecta
2458 5458 2810 5531 eleemosyna:
2838 5460 3085 5531 utilitate,
3128 5459 3336 5521 fratres,
3367 5459 3519 5513 elee-

1946 5545 2223 5601 mosynam
2248 5534 2553 5601 erdgemus,
2572 5538 2629 5582 ut
2646 5529 2703 5582 et
2718 5530 2896 5601 sponsi
2921 5529 3213 5601 thalamum
3230 5540 3525 5601 consequa-

1948 5597 2087 5667 nun,
2111 5608 2167 5654 et
2186 5600 2398 5651 :eternis
2426 5597 2576 5652 bonis
2614 5597 2968 5667 perfruamur,
3000 5601 3165 5668 gratia
3192 5598 3399 5653 Domini
3418 5597 3521 5651 hoc

1949 5672 2043 5723 stri
2070 5671 2197 5724 .lcsu
2214 5667 2431 5739 Christi,
2451 5679 2570 5739 eum
2591 5682 2699 5738 quo
2718 5668 2860 5723 Patri
2883 5671 3047 5739 gloria
3066 5684 3167 5723 una
3184 5681 3301 5739 cum
3320 5679 3522 5731 sancto,

1955 5743 2093 5794 lmno
2146 5754 2207 5793 ac
2236 5737 2443 5793 vivilico
2466 5736 2662 5807 Spiritu
2689 5755 2826 5793 nunc
2854 5736 2907 5795 et
2936 5756 3146 5810 semper
3170 5748 3223 5793 et
3252 5738 3305 5792 in
3330 5739 3522 5794 sccculs

1955 5811 2287 5865 δωςυιυτυηι.
2323 5811 2508 5862 Amen.
