4032 6198
430 169 564 226 1065

423 285 564 354 loqui
610 283 834 339 audebo.
883 282 1141 337 Prccatori
1176 281 1563 354 autemhiitqnit
1589 280 1777 354 ,_di;rit_
1807 279 2000 354 ‘Deus:

409 350 577 421 Quare
607 365 659 408 tu
687 370 893 407 enarras
924 354 1154 423 justitias
1192 368 1328 405 meas
1368 350 1551 423 (νισι.
1576 352 1669 423 i9.
1697 350 2006 423 Νηληίδα

422 420 550 480 vere
573 425 871 478 exclamare
895 420 1131 492 possum,
1156 429 1211 477 et
1230 420 1596 492 prepbeticum
1621 422 1746 492 illud
1776 420 2001 476 ell‘erre:

425 497 552 561 Quis
591 495 728 547 dabit
770 491 923 563 capiti
953 510 1060 546 meo
1083 509 1285 563 aquam,
1309 491 1354 545 et
1383 493 1543 546 oculis
1569 491 1689 563 meis
1713 493 1900 563 fontem
1927 493 2005 545 la-

420 565 747 634 crymarum?
772 561 841 616 Et
864 562 992 634 ﬂebo
1018 561 1301 617 vulneratos
1329 563 1452 634 ﬁlia:
1477 562 1653 634 populi
1662 561 1764 634 mei
1789 561 1999 634 (Jerem.

421 632 587 705 9η).
620 634 751 688 Nam
782 635 825 688 si
852 632 1114 689 Jeremias
1154 648 1247 688 eos
1271 674 1286 697 ,
1327 633 1415 701 qui
1444 632 1710 705 inpraelio
1740 633 2000 705 vulnerati

423 702 635 773 fuerant
658 706 708 758 in
738 719 964 773 corpore
1006 713 1209 757 tantum
1236 743 1251 769 ,
1289 704 1554 759 sexcentis
1581 702 1792 757 ﬂetibus
1816 702 2003 771 dignos

424 765 666 845 muniit,
711 765 852 845 quid'
886 774 1093 829 dicatur
1130 774 1199 829 de
1237 765 1381 845 tanta
1418 774 1612 828 anima:
1663 765 2003 845 calamitate?

432 844 693 900 Vulnerati
732 844 831 899 mei
852 886 867 909 ,
915 860 1017 898 non
1054 845 1300 899 vulnerati
1328 844 1559 912 framea;
1586 852 1631 896 ct
1651 844 1836 896 mortui
1863 846 1961 899 mei
1982 886 1998 911 ,

418 932 522 970 non
550 916 732 987 mortui
756 916 810 969 in
833 913 964 969 bello
987 913 1156 987 (Isait
1175 914 1265 968 22.
1290 915 1373 987 2).
1397 913 1511 987 Non
1538 914 1605 969 de
1634 914 1857 987 mortuis
1883 929 2003 987 cor-

419 987 651 1057 poribus
686 986 962 1057 loquitur:
993 984 1086 1040 Sed
1125 984 1193 1039 de
1229 984 1444 1057 stimulo
1468 1000 1612 1057 verse
1636 984 1824 1057 mortis
1843 1024 1857 1048 ,
1884 986 2002 1057 sive

417 1054 489 1111 de
513 1056 659 1127 gravi
687 1054 904 1127 peccato
930 1056 1275 1127 laerymatur,
1303 1065 1357 1110 et
1380 1055 1449 1127 de
1465 1054 1661 1127 ignitis,
1681 1054 1897 1127 maligni
1927 1065 2004 1111 te-

421 1124 656 1196 lis,'qu:e
679 1124 885 1180 animas
908 1124 1066 1180 simul
1085 1141 1202 1179 cum
1225 1124 1538 1195 corporibus
1555 1124 1831 1181 barbarico
1849 1141 2002 1196 more

420 1195 729 1251 incendunt.
760 1197 963 1250 Divina:
983 1197 1177 1266 quippe
1201 1197 1345 1266 leges
1370 1211 1489 1251 cum
1512 1196 1710 1251 sanctis
1730 1195 2003 1265 spiritibus

416 1267 485 1321 de
522 1276 669 1321 tanto
699 1268 840 1320 ntalo
874 1282 1196 1336 magnopere
1224 1267 1407 1336 lugent
1438 1268 1489 1321 in
1520 1282 1606 1322 me
1631 1267 1997 1336 respicientes.

416 1339 776 1406 Suaviumquc
794 1338 1002 1391 illontm
1025 1337 1307 1392 verborum
1332 1338 1450 1391 linis
1471 1336 1597 1391 mihi
1625 1336 2003 1393 acerbissimos

416 1408 605 1471 evasit,
637 1423 670 1461 ο
695 1409 850 1463 amici
877 1409 1015 1462 meil
1048 1410 1124 1463 Ac
1150 1423 1236 1463 me
1259 1408 1442 1477 lugere
1467 1422 1688 1463 necesse
1726 1415 1810 1462 est
1839 1423 2001 1476 super

420 1479 505 1536 iis.
537 1478 604 1531 de
631 1479 825 1546 quibus
862 1477 1094 1549 gaudere
1134 1478 1461 1533 debueram:
1488 1487 1760 1549 assumpta
1804 1479 2001 1549 quippe

416 1549 616 1602 Christi
664 1547 899 1603 membra
924 1590 939 1613 ,
967 1548 1065 1606 feci
1093 1549 1329 1604 membra
1360 1547 1677 1604 meretricis.
1706 1547 1879 1617 Super
1899 1547 2001 1604 bis

418 1620 541 1687 quis
580 1635 685 1672 non
732 1619 1099 1688 gemebundus
1137 1619 1333 1674 dixerit
1379 1640 1393 1676 :
1437 1618 1702 1684 Quomodo
1745 1622 1885 1688 facta
1928 1629 2001 1675 est

420 1690 658 1743 meretrix
685 1690 803 1744 urbs
833 1689 1001 1758 ﬁdelis
1030 1689 1203 1759 Sion?
1230 1689 1499 1759 Obstupuit
1515 1690 1693 1744 aetum
1711 1705 1863 1757 super
1883 1690 1996 1756 hoc,

419 1770 465 1812 et
492 1760 846 1831 horruitterra
874 1759 1027 1831 valde?
1048 1758 1200 1829 (Isai.
1239 1762 1289 1815 l.
1322 1758 1413 1814 2i.
1439 1759 1627 1814 Jerem.
1650 1759 1708 1813 2.
1734 1759 1862 1831 12).
1893 1760 1999 1817 Sed

421 1830 735 1901 precamini,
768 1830 1053 1884 venerandi
1079 1830 1354 1900 sanctique
1384 1840 1591 1901 patres,
1617 1844 1857 1900 meaeque
1883 1832 2001 1900 pul-

416 1900 563 1954 chra:
587 1899 939 1956 confessionis
965 1899 1339 1967 recordamini,
1373 1899 1474 1971 qua
1498 1899 1781 1956 confessus
1804 1899 1921 1956 sum
1945 1904 1999 1957 in

416 1980 708 2040 conspectu
746 1971 841 2041 Dei
895 1979 951 2026 et
996 1971 1303 2041 angelorum
1350 1970 1406 2026 et
1447 1970 1743 2026 hominum.
1790 1971 1998 2027 Etenim

418 2041 577 2096 alieni
624 2041 677 2096 in
724 2040 942 2096 domum
985 2040 1243 2111 ingressi,
1280 2050 1455 2097 tantos
1492 2057 1709 2096 movere
1744 2043 1999 2098 tumultus

417 2120 699 2177 conantur,
724 2121 782 2165 ut
807 2111 951 2167 illam
978 2112 1368 2168 confessionem
1398 2113 1453 2167 in
1482 2112 1804 2167 oblivionem
1831 2112 2000 2168 dedu—

417 2195 540 2235 cere
576 2184 801 2253 possint.
830 2182 1027 2237 Verum
1053 2182 1299 2253 precibus
1329 2192 1520 2239 vestrae
1539 2182 1775 2237 caritatis
1801 2181 1994 2239 factum

417 2260 611 2325 est,_ut
635 2253 891 2325 Dominus
919 2252 1153 2325 Sabaoth
1180 2253 1504 2325 relinqueret
1526 2253 1681 2308 nobis
1709 2268 1894 2325 semen
1910 2268 1998 2308 re-

415 2320 769 2394 cordationis.
802 2326 870 2378 At
910 2324 1168 2394 memoria
1211 2320 1543 2393 pne'dolore
1584 2338 1679 2378 cor
1717 2322 1949 2379 obruens
1974 2364 1995 2394 ,

415 2407 716 2466 sermonem
742 2393 941 2449 detinet
964 2393 1309 2466 impcditque,
1339 2395 1693 2466 lacrymaaque
1712 2393 1995 2449 manantes

416 2478 599 2535 vocem
628 2464 1003 2534 intercipiunt,
1036 2464 1251 2535 quando
1280 2465 1333 2520 in
1359 2464 1593 2520 mentem
1621 2465 1842 2520 veniunt
1866 2479 1992 2535 gra-

416 2549 509 2588 ves
539 2534 643 2589 illae
664 2535 1016 2603 calamitates,
1045 2534 1164 2605 quae
1185 2535 1313 2590 mihi
1339 2535 1677 2605 acciderunt;
1703 2534 1916 2605 quando
1940 2534 1993 2591 in

418 2613 651 2658 mentem
697 2607 843 2660 venit
886 2624 1005 2671 me,
1033 2604 1125 2676 qui
1155 2605 1368 2662 Christo
1407 2604 1797 2661 confessionem
1827 2605 1992 2661 dede-

416 2689 531 2747 ram
552 2715 569 2741 ,
609 2676 923 2732 antichristo
948 2677 1247 2747 subjectum
1270 2692 1419 2741 esse;
1449 2676 1660 2747 quando
1686 2676 1735 2729 in
1760 2685 1991 2732 mentem

416 2746 562 2818 venit
583 2762 703 2809 me.
728 2748 816 2815 qui
847 2746 1402 2818 spirituinceperam,
1433 2746 1704 2801 carnalem
1732 2747 1988 2803 evasisse.

417 2815 507 2869 Va:
533 2817 660 2870 mihi
693 2818 779 2871 vili
803 2828 857 2872 et
881 2815 1110 2888 abjeeto,
1141 2815 1248 2887 prae
1269 2818 1455 2873 dolore
1485 2833 1591 2886 quo
1618 2832 1850 2887 premor,
1882 2833 1993 2886 pra:

416 2888 729 2958 verecundia
755 2899 809 2942 et
833 2889 1209 2954 excusatione,
1239 2904 1359 2957 quae
1397 2888 1601 2943 admitti
1645 2888 1827 2958 nequit
1855 2904 1868 2940 :
1901 2889 1993 2958 qui

416 2957 468 3010 in
496 2958 655 3012 vitam
683 2959 892 3028 genitus
928 2974 1097 3026 eram,
1130 2959 1286 3013 morti
1343 2958 1567 3012 traditus
1604 2973 1745 3028 sum.
1775 2957 1991 3013 Misere-

413 3029 542 3099 mini
582 3027 720 3091 mei,
763 3044 797 3083 ο
836 3030 1178 3085 miseratores
1205 3036 1382 3099 patres
1418 3036 1473 3084 et
1511 3027 1735 3099 medici,
1770 3028 1992 3083 misere-

415 3097 543 3152 mini
575 3115 588 3152 :
616 3100 871 3153 assumite
909 3116 1071 3168 super
1112 3097 1542 3169 nte—planctum,
1574 3107 1629 3153 et
1658 3098 1836 3169 lugete
1864 3114 1987 3154 eum

410 3170 794 3237 quivenenatze
836 3167 1036 3240 viperae
1072 3167 1351 3240 inescante
1388 3170 1583 3240 ροιιιιιο
1609 3167 1834 3222 inlectus
1865 3179 1948 3223 est
1970 3212 1988 3238 ,

411 3240 668 3310 assumite
703 3255 865 3310 super
894 3239 987 3296 me
1033 3239 1303 3310 planctum
1326 3280 1342 3306 ,
1389 3239 1443 3294 et
1489 3241 1689 3306 plorate
1715 3253 1811 3307 pro
1838 3240 1990 3296 vobis

411 3308 845 3382 ipsisantequam
874 3308 1362 3382 plaga’inlligatur‘:
1395 3310 1644 3381 lacrymte
1672 3318 1862 3382 vestrae
1890 3327 1987 3365 vo-

410 3379 492 3452 bis
512 3380 621 3435 sint
654 3379 1050 3452 propugnacula
1071 3379 1256 3437 contra
1285 3379 1648 3452 adversarium
1680 3398 1696 3452 :7
1723 3380 1988 3451 lacrymas

409 3449 603 3523 uberes
628 3449 766 3523 mihi
788 3449 1048 3523 largimini
1072 3494 1087 3519 ,
1118 3453 1207 3522 qui
1234 3452 1334 3506 hoc
1361 3451 1645 3521 pOSsidetis
1668 3449 1864 3523 donum
1885 3461 1990 3523 ,Aut

408 3520 463 3572 in
500 3536 600 3591 cor
638 3520 966 3591 irrumpant,
997 3532 1053 3577 et
1079 3520 1292 3578 deleant
1326 3520 1471 3591 leges
1496 3538 1525 3575 a
1553 3532 1769 3589 peccato
1798 3521 1869 3575 ibi
1893 3520 1989 3575 de-

407 3590 650 3664 scriptas.
678 3590 854 3664 Etiam
898 3608 1028 3664 rogo
1052 3636 1066 3659 ,
1098 3602 1320 3664 purgate
1348 3590 1508 3658 illud,
1541 3601 1597 3664 ut
1622 3591 1986 3664 inscribuntur

408 3659 763 3734 legesiregiae,
787 3664 933 3734 leges
959 3659 1262 3734 spirituales
1280 3703 1297 3730 ,
1327 3664 1472 3734 leges
1499 3662 1761 3734 cajlestes.
1797 3661 1980 3717 Domi-

409 3745 510 3803 nus
552 3733 786 3803 Sabaoth
829 3732 1041 3803 reliquit
1075 3733 1203 3790 mihi
1243 3749 1424 3789 semen
1453 3732 1609 3800 ﬁdei,
1651 3750 1718 3787 ne
1764 3747 1982 3801 prorsus

407 3800 637 3873 Sodoma
667 3800 1164 3859 efﬁcerem—Mecum
1192 3803 1510 3873 precamini,
1547 3819 1581 3857 o
1612 3800 1984 3861 misericordes

404 3880 478 3944 et
505 3871 629 3925 boni
670 3884 848 3942 patres
868 3916 883 3940 ,
912 3884 971 3930 ut
995 3871 1346 3930 Ninivitarum
1379 3875 1687 3944 pmnitentia
1727 3889 1847 3929 cum
1880 3876 1985 3932 illis

404 3941 910 4016 salutetnconsequi
941 3947 1139 4015 possim
1164 3964 1177 4001 :
1200 3944 1323 4001 llete
1351 3941 1448 4015 pro
1470 3962 1576 4011 me,
1606 3954 1661 3999 et
1687 3946 1863 4016 dolete
1884 3946 1980 4016 (a),

402 4011 494 4086 qui
535 4012 757 4086 perinde
803 4011 963 4086 aiqué
1003 4015 1167 4072 Jonas
1200 4011 1460 4086 propheta
1490 4015 1854 4071 admonitores
1879 4011 1981 4071 mei

402 4080 596 4156 fuistis.
632 4082 749 4156 Non
787 4080 932 4140 enim
980 4080 1220 4141 mendax'
1256 4080 1345 4142 ille
1387 4098 1535 4152 erat,
1585 4096 1642 4140 ut
1689 4100 1861 4156 neque
1878 4101 1984 4156 vos

402 4152 572 4219 estis,
617 4153 713 4208 sed
753 4156 1033 4211 clementis
1070 4157 1164 4212 Dei
1192 4156 1556 4212 misericordia
1597 4152 1985 4212 unum'dolore

401 4221 599 4297 ali'ecit,
642 4239 711 4297 ne
750 4226 947 4281 multos
990 4227 1254 4297 perderet.
1300 4229 1479 4297 Neque
1509 4242 1637 4297 vero
1672 4226 1762 4297 ille
1785 4266 1801 4291 ,
1840 4227 1982 4295 quod

400 4290 536 4367 odio_
553 4291 794 4367 homines
824 4290 1044 4353 haberet
1071 4297 1330 4362 indoluit;
1368 4290 1464 4351 sed
1504 4295 1833 4367 periclitatus
1859 4290 1942 4351 est
1962 4338 1977 4363 ,

399 4376 469 4416 ne
490 4363 826 4421 clementiam
868 4368 1125 4422 mittentis
1152 4383 1212 4422 se
1241 4369 1293 4423 in
1321 4363 1522 4423 crimen
1555 4368 1815 4422 mendacii
1858 4382 1983 4422 ver-

404 4441 555 4487 teret.
584 4433 703 4490 Non
743 4436 814 4491 ita
852 4452 911 4493 se
953 4437 1113 4493 habet
1158 4447 1330 4493 vestra
1365 4440 1559 4493 caritas
1587 4455 1600 4492 :
1628 4438 1722 4492 sed
1750 4437 1862 4493 scio
1887 4453 1982 4493 vos

396 4505 763 4583 congaudere,
794 4509 1005 4578 quando
1040 4509 1478 4583 gaudiutncstin
1504 4508 1638 4583 ezelo
1665 4523 1826 4583 super
1862 4523 1980 4578 pa:-

398 4576 623 4649 ititentia
653 4576 1156 4649 unius'peccatoris,
1179 4590 1232 4634 et
1260 4580 1377 4635 sine
1405 4576 1798 4634 intermissione
1822 4576 1979 4634 orare

398 4642 494 4699 Dei
522 4642 894 4720 clementiam,
937 4660 997 4704 ut
1037 4642 1242 4720 perdita
1284 4649 1520 4705 membra
1560 4650 1813 4719 recipiat,
1856 4650 1979 4719 quia

397 4718 576 4770 omnia
604 4720 845 4774 ntembra
889 4718 1299 4790 compatiuntur.
1349 4722 1572 4775 Demum
1615 4718 1685 4774 de
1713 4720 1814 4786 iis,
1859 4718 1979 4790 quae

401 4798 583 4861 vestra,
603 4790 797 4861 caritas
822 4799 1049 4847 tractare
1078 4792 1368 4859 debuisset,
1398 4806 1496 4861 rgo
1520 4792 1777 4861 disseram
1798 4831 1812 4857 ,
1844 4805 1908 4845 ac
1933 4792 1976 4846 si

399 4873 428 4912 a
447 4858 675 4926 quadam
702 4858 951 4917 invisibili
979 4861 1171 4916 virtute
1206 4858 1512 4918 seruitutem
1537 4860 1674 4916 clam
1705 4871 1978 4917 mutuatus

398 4940 594 5002 essein.
615 4929 746 4985 Nam
772 4945 893 4986 cum
916 4932 1003 4987 die
1032 4940 1296 5002 noctuque
1313 4942 1504 4988 vestrae
1529 4933 1761 4987 caritatis
1780 4930 1978 4986 adhor-

397 5000 652 5073 tationem
679 5002 937 5058 memoria
965 5000 1254 5069 retineani,
1283 5003 1543 5073 meipsum
1574 5017 1828 5058 revocare
1860 5012 1978 5057 stu-

397 5068 526 5133 deo,
560 5084 777 5140 precum
819 5082 1115 5129 vestrarum
1156 5068 1260 5143 ope
1286 5068 1490 5131 fultus:
1521 5087 1575 5130 et
1611 5074 1849 5146 quotidie
1876 5089 1975 5129 ceu

468 5196 544 5262 (ιι)
568 5207 677 5253 Ilaec
695 5202 823 5253 male
845 5203 1115 5259 cohaerent.

1343 163 1753 221 THEODORUS
1793 162 2053 221 LAPSUS
2093 163 2180 218 AD
2218 164 2703 220 CllllYSOSTOMl
2722 166 2787 221 ll.

3558 177 3697 233 10(ιὸ

2113 294 2346 356 prmscns
2373 276 2610 356 doctrina
2644 291 2818 333 vestra
2842 322 2857 347 ,
2883 291 3077 356 vestrm
3099 284 3335 340 caritatis
3360 286 3691 347 adhortatio-

2111 348 2232 404 item
2261 348 2784 432 admonitioncm‘itue
2810 351 3001 432 animae
3024 370 3157 408 mea:
3181 356 3566 432 su_lmtinis_trat._
3592 378 3692 432 qua

2112 434 2326 488 precum
2353 428 2647 474 vestrarum
2670 420 2847 475 fervor
2871 421 3169 477 declaratur
3193 442 3206 477 :
3237 426 3391 481 beato
3412 420 3697 488 Ezechiele

2109 490 2241 544 mihi
2292 490 2649 558 exprobrante
2702 505 2768 545 ac
2821 491 3030 547 dicente
3085 495 3135 548 in
3186 500 3699 558 commemoratione

2110 561 2344 630 priorum
2373 561 2746 615 beneﬁciorum
2779 580 2792 616 :
2823 560 3056 639 Transiui
3085 581 3175 632 per
3206 574 3363 639 te,_et
3398 569 3501 623 vidi
3526 579 3603 639 te,
3653 584 3699 628 et

2107 640 2456 706 ecce__tempus
2490 641 2662 695 tuum,
2693 642 2738 685 et
2762 642 2957 702 tempus
2996 634 3390 706 demergentium
3424 648 3500 705 te,
3528 634 3695 696 cfea:-

2109 700 2265 777 pandi
2288 700 2398 777 alas
2420 717 2560 777 ineas
2585 717 2737 777 super
2764 713 2813 756 te
2829 744 2844 766 ,
2865 700 2923 757 et
2943 708 3120 777 operui
3150 700 3642 777 ignominiam'tuam
3680 730 3699 768 .'

2109 781 2160 850 e_t_
2186 772 2360 850 juraoi
2393 772 2481 850 tibi
2496 812 2527 850 ,_
2541 782 2588 824 et
2609 773 2862 850 ingressus
2896 776 3080 850 suntin
3106 772 3456 850 testamentum
3485 790 3647 837 tecum
3670 826 3686 850 ,

2106 841 2229 920 dicit
2256 842 2454 920 {ldonai
2486 840 2848 920 Datttinits._Et
2879 848 3013 920 facta
3048 863 3100 901 es
3127 848 3250 900 mihi
3272 849 3485 917 pulchra
3515 840 3690 920 valde,

2106 921 2155 966 et
2181 912 2279 989 lavi
2308 922 2355 989 ie
2380 929 2542 989 aqua,
2563 922 2608 966 et
2636 913 2774 989 ablui
2803 912 3101 989 sanguinem
3123 934 3154 970 a
3176 928 3241 982 te,
3270 912 3317 972 et
3340 921 3467 975 anxi
3492 930 3538 975 te
3557 912 3689 989 oleo,

2106 990 2153 1061 et
2175 983 2319 1061 indui
2336 993 2394 1061 _te
2418 983 2568 1036 variis
2594 983 2993 1061 vestimentis,‘ei
3014 987 3232 1061 cnlocavi
3259 998 3306 1043 te
3330 990 3622 1061 hyacintho,
3646 983 3694 1049 et

2107 1054 2242 1106 cinxi
2265 1063 2311 1106 te
2330 1052 2494 1123 bysso,
2530 1063 2575 1107 et
2604 1055 2990 1127 circumamicivi
3011 1066 3057 1109 te
3082 1058 3243 1124 pitaso
3266 1052 3420 1127 texto,
3450 1072 3496 1117 et
3516 1052 3692 1117 ornavi

2106 1132 2153 1175 te
2178 1132 2506 1203 ornamento;
2533 1133 2580 1177 et
2603 1124 2940 1203 circutiiposui
2965 1129 3194 1203 armillas
3222 1124 3450 1203 manibus
3475 1136 3575 1188 tuis
3594 1174 3612 1203 ,
3643 1146 3690 1189 et

2107 1202 2331 1268 torquent
2368 1193 2499 1268 collo
2538 1204 2623 1247 tuo
2646 1236 2661 1260 ,
2686 1205 2733 1248 et
2758 1195 2877 1249 dedi
2904 1197 3131 1251 inaurem
3161 1199 3215 1253 in
3244 1201 3451 1255 naribus
3475 1193 3610 1268 tuis;
3641 1216 3684 1259 et

2103 1263 2334 1334 globulos
2353 1266 2486 1317 circa
2506 1280 2654 1318 aures
2674 1275 2806 1328 tuas,
2839 1274 2883 1318 et
2905 1282 3146 1321 coronam
3165 1270 3346 1344 glorias
3365 1289 3517 1341 super
3534 1263 3687 1344 caput

2104 1344 2244 1415 tuum
2268 1351 2289 1416 ς
2315 1344 2563 1416 eternata
2587 1350 2641 1416 es
2666 1351 2793 1416 auro
2825 1344 2873 1416 et
2902 1347 3112 1416 argento
3128 1380 3159 1416 ,_
3174 1349 3222 1393 et
3247 1343 3458 1416 amictus
3477 1344 3551 1397 tui
3568 1343 3690 1416 bys-

2102 1405 2201 1457 sini
2229 1414 2276 1477 et
2303 1405 2464 1477 pilosa
2493 1414 2629 1477 tea-ta
2654 1415 2699 1459 et
2731 1407 2894 1477 varia.
2925 1405 2993 1461 Et
3022 1409 3243 1464 similam
3263 1452 3278 1477 ,
3319 1413 3420 1467 mel
3449 1421 3496 1466 et
3524 1405 3688 1470 oleum

2103 1475 2397 1549 comedebas
2421 1516 2436 1542 ,
2464 1486 2509 1529 et
2536 1476 2674 1549 facta
2703 1493 2754 1531 es
2780 1476 2904 1530 mihi
2946 1479 3160 1547 pulchra
3200 1475 3345 1535 valde
3365 1522 3379 1549 ,
3420 1484 3585 1539 valde.
3624 1485 3687 1540 Et

2103 1545 2252 1626 exivit
2279 1562 2461 1599 nomen
2484 1555 2626 1626 tuum
2649 1547 2701 1600 in
2724 1556 2893 1626 gentes
2921 1545 2978 1626 in
3015 1545 3393 1626 pulchritudine
3416 1562 3503 1607 tua
3524 1571 3544 1608 :
3566 1557 3688 1626 quia

2103 1619 2376 1686 perfectum
2404 1625 2510 1669 erat
2536 1617 2588 1669 in
2613 1619 2778 1685 specie
2797 1628 2842 1671 et
2862 1619 2916 1672 in
2944 1617 3122 1674 decore
3140 1660 3154 1686 ,
3179 1622 3314 1686 quod
3340 1617 3685 1680 constituisti-

2104 1638 2376 1686 pcrqecmm
2404 1638 2509 1669 erat
2536 1638 2588 1669 tn
2613 1638 2778 1685 specw
2797 1638 2842 1671 et
2862 1638 2916 1672 tn
2944 1638 3122 1674 accere
3140 1660 3154 1686 ,
3215 1638 3312 1676 uoa
3340 1638 3575 1679 constitui
3595 1643 3685 1680 su-

2104 1702 2191 1765 per
2216 1686 2383 1750 te,.ait
2411 1686 2609 1765 Adonei
2635 1686 2901 1765 Dominus.
2928 1688 3002 1765 _Et
3031 1638 3288 1765 conﬁgiin
3322 1693 3376 1747 in
3405 1695 3687 1765 pulchrum

2102 1757 2269 1833 dinem
2296 1765 2462 1833 tuam,
2493 1765 2538 1809 et
2565 1758 2813 1828 fornicata
2842 1775 2893 1812 es
2920 1759 2975 1812 in
2999 1757 3199 1816 nomine
3230 1770 3316 1817 tuo
3335 1803 3351 1830 ,
3383 1757 3434 1819 et
3464 1763 3688 1833 ιπηιάὶΜί

2102 1827 2484 1908 fornicationem
2514 1827 2652 1908 tuam
2672 1844 2825 1908 super
2845 1845 3050 1908 omnem
3066 1827 3352 1908 transitum,
3377 1843 3425 1889 et
3451 1827 3686 1908 accepisti

2100 1896 2488 1977 derivestiinentis
2514 1898 2632 1963 tuis,
2659 1908 2705 1952 et
2726 1899 2888 1977 fecisti
2904 1899 3008 1977 iibi
3031 1900 3171 1955 idola
3191 1896 3420 1977 consula,
3453 1916 3501 1977 et
3525 1896 3688 1977 forni-

2100 1976 2219 2043 cata
2240 1983 2291 2020 es
2310 1968 2363 2020 in
2389 1969 2460 2043 eis
2487 1983 2506 2043 ς
2531 1978 2578 2043 e_t
2607 1985 2709 2043 non
2735 1970 3033 2040 ingredieris
3050 2012 3066 2038 ,
3108 1988 3268 2043 neque
3303 1968 3416 2043 ﬁet.
3440 1974 3511 2030 Et
3525 1968 3684 2033 ἀειθ-

2100 2037 2352 2112 pistivasa
2366 2038 2681 2112 gloriationis
2697 2037 2808 2093 tua!
2820 2056 2882 2112 ea:
2905 2051 3113 2112 argento
3129 2037 3237 2097 meo
3256 2037 3387 2100 etes;
3404 2062 3531 2099 auro
3552 2064 3678 2112 nico,

2099 2122 2163 2184 ex
2190 2107 2255 2184 iis
2274 2107 2387 2177 quis
2409 2108 2527 2161 dedi
2557 2108 2676 2184 tibi,
2707 2111 2769 2184 ei
2781 2110 2947 2184 fecisti
2967 2107 3067 2184 '_tib_i
3113 2112 3356 2184 imagines
3388 2116 3555 2170 viriles
3574 2158 3589 2182 ,
3636 2107 3685 2177 et

2099 2179 2349 2263 fornicata
2375 2194 2427 2263 es
2446 2194 2568 2263 cum
2594 2178 2666 2233 eis
2698 2178 3014 2263 (dccc/2:16.
3036 2178 3239 2263 8-1ἶ)ἱ
3269 2178 3688 2263 βαδιολιοηίιιςέ-

2100 2248 2264 2326 rentia
2290 2248 2556 2326 clamante
2579 2288 2593 2312 ,
2624 2264 2688 2303 ac
2708 2248 2782 2303 ‘de
2815 2248 3001 2326 eadem
3044 2265 3106 2326 re
3131 2248 3342 2308 dicente
3371 2271 3385 2308 :
3419 2253 3681 2326 Numquid

2097 2318 2182 2385 qui
2205 2318 2339 2388 cadit
2359 2334 2459 2371 non
2478 2327 2703 2382 resurget
2723 2359 2737 2380 .
2770 2329 2815 2372 et
2837 2320 2924 2387 qui
2952 2322 3126 2375 avertit
3144 2338 3197 2376 se
3213 2363 3229 2388 ,
3262 2339 3362 2378 non
3389 2341 3445 2381 se
3468 2318 3680 2382 coniter-

2095 2384 2208 2443 tet?
2243 2384 2387 2439 Nunt
2423 2389 2598 2441 resina
2623 2405 2727 2442 non
2756 2384 2922 2444 estin
2961 2384 3313 2451 Galaad,'aut
3348 2390 3538 2444 medici
3571 2408 3675 2445 non

2092 2465 2217 2532 sunt
2240 2455 2350 2509 illic
2366 2455 2503 2526 (ler.
2525 2457 2580 2513 8.
2611 2458 2664 2513 4.
2682 2459 2773 2532 22)
2793 2462 2816 2513 Ἰ
2840 2460 2965 2514 Dixi
2984 2463 3123 2515 enim
3147 2472 3420 2532 postquam
3443 2460 3539 2514 illa
3562 2459 3678 2529 for-

2096 2529 2263 2603 nicata
2290 2537 2362 2603 esi
2384 2541 2437 2579 tn
2463 2529 2786 2603 hispmnibus
2817 2542 2835 2581 :
2860 2532 2927 2581 ad
2954 2529 3301 2603 me_reverterc
3324 2535 3489 2602 (Ibid.
3513 2535 3567 2591 5.
3596 2535 3678 2603 7).

2094 2594 2199 2651 Sed
2231 2598 2281 2649 in
2309 2596 2390 2675 his
2415 2597 2662 2675 omnibus
2691 2598 2869 2675 timeo,
2904 2612 2972 2653 ne
2999 2599 3169 2675 pietas
3190 2594 3363 2675 vestra
3383 2594 3684 2675 saepicetur

2098 2682 2204 2750 nos
2224 2666 2377 2735 quasi
2416 2667 2673 2721 d0ctritue
2709 2668 2868 2750 verba
2898 2666 3172 2750 proferre.
3200 2670 3315 2727 Non
3344 2666 3557 2750 utique,
3591 2694 3686 2746 per

2039 2743 2045 2749 ‘
2095 2746 2324 2814 vestram
2352 2752 2521 2814 spem,
2560 2752 2724 2814 quam
2754 2738 2960 2814 habetis
2989 2740 3042 2814 in
3072 2739 3273 2814 [)eutn;
3302 2738 3680 2814 sed'quentad-

2097 2808 2310 2884 modum
2362 2807 2426 2872 ii,
2477 2807 2595 2884 qui
2631 2808 2880 2884 gravibus
2922 2809 3198 2868 doloribus
3239 2807 3586 2884 premuntur,
3636 2820 3683 2874 si

2095 2880 2338 2949 morbum
2370 2878 2590 2949 medicis
2612 2880 2984 2946 committant,
3013 2897 3113 2949 spe
3141 2878 3499 2941 remediorum
3529 2878 3683 2943 dolo-

2095 2962 2183 3001 res
2212 2947 2432 3024 sedant;
2458 2948 2526 3024 ita
2549 2958 2602 3001 et
2627 2963 2726 3024 ego
2742 2947 3100 3024 ex_colloqttio
3115 2968 3237 3008 cum
3261 2956 3456 3024 pietate
3478 2966 3677 3023 vestra,

2094 3017 2243 3085 quasi
2267 3018 2618 3098 jantvulnera
2642 3017 3024 3098 sitirobducL't',
3046 3036 3197 3098 spem
3223 3017 3486 3098 assumpsi
3511 3017 3680 3098 majo;

2094 3102 2237 3155 rem,
2282 3095 2470 3141 vestra:
2508 3088 2896 3144 adhortationis
2937 3088 3197 3146 memoria
3240 3093 3379 3149 clam
3406 3088 3475 3150 'in
3518 3088 3682 3154 corde

2094 3157 2273 3230 lumen
2297 3157 2555 3227 pariente.
2580 3157 2815 3230 Obsecro
2840 3160 2999 3230 igitur
3028 3176 3122 3216 vos
3140 3201 3157 3228 ,
3195 3177 3230 3218 o
3256 3164 3683 3223 Christianorum

2092 3228 2267 3282 divina
2293 3229 2637 3304 congregatio
2646 3240 2705 3304 et
2727 3228 2881 3304 sacra
2904 3231 3171 3304 collectio,
3203 3248 3237 3288 ο
3258 3234 3455 3304 popule
3473 3248 3683 3301 sancte,

2130 3313 2278 3353 reces
2308 3313 2404 3368 pro
2440 3314 2525 3354 me
2549 3298 2615 3354 ad
2644 3300 2926 3374 Dominum
2952 3302 3182 3374 emittite
3201 3344 3217 3370 ,
3245 3298 3367 3374 quia
3406 3321 3512 3361 non
3544 3298 3687 3362 ultra.

2114 3372 2257 3422 'eram
2289 3382 2375 3423 me
2402 3379 2553 3424 extra
2576 3372 2717 3425 ovile
2742 3373 2964 3495 reperiri
2988 3412 3005 3436 ,
3035 3382 3183 3428 extra
3213 3372 3463 3446 sagenam
3481 3417 3498 3444 ,
3529 3388 3682 3434 extra

2114 3440 2295 3494 aulam
2325 3440 2651 3495 soiritualem
2677 3456 2692 3495 :
2730 3455 2788 3495 se
2871 3442 3008 3495 intra
3052 3444 3262 3495 vineam
3282 3486 3299 3495 -
3331 3446 3466 3495 intra
3493 3452 3675 3495 aanimi

2091 3440 2295 3517 caulam
2325 3440 2692 3517 spiritualem;
2730 3440 2824 3517 sed
2871 3442 3008 3497 intra
3052 3440 3300 3517 vineam;
3331 3446 3467 3517 intra
3482 3440 3689 3517 sponsi

2093 3508 2380 3587 thalamum
2403 3550 2418 3574 ,
2452 3510 2587 3565 intra
2612 3511 2955 3587 paradisum,
2994 3521 3056 3568 ut
3085 3513 3193 3569 illic
3220 3508 3493 3587 vobiscum
3519 3508 3676 3587 repe-

2091 3580 2223 3658 riar:
2263 3579 2486 3658 meoque
2528 3579 2815 3651 conspecto
2840 3583 3303 3658 vulnerationem.
3328 3585 3513 3658 Neque
3532 3579 3674 3644 enim

2089 3651 2329 3728 conﬁteri
2373 3651 2673 3728 erubesco:
2707 3666 2880 3728 neque
2929 3653 2998 3728 ad
3040 3653 3095 3707 id
3140 3670 3286 3724 saepe
3332 3651 3678 3728 repetendum

2090 3721 2270 3792 segnis
2299 3735 2430 3792 sum
2454 3738 2468 3774 :
2495 3720 2656 3792 pudet
2680 3720 2822 3792 enim
2847 3724 2988 3792 quod
3017 3738 3103 3778 me
3132 3720 3555 3792 puduerithum
3579 3745 3680 3785 au-

2091 3790 2196 3873 tem
2228 3790 2511 3873 epistola-tn
2525 3791 2789 3872 .legeritis,
2825 3790 3090 3873 universae
3115 3790 3433 3852 fraternitati
3461 3800 3677 3868 mittite,

2090 3860 2207 3935 sine
2253 3860 2663 3935 intermissione
2691 3871 2907 3919 orantes
2931 3903 2946 3928 ,
2976 3872 3031 3918 ut
3058 3875 3308 3935 peccator
3335 3878 3540 3923 avertat
3558 3885 3620 3924 se
3645 3860 3675 3927 εἰ

2091 3932 2400 4009 via_e_rro_ris
2425 3973 2442 4000 ,
2484 3942 2537 3986 ut
2581 3934 2785 3987 animas
2825 3932 3317 4009 vesirasservetis,
3344 3947 3398 3992 et
3423 3943 3676 4009 operiatts

2090 4003 2481 4058 multitudinem
2505 4012 2867 4073 peccatorum.
2900 4003 2998 4059 llic
3022 4004 3239 4061 demum
3280 4011 3437 4063 tinem
3461 4003 3675 4067 dicendi

2091 4073 2305 4145 faciam.
2349 4074 2433 4145 'l‘e
2460 4088 2589 4128 vero
2621 4074 2895 4145 alloquor,
2925 4088 2961 4129 ο
2987 4076 3449 4133 venerabilissime
3472 4090 3527 4135 et
3554 4082 3677 4135 reli-

2087 4143 2386 4217 giosissime
2412 4142 2656 4217 frater‘ct
2682 4142 2833 4213 pater
2855 4159 3026 4217 ruam
3045 4156 3096 4200 te
3122 4156 3179 4201 et
3203 4162 3302 4202 ceu
3319 4158 3521 4217 patretn
3542 4166 3675 4205 con-

2089 4214 2345 4290 scribere,
2378 4222 2432 4290 e_t
2455 4228 2553 4268 ceu
2575 4214 2792 4290 fratrem
2816 4215 2990 4290 primo
3015 4215 3137 4290 loco
3162 4214 3362 4290 ponere
3389 4235 3674 4290 numquam

2086 4282 2343 4360 dubitavi.
2385 4285 2451 4360 Α.
2475 4294 2525 4339 te
2558 4299 2686 4339 vero
2719 4282 3135 4360 plusquidpiam
3162 4282 3393 4360 'p0stulo
3414 4328 3429 4355 ,
3456 4282 3615 4360 quam
3644 4310 3675 4348 a

2089 4361 2196 4426 iota
2239 4352 2601 4423 fraternitate;
2629 4352 3073 4424 quiemadmodum
3119 4352 3325 4426 pu'eruli
3350 4360 3394 4414 si
3416 4352 3676 4418 indecore

2090 4423 2281 4499 ludant
2308 4426 2504 4499 insutu
2531 4423 2783 4494 paterno,
2824 4423 3155 4499 nequaquam
3181 4444 3210 4482 a
3242 4431 3475 4499 paternis
3500 4432 3673 4488 visce-

2088 4495 2235 4568 ribus
2266 4495 2472 4568 exeludi
2511 4505 2784 4568 metuunt,
2819 4495 3121 4551 vehementi
3153 4495 3319 4568 patris
3355 4500 3569 4557 all‘eetni
3615 4507 3675 4557 li-

2084 4564 2520 4643 dentes.__Verum
2549 4565 2661 4620 haec
2684 4567 2739 4620 in
2760 4581 2843 4620 me
2867 4564 3325 4643 jam_cessarunt,
3353 4580 3407 4627 et
3431 4586 3532 4643 ego
3559 4572 3673 4628 for-

2086 4642 2245 4709 tasse
2269 4634 2484 4709 dignum
2527 4646 2798 4709 gestorum
2849 4634 3169 4709 supplicium
3200 4634 3387 4697 subeo.
3417 4634 3523 4698 85d
3564 4645 3675 4699 mei
3745 4696 3749 4701 .

2087 4706 2430 4782 memineris,
2457 4706 2875 4782 __religios_issime
2916 4706 3078 4782 pater
3132 4709 3549 4782 Cltrysostome,
3605 4731 3675 4771 tte

2086 4775 2520 4852 immisericordis
2541 4775 2701 4852 animi
2727 4793 2910 4852 pugnas
2928 4775 3031 4834 des
3048 4780 3189 4852 apud
3213 4775 3413 4851 justum
3435 4775 3671 4852 judicem

2088 4846 2275 4901 Deum.
2310 4847 2451 4904 Deus
2475 4848 2620 4903 enim
2648 4846 2795 4903 novit
2839 4850 2893 4904 in
2945 4846 3520 4908 memoria'suavita'tis
3565 4864 3670 4910 tua:

2084 4917 2343 4989 lacrytnas
2388 4933 2661 4989 superare,
2687 4920 3019 4989 ratiocinium
3041 4959 3057 4985 ,
3088 4929 3145 4974 et
3171 4921 3424 4979 cohibere
3462 4938 3668 4980 sermo-

2082 4988 2208 5061 neni
2237 5005 2251 5042 :
2280 4990 2626 5061 quamobrem
2652 4988 2739 5061 hic
2763 4988 2924 5043 linem
2953 4988 3166 5061 dicendi
3207 4990 3399 5047 faciam
3422 5034 3438 5061 ,
3466 4993 3669 5050 dulcis-

2082 5058 2219 5135 sime
2273 5066 2340 5135 et‘
2381 5059 2780 5135 religiosissime
2838 5068 2990 5135 pater
3038 5058 3431 5135 Chrysostome'
3473 5083 3488 5116 ε
3546 5068 3673 5135 quia

2081 5129 2219 5250 imus
2262 5128 2437 5252 δῖιῶη
2475 5128 2557 5183 est
2597 5128 2765 5199 gloria
2789 5136 2844 5185 et
2867 5128 3166 5201 imperium'
3185 5133 3240 5189 in
3265 5134 3462 5191 mula
3491 5128 3665 5195 saecu-

2102 5213 2275 5252 orum.
2407 5211 2495 5252 en.

2102 5213 2275 5253 orum.
2304 5211 2495 5252 Amen.

1486 5380 2557 5463 mmm—
