4032 6198
486 206 623 261 “ibi

1981 199 2253 261 SPURIA.

3566 210 3675 265 ιιιθκ

1333 588 1413 649 ΙΝ
1446 587 1747 651 LIBRUM
1777 587 2188 649 SEPTIMUM
2221 587 2326 647 DE
2354 583 2893 648 SACERDOTIO.

561 791 723 849 Liber
748 790 1015 863 septimus
1037 790 1433 864 Chrysostomo
1462 790 1772 863 adscriptus
1809 792 1877 848 de
1908 791 2220 850 sacerdotio
2252 798 2434 846 exstat
2464 789 2519 843 in
2561 788 2898 859 quibusdam
2958 786 3374 857 manuscriptis,
3428 785 3478 841 in
3529 786 3692 845 Coisli-

493 884 658 939 niano
683 879 913 938 CCXLV
953 883 1227 941 undecimi
1252 885 1459 952 saeculi,
1489 892 1544 942 et
1572 884 1626 941 in
1657 882 1988 939 Taurinensi
2020 882 2285 955 quodam,
2320 881 2481 950 cujus
2502 879 2828 951 ἀπόγραφον
2863 894 3028 935 manu
3052 889 3109 936 et
3137 880 3286 936 dono
3314 880 3411 935 viri
3443 880 3693 938 clarissimi

492 978 910 1050 doctissimique
940 977 1113 1033 Pfaﬂii
1139 994 1304 1050 penes
1337 997 1424 1038 me
1457 982 1651 1038 habeo.
1683 981 1781 1040 Est
1816 994 1947 1037 vero
1977 978 2144 1051 inepti
2178 975 2468 1048 cujusdam
2508 975 2745 1034 (ἱππευιὶ
2775 986 3151 1034 commentum
3173 1017 3191 1044 ,
3221 984 3283 1033 ut
3316 988 3471 1035 nemo
3499 992 3597 1034 non
3622 980 3691 1033 vi-

483 1137 3698 1169 MM

1408 1222 1953 1306 EJUSDEM
2001 1214 2829 1303 CHRYSOSTOMI

1550 1400 1635 1441 DE
1678 1395 2071 1443 SACERDOTIO
2115 1394 2298 1438 ιιιιειι
2342 1392 2670 1436 SEPTIMUS.

1915 1528 2330 1591 ww

552 1671 600 1730 0
640 1668 964 1741 stupendum
1009 1663 1374 1741 miraculum!
1427 1678 1463 1741 o_
1515 1665 1686 1741 virtus
1725 1663 2011 1741 ξιιεΐῆῲίιῖε
2045 1663 2059 1718 !

475 1758 511 1799 ο
557 1734 866 1815 mysterium
911 1735 1196 1815 sacerdotii
1231 1734 1599 1815 horrendum!
1647 1734 1942 1815 Spiritualc
1979 1743 2064 1789 cst

476 1823 532 1868 et
550 1804 815 1876 saucium,
835 1806 1199 1865 venerandum
1217 1814 1268 1862 et
1290 1804 1637 1876 inculpatum,
1653 1805 1795 1875 quod
1816 1805 2064 1876 Christus

475 1884 718 1962 venie_ns,
749 1875 935 1962 dignis
953 1878 1207 1962 elargittts
1228 1884 1330 1931 est.
1352 1955 1364 1962 Α
1380 1875 1677 1962 Procumbo
1706 1886 1773 1962 et
1794 1875 2059 1962 deprecqt:

476 1969 597 2009 cum
619 1945 867 2022 lacrymis
887 1958 942 2004 et
968 1945 1270 2022 gemitibus,
1312 1955 1369 2022 ut
1396 1945 1568 2002 oculis
1590 1947 1904 2022 conspicere
1932 1946 2061 2000 mihi

479 2025 637 2079 liceat
664 2016 812 2078 illum
841 2016 1122 2075 sacerdotii
1153 2032 1279 2072 vere
1310 2016 1619 2072 thesaurum
1643 2017 1729 2082 iis,
1762 2016 1853 2087 qui
1885 2017 2060 2087 ipsum

476 2102 659 2150 sancte
678 2092 943 2159 digneque
964 2095 1304 2144 conservant.
1343 2087 1576 2159 Clypeus
1599 2088 1743 2143 enim
1766 2096 1852 2144 est
1875 2087 2061 2155 splen-

480 2163 640 2220 didus
662 2171 717 2219 et
742 2159 1205 2229 incomparabilis,
1244 2159 1405 2227 turris
1454 2161 1792 2229 inconcussa,
1840 2173 2061 2229 murus,

477 2234 569 2305 qui
589 2231 821 2302 dirumpi
844 2228 1484 2305 neriuitsFundamentum
1501 2228 1695 2305 quippe
1709 2238 1793 2285 est
1811 2228 2060 2305 solidum,

479 2298 511 2359 ἐ
556 2313 698 2359 terra
738 2298 906 2372 usque
930 2298 1009 2372 ad
1045 2302 1218 2372 ipsum
1262 2298 1397 2372 cadi
1427 2298 1696 2372 fornicem
1733 2298 2060 2372 pertingens.

482 2374 686 2446 Ecquid
736 2368 859 2446 dicu
887 2413 903 2438 ,
960 2368 1207 2446 fratres?
1258 2369 1597 2446 Celsissimos
1645 2368 1768 2446 illos
1827 2368 2061 2446 foruiees

476 2440 710 2515 attingit,
736 2444 803 2497 ad
831 2443 976 2515 ipsos
1002 2442 1164 2497 cmlos
1193 2440 1446 2515 cgnlorum
1473 2441 1589 2515 sine
1613 2440 1768 2515 obice
1791 2441 2055 2515 pervadit,

479 2516 531 2569 in
554 2510 733 2571 medio
752 2510 1063 2582 angulorum
1084 2527 1203 2582 cunt
1227 2511 1551 2582 incorporeis
1569 2510 2061 2582 naturissplcndide

480 2584 743 2656 facileque
761 2581 1151 2656 progreditur;
1184 2581 1386 2656 Ecquid
1412 2581 1554 2656 dic_o,
1585 2581 1637 2656 in
1660 2581 1839 2637 medio
1867 2597 2059 2656 super-

479 2650 673 2711 narutri
723 2650 975 2708 virtutum
1018 2651 1042 2705 ?
1111 2651 1245 2707 Cum
1282 2650 1416 2721 ipso
1478 2650 1706 2706 Domino
1751 2651 2058 2721 angelorum

475 2733 720 2781 creatore
746 2731 802 2778 et
830 2722 1155 2777 illustratore
1180 2720 1549 2786 conversatur,
1578 2730 1632 2773 et
1660 2735 1755 2790 pro
1786 2720 2059 2777 voluntate

474 2810 569 2850 sua
595 2810 719 2851 cum
746 2792 934 2849 ﬁducia
957 2791 1120 2846 multa
1151 2790 1294 2861 quod
1320 2791 1469 2861 petit
1504 2791 1716 2861 accipit.
1755 2790 1866 2847 Non
1898 2790 2056 2846 tinem

480 2866 668 2921 faciam
698 2906 716 2927 ,
770 2862 981 2928 fratres,
1031 2860 1353 2931 praedicandi
1397 2860 1808 2931 celebrandique
1849 2870 2055 2921 tantum

472 2936 746 3005 dignitatis
769 2930 1205 3005 gradum,_’quem
1227 2931 1374 2987 dedit
1398 2930 1632 3005 Trinitas
1668 2931 1861 2986 Adami
1889 2931 2011 2986 filiis
2034 2972 2051 2999 ,

475 3002 571 3088 per
597 3021 754 3088 quem
774 3002 838 3059 et
865 3002 1094 3059 mundus
1110 3003 1335 3088 salutem
1357 3002 1718 3088 consequitur,
1732 3013 1796 3088 let
1811 3012 2055 3088 creatura

474 3073 804 3131 illuminatur
831 3092 845 3130 :
877 3090 974 3146 per
1000 3089 1158 3146 quem
1184 3082 1415 3146 montes,
1446 3073 1634 3146 colles,
1666 3073 1857 3146 saltus,
1886 3073 2053 3131 valles

477 3148 764 3216 implentur
808 3144 1050 3216 instituto
1097 3144 1238 3216 beati
1282 3144 1525 3216 generis,
1556 3144 1940 3216 monachorum
1969 3146 2049 3216 vi-

472 3213 665 3273 delicet
717 3233 732 3270 :
791 3214 1238 3286 quemadmodum
1290 3213 1617 3286 clarissimus
1663 3230 1837 3283 pra-co
1892 3213 2054 3286 Isaias

469 3288 599 3343 dicit
629 3307 643 3342 :
676 3286 761 3343 Ea:
786 3283 1052 3343 uerticibus
1085 3286 1327 3340 montium
1354 3284 1544 3338 dabunt
1582 3300 1722 3339 voces
1744 3301 1864 3339 suas
1891 3283 2050 3354 (Isai.

470 3359 560 3413 42.
590 3359 681 3428 Η)
713 3359 957 3428 homines
991 3354 1058 3410 ad
1078 3356 1299 3428 gloriam
1322 3354 1747 3424 praedicandam:
1774 3369 1870 3424 per
1893 3370 2050 3428 quem

471 3425 722 3499 iniquitas
754 3426 822 3482 de
863 3435 1003 3482 terra
1034 3426 1573 3499 tollitur,__p_er_quem
1602 3425 1950 3499 temperantia
1993 3429 2045 3481 in

473 3493 612 3554 terra
641 3507 902 3561 versatur,
929 3511 1023 3564 per
1048 3510 1204 3564 quem
1231 3494 1474 3549 diabolus
1499 3493 1683 3564 lapsus
1700 3493 1728 3559 ,“
1743 3494 2045 3552 destructus

468 3578 574 3631 est,
626 3566 807 3622 lascivi
836 3563 960 3620 facti
1013 3563 1141 3620 sunt
1185 3579 1310 3623 vasa
1358 3563 1724 3627 sanctiﬁcata,
1767 3563 2041 3622 fornicarii

468 3638 601 3694 casti
653 3647 709 3692 et
749 3637 1088 3701 intemerati,
1134 3635 1446 3704 insipientes
1496 3632 1618 3690 facti
1662 3644 1788 3690 sunt
1826 3636 2047 3705 justitiae

471 3709 639 3763 duces
670 3725 684 3766 :
714 3721 810 3777 per
837 3722 994 3774 quem
1023 3707 1210 3763 mortis
1234 3707 1515 3776 imperium
1536 3706 1801 3777 abolitum
1832 3717 1936 3770 est,
1990 3716 2045 3763 et

473 3776 723 3834 infernus
769 3776 933 3834 robur
1005 3777 1227 3843 amisit,
1296 3786 1351 3833 et
1408 3776 1786 3832 condemnatio
1855 3778 2042 3833 Adami

468 3849 640 3905 soluta
677 3856 794 3914 est,
824 3848 1180 3918 nuptialisque
1215 3848 1478 3904 thalamus
1504 3846 1732 3902 cmlestis
1759 3847 2043 3906 decoratus

468 3929 553 3976 cst
580 3937 598 3975 ι
626 3934 720 3989 per
744 3934 902 3990 quem
938 3918 1231 3990 hominum
1256 3927 1442 3990 natura
1474 3920 1526 3973 in
1571 3919 1840 3990 virtutem»
1868 3918 2043 3990 incor-

469 3988 772 4060 porearum
800 3997 1054 4060 mutatur.
1100 3988 1235 4056 Quid
1266 3988 1482 4056 dicam,
1530 3997 1585 4060 et
1625 4004 1783 4058 quam
1815 3988 2038 4060 laudem

467 4058 772 4131 proferam?
813 4059 1015 4114 Donum
1045 4062 1186 4117 enim
1216 4059 1353 4114 illius
1382 4058 1664 4115 sacerdotii
1701 4058 1896 4131 gradus
1921 4073 2038 4115 ser-

471 4129 686 4186 monem
715 4145 928 4186 omnem
959 4137 1013 4185 et
1035 4130 1409 4199 cogitationem
1448 4136 1712 4200 superat:
1747 4129 1871 4200 illud
1915 4140 1997 4185 est
2019 4171 2035 4196 ,

467 4211 525 4256 ut
552 4200 826 4271 existimo,
853 4200 993 4270 quod
1011 4198 1203 4259 Paulus
1222 4198 1547 4271 stupefactus
1570 4198 1887 4271 subindicat,
1911 4215 2034 4271 cum

464 4273 581 4327 ait:
630 4268 676 4343 0
704 4268 922 4343 altitudo
948 4271 1236 4343 divitiarum
1255 4268 1514 4343 sapientia:
1549 4280 1595 4343 et
1635 4270 1858 4343 scientia
1899 4269 2039 4327 Dei!

636 4341 1514 4424 incontprelien‘sibiliqsulttjudicia
1534 4341 1666 4424 ejus,
1697 4352 1743 4396 et
1766 4342 2036 4424 investiga-

463 4413 721 4484 biles_uiw
765 4410 875 4481 ejus
910 4410 1100 4484 (Rom.
1129 4414 1216 4484 1ιῄ.
1243 4410 1390 4484 ὃὸἩ
1439 4413 1486 4468 Δ
1538 4423 1678 4468 terra
1727 4411 1795 4466 ad
1844 4410 2061 4484 caelum.

467 4482 697 4553 advolat,
745 4482 928 4552 atque
960 4482 1293 4553 velocissime
1319 4482 1599 4553 petitiones
1629 4492 1840 4553 nostras
1877 4483 2034 4541 offert

468 4552 600 4624 Deo.
652 4551 941 4624 Legatione
978 4551 1215 4624 fungitur
1245 4551 1342 4621 pro
1361 4554 1530 4609 servis
1554 4554 1693 4624 apud
1713 4552 2030 4624 Dominum.

463 4621 747 4695 Animum,
796 4621 1030 4695 fratres,
1052 4622 1119 4678 ad
1160 4622 1296 4695 hanc
1322 4621 1603 4695 mysticam
1626 4635 1681 4680 et
1709 4622 2030 4679 horrendam

463 4693 821 4749 narrationem
884 4692 1070 4747 sedulo
1124 4692 1493 4751 adhibeamus.
1567 4694 1694 4750 Sine
1740 4695 2031 4751 venerabili

461 4762 758 4821 sacerdotio
785 4763 1031 4819 remissio
1046 4772 1382 4833 peccatorum
1404 4764 1716 4821 mortalibus
1733 4780 1835 4818 non
1854 4765 2026 4821 datur.

460 4834 709 4889 Animum
753 4833 1031 4905 adhibete,
1067 4835 1260 4890 fratres
1290 4851 1313 4905 εί
1336 4849 1430 4889 vos
1467 4835 1609 4890 enim
1650 4836 1780 4891 estis
1818 4837 2029 4905 pietatis

462 4913 726 4977 amatores
753 4946 779 4977 ,_
825 4904 943 4961 luce
992 4904 1251 4977 doctrina:
1295 4904 1893 4977 fulgentesaQuidnam
1942 4915 2029 4977 est

461 4973 613 5047 illud,
641 4974 979 5047 quodnuper
1004 4975 1312 5047 dicebamus
1338 4973 1405 5031 de
1429 4973 1711 5035 sacerdotii
1737 4975 2028 5047 mysterio?

458 5042 674 5100 Palines
711 5045 852 5109 vitis,
884 5042 962 5100 ἐι
1006 5060 1227 5116 granum
1278 5046 1525 5101 frumenti
1576 5057 1632 5101 et
1672 5042 2024 5104 sacci-ditium

459 5128 783 5188 consensum
829 5114 1029 5171 mutuo“
1063 5114 1259 5188 habent
1296 5132 1314 5172 :
1356 5118 1557 5188 palmes
1599 5127 1653 5173 et
1703 5116 2025 5188 frumentum

455 5185 662 5241 ancilla:
708 5194 869 5248 sunt.
918 5185 1272 5241 sacerdotium
1298 5185 1425 5241 vero
1459 5188 1685 5242 liberum
1730 5198 1830 5242 est.
1885 5185 2020 5242 Cum

460 5254 636 5327 itaque
661 5255 776 5312 hmc
800 5256 900 5311 tria
912 5265 1320 5326 congregantur,
1336 5266 1394 5311 ut
1420 5272 1576 5327 supra
1598 5273 1784 5313 omnes
1804 5257 2023 5314 omnino

460 5321 751 5399 thesauros
761 5321 1601 5399 constituantur,unumquodque
1621 5330 1731 5399 regi
1761 5328 2021 5384 fructuum

457 5406 674 5449 suorum
704 5395 949 5451 virtutem
983 5396 1136 5452 otTert
1161 5398 1213 5451 in
1243 5395 1462 5452 odorem
1489 5395 1783 5459 suavitatis.
1814 5399 2024 5458 Palmes

456 5463 762 5539 sanguinem
792 5467 1006 5539 emittit,
1030 5466 1354 5539 frumentum
1369 5482 1497 5523 vero
1518 5482 1744 5539 panem:
1773 5469 2021 5539 sacerdo-

460 5534 589 5608 tium
616 5549 892 5608 vero_c_urn
914 5537 1100 5592 fiducia
1127 5538 1347 5592 evolata
1375 5534 1595 5594 terra’in
1623 5540 1831 5604 calum,
1849 5538 2018 5594 donec

467 5603 635 5671 ipsum
658 5603 967 5663 invisibilem
996 5608 1417 5679 contempletur;
1470 5618 1523 5666 et
1575 5619 1850 5682 postquam
1894 5618 2020 5665 ante

2169 1661 2418 1737 thronum
2472 1660 2750 1737 escelsum
2792 1659 3077 1727 adoravit,
3126 1672 3287 1737 stans
3338 1666 3580 1735 supplicat
3622 1686 3699 1737 pro

2168 1733 2339 1787 servis
2379 1733 2607 1787 Domino
2630 1774 2646 1799 ,
2702 1733 2967 1803 lacrymas
2991 1736 3331 1803 gemitusque
3371 1733 3699 1793 conservorum

2167 1803 2767 1878 gestans,_Dominoque
2802 1802 3035 1878 ederetis
3069 1820 3085 1856 :
3125 1804 3472 1878 similiterque
3510 1820 3635 1878 rogat
3657 1824 3699 1864 ut

2168 1873 2589 1949 Consolationem
2637 1882 2694 1949 et
2747 1874 3119 1949 pgenimmiarn
3186 1873 3426 1949 tribuat}
3480 1873 3699 1949 simulque

2168 1945 2379 2017 veniam
2410 1953 2465 1998 et
2492 1942 2911 2017 misericordiam
2940 1946 3073 2017 petit
3104 1960 3135 1998 a
3174 1945 3421 2017 clementi
3467 1962 3574 2017 rege
3596 1990 3610 2012 ,
3633 1942 3699 2004 ἰιι

2167 2013 2397 2083 Spiritus
2421 2013 2720 2086 paracletus
2756 2015 2915 2086 simul
2940 2016 3122 2069 veniat
3151 2056 3167 2077 ,
3213 2016 3453 2086 donaque
3492 2013 3541 2072 in
3573 2023 3698 2075 terris

2170 2083 2441 2158 proposita
2490 2084 2802 2158 sanctificet.
2848 2083 2983 2158 Cum
3032 2097 3218 2158 autem
3238 2083 3488 2158 ,rnyst'eria
3515 2090 3589 2141 illa
3611 2100 3697 2142 trc-

2173 2154 2365 2210 rucnda
2399 2154 2808 2227 immortalitatis
2831 2155 2987 2224 plena
3021 2156 3183 2210 allata
3222 2154 3413 2212 fuerint
3434 2200 3447 2223 ,
3476 2174 3559 2227 per
3582 2160 3697 2214 illum

2170 2227 2522 2295 prmstitutum
2544 2224 2903 2292 sacerdotem,
2926 2241 3024 2295 pro
3040 2228 3297 2281 omnibus
3316 2224 3696 2290 intercedentem,

2169 2304 2295 2351 tunc
2322 2297 2582 2375 accedunt
2602 2297 2957 2375 animaque:
2987 2312 3083 2367 per
3102 2300 3697 2375 mysteriapmgationcni

2167 2381 2196 2440 ξι
2228 2367 2791 2440 ωθεειιιίειιεςίρίιιηι.
2828 2366 3034 2434 Videte,
3067 2366 3309 2437 religiosi
3330 2366 3443 2433 viri,
3468 2366 3693 2440 quoiiwdo

2168 2435 2286 2492 haec
2311 2438 2418 2492 duo
2446 2436 2575 2492 nihil
2599 2435 2890 2506 operentur
2931 2453 3097 2506 super
3127 2435 3324 2493 terram
3346 2479 3362 2502 ,
3393 2435 3497 2495 nisi
3510 2441 3696 2495 caelestis

2165 2507 2402 2562 calculus
2426 2507 2666 2574 accedat,
2688 2516 2743 2562 et
2759 2507 2897 2562 dona
2926 2509 3247 2564 sanctificet.
3272 2508 3473 2575 Vidisti,
3498 2527 3528 2563 o
3545 2511 3690 2577 homo,

2164 2577 2498 2648 splendidum
2552 2577 2904 2649 miraculum?
2934 2578 3169 2636 Videsne
3217 2580 3433 2649 gradum
3476 2582 3602 2635 illum
3626 2597 3694 2636 sa-

2164 2663 2336 2721 crum,
2363 2648 2631 2721 quomodo
2658 2648 2957 2721 animarum
3002 2649 3200 2705 sordes
3228 2648 3510 2721 expurget?
3554 2653 3692 2705 liene-

2163 2716 2337 2791 dictus
2380 2716 2453 2791 sit
2489 2717 2789 2791 Salvator,
2834 2719 2924 2790 qui
2971 2734 3138 2789 super
3194 2716 3588 2791 terram'posuit
3617 2721 3697 2776 hoc

2162 2787 2649 2862 splendidissimum
2695 2798 2757 2862 et
2811 2787 3256 2862 eipurgatorium
3310 2787 3536 2856 donum,
3594 2792 3693 2846 dum

2165 2858 2472 2932 sacerdotes
2511 2858 2677 2932 gratia
2705 2858 2954 2932 illustrat,
2972 2858 3031 2916 ut
3044 2863 3206 2932 quasi
3223 2863 3491 2918 luminaria
3505 2863 3696 2931 fulgeant

2163 2927 2213 2982 in
2245 2930 2465 2985 mundo.
2511 2929 2750 3001 i’opttlus
2771 2931 2860 3001 qui
2893 2946 2991 2987 nos
3018 2927 3338 3000 praecessit,
3363 2949 3518 2989 cornu
3550 2927 3692 2989 oleum

2159 3010 2376 3069 gestans
2404 2998 2698 3071 profectum
2724 2998 2931 3071 accepit
2976 3019 2989 3055 :
3020 2998 3134 3058 nos
3160 3019 3299 3059 vero
3326 2998 3531 3060 inutiles
3555 3005 3694 3058 homi-

2161 3084 2278 3138 nes,
2309 3070 2573 3127 benedicti
2605 3070 2811 3127 Domini
2841 3070 3004 3137 servi,
3053 3088 3160 3128 non
3198 3090 3384 3139 cornu,
3428 3090 3524 3129 non
3548 3075 3691 3130 oleum

2159 3141 2414 3216 sensibile
2469 3142 2775 3216 accepimus
2816 3160 2830 3195 :
2870 3142 2967 3216 sed
3012 3143 3235 3216 is_ipse
3288 3145 3376 3216 qui
3421 3154 3563 3213 caput
3606 3155 3688 3216 est,

2157 3212 2402 3269 excelsus
2426 3220 2482 3268 et
2506 3212 2816 3268 tremendus
2852 3212 3131 3269 descendit
3159 3216 3238 3271 de
3278 3212 3409 3270 cado
3433 3256 3449 3282 ,
3486 3212 3538 3270 et
3573 3214 3690 3270 dedit

2158 3282 2315 3337 nobis
2362 3284 2416 3355 in
2466 3297 2716 3355 manuum
2766 3283 3106 3352 impositione
3131 3284 3390 3354 Spiritum
3431 3301 3591 3347 suum,
3616 3284 3688 3355 qui

2155 3366 2251 3406 ceu
2282 3354 2417 3424 ignis
2443 3353 2585 3408 venit
2612 3352 2669 3424 in
2697 3355 2986 3422 apostolos.
3030 3356 3075 3409 0
3108 3352 3363 3412 virtutem
3384 3352 3684 3420 ineffabilem,

2160 3437 2278 3492 qua:
2306 3423 2517 3495 dignata
2547 3423 2907 3497 estitabitare
2945 3426 2996 3480 in
3024 3426 3181 3480 nobis
3226 3444 3320 3495 per
3338 3428 3684 3497 impnsitionent

2155 3494 2408 3566 manuum
2455 3494 2831 3566 sacerdotum!
2876 3494 2921 3550 Ο
2973 3494 3237 3566 quantum
3282 3494 3478 3553 obtinet
3499 3496 3684 3566 gradum

2154 3565 2486 3620 tremendum
2514 3564 2640 3619 illud
2660 3564 3053 3639 sacerdotium?
3085 3567 3283 3639 Bentus
3303 3579 3383 3624 est
3402 3564 3612 3639 quisquis
3639 3568 3680 3619 in

2150 3647 2217 3708 eo
2263 3646 2412 3708 caste
2437 3643 2679 3708 versatur
2716 3646 2770 3691 et
2800 3637 3083 3705 inculpate.
3116 3638 3313 3694 Petrus
3334 3637 3680 3708 quivocahatur

2149 3702 2376 3779 Cephas,
2408 3706 2496 3779 qui
2535 3705 2601 3779 ad
2644 3706 2767 3760 litus
2812 3702 2978 3762 maris
3011 3722 3209 3777 sagena
3261 3702 3444 3779 captus
3465 3717 3571 3772 est,
3608 3706 3682 3776 Qui

2152 3774 2511 3850 testimonium
2565 3774 2667 3850 hoc
2691 3780 2930 3850 _ac_cepit_
2954 3793 2984 3831 ιι
3030 3774 3229 3847 mugno
3274 3774 3508 3850 pastore:
3544 3774 3681 3844 Super

2149 3845 2280 3922 {tgna
2328 3857 2519 3914 petram
2568 3845 2863 3922 ιεᾴϋτξειιενοήΔ
2882 3845 3162 3922 Ecclesium
3192 3845 3358 3904 meum
3384 3849 3576 3922 (Matth.
3603 3850 3674 3922 lli.

2147 3914 2238 3987 ιδ)
2271 3932 2285 3980 ;
2318 3930 2414 3987 per
2441 3916 2794 3987 sacerdotium
2817 3918 2995 3973 claves
3019 3920 3179 3974 etiam
3216 3914 3467 3976 enatorum
3488 3920 3677 3985 accepit.

2144 3985 2505 4057 Similiterque
2534 3985 2733 4060 Paulus
2756 3989 2883 4043 olim
2915 4003 3271 4060 persequutor
3291 4033 3306 4057 ,
3347 3992 3444 4046 hoc
3469 3991 3678 4059 dignatus

2145 4070 2385 4123 munere,
2411 4056 2510 4113 ceu
2531 4057 2630 4111 alis
2652 4056 2942 4115 instructus
2969 4056 3305 4117 discurrebat
3340 4064 3389 4115 in
3413 4056 3541 4116 terra
3565 4069 3610 4114 et
3632 4060 3674 4112 in

2145 4128 2277 4198 mari
2309 4128 2605 4198 prmdicans
2626 4130 3078 4186 resurrectionem
3107 4144 3457 4191 mortuorum.
3475 4130 3674 4187 Graduin

2144 4196 2525 4273 refera}nus_ad
2541 4200 2675 4255 Abel
2696 4202 2921 4273 justum,
2947 4203 3034 4273 qui
3062 4204 3113 4256 in
3144 4204 3406 4273 principio
3429 4200 3675 4273 creatiouis

2143 4268 2392 4344 sacerdos
2438 4269 2580 4344 fuit;
2619 4280 2673 4326 et
2699 4268 2784 4329 'ab
2830 4271 2937 4344 illo,
2964 4268 3278 4340 discamus,
3318 4268 3468 4344 ‘quod
3507 4271 3672 4340 ipsein

2144 4339 2402 4410 principio
2444 4341 2669 4397 hostiam
2722 4358 2873 4398 suam
2923 4343 3032 4399 Deo
3070 4339 3466 4399 sacrificaverit.
3504 4339 3671 4396 Annon

2141 4407 2276 4484 ignis
2316 4407 2385 4484 de
2421 4413 2553 4468 calo
2581 4412 2913 4484 descendens
2953 4414 3178 4468 hostium
3207 4415 3324 4484 ejus
3343 4411 3672 4484 consumpsit?

2137 4480 2363 4554 Quando
2390 4492 2566 4554 autem
2588 4483 2781 4539 obtulit
2800 4485 2909 4539 Deo
2936 4486 3214 4554 primitias,
3236 4480 3302 4540 ut
3324 4480 3666 4553 aitScriptiua.

2137 4547 2376 4619 Respexit
2426 4552 2568 4607 Deus
2598 4555 2653 4608 in
2701 4555 2915 4608 hostium
2936 4547 3115 4620 'Abet,
3151 4547 3218 4609 ad
3240 4556 3366 4611 Cain
3403 4547 3557 4607 autent
3585 4566 3669 4605 tum

2134 4624 2353 4691 respexit
2393 4622 2622 4697 (Gen._4.
2648 4624 2702 4679 4.
2745 4623 2827 4697 5).
2884 4624 3115 4681 Rursum
3169 4636 3346 4682 autem
3397 4625 3546 4689 Noe,
3592 4621 3667 4691 qui

2135 4702 2377 4747 servatus
2405 4693 2501 4748 est
2547 4693 2600 4749 in
2644 4693 2810 4761 area',
2857 4697 3070 4765 quando
3097 4696 3278 4751 sedata
3325 4706 3405 4752 est
3429 4700 3669 4765 εειικιυηβι

2133 4765 2376 4841 consedit
2426 4765 2515 4819 ille
2562 4761 2936 4841 _in_montibu_s
2981 4770 3223 4841 erarat,
3256 4768 3359 4822 hoc
3384 4761 3551 4841 statim
3592 4761 3667 4841 ille

2132 4834 2367 4907 suscepit
2391 4835 2854 4907 sacerdotiunyet
2872 4837 3063 4891 obtulit
3090 4836 3316 4893 hostiam
3345 4852 3472 4907 pure
3493 4836 3591 4889 Deo
3620 4834 3665 4884 in

2132 4901 2354 4979 odorem
2409 4906 2704 4961 suavitatis.
2758 4906 3115 4979 Quamobrem
3163 4901 3422 4979 disposuit
3459 4920 3568 4960 cum
3608 4917 3665 4954 eo

2134 4974 2273 5045 Deus
2297 4985 2691 5038 testamentum.
2722 4974 2863 5045 quod
2905 4994 3011 5031 non
3040 4980 3174 5033 ultra
3204 4974 3509 5033 iniluctnrus
3540 4982 3662 5029 esset

2130 5043 2384 5099 diluvium
2414 5060 2576 5113 super
2604 5043 2799 5102 terram
2830 5063 2848 5102 :
2878 5058 2931 5102 et
2952 5048 3100 5102 dedit
3128 5050 3198 5102 illi
3229 5048 3659 5104 benedictionem.

2129 5124 2186 5193 ut
2207 5124 2475 5193 cresceret
2499 5118 3031 5193 et_m_u_lt_iplicaretur.
3066 5118 3302 5173 Vidistin‘
3333 5121 3434 5173 vim
3468 5113 3662 5193 mirabi-

2131 5187 2230 5258 lc.n
2263 5186 2582 5240 sacerdotii?
2625 5185 2809 5244 Vidisti
2853 5191 3077 5258 primum
3108 5195 3433 5244 sacerdotem
3461 5185 3578 5258 Abel
3616 5185 3657 5258 ιιι

2129 5256 2296 5328 prima
2322 5258 2608 5322 creatione,
2638 5253 2906 5328 quomodo
2931 5263 3104 5328 ignem
3148 5259 3421 5315 deduxerit
3445 5253 3660 5328 decutit?

2128 5322 2182 5381 in
2210 5334 2526 5399 terram_per
2553 5322 2876 5399 inculpatum
2904 5322 3057 5384 suum
3086 5329 3477 5385 holocaustum?
3494 5322 3655 5399 Vidisti

2126 5412 2336 5453 rursum
2381 5392 2497 5454 Nue
2543 5392 2900 5454 venerandum
2956 5403 3287 5455 sacerdotem
3348 5400 3400 5455 in
3452 5392 3656 5451 secunda

2125 5468 2413 5530 creatione.
2440 5469 2708 5540 quomodo
2734 5470 2873 5524 Deus
2908 5470 3233 5540 disposuerit
3269 5485 3388 5525 cum
3410 5468 3496 5523 illo
3521 5474 3654 5519 testa-

2128 5485 2413 5530 creauone.
2437 5485 2708 5594 ﬂuomoao
2734 5485 2873 5524 Deus
2908 5485 3233 5540 disposuerit
3269 5485 3388 5525 cum
3410 5485 3496 5523 tuo
3521 5485 3652 5519 lesw'

2128 5540 2405 5594 mentum?
2482 5556 2546 5595 oc
2572 5541 2695 5595 item
2726 5540 3024 5596 sacerdotio
3038 5540 3303 5596 Abraham
3321 5540 3552 5610 dignatus
3564 5541 3652 5610 est.

2125 5617 2179 5664 et
2204 5610 2394 5666 obtulit
2423 5612 2531 5667 Deo
2560 5611 2722 5677 lsaar,
2752 5611 2953 5667 viscera
2979 5611 3190 5682 propria
3217 5603 3533 5667 sacriﬁcavit.
3564 5603 3653 5658 illic
