4032 6198
294 319 431 381 11169

292 430 529 489 ostendit
583 429 728 487 Dens
777 430 878 499 ipsi
931 426 1549 500 magnumrmiraculum
1582 468 1598 492 ,
1666 425 1878 500 Domini

291 502 695 576 generationem
743 497 811 555 in
849 497 1083 576 virgulio
1124 498 1297 576 Sabec
1325 539 1340 557 .
1389 499 1772 576 incrementum
1818 497 1879 576 in

294 567 567 629 niomento
586 571 807 634 factum,
829 580 879 625 el
897 567 1322 624 benedictionem
1342 584 1443 637 qua
1468 569 1564 636 ipsi
1584 567 1878 622 benedixit:

298 645 363 701 In
389 643 575 700 semine
599 649 685 695 tuo
712 641 1061 711 benedicentur
1089 655 1259 711 eomes
1287 647 1457 709 gentes
1494 637 1642 711 (Gen.
1659 638 1747 695 22.
1771 637 1880 706 18).

298 716 411 771 lloc
441 715 567 767 item
588 711 888 781 sacerdotio
913 709 1088 765 Moses
1109 710 1405 781 honoratus
1429 709 1532 773 est,
1551 722 1670 781 cum
1693 722 1885 781 ascen-

301 786 469 839 disset
509 783 563 837 in
600 777 852 836 montem
907 781 1033 836 Sina
1078 779 1145 834 ad
1200 779 1403 842 Deum,
1447 777 1597 832 etab
1619 793 1685 832 eo
1715 777 1884 847 legem

296 854 635 923 accepisset:
668 851 1012 923 quamobrem
1051 850 1378 923 glorificatus
1411 858 1503 923 est
1527 849 1847 923 vultus‘ejus
1867 889 1883 913 ,

299 935 359 980 ut
414 918 535 994 plus
585 918 743 994 quam
800 922 880 976 Sal
925 918 1230 994 appareret.
1292 919 1659 994 Similiterque
1704 918 1885 973 Aaron

297 988 876 1062 sacerdotio‘dignatus
899 988 985 1046 est
999 988 1019 1062 ξ
1056 992 1260 1061 legatus
1287 988 1548 1062 factusad
1572 988 1756 1062 Deum
1788 1003 1886 1062 pro

304 1065 545 1138 peccatis
575 1058 936 1138 populiriiarn
971 1058 1173 1138 Moyses
1194 1070 1239 1114 et
1266 1061 1435 1114 Aaron
1449 1061 1510 1138 in
1524 1058 1890 1138 jugerdatibus

300 1130 414 1207 ejus
440 1130 612 1207 (Patri.
639 1130 729 1207 98.
763 1131 842 1201 6).
875 1130 1077 1207 Eodoni
1107 1146 1319 1202 quoque
1342 1130 1501 1207 modo
1521 1130 1757 1207 Phiuees
1788 1130 1890 1207 hoc

301 1200 770 1260 venerabilissimo
801 1203 1103 1257 sacerdotio
1125 1200 1349 1255 mortem
1376 1200 1577 1270 depulit
1603 1215 1669 1255 ex
1698 1200 1892 1268 populo

302 1277 421 1332 illo.
479 1275 656 1329 Helias
684 1286 815 1329 vero
860 1287 1099 1338 rursum,
1145 1273 1244 1325 hoc
1287 1270 1554 1335 inductus,
1608 1270 1889 1325 cxnuditus

303 1357 391 1403 est
438 1346 491 1399 in
539 1345 661 1414 igne
689 1385 705 1408 ,
757 1352 813 1398 et
845 1342 1163 1414 sacerdotes
1213 1341 1555 1414 turpitudinis
1604 1340 1892 1396 interfecit.

305 1411 586 1471 Discamus
611 1415 810 1483 itaqtte,
835 1411 1047 1483 fratres,
1087 1427 1332 1481 magnam
1356 1411 1750 1483 sublimemque
1775 1425 1895 1483 esse

306 1485 592 1541 sacerdotii
606 1481 1123 1554 dignitatem.Cloria
1139 1482 1502 1553 Unigenito.et
1517 1482 1614 1535 soli
1630 1481 1789 1544 bono,
1804 1482 1893 1550 qui

310 1572 479 1627 Ipsam
504 1551 760 1624 apostolis
792 1553 905 1607 suis
936 1551 1201 1627 tradidit_,_
1224 1551 1325 1627 per
1345 1567 1500 1627 suum
1536 1567 1730 1627 novum
1774 1567 1899 1605 san-

309 1622 564 1694 ctumque
593 1631 992 1685 testamentum,
1009 1634 1059 1676 ut
1082 1622 1235 1677 nobis
1248 1633 1300 1677 et
1313 1622 1411 1689 ipsi
1431 1623 1697 1691 specimen
1714 1632 1896 1694 esten:

312 1699 462 1762 dant,
481 1691 540 1749 in
565 1695 905 1760 impositione
937 1708 1188 1746 manuum
1225 1708 1441 1746 suarum
1473 1708 1632 1760 super
1656 1706 1772 1755 eos,
1802 1691 1892 1757 qui

311 1768 457 1837 digni
481 1776 625 1837 sunt.
644 1764 845 1820 Omnes
861 1764 1045 1837 itaque
1072 1778 1189 1837 nos,
1208 1764 1414 1837 sincere
1442 1777 1757 1837 veneremur
1781 1776 1896 1837 eos,

314 1833 402 1908 qui
429 1836 654 1907 gradum
689 1834 972 1908 sacerdotii
995 1833 1257 1908 obtinent.
1276 1833 1527 1908 scientes,
1553 1833 1695 1903 quod
1710 1833 1754 1885 si
1781 1833 1901 1908 quis

322 1901 464 1977 regis
488 1908 691 1961 amicos
717 1904 922 1975 diligat,
955 1918 1020 1959 eo
1047 1902 1375 1977 ipse_multo_
1386 1904 1552 1977 magis
1572 1901 1602 1956 ξι
1626 1917 1753 1977 rege
1775 1901 1901 1977 dili-A-

312 1972 487 2048 gafur.
520 1978 785 2048 Amemus
822 1972 955 2044 ergo
996 1973 1301 2048 sacerdotes
1342 1972 1495 2048 Dei,’
1520 1974 1772 2048 quoniam
1791 1972 1900 2048 __illi

316 2041 477 2103 amici
508 2046 600 2100 Dei
623 2056 768 2110 sunt.
795 2057 849 2100 et
874 2041 972 2115 pro
992 2045 1145 2098 nobis
1170 2058 1382 2115 semper
1409 2041 1766 2115 intercedunt.
1791 2041 1902 2098 Ho-

317 2133 449 2171 nora
481 2116 812 2178 sacerdotes,
841 2112 1138 2183 adimpleus
1169 2115 1271 2168 hoc
1296 2112 1492 2168 Christi
1529 2122 1853 2183 praeceptum
1885 2131 1898 2168 :

322 2188 424 2255 Qui
459 2186 644 2266 recipit
670 2186 967 2266 praplietqrit
1011 2185 1065 2266 in
1092 2183 1598 2266 nurnine‘pronphetw,
1628 2183 1903 2265 mercedem

317 2252 579 2330 praphctaé
615 2252 825 2330 accipiet
858 2253 1068 2330 (Matt/3:
1119 2254 1204 2309 10.
1234 2252 1348 2330 Ill),
1399 2254 1457 2309 Si
1502 2268 1634 2330 vero
1662 2254 1906 2330 quemvis

320 2323 656 2383 sacerdotem
686 2323 900 2395 ignores
926 2339 991 2378 an
1013 2324 1206 2395 dignus
1225 2323 1420 2379 sithoc
1452 2323 1641 2395 gradu,
1677 2339 1744 2395 an
1773 2323 1908 2377 indi-

317 2413 475 2469 gnus,
496 2407 575 2469 _tu
614 2397 683 2452 ob
699 2393 903 2469 Christi
933 2393 1254 2469 praeceptum
1291 2410 1358 2469 ne
1384 2393 1670 2469 deSpiciasr
1703 2393 1905 2469 Quem-

316 2464 606 2524 admodum
625 2467 767 2521 enim
789 2480 974 2519 aurum
993 2480 1112 2518 cum
1145 2466 1254 2518 luto
1282 2464 1508 2519 mixtum
1534 2480 1639 2518 non
1657 2464 1892 2530 lmditun,

322 2554 499 2609 neque
525 2535 804 2609 splendida
833 2536 1115 2609 margarita
1139 2544 1390 2609 mutatur,
1417 2534 1631 2609 quando
1660 2549 1780 2589 cum
1812 2535 1906 2587 im-

321 2604 470 2680 puris
488 2604 805 2680 quibusdam
836 2604 1115 2680 speciebus
1137 2604 1509 2680 conj_ungitnr_;
1532 2604 1719 2660 eodem
1747 2619 1904 2680 pror-

320 2674 415 2733 sus
464 2674 625 2732 modo
677 2674 1034 2731 sacerdotium
1086 2692 1116 2729 a
1175 2674 1558 2729 nullo’sordes
1607 2674 1905 2739 contrahit,

320 2750 568 2821 quamvis
594 2746 853 2821 indiguus
890 2745 1052 2821 fuerit
1104 2788 1132 2821 ,_
1166 2747 1253 2815 qui
1299 2745 1425 2821 illud
1466 2745 1676 2821 accipit.
1709 2745 1764 2799 Si
1792 2746 1909 2821 quis

322 2815 486 2888 porro
513 2819 566 2873 in
593 2815 962 2888 hanc'ingredi
991 2816 1305 2888 dignitatem
1336 2815 1527 2885 dignus
1547 2815 1758 2888 habitus
1783 2816 1906 2888 iue-

321 2886 419 2956 rit,
449 2890 501 2943 in
526 2889 720 2958 illaque
742 2886 902 2955 digne
921 2895 975 2940 et
1000 2886 1266 2958 inculpate
1294 2886 1633 2958 processerit,
1656 2901 1719 2939 ea
1746 2886 1906 2958 vitam

324 2955 411 3016 illi
429 2955 679 3014 conciliat
694 2967 750 3012 et
777 2971 1030 3012 coronam
1055 2957 1439 3025 incorruptam.
1458 2955 1512 3011 Si
1536 2955 1657 3024 quis
1682 2969 1809 3025 vero
1831 2955 1912 3007 in-

324 3032 488 3101 digne
511 3030 564 3083 in
610 3028 755 3101 illam
785 3043 854 3101 se_
889 3027 1135 3101 ingerere
1164 3024 1546 3101 ausus__fi_ierit,
1580 3024 1913 3101 is‘tenehras

325 3092 426 3156 sibi
455 3098 751 3155 exteriores
767 3106 821 3153 et
837 3092 1091 3167 judicium
1110 3096 1444 3167 implacabile
1459 3093 1725 3149 conciliat.
1754 3092 1910 3149 Aliud

328 3171 426 3225 tibi
456 3169 760 3237 exemplum
800 3165 1112 3237 proponam,
1144 3165 1383 3231 o'homo,
1423 3174 1480 3219 ut
1511 3181 1578 3219 ne
1623 3180 1729 3237 pra:
1758 3179 1913 3216 arro-

325 3236 809 3312 gantiasacerdotii
828 3236 1293 3312 gradum‘indig‘uc
1309 3250 1520 3290 sumere
1539 3236 1738 3312 audeas
1755 3253 1767 3288 :
1782 3248 1915 3312 quo-

329 3304 474 3366 niam
508 3310 618 3364 Deo
661 3324 765 3362 non
800 3304 1009 3377 placent
1050 3306 1110 3377 ii,
1140 3307 1229 3376 qui
1260 3313 1572 3377 arroganter
1617 3304 1912 3377 ordinatio:

328 3396 456 3437 nem
498 3373 998 3448 accipiunt.'Nosce
1046 3373 1202 3448 igitur
1239 3376 1364 3446 quid
1390 3373 1549 3444 'passi
1588 3375 1694 3429 sint
1736 3375 1791 3448 ii.
1823 3373 1913 3448 qui

328 3451 496 3523 Moysi
528 3460 582 3505 et
607 3445 800 3503 Aaroni
844 3445 1304 3513 contradixerunt,
1353 3455 1407 3501 et
1447 3461 1570 3501 cum
1618 3445 1905 3516 petulantia

1110 314 1380 372 CHRISTI
1418 312 1830 371 DISCIPUHJM
1869 310 2217 369 BENIGNUM
2255 312 2420 370 ESSE
2459 313 2754 372 DEBERE.

3430 316 3567 372 1070

1987 425 2325 494 impudenter
2350 435 2407 482 et
2429 439 2741 497 arroganter
2779 429 2888 485 Deo
2926 430 3199 485 incensum
3238 429 3431 487 offerre
3460 447 3569 488 non

1987 497 2320 569 dubitarunt.
2350 499 2541 553 Annon
2588 499 2720 568 ignis
2746 515 2933 555 omnes
2962 502 3312 569 consumpsit,
3335 517 3402 556 eo
3425 504 3565 569 quod

1990 517 2320 553 uuuttarunt.
2350 517 2541 553 annon
2588 517 2720 568 lgllls
2746 517 2933 555 omnes
2962 517 3312 569 COHSIIIllleII,
3335 517 3402 556 θο
3463 517 3565 557 lit)"

1990 568 2104 622 ausi
2135 578 2318 641 essent
2336 569 2399 641 _in
2422 569 2645 639 gradum
2690 570 2839 641 illum
2879 586 2938 625 se
2985 571 3249 641 ingerere,
3294 588 3400 641 quo
3424 517 3567 641 gigni

1993 653 2098 692 non
2126 639 2314 711 erant?
2336 639 2568 711 Rursum
2600 654 2726 711 vero
2748 640 2909 695 Maria
2937 639 3266 710 prophetissa
3294 639 3408 706 Dei,
3427 639 3568 711 quod

1991 709 2229 779 pauculis
2250 710 2428 781 verbis
2467 709 2635 781 Moysi
2677 712 2815 764 circa
2847 709 3202 767 sacerdotium
3244 709 3567 781 exprobras-

1991 787 2093 842 set,
2130 786 2336 852 tantum
2366 779 2717 852 abAltissimo
2744 783 2960 849 pertulit
2984 779 3351 852 opprobrium,
3395 792 3455 835 ut
3492 784 3568 838 le-

1993 849 2333 924 pracandeus
2346 858 2549 924 septem
2571 850 2759 924 diebus
2775 860 2921 906 extra
2944 849 3112 924 castra
3130 862 3403 924 segregata
3418 867 3573 908 man-

1993 921 2143 975 serit.
2169 920 2321 975 Nunc
2345 922 2544 990 itaque,
2574 920 2785 986 fratres,
2813 936 2960 979 caste
2989 923 3042 977 in
3070 920 3371 979 sacerdotio
3390 938 3576 979 versa-

1993 990 2145 1063 mini,
2188 989 2455 1063 imitantes
2493 990 2751 1063 Moysem,
2799 994 3062 1048 Aaronem
3109 1002 3164 1050 et
3209 992 3519 1049 Eleazarum
3553 1010 3571 1047 :

2210 1062 2321 1136 pios
2363 1060 2666 1136 sacerdotes
2704 1065 3100 1136 contemplare,
3143 1063 3412 1136 quomodo
3464 1079 3565 1136 per

1997 1131 2124 1185 illud
2156 1131 2395 1206 hostium
2415 1141 2590 1187 castra
2617 1131 2936 1206 depulerint;
2964 1134 3074 1206 Hoc
3103 1131 3337 1206 munitus
3359 1131 3573 1206 Moyses

1997 1203 2249 1274 expandit
2271 1202 2339 1274 ad
2368 1203 2534 1257 Deum
2567 1216 2775 1274 manus,
2795 1215 2847 1257 et
2870 1205 3090 1260 Amalec
3114 1204 3391 1259 insanabili
3423 1202 3575 1274 plaga

1997 1271 2235 1346 confodit
2261 1289 2274 1324 :
2306 1272 2406 1327 hoc
2432 1273 2748 1346 praecinctus
2766 1274 3032 1346 Abraham
3061 1290 3215 1346 reges
3242 1271 3572 1346 proﬂigavit:

2000 1341 2105 1397 hoc
2132 1353 2407 1400 assumpto
2444 1341 2795 1398 Melchisedec
2817 1344 3050 1399 Abraha:
3092 1341 3362 1400 benedixit
3391 1341 3540 1400 excel
3561 1374 3575 1386 -

2000 1412 2128 1486 lenti
2159 1412 2548 1486 benedictione.
2564 1414 2775 1486 Dignus
2804 1414 3015 1486 habitus
3035 1430 3114 1478 es,
3137 1414 3323 1480 frater,
3346 1416 3436 1485 qui
3457 1431 3582 1486 gra-

2002 1482 2128 1555 dum
2158 1482 2440 1555 sacerdotii
2466 1482 2781 1555 acciperes?
2815 1483 2951 1539 Cura
2977 1496 3034 1538 ut
3066 1487 3276 1555 placeas
3301 1482 3379 1546 ei,
3403 1482 3492 1554 qu'i
3524 1495 3579 1539 te

2002 1553 2054 1608 in
2082 1553 2378 1625 exercitum
2415 1554 2716 1625 adscripsit,
2765 1554 2818 1608 in
2862 1553 3126 1621 castitate,
3163 1557 3215 1611 in
3259 1553 3483 1625 jnstitia,
3527 1555 3578 1609 in

2000 1623 2261 1696 sapientia
2291 1623 2583 1696 spirituali,
2623 1634 2679 1679 et
2718 1625 3069 1696 insplendida
3102 1623 3423 1696 virginitate.
3451 1625 3582 1680 Esto

2002 1694 2197 1749 ardens
2225 1695 2342 1748 zelo
2370 1702 2427 1748 ut
2456 1695 2656 1761 Helias,
2696 1695 2953 1749 sollicitus
2987 1707 3041 1749 ut
3070 1694 3351 1761 Jere'mias,
3377 1707 3584 1764 tempe-

2004 1779 2132 1836 rans
2155 1773 2215 1836 ut
2239 1764 2461 1833 Joseph,
2499 1775 2679 1819 castus
2704 1774 2762 1819 ut
2815 1766 2970 1820 Jesus
3011 1766 3177 1833 Nave,
3221 1766 3500 1836 hospitalis
3526 1772 3584 1818 ut

2005 1834 2297 1906 Qbraham,
2320 1850 2504 1906 amore
2527 1837 2716 1906 plenus
2742 1843 2800 1890 ut
2822 1836 3006 1902 David,
3031 1847 3086 1891 et
3104 1838 3249 1891 mitis
3270 1834 3336 1890 ut
3350 1836 3583 1906 Moyses.

2004 1904 2287 1977 Errantem
2314 1904 2493 1968 reduc,
2520 1905 2769 1977 claudum
2797 1906 2971 1977 alliga,
3002 1908 3205 1977 lapsum
3228 1907 3393 1976 erige,
3427 1904 3582 1977 infir-

2006 1990 2122 2031 mos
2151 1976 2383 2047 suscipe,
2415 1984 2471 2030 et
2496 1975 2602 2047 his
2626 1976 2818 2030 similia
2865 1975 3066 2032 facito.’
3086 1975 3437 2047 Obstupesco,
3476 1976 3583 2030 fra-

2008 2054 2137 2117 tres,
2183 2044 2309 2100 dum
2358 2045 2642 2101 considero
2688 2047 3048 2115 insipientium
3088 2044 3440 2117 quorumdam
3489 2060 3580 2100 au-

2007 2115 2236 2187 daciam,
2274 2116 2366 2187 qui
2404 2117 2741 2186 impudenter
2783 2126 2838 2172 et
2878 2115 3178 2186 petulanter
3225 2117 3585 2187 sacerdotium

2008 2185 2227 2248 adeunt,
2254 2185 2361 2241 non
2384 2185 2557 2241 vocati
2585 2202 2613 2241 a
2638 2187 2807 2257 gratia
2835 2185 3049 2252 Christi,
3077 2189 3380 2257 ignorantes
3404 2202 3465 2243 se
3484 2185 3585 2242 sibi

2009 2257 2183 2313 ignem
2229 2264 2285 2312 et
2323 2267 2551 2311 mortem
2600 2258 2824 2312 miseros
2872 2257 3388 2313 consciscere.oNon
3415 2258 3587 2312 solum

2049 2328 2130 2398 ieo
2156 2326 2272 2391 tibi,
2290 2342 2324 2381 o
2350 2327 2532 2391 homo,
2560 2343 2626 2383 ne
2644 2327 3001 2383 sacerdotium
3028 2328 3324 2398 petulanter
3339 2341 3585 2398 usurpes,

2009 2397 2104 2452 sed
2133 2398 2291 2452 etiam
2320 2412 2387 2451 ne
2428 2398 2695 2466 quidpiam
2737 2413 2803 2451 ex
2837 2398 2980 2453 vasis
3025 2396 3376 2453 sacratissimi
3414 2396 3592 2453 cultus

2009 2468 2307 2535 contingas.
2360 2467 2496 2522 Num
2543 2468 2678 2523 forte
2727 2468 2898 2539 legisti
2936 2469 3067 2539 quid
3117 2484 3305 2539 passus
3342 2468 3413 2522 sit
3447 2468 3587 2530 01a,

2011 2539 2223 2608 quando
2246 2539 2419 2607 tetigit
2457 2553 2637 2593 arcam
2668 2539 2803 2608 Dei?
2843 2538 3011 2607 Hujus
3049 2554 3261 2607 semper
3299 2548 3590 2608 memento,

2011 2605 2177 2663 frater
2223 2605 2444 2674 dilecte,
2488 2608 2635 2663 vocis
2692 2605 2983 2675 Altissimi,
3028 2610 3096 2663 ab
3136 2605 3268 2665 Isaia
3335 2607 3591 2677 propheta

2012 2679 2243 2741 emissae,
2272 2694 2392 2748 qua:
2438 2679 2516 2733 sic
2544 2678 2737 2734 habet:
2769 2678 2938 2749 Super
2960 2695 3108 2748 quem
3145 2677 3596 2749 requiescam,_msi

2012 2765 2166 2820 super
2186 2745 2355 2820 mitem
2381 2760 2426 2803 et
2463 2750 2702 2803 humilem
2727 2757 2773 2802 et
2798 2745 3087 2820 trementem
3115 2745 3264 2803 verba
3288 2765 3399 2801 mea
3439 2745 3592 2820 (lsai.

2014 2820 2102 2874 66.
2129 2819 2165 2873 2
2194 2819 2251 2889 )?
2285 2818 2451 2887 Hujus
2477 2835 2691 2889 semper
2714 2818 2966 2889 praecepti
2991 2820 3356 2883 reminiscere,
3387 2818 3593 2889 et'posc

2014 2891 2130 2944 side
2166 2888 2317 2958 quasi
2359 2889 2702 2954 thesaurum,
2745 2888 2928 2944 mitem
2970 2892 3379 2960 cogitationem,
3427 2899 3486 2960 ut
3522 2888 3595 2941 ita

2016 2961 2191 3028 possis
2208 2960 2558 3028 spiritualiter
2578 2960 2867 3014 ascendere
2896 2961 2947 3012 in
2965 2959 3250 3028 supernam
3275 2959 3594 3020 Jerusalem,

2018 3039 2073 3082 et
2102 3028 2303 3099 hostias
2332 3029 2634 3098 spirituales
2662 3028 2856 3084 otl'erre
2883 3030 3008 3099 Regi
3036 3040 3090 3084 et
3131 3030 3241 3083 Deo
3271 3031 3320 3081 in
3364 3043 3600 3096 superno

2015 3099 2192 3159 altari,
2218 3098 2305 3152 tibi
2336 3107 2623 3153 nectuntur
2645 3114 2858 3169 coronat
2880 3098 3315 3169 incorruptionis.
3345 3099 3523 3167 Ibique
3546 3099 3596 3150 in

2019 3181 2305 3238 conspectu
2347 3169 2653 3238 angelorum
2710 3177 2762 3223 te
2815 3168 3057 3224 Christus
3104 3168 3358 3223 redimiet
3399 3182 3599 3223 corona

2018 3239 2455 3303 immortalitatis,
2486 3247 2543 3294 et
2565 3254 2687 3293 eum
2716 3240 2963 3306 supernis
3008 3241 3331 3294 exercitibus
3358 3238 3597 3293 cantabis

2020 3309 2393 3378 triumphalem
2417 3308 2673 3380 hymnum
2699 3319 2899 3364 sancta:
2919 3309 3186 3376 Trinitati,
3207 3312 3258 3364 in
3279 3309 3473 3365 saecula
3497 3323 3599 3363 sa:-

2021 3380 2284 3435 culorum.
2310 3381 2504 3434 Amen.

3185 3620 3353 3635 .ﬁ-
3248 3626 3293 3635 η.
3308 3620 3509 3634 -._..——--
3522 3621 3601 3629 ..--

1175 3734 1260 3795 IN
1315 3725 1799 3804 SEQUENTEM
1860 3723 2306 3786 SERMONEM
2364 3724 2770 3789 MONITUM.

426 3834 540 3893 Hoc
570 3836 894 3909 opusculum
919 3836 1032 3907 jam
1061 3832 1273 3905 pridem
1318 3831 1462 3888 inter
1511 3826 1695 3898 spuria
1720 3826 1846 3897 jure
1876 3823 2185 3894 ablegatum
2228 3821 2396 3878 fuisse
2444 3838 2609 3879 nemo
2666 3826 2906 3896 prudens
2953 3845 3062 3885 non
3119 3832 3364 3888 censebit
3405 3850 3420 3888 :
3470 3846 3598 3886 nam

345 3929 489 4001 atylo
532 3929 737 4001 χυδαίῳ
782 3929 1069 4000 scriptum,
1110 3922 1247 3980 nihil
1299 3936 1412 3994 prae
1457 3918 1671 3988 sefert
1721 3916 1886 3980 salis,
1931 3913 2066 3970 nihil
2125 3928 2416 3969 nervorum
2461 3926 2704 3988 :estque
2743 3934 2970 3989 prorsus
3013 3923 3405 3996 Chrysostomo
3456 3923 3600 3979 indi-

348 4037 544 4093 gnum.

420 4110 800 4181 lnterpretatio
837 4109 1029 4164 Latina
1052 4114 1137 4162 est
1161 4104 1456 4160 Frontonis
1483 4101 1684 4157 Ducaei.

1532 4359 2012 4433 EJUSDEM
2060 4357 2420 4432 SERMO

514 4531 596 4573 DE
648 4532 769 4578 HOC
814 4532 1224 4589 ARGUMENTO,
1256 4531 1474 4576 BONUM
1516 4529 1770 4575 CHRISTI
1813 4528 2195 4573 ηιεοιιιυιῠιί
2238 4527 2569 4572 BBNIGNUII
2611 4525 2779 4583 ESSE,
2822 4522 3035 4577 NEQUE
3077 4521 3225 4567 CITO
3268 4518 3498 4564 “IASCI.

1850 4654 2167 4710 @W

425 4791 480 4846 In
518 4792 814 4865 Evangeliis
857 4795 1013 4851 docet
1059 4810 1155 4850 nos
1187 4795 1393 4851 Domini
1436 4794 1613 4850 divina
1657 4808 1928 4865 vox,_qu:e

350 4862 520 4933 legi-ni
552 4862 828 4933 adimplet,
863 4883 966 4920 non
996 4866 1240 4929 destruit,
1283 4876 1343 4921 ut
1369 4882 1435 4922 ne
1463 4867 1753 4920 irascamur
1781 4863 1930 4918 fratri

351 4934 646 5004 (ΗιιηΙιξᾉὸ.
674 4935 793 5003 2ης
827 4945 880 4992 et
903 4937 1002 4991 hac
1030 4936 1300 4991 additione
1336 4936 1593 4990 orationis
1621 4935 1932 5004 adimplevit

350 5002 501 5069 illud,
541 5002 657 5077 Non
698 5002 916 5073 occides,
947 5008 1115 5077 ipsam
1165 5006 1432 5062 homicidii
1464 5006 1695 5061 radicem
1742 5002 1935 5077 exstir-

353 5087 505 5140 pans,
551 5076 850 5147 etinterius
871 5076 1311 5147 cor’expurgans,
1347 5092 1454 5131 non
1483 5076 1932 5147 manusexterius

352 5151 576 5197 tantum.
611 5145 817 5199 Etenim
854 5145 1073 5217 pugnam
1097 5145 1405 5216 proposuit,
1439 5162 1542 5201 non
1570 5146 1782 5217 quidem
1811 5156 1932 5217 tan-

350 5223 479 5277 tam,
508 5215 899 5287 quantanrlei,
930 5234 961 5273 e
985 5215 1207 5287 vestigio
1232 5215 1598 5286 prementem,
1613 5216 1705 5271 sed
1731 5215 1934 5287 judicio

347 5283 706 5347 statuendam,
738 5285 922 5341 dicens
956 5306 969 5341 :
1006 5288 1104 5355 Qui
1125 5283 1265 5342 enim
1280 5288 1513 5341 irascitur
1541 5287 1690 5356 fratri
1710 5283 1802 5340 suo
1825 5286 1935 5339 sine

347 5368 524 5428 rartsa.
566 5368 683 5407 rem
717 5356 812 5428 erit
836 5356 1037 5428 judicio
1064 5357 1166 5427 (Ib.
1192 5375 1239 5412 υ,
1272 5358 1389 5428 25);
1422 5372 1527 5411 non
1562 5358 1701 5412 enim
1726 5357 1934 5428 celeres

350 5421 722 5504 infliguutura
750 5421 964 5481 Chi-isto
998 5421 1359 5504 ptenxelsient
1387 5428 1439 5481 in
1480 5428 1615 5497 lege,
1647 5425 1739 5482 sed
1768 5427 1931 5481 multa

348 5501 437 5567 est
464 5492 872 5567 retributionum
894 5510 960 5551 ex
981 5492 1133 5567 aequo
1161 5492 1345 5553 dilatio
1372 5515 1385 5551 :
1417 5492 1670 5552 ueterum
1693 5505 1934 5552 tremen-

348 5560 477 5637 dum
501 5563 849 5637 consequitur
865 5560 1057 5621 exinde
1078 5570 1414 5637 supplicium.

426 5631 523 5708 Dei
546 5631 922 5708 longanimitas.
953 5666 1025 5676 —
1044 5631 1500 5708 Quemadmodum
1529 5637 1727 5708 majora
1760 5634 1933 5706 impe-

348 5712 452 5763 rat.
481 5703 559 5759 sic
586 5703 646 5759 ct
679 5703 847 5774 major
902 5714 984 5762 est
1029 5706 1147 5778 ejus
1190 5706 1562 5779 longanimitas
1586 5703 1931 5779 {cordis-(pte

2039 4792 2351 4848 munditiam
2394 4792 2637 4863 requirit,
2676 4807 2834 4863 quam
2864 4806 2969 4846 non
3003 4790 3111 4863 nisi
3140 4804 3261 4863 cum
3301 4784 3614 4863 difficultate

2037 4865 2157 4934 quis
2195 4864 2295 4919 sibi
2341 4855 2585 4934 acquirit.
2615 4855 3206 4934 Quamobremrlicet‘in
3238 4859 3369 4913 iram
3385 4855 3617 4934 indura-

2037 4929 2178 4999 mur,
2205 4950 2310 4988 non
2342 4950 2373 4987 e
2389 4929 2611 5004 vestigio
2628 4933 2782 5004 punit
2808 4950 2821 4986 :
2840 4932 2886 5004 si
2911 4932 3052 4986 enim
3068 4931 3245 4983 subito
3273 4929 3506 4999 puniret,
3526 4938 3622 4994 per

2041 5006 2409 5074 paenitentiam
2448 5002 2659 5059 resilire
2697 5019 2801 5057 non
2844 5002 3063 5074 liceret;
3094 5010 3373 5074 propterea
3408 5009 3622 5074 patinam

2037 5066 2234 5137 didert,
2272 5084 2334 5130 ut
2372 5075 2526 5130 nobis
2550 5084 2759 5142 tempus
2795 5072 2861 5126 ad
2886 5066 3251 5142 pmniteiitia'm
3282 5066 3620 5142 concedatur,

2035 5153 2095 5200 ut
2118 5145 2208 5215 qui
2239 5145 2354 5200 heri
2383 5144 2531 5216 fratri
2561 5139 2728 5197 iratus
2753 5151 2858 5216 est,
2888 5139 3045 5197 hodie
3082 5139 3451 5216 paenitentiam
3479 5145 3619 5216 agat.

2036 5226 2091 5271 et
2112 5207 2323 5284 pactum
2346 5213 2610 5284 quoddam
2638 5227 2820 5268 secum
2849 5212 3010 5284 ineat,
3035 5207 3108 5266 uti
3138 5227 3205 5281 ne
3229 5210 3379 5284 fratri
3401 5207 3627 5284 amplius

2039 5274 2320 5357 irascatur,
2338 5274 2394 5357 εἰ
2419 5284 2811 5357 quadamtenus
2831 5274 3033 5337 similes
3056 5278 3179 5337 Deo
3198 5274 3627 5357 ιερἀξιηιιιτέῌοθ

2037 5355 2181 5410 enim
2212 5347 2410 5409 sensim
2434 5347 2502 5408 ab
2526 5355 2611 5415 iis.
2627 5369 2747 5423 qua:
2766 5354 2926 5407 vitam
2948 5361 3184 5407 nostram
3208 5366 3238 5405 a
3254 5349 3344 5405 Dei
3375 5347 3630 5404 similitu-

2041 5425 2166 5480 dine
2210 5425 2490 5489 alienant,
2538 5433 2889 5489 transmutat,
2949 5434 3004 5478 et
3047 5424 3114 5477 ad
3163 5423 3516 5486 honestatem,
3563 5430 3631 5471 ac

2039 5494 2489 5569 pulchritudinem
2525 5506 2731 5569 parum:
2759 5495 3168 5569 convenientem
3195 5501 3317 5563 post
3351 5491 3491 5544 hunc
3514 5496 3626 5569 Sta-

2040 5574 2150 5619 tum
2181 5566 2427 5621 traducit.
2461 5566 2538 5621 Ad
2567 5565 2618 5619 id
2660 5578 2907 5631 namque,
2938 5565 3080 5635 quod
3109 5575 3322 5635 naturre
3357 5565 3626 5624 convenit,

2038 5635 2356 5691 deducimur
2382 5678 2397 5700 ,
2428 5647 2483 5692 et
2511 5636 2576 5711 ad
2608 5634 2771 5711 divini
2801 5632 3030 5711 Spiritus
3056 5632 3487 5711 communionem
3514 5668 3534 5711 ρ
3557 5643 3620 5681 ac

2040 5722 2329 5778 perennem
2365 5722 2485 5763 cum
2522 5708 2631 5763 Deo
2662 5700 2858 5776 vitam,
2886 5705 3009 5761 dum
3041 5705 3109 5761 de
3135 5704 3197 5760 iis
3222 5703 3382 5760 rebus
3401 5700 3622 5756 dimica-
