4032 6198
455 315 584 371 1071

456 448 595 485 tuus.
629 431 979 486 Attendamus
1034 431 1187 486 nobis
1216 431 1366 500 ipsis,
1408 445 1582 499 neque
1610 445 1674 484 ex
1725 439 2034 499 contemptu

458 517 595 570 opus
626 502 780 567 hujus
808 501 1000 556 divina:
1027 502 1388 556 similitudinis
1409 501 1748 557 dcstruamus
1767 543 1781 564 ,
1805 515 1872 555 eo
1897 502 2039 570 quod

461 586 664 627 moram
695 573 850 626 faciat
877 572 1058 627 venire
1085 572 1340 627 Dominus
1387 590 1399 625 :
1431 588 1500 626 ne
1530 572 1670 626 inani
1712 586 1811 626 nos
1849 571 2039 626 fiducia

461 640 724 705 fallamus,
745 651 801 695 ut
834 643 1039 696 Domini
1069 653 1333 712 praecepta
1359 643 1618 697 violemus
1638 683 1652 703 ,
1686 657 1818 696 neve
1843 641 2040 711 despe-

464 722 642 766 mnes
672 712 809 766 istud
842 729 939 767 nos
967 713 1223 782 consequi
1253 728 1425 781 posse,
1475 713 1878 767 similitudinem
1904 753 1919 773 ,
1953 714 2038 766 in-

460 798 640 851 quam,
678 782 794 846 Dei,
829 793 1099 839 certamen
1126 784 1437 838 deseramus
1471 799 1696 838 :verum
1723 783 1860 836 adsit
1889 784 2042 837 nobis

460 868 584 922 spes
621 863 841 922 propter
883 870 1026 916 eum,
1053 852 1144 923 qui
1171 855 1439 923 prazcepit.
1483 863 1537 908 et
1565 854 1629 908 ad
1657 853 1707 908 id
1736 853 1875 921 quod
1908 869 2044 921 pra-

460 932 671 990 ceptum
711 933 794 978 cst
829 925 1251 994 exsequendum,
1279 927 1463 989 robur,
1497 926 1745 993 viresque
1774 923 1996 991 largitur
2024 940 2039 976 :

460 1003 797 1063 contemptus
841 1003 1041 1059 autem,
1081 1004 1136 1048 et
1181 996 1382 1050 incuria
1410 996 1568 1061 absit,
1597 995 1740 1064 quod
1769 995 2041 1064 graviores

463 1079 647 1132 pennas
674 1066 744 1119 ob
772 1064 892 1132 ejus
919 1065 1371 1135 longanimitatem
1400 1076 1813 1134 exSpeetemus:
1843 1074 2040 1132 quanto

462 1135 604 1189 enim
623 1145 903 1190 cunctatur
926 1136 1125 1191 diutius
1142 1137 1476 1202 longanimis,
1503 1136 1928 1192 emendationem
1956 1150 2042 1189 re-

461 1206 701 1274 quirens,
737 1216 882 1260 tanto
909 1208 1122 1276 gravius
1150 1207 1528 1276 indignabitur,
1560 1207 1604 1261 si
1651 1223 1754 1259 non
1786 1205 2041 1260 emende-

467 1292 607 1341 mur,
626 1276 767 1348 etin
797 1293 895 1331 nos
923 1286 980 1332 ut
1007 1279 1289 1332 violatores
1312 1277 1497 1348 gratia:
1521 1277 1856 1348 stueacriter
1878 1277 2046 1344 impeâ€”

465 1355 573 1400 tum
617 1345 790 1402 faciet.
838 1348 1260 1403 Coutemnantur
1297 1345 1474 1402 autem
1511 1363 1542 1402 a
1571 1347 1720 1402 vobis
1756 1349 1929 1416 potius
1955 1362 2041 1402 res

465 1418 624 1485 hujus
644 1419 823 1472 smcnli
846 1435 1052 1485 omnes,
1075 1434 1232 1485 quam
1251 1419 1486 1473 divinum
1517 1419 1853 1472 mandatum:
1879 1418 2043 1471 multa

464 1489 731 1559 siquidem
758 1499 898 1554 sunt,
928 1505 1046 1559 qure
1086 1489 1237 1544 facile
1257 1489 1706 1544 excandescentes
1732 1489 1798 1543 ad
1828 1490 2041 1542 iracun-

464 1558 606 1612 diam
647 1558 958 1629 impellunt.
986 1560 1084 1626 Qui
1117 1576 1245 1614 vero
1281 1560 1539 1614 tremendi
1571 1560 1710 1628 regis
1737 1559 2042 1612 mandatum

468 1639 700 1693 veretur,
731 1647 798 1685 ne
821 1631 1039 1684 omnino
1060 1632 1353 1685 irascamur
1374 1629 1725 1699 prohibentis,
1753 1644 1940 1683 omnes
1969 1630 2045 1681 fa-

466 1701 571 1754 cile
597 1711 944 1766 contemnet,
977 1702 1063 1771 qui
1094 1703 1264 1769 ipsam
1305 1701 1569 1754 voluerint
1602 1701 1833 1771 irritare.
1867 1699 2044 1753 Facile

469 1785 626 1838 porro
651 1785 744 1826 eos
771 1770 1035 1832 tolerabit,
1066 1787 1094 1824 a
1117 1771 1310 1840 quibus
1337 1786 1584 1825 sermone
1610 1770 1926 1824 offenditur:
1961 1785 2045 1837 pa-

469 1842 662 1894 tienter
681 1851 855 1894 autem
886 1856 1070 1895 eorum
1099 1842 1228 1896 feret
1248 1841 1488 1909 injurias,
1519 1856 1547 1894 a
1569 1841 1760 1910 quibus
1790 1839 1939 1894 factis
1967 1841 2044 1908 ip-

468 1912 539 1964 sis
569 1911 822 1975 lmdetur;
859 1920 912 1964 et
938 1911 1254 1982 percutienti
1299 1913 1562 1965 maxillam
1591 1911 1850 1982 praebebit
1874 1921 1928 1964 et
1960 1911 2043 1964 al-

470 1993 658 2044 teram,
682 1982 1009 2050 verbumque
1036 1991 1189 2050 turpe
1218 1982 1555 2036 contumelim
1584 1996 1740 2036 causa
1758 1981 2042 2049 jacieutem

471 2056 729 2116 generose
754 2067 815 2105 ac
841 2051 1048 2106 fortiter
1080 2053 1235 2115 feret,
1262 2052 1557 2106 admirabili
1586 2053 1831 2105 nimirum
1859 2067 2044 2104 conso-

472 2121 666 2174 latione
694 2132 984 2187 recreatus,
1022 2138 1088 2176 ex
1127 2139 1190 2176 eo
1217 2123 1358 2191 quod
1389 2123 1571 2177 beatus
1602 2122 1918 2191 praedicetur
1942 2163 1955 2185 ,
1982 2137 2046 2178 ac

473 2193 697 2247 Domino
716 2193 968 2247 ohediens
998 2194 1296 2263 reperiatur
1327 2210 1342 2244 :
1372 2193 1633 2260 simulque
1663 2193 1916 2262 reprimat
1938 2193 2044 2246 ira-

473 2263 718 2316 cundiam
745 2265 796 2316 in
827 2263 1064 2322 fratrem.
1085 2263 1513 2318 ctdenuutiatmn
1539 2263 1798 2333 ejusmodi
1829 2272 2045 2331 peccato

469 2333 784 2402 supplicium
808 2337 985 2389 evitet.
1017 2335 1125 2389 Hac
1161 2336 1358 2388 etenim
1380 2335 1446 2388 de
1466 2349 1624 2388 causa
1653 2349 1750 2389 nos
1792 2335 2045 2388 Dominus

470 2401 803 2464 cohortatur,
824 2415 879 2458 ut
900 2420 996 2459 nos
1016 2406 1083 2458 ab
1106 2407 1248 2458 omni
1277 2404 1751 2474 perturbationum,
1771 2405 1963 2473 quibus
1977 2405 2044 2459 ad

469 2489 663 2541 corpus
701 2475 980 2538 afficimur,
1038 2478 1356 2542 contagione
1385 2475 1732 2537 viudicemus,
1765 2485 1820 2529 et
1870 2477 2044 2530 avari-

473 2543 597 2598 tiam
625 2544 906 2612 fugiamus,
933 2547 1219 2616 gloriaeque
1245 2547 1586 2615 cupiditatem
1609 2561 1934 2609 aversemur,
1967 2553 2047 2600 at-

471 2629 574 2679 que
587 2618 830 2684 ioinuino,
864 2626 1000 2670 utne
1027 2618 1278 2684 voluptati
1303 2617 1477 2670 locum
1495 2617 1552 2668 in
1571 2617 1722 2669 nobis
1739 2617 1947 2673 demus.
1979 2631 2044 2670 ne

471 2683 597 2751 quid
625 2699 690 2738 cx
737 2685 851 2738 istis
875 2688 1102 2738 animam
1132 2696 1365 2740 nostram
1397 2686 1534 2739 male
1563 2686 1803 2739 affectam
1829 2686 2038 2753 reddat,

471 2761 525 2807 et
557 2768 623 2807 ne
647 2754 804 2807 alieni
831 2770 860 2807 a
883 2755 1078 2822 Spiritu
1101 2769 1285 2809 saneto
1315 2755 1618 2810 reddamur.
1652 2755 1750 2822 Qui
1778 2757 1918 2809 enim
1951 2772 2044 2823 pe-

473 2823 657 2877 cunias
685 2833 1028 2880 contemnere
1055 2825 1275 2879 edoctus
1304 2836 1406 2886 est,
1425 2826 1692 2891 quomodo
1723 2835 1937 2894 propter
1953 2841 2044 2894 pe-

473 2894 1001 2966 cuniasirritabitur
1054 2912 1325 2965 umquam,
1385 2896 1511 2950 licet
1551 2898 1638 2959 sit,
1665 2899 1752 2966 qui
1787 2910 1879 2950 eas
1915 2896 2044 2950 velit

472 2965 714 3033 abripere
737 2965 761 3019 ?
784 2965 846 3019 Et
875 2967 962 3034 qui
990 2967 1211 3036 gloriam
1243 2983 1348 3020 nun
1387 2968 1606 3035 appetit,
1637 2965 1903 3036 quomodo
1925 2967 2044 3036 glo.

476 3037 568 3106 rite
599 3051 756 3091 causa
779 3036 1169 3092 excandescet?
1211 3037 1359 3093 Exue
1404 3038 1579 3106 itaque
1610 3037 1930 3092 mundanum
1974 3038 2045 3090 in-

472 3105 782 3161 dumentum
806 3146 823 3172 ,
867 3118 918 3161 et
968 3107 1240 3177 spirituale
1286 3105 1647 3164 induezexue
1671 3118 1902 3163 veterem
1934 3107 2047 3161 hoâ€”

476 3177 706 3241 minem,
739 3188 796 3231 ut
841 3195 1032 3232 novum
1073 3179 1260 3232 induas
1293 3199 1306 3234 :
1337 3190 1623 3248 eapropter
1650 3178 1908 3246 siquidem
1955 3195 2042 3232 re-

473 3249 744 3312 generatio
762 3248 975 3313 dicitur,
1002 3258 1057 3304 et
1083 3249 1134 3303 iu
1159 3252 1325 3305 sacris
1342 3249 1536 3305 Literis
1558 3251 1872 3318 appellatur.
1911 3249 2041 3303 Nam

477 3318 666 3389 prioris
711 3327 881 3373 status
911 3320 1201 3374 mutatione
1228 3321 1424 3389 indiget
1455 3321 1598 3374 salus
1633 3328 1834 3381 nostra,
1860 3330 1916 3373 ut
1955 3320 2041 3374 alii

474 3387 542 3439 ab
567 3404 630 3440 eo
657 3389 797 3456 quod
827 3404 1010 3442 sumus
1034 3389 1242 3453 fiamus,
1275 3387 1488 3457 utquod
1519 3403 1722 3452 sumus,
1754 3405 1874 3444 esse
1903 3389 2046 3444 desi-

473 3472 678 3520 namus,
692 3459 848 3510 aliam
862 3468 1035 3511 autem
1051 3461 1208 3511 vitam
1225 3459 1551 3520 inchoemus,
1568 3475 1726 3528 quam
1738 3467 1860 3514 ante
1873 3469 2046 3514 trans-

469 3529 795 3597 gressionem
819 3528 1168 3583 sectabamur.
1185 3528 1298 3582 Non
1323 3533 1464 3582 enim
1494 3529 1677 3583 talises
1691 3532 1829 3597 apud
1852 3530 2038 3596 Deum,

470 3596 642 3675 qualis
662 3613 689 3649 a
714 3598 936 3675 pueritia
959 3597 1100 3652 fuisti
1127 3615 1138 3652 :
1169 3613 1339 3675 neque
1360 3599 1489 3675 tales
1505 3614 1572 3654 ex
1589 3596 1857 3655 creatione
1884 3615 1914 3675 a
1934 3601 2042 3656 Deo

471 3665 605 3720 facta
632 3683 809 3722 mores
837 3668 1078 3733 haberes,
1107 3665 1290 3736 quales
1319 3685 1383 3724 ex
1415 3669 1642 3724 humana
1671 3672 2036 3736 generatione.

472 3739 506 3812 gi
518 3736 608 3812 udi
622 3739 795 3812 itaque
814 3739 1082 3808 jurantctn
1105 3740 1402 3805 Dominum,
1421 3749 1478 3795 et
1498 3741 1642 3806 time,
1658 3736 1814 3794 [lmen
1831 3741 2035 3812 quippe,

470 3806 655 3876 inquit.
681 3806 1000 3881 dicofvobis,
1049 3811 1146 3864 nisi
1168 3812 1277 3881 quis
1315 3823 1464 3865 natus
1493 3814 1641 3881 fuerit
1679 3806 2040 3880 desuper,'non

467 3888 626 3954 potest
669 3880 877 3954 introire
913 3882 964 3954 in
991 3880 1198 3954 regnum
1226 3883 1464 3954 caelorum
1499 3880 1675 3951 (Joan.
1707 3885 1760 3936 3.
1789 3883 1864 3954 3).
1898 3886 2040 3950 Quo-

466 3949 605 4002 circa
635 3949 1255 4022 novam,incho:'t'vit:un,
1286 3949 1591 4020 derelinque
1626 3954 1676 4006 in
1708 3949 1935 4022 peccatis
1957 3955 2035 4006 iu-

466 4026 758 4074 vetcratam
792 4021 949 4092 vitam
977 4039 989 4074 :
1020 4023 1107 4092 qui
1139 4021 1253 4076 heri
1283 4023 1570 4075 fornicator
1596 4033 1728 4085 erat,
1754 4022 1912 4076 hodie
1943 4039 2036 4077 ca-

463 4099 575 4167 stus
604 4092 687 4143 fiat
709 4109 734 4167 _;
761 4090 851 4160 qui
882 4090 1362 4167 heri_iinn_toderate
1389 4092 1744 4167 helluabatur,
1773 4094 1939 4167 hodie
1948 4093 2028 4164 je-

460 4163 674 4224 junator
702 4164 828 4215 fiat:
860 4163 998 4230 qnml
1028 4163 1166 4216 male
1193 4163 1521 4226 centraxisti,
1553 4165 1814 4231 posterius
1839 4164 2032 4231 abjice,

464 4231 687 4303 utquod
719 4241 861 4287 recte
889 4250 916 4285 a
941 4233 1201 4303 principio
1226 4233 1404 4286 datmu
1429 4242 1532 4296 est,
1558 4249 1859 4303 recuperes.
1901 4231 2034 4290 Per-

460 4302 706 4358 exienum
733 4313 815 4358 est
839 4302 957 4358 sine
979 4305 1376 4372 perturbatione
1401 4319 1462 4360 ac
1487 4305 1602 4358 sine
1627 4302 1891 4360 iracundia
1916 4323 2037 4378 per-

459 4383 695 4425 tttauertt.
942 4420 955 4432 ,

530 4439 781 4496 Hortatur
804 4443 870 4496 ad
895 4445 1195 4512 iujuriarum
1238 4447 1599 4500 remissionem.
1619 4474 1692 4485 â€”
1717 4444 1816 4511 Qui
1845 4460 2031 4502 secun-

457 4509 583 4564 dum
614 4514 896 4585 imaginem
940 4509 1032 4568 Dei
1061 4518 1238 4570 vivere
1263 4517 1428 4585 cupit,
1461 4517 1503 4570 is
1527 4516 1596 4569 ab
1620 4509 1868 4571 omnibus
1904 4532 2035 4573 con-

461 4583 645 4647 tenmi,
679 4584 883 4652 deSpui,
915 4599 979 4637 ac
1023 4585 1289 4639 tloccificri
1321 4583 1498 4651 debet,
1544 4601 1665 4640 cum
1691 4588 1887 4652 verbis,
1922 4598 2030 4644 tum

459 4653 774 4725 fac_tis.Nam
821 4664 875 4725 et
922 4655 1119 4707 idcirco
1166 4671 1338 4724 neque
1373 4671 1468 4723 par
1504 4657 1701 4711 referre
1731 4659 1928 4712 malum
1953 4661 2029 4725 ei,

455 4723 544 4796 qui
577 4724 765 4792 injuria
791 4724 1060 4796 affecerat,
1079 4725 1259 4794 jussit,
1289 4741 1355 4779 nc
1379 4727 1423 4780 si
1455 4727 1525 4789 ci,
1549 4728 1638 4796 qui
1672 4728 1860 4796 injuria
1889 4739 1941 4784 te
1961 4723 2032 4784 af;

456 4792 600 4860 fecit,
627 4796 719 4863 par
750 4796 1014 4855 retuleris,
1044 4792 1419 4849 humanitatem
1447 4836 1459 4855 ,
1483 4792 1602 4864 quae
1627 4792 1916 4852 secundum
1946 4816 2032 4853 na-

457 4873 629 4919 turam
657 4875 760 4932 est,
791 4867 1102 4934 perdideris.
1121 4867 1236 4920 Noli
1254 4881 1380 4934 ergo
1404 4866 1539 4933 apud
1570 4876 1619 4921 te
1639 4869 1871 4936 prudens
1886 4884 2024 4934 esse,

455 4947 639 5006 ulpme
667 4939 754 5006 qui
781 4938 972 4992 merito
987 4952 1130 4999 eum,
1155 4951 1183 4989 a
1211 4951 1317 5005 quo
1344 4936 1503 4990 la-sus
1529 4936 1710 5002 fueris,
1731 4940 2022 4994 ulciscnris.

453 5004 756 5061 Recordare
813 5022 1087 5062 sacrorqu
1140 5004 1284 5061 Pauli
1332 5007 1796 5069 documentorum,
1855 5007 2028 5063 Nolite

449 5092 558 5131 esse
612 5079 878 5145 prudentes
917 5079 1058 5145 apud
1097 5079 1418 5148 vosmetipsos
1438 5120 1451 5142 ,
1494 5095 1651 5147 neque
1695 5079 1883 5130 malum
1937 5096 2026 5147 pro

451 5151 584 5202 man
604 5149 865 5202 reddentes
887 5147 1064 5219 (Rom.
1099 5149 1182 5202 l2.
1216 5147 1445 5218 16.17).
1478 5147 1590 5203 ÎÏ…Î¹Î¹
1619 5149 1917 5210 hanestum,
1947 5149 2026 5200 ul-

449 5227 620 5271 torem
641 5233 780 5285 esse,
808 5229 902 5273 aut
925 5222 1002 5272 sui
1034 5220 1199 5288 ipsius
1226 5219 1513 5275 vindictam
1541 5235 1780 5288 quarrere
1803 5237 1814 5273 :
1841 5233 2021 5272 verum

449 5288 650 5355 projtcc
701 5291 875 5356 potius
919 5299 1060 5343 tuam
1090 5290 1377 5345 vindictam
1419 5291 1473 5344 in
1520 5291 1704 5356 Deum,
1736 5290 1824 5359 qui
1869 5289 2023 5342 ultio-

447 5371 570 5431 nem
605 5361 722 5431 sine
747 5362 1016 5415 iracundia
1041 5362 1092 5415 in
1119 5375 1236 5431 eos,
1266 5375 1295 5431 Î¾Î¹
1323 5361 1513 5428 quibus
1544 5359 1688 5431 fuisti
1715 5361 1895 5431 laesus,
1923 5359 2019 5412 de-

446 5428 619 5500 mittet
676 5429 788 5485 Non
818 5433 1142 5500 vosmetipsos
1183 5430 1495 5495 ulciscentes,
1547 5430 1735 5500 inquit,
1780 5428 1869 5486 sed
1910 5431 2024 5482 date

448 5497 609 5551 locum
638 5502 744 5554 ine.
777 5497 1038 5570 Scriptum
1081 5511 1152 5555 est
1193 5502 1347 5567 enim,
1377 5501 1511 5555 Mihi
1539 5497 1756 5554 vindicta
1781 5519 1799 5565 ;
1828 5517 1916 5570 ego
1945 5516 2022 5553 re-

447 5571 685 5645 tribuam,
707 5572 836 5645 dicit,
849 5573 1103 5645 Dominus
1132 5572 1238 5645 (Ib.
1262 5588 1310 5645 tr.
1344 5572 1453 5644 19).
1472 5573 1548 5627 Ne
1571 5573 1739 5645 dicas,
1773 5574 2020 5645 pangito.

453 5640 673 5705 tribuit,
716 5643 1004 5698 retribuam
1036 5653 1088 5698 et
1109 5640 1225 5716 ego.
1258 5640 1546 5700 Considera
1582 5642 1705 5712 quid
1745 5642 1836 5698 tibi
1867 5640 2019 5695 Chri-

1945 314 2208 373 SPURIA.

3583 317 3736 376 1079

2153 440 2266 486 stus
2295 431 2612 496 ostenderit,
2640 446 2762 486 cum
2794 432 2844 485 in
2877 431 3131 487 mundum
3162 434 3413 498 venisset,
3438 443 3496 489 ut
3524 437 3728 490 saluta-

2149 518 2262 557 rem
2291 503 2409 556 vitze
2452 501 2677 556 formam
2714 512 3036 558 monstraret
3067 521 3081 556 :
3109 513 3268 572 atque
3316 506 3456 561 hunc
3492 507 3735 568 imitare,

2151 583 2206 626 ut
2234 573 2414 627 salvus
2444 572 2558 626 fias.
2589 572 2702 627 Non
2728 573 2866 626 enim
2901 574 3066 637 venit,
3102 573 3334 642 utjndex
3356 585 3518 638 esset,
3548 589 3640 631 aut
3676 590 3744 631 ut

2149 658 2261 717 eos,
2286 645 2377 717 qui
2395 643 2494 717 sibi
2524 643 2959 717 adversabantur.
2989 644 3372 717 ulcisceretur:
3400 663 3750 717 quamquam

2150 715 2264 781 ipse
2291 715 2506 786 quidem
2536 727 2657 786 (non
2705 714 2768 767 id
2787 714 3021 786 _agebat,
3051 724 3108 769 ut
3139 715 3350 785 aliquod
3377 714 3440 770 es
3473 714 3748 786 patientia

2149 785 2351 838 lucrum
2405 785 2653 849 ambiret,
2709 783 2803 837 sed
2856 793 2912 837 ut
2956 786 3178 840 salutem
3230 783 3431 840 mundo
3475 783 3746 842 afferret.

2148 855 2341 908 Christi
2375 871 2605 924 namque
2649 855 2898 924 patientia
2930 854 3126 909 diaboli
3158 856 3314 924 fregit
3340 858 3643 922 audaciam,
3687 869 3752 912 et

2150 925 2445 994 benignitas
2472 926 2680 997 Domini
2702 924 3087 997 ferocemrmali
3119 925 3350 981 furorem
3380 931 3753 997 expugnavit:

2148 1004 2201 1067 et
2246 1005 2298 1050 tu
2330 1011 2456 1066 ergo
2486 995 2708 1051 formam
2740 995 2877 1049 hanc
2903 996 2996 1050 tibi
3027 995 3092 1050 ad
3122 997 3434 1052 imitandum
3456 995 3750 1067 propone.

2147 1066 2262 1121 Non
2291 1067 2596 1138 succensuit
2622 1068 2686 1122 iis
2709 1083 2737 1119 a
2768 1067 2958 1136 quibus
2980 1068 3320 1138 contumeliis
3347 1066 3752 1138 proscindelta-

2150 1147 2234 1192 tur
2263 1155 2278 1192 :
2306 1138 2401 1192 sed
2453 1137 2815 1193 Samaritanus
2863 1146 2916 1191 et
2958 1137 3223 1208 dmmonio
3269 1137 3545 1208 correptus
3601 1155 3748 1194 cum

2148 1209 2528 1278 appellaretur,
2557 1208 2783 1278 benigne
2802 1222 2866 1261 ac
2889 1207 3094 1276 placide
3119 1208 3184 1263 iis
3213 1209 3302 1278 qui
3325 1207 3744 1268 hocâ€™dicebant.

2149 1279 2506 1345 respondebat
2533 1295 2546 1332 :
2597 1279 2704 1350 Ego
2729 1279 3039 1350 da'monium
3060 1295 3160 1350 non
3186 1279 3342 1332 habeo
3369 1320 3383 1344 ,
3407 1281 3752 1350 sedi/zonari-

2148 1351 2246 1419 ï¬co
2277 1350 2480 1404 Patrem
2509 1366 2674 1402 meum
2701 1363 2722 1412 ;
2764 1366 2850 1402 vos
2887 1365 3002 1402 vero
3024 1349 3342 1403 inhonoratis
3365 1364 3461 1402 me.
3493 1349 3611 1420 Ego
3635 1368 3754 1402 Ï„Î·Î¹-

2148 1431 2245 1474 tem
2271 1437 2371 1474 non
2395 1436 2564 1488 qurere
2587 1420 3006 1490 gloriamimeam,
3032 1429 3100 1472 est
3125 1421 3213 1489 qui
3239 1428 3429 1488 auter-at
3457 1461 3472 1484 ,
3495 1431 3544 1472 et
3571 1421 3749 1490 judi-

2148 1502 2225 1544 cet
2253 1491 2431 1557 (Joan.
2461 1491 2514 1545 8.
2547 1493 2636 1544 49.
2666 1490 2778 1560 50).
2810 1489 2990 1558 Itaque
3018 1498 3074 1546 et
3100 1499 3154 1544 tu
3186 1492 3290 1544 noli
3329 1500 3381 1546 te
3425 1489 3599 1560 ipsum
3649 1491 3750 1544 ul.

2147 1563 2274 1616 cisci
2299 1602 2314 1627 ,
2342 1559 2869 1630 exspectajudiCem.
2905 1561 2958 1615 Si
2991 1559 3131 1613 cnim
3157 1561 3326 1628 judex
3350 1559 3494 1630 ipse,
3522 1577 3648 1616 cum
3681 1561 3748 1615 in

2149 1632 2377 1686 humana
2419 1633 2587 1684 forma
2613 1631 2964 1700 apparuisset,
2999 1646 3104 1684 non
3132 1632 3395 1696 retribuit,
3435 1647 3557 1686 cum
3602 1647 3752 1701 pns-

2148 1713 2250 1765 set,
2275 1703 2369 1757 sed
2403 1702 2497 1756 Dei
2524 1702 2780 1771 judicium
2809 1701 3142 1771 exspectavit
3170 1719 3185 1756 :
3213 1702 3340 1756 Cum
3380 1703 3518 1758 enim
3565 1705 3752 1757 male-

2148 1775 2397 1826 dic-eretur
2419 1815 2434 1837 ,
2475 1790 2575 1826 non
2607 1772 2929 1842 maledicebat
2954 1788 2974 1825 :
3000 1787 3112 1825 cum
3139 1782 3392 1842 pateretur
3415 1815 3430 1840 ,
3459 1789 3560 1826 non
3586 1790 3750 1826 ratu-

2147 1844 2476 1907 minabatur;
2507 1841 2732 1896 tradebat
2779 1857 2944 1914 autem
2966 1843 3221 1914 judicanti
3283 1847 3416 1914 iuste
3482 1845 3532 1908 (1
3577 1843 3744 1898 Petr.

2148 1917 2203 1969 2.
2233 1914 2349 1978 25).
2392 1915 2459 1967 Et
2498 1922 2552 1967 tu
2579 1928 2707 1982 ergo
2755 1914 2824 1967 ita
2856 1912 3034 1978 facito,
3066 1927 3130 1967 ac
3179 1912 3455 1967 Dominum
3487 1915 3743 1982 imitare,

2147 1987 2235 2055 qui
2267 1985 2332 2038 ad
2355 1999 2566 2038 crucem
2593 1999 2761 2055 usque
2783 1983 3024 2051 injuriam
3055 1984 3271 2055 pertulit
3289 1984 3500 2053 impiam
3525 2027 3542 2046 ,
3563 1996 3747 2052 atque

2147 2053 2309 2111 exitio
2335 2056 2508 2124 dignis
2529 2053 2752 2108 salutem
2782 2055 3114 2120 procurabat.
3142 2054 3230 2108 Sic
3255 2055 3395 2108 enim
3424 2057 3487 2108 ad
3505 2055 3742 2109 Patrem

2147 2127 2342 2188 aiebat,
2394 2124 2602 2177 Dimitte
2627 2124 2730 2179 illis
2773 2125 2867 2178 hoc
2906 2136 3184 2193 peccatum,
3223 2142 3322 2178 non
3365 2125 3495 2178 enim
3531 2127 3740 2192 sciunt,

2147 2198 2269 2267 quid
2297 2197 2487 2269 faciunt
2515 2195 2663 2269 (Luc.
2715 2195 2804 2269 á¼Î¾).
2855 2196 2970 2269 54).
2999 2195 3191 2265 lnjuria
3232 2205 3283 2250 te
3324 2195 3485 2269 frater
3519 2195 3738 2269 affecit,

2147 2265 2306 2321 visus
2334 2276 2416 2322 est
2461 2266 2707 2335 indignus
2743 2266 3071 2320 fraternitate
3116 2283 3129 2319 :
3167 2273 3222 2319 at
3251 2274 3304 2319 tu
3334 2265 3744 2321 fraternitatem

2149 2353 2253 2392 non
2279 2338 2515 2392 destrue.
2540 2336 2726 2391 Frater
2753 2345 2873 2390 tuus
2893 2336 3108 2406 .Iosephi
3139 2335 3327 2391 fratres
3357 2337 3596 2390 imitatus
3622 2349 3741 2403 est,

2148 2409 2322 2464 fratris
2347 2407 2545 2463 caedem
2577 2407 2905 2462 machinatus
2925 2415 3004 2460 est
3023 2447 3038 2471 ,
3065 2407 3333 2462 inimicum
3355 2423 3412 2461 se
3435 2423 3529 2473 pro
3563 2407 3745 2463 fratre

2147 2480 2417 2546 ostendit,
2470 2487 2628 2548 teque
2658 2495 2749 2545 per
2775 2493 3041 2532 summum
3071 2478 3246 2548 scelus
3277 2478 3500 2546 impetiit
3530 2519 3544 2537 ,
3582 2480 3740 2532 nulla

2147 2560 2466 2622 provocatus
2511 2547 2782 2622 injuria_te
2812 2547 2992 2622 |_a_:sit_:4
3014 2556 3068 2601 at
3098 2547 3262 2622 tu_fac
3287 2549 3640 2622 contrarium,
3672 2561 3738 2602 ut

2147 2618 2200 2675 et
2233 2631 2285 2674 Î¹Î¹Î¹
2316 2635 2434 2674 cum
2465 2630 2680 2674 cantore
2707 2618 2906 2688 Davide
2943 2619 3109 2680 dicas,
3141 2619 3266 2673 Cum
3292 2619 3370 2672 his
3397 2621 3484 2688 qui
3509 2620 3740 2672 oderunt

2148 2707 2321 2761 pacem
2353 2732 2367 2754 ,
2396 2707 2530 2743 erant
2555 2690 2798 2761 paci/iens
2827 2687 2994 2760 (Psal.
3029 2689 3151 2744 119.
3184 2690 3259 2761 á¼¶).
3294 2687 3454 2744 Viuite
3499 2691 3549 2742 in
3584 2689 3740 2744 bono

2146 2760 2342 2814 malum
2376 2779 2390 2814 :
2420 2775 2643 2829 provoca
2662 2760 2855 2826 ipsum,
2883 2769 2938 2814 et
2968 2761 3124 2814 incita
3153 2760 3216 2812 ad
3264 2761 3479 2824 bonum,
3509 2761 3735 2815 iracun-

2147 2830 2287 2884 diam
2318 2833 2496 2900 frange
2515 2830 2841 2899 benignitate
2869 2847 2884 2887 :
2913 2829 2995 2885 fac
3023 2831 3279 2899 intelligat
3298 2846 3356 2886 se
3387 2832 3580 2897 injuria
3615 2848 3734 2898 per-

2147 2904 2294 2970 sequi
2323 2901 2590 2955 Christum
2615 2902 2666 2954 in
2699 2911 2768 2967 te,
2799 2911 2852 2954 et
2879 2901 3093 2970 dignum
3117 2916 3220 2955 non
3243 2917 3360 2956 esse
3389 2913 3460 2966 te,
3492 2901 3583 2970 qui
3611 2916 3736 2970 per-

2148 2972 2516 3041 sequutionem
2550 2972 2783 3040 patiaris,
2814 2972 3074 3027 declares.
3107 2974 3174 3026 At
3195 2973 3333 3026 enim
3358 2973 3604 3042 pertinax
3622 2983 3729 3036 ÎµÎµÎ¹,

2147 3057 2319 3112 neque
2339 3043 2608 3098 emendari
2639 3051 2829 3110 potest,
2860 3053 2961 3112 aut
2988 3043 3072 3096 illa
3107 3052 3191 3097 tua
3215 3042 3539 3112 benignitate
3567 3058 3730 3096 com-

2148 3111 2351 3168 moveri
2397 3129 2411 3166 Îµ
2442 3129 2503 3167 ac
2533 3113 2721 3168 bellua:
2750 3111 2963 3182 quidem
2990 3113 3054 3168 ad
3085 3111 3357 3166 hominum
3385 3112 3730 3166 familiaria-

2149 3192 2253 3238 tem
2295 3184 2502 3238 cicures
2557 3184 2709 3238 facta:
2749 3185 3112 3246 traducuntur,
3145 3183 3233 3238 ille
3273 3198 3398 3237 vero
3437 3184 3731 3238 immanior

2147 3254 2336 3308 belluis
2362 3263 2440 3307 est
2469 3253 2635 3308 factus
2665 3271 2681 3308 Îµ
2710 3269 2777 3308 ne
2804 3254 3003 3308 idcirco
3032 3255 3162 3309 velis
3187 3268 3306 3307 cum
3330 3253 3592 3322 ejusmodi
3627 3254 3727 3306 ho-

2148 3326 2290 3379 mine
2330 3324 2512 3389 rixari,
2562 3340 2700 3379 neve
2746 3325 3071 3379 iracundiam
3117 3339 3237 3378 cum
3269 3324 3536 3380 iracundia
3565 3338 3722 3379 com~

2146 3394 2344 3465 mittas.
2373 3395 2516 3464 Fuge
2537 3395 2733 3464 potius,
2767 3405 2822 3448 ut
2851 3396 3173 3465 periculosas
3194 3395 3606 3465 cautessapiens
3621 3410 3724 3464 gu-

2144 3464 2398 3520 bernator
2428 3480 2442 3523 :
2470 3466 2692 3520 observa
2729 3464 2906 3519 autem
2937 3467 3074 3519 sicut
3100 3464 3245 3534 aspis
3268 3464 3448 3528 surda,
3478 3475 3534 3520 et
3557 3467 3722 3519 obtu-

2143 3551 2268 3591 rans
2297 3551 2454 3591 aures
2482 3550 2625 3601 suas,
2650 3551 2769 3604 qum
2795 3551 2899 3590 non
2927 3535 3175 3592 exaudiet
3203 3550 3385 3590 vocem
3435 3537 3721 3590 incantan-

2148 3606 2213 3660 tis
2240 3605 2410 3673 (Psal.
2459 3606 2546 3661 57.
2576 3607 2628 3660 5.
2657 3605 2736 3670 6).
2781 3606 3002 3662 Redime
3054 3615 3264 3675 tempus
3285 3648 3299 3672 ,
3333 3606 3584 3670 Quoniam
3610 3607 3721 3660 dies

2143 3677 2267 3731 mali
2302 3687 2416 3750 sunt
2465 3676 2625 3750 (Epit.
2665 3677 2864 3750 5.16).
2892 3676 2947 3732 ln
2991 3677 3250 3750 sapientia
3275 3676 3508 3741 ambula,
3536 3677 3714 3750 sciens

2146 3746 2484 3818 peregrinum
2507 3746 2560 3803 et
2591 3748 2850 3818 hospitem
2879 3763 2997 3803 esse
3022 3746 3072 3803 te
3099 3748 3156 3818 in
3173 3756 3334 3818 terra,
3361 3746 3715 3818 quemadmo-

2143 3817 2289 3890 dum
2318 3827 2371 3890 ct
2397 3828 2573 3887 patres
2596 3820 2667 3872 tui
2690 3817 2860 3873 fuere
2890 3817 3072 3890 (Leuit.
3101 3817 3190 3872 19.
3221 3817 3332 3890 3t).
3364 3817 3490 3871 Ovis
3519 3817 3570 3870 in
3603 3832 3716 3890 me-

2141 3888 2285 3941 dium
2315 3889 2556 3956 luporum
2607 3890 2802 3944 missus
2831 3888 2970 3944 es'tu
2998 3904 3210 3958 quoque
3234 3931 3248 3955 ,
3277 3889 3412 3942 sicut
3433 3888 3658 3958 apostoli
3690 3903 3710 3945 :

2144 3959 2248 4012 noli
2282 3959 2392 4013 fieri
2425 3975 2518 4029 pro
2547 3975 2646 4014 ove
2673 3961 2847 4029 lupus,
2876 3975 2994 4013 cum
3027 3960 3164 4027 lupis
3189 3959 3540 4012 eontendens.
3571 3957 3714 4012 Cave

2141 4037 2391 4095 quantum
2436 4039 2605 4098 potes,
2653 4047 2718 4084 ne
2742 4031 3047 4084 thesaurum
3073 4029 3290 4099 justitize
3321 4029 3550 4097 perdas;
3583 4043 3715 4082 cave

2141 4099 2233 4152 tibi
2281 4116 2309 4152 a
2348 4099 2705 4169 direptoribus
2733 4120 2747 4165 ;
2777 4101 3007 4169 prudens
3035 4110 3096 4154 ut
3119 4114 3340 4166 serpens
3367 4114 3496 4152 cave
3526 4099 3618 4151 tibi
3647 4099 3713 4151 ab

2145 4169 2372 4226 insidiis.
2401 4171 2457 4227 Si
2479 4186 2606 4227 vero
2635 4171 2788 4226 laedat
2811 4173 2971 4226 etiam
2993 4181 3045 4226 te
3070 4173 3243 4240 lupus,
3267 4171 3311 4223 si
3340 4169 3581 4223 membra
3605 4169 3715 4223 dis-

2146 4253 2424 4312 cerpturus
2445 4243 2529 4306 sit,
2565 4258 2796 4309 prmpara
2827 4251 2897 4308 te,
2927 4251 2985 4295 ut
3011 4241 3181 4305 feras,
3208 4254 3418 4312 memor
3437 4241 3710 4312 illius,qui

2138 4309 2281 4374 dicit,
2317 4312 2462 4366 Facti
2507 4329 2677 4366 sumus
2714 4315 2839 4366 sicut
2880 4328 2994 4366 oves
3027 4312 3288 4365 occisionis
3319 4309 3440 4380 (Ps.
3471 4311 3565 4366 43.
3592 4311 3707 4380 â€™á¼á¾·Ï‚

2137 4381 2289 4437 Rom.
2339 4385 2391 4438 8.
2425 4383 2514 4450 36)
2552 4382 2880 4450 :respiciens
2917 4383 2968 4436 in
2998 4383 3168 4452 ipsum
3199 4379 3500 4446 Dominum,
3525 4385 3615 4450 qui
3644 4379 3712 4434 Ut

2136 4453 2240 4505 ovis
2273 4454 2340 4505 ad
2372 4453 2734 4506 immolandum
2762 4453 2941 4505 ductus
2962 4463 3036 4505 est
3059 4495 3073 4513 .
3127 4462 3171 4505 et
3197 4453 3323 4505 sicut
3348 4467 3512 4518 agnus
3535 4468 3706 4505 coram

2132 4523 2375 4603 tondente
2403 4539 2481 4585 se,
2515 4532 2693 4603 mutus
2723 4521 2862 4603 (Isa.
2913 4523 3004 4579 53.
3033 4523 3252 4603 7;_A_ct.
3290 4521 3352 4603 8_._
3373 4521 3486 4586 32).
3523 4519 3714 4603 Veniet

2130 4603 2184 4650 et
2209 4606 2312 4648 tttaa
2332 4602 2545 4661 tempus
2560 4591 2821 4656 victoriae,
2853 4609 2999 4658 cum,
3018 4595 3206 4653 multis
3227 4593 3387 4646 malis
3408 4607 3532 4645 cum
3555 4591 3712 4642 Chri-

2132 4674 2217 4721 sto
2240 4665 2506 4728 toleratis,
2537 4663 2826 4718 deviceris.
2853 4662 2983 4718 Nam
3006 4673 3060 4719 et
3084 4665 3346 4719 Dominus
3371 4677 3479 4716 non
3505 4662 3714 4712 rixatus

2134 4743 2234 4798 est,
2289 4751 2391 4787 non
2445 4733 2761 4787 vociferatus
2809 4741 2911 4796 est,
2952 4748 3126 4802 neque
3167 4732 3368 4784 audivit
3411 4733 3464 4782 in
3514 4733 3708 4802 plateis

2132 4806 2410 4870 quisquam
2449 4817 2633 4858 vocem
2671 4804 2786 4871 ejus
2817 4818 2832 4856 :
2875 4798 3308 4872 utApostolusin
3341 4798 3707 4872 promptuba-

2135 4869 2348 4928 herese
2379 4874 2490 4941 ait,
2519 4869 2733 4928 omnem
2762 4869 3174 4927 inobedientiam
3196 4871 3376 4925 ulcisci
3401 4885 3574 4941 ,Acum
3602 4869 3701 4941 im:

2137 4943 2273 5008 plcta
2308 4938 2685 4999 fueritâ€™eorum
2733 4943 3031 4998 obedientia
3063 4943 3081 5012 (
3109 4941 3164 4996 2.
3218 4941 3334 4994 Cor.
3378 4939 3466 4994 10.
3499 4943 3531 4994 6
3558 4938 3600 5008 ),
3623 4939 3712 5007 qui

2128 5015 2405 5067 ohediunt.
2437 5016 2566 5067 Dum
2597 5029 2723 5069 vero
2749 5013 2888 5068 Deus
2904 5012 3218 5082 longanimis
3239 5020 3341 5075 est,
3373 5021 3437 5082 get
3475 5020 3531 5082 tu
3562 5013 3706 5078 long~

2129 5084 2322 5136 animis
2352 5095 2468 5136 esto
2497 5103 2509 5137 :
2541 5085 2666 5139 dum
2698 5083 2856 5139 hodie
2890 5078 3099 5152 quoqtte
3128 5078 3631 5152 patituriChristus,
3664 5090 3711 5152 te

2129 5155 2384 5219 patiente,
2416 5165 2634 5223 propter
2675 5150 2943 5210 Christum
2987 5150 3215 5206 tolerare
3241 5150 3710 5223 ctâ€˜Christiimini-

2125 5233 2292 5275 stram
2321 5220 2551 5292 Oportet.
2585 5225 2762 5278 Clama
2789 5224 2854 5278 ad
2909 5224 3076 5288 illttm,
3109 5232 3164 5277 et
3204 5220 3492 5276 vindictam
3534 5222 3705 5292 faciet,

2126 5293 2231 5364 cito
2258 5291 2644 5350 cortstininiabit
2675 5295 3001 5364 iniquitatem
3043 5303 3406 5364 peccatorum,
3434 5304 3491 5346 et
3520 5291 3706 5364 diriget

2120 5362 2321 5435 justum
2354 5366 2492 5418 Deus
2531 5365 2693 5434 judex
2735 5361 2913 5435 justus
2955 5374 3010 5420 ct
3046 5361 3244 5434 potens
3293 5373 3346 5417 et
3387 5361 3703 5431 longanimis

2127 5433 2347 5507 (Psalm.
2375 5436 2426 5490 â€™1.
2461 5433 2572 5502 12);
2605 5433 2922 5507 longanimis
2945 5433 3086 5489 enim
3119 5439 3702 5507 est_et_cu_nctatnr,_ut

2123 5519 2222 5631 IAIOS
2268 5506 2335 5560 ad
2376 5501 2565 5578 ipsum
2592 5501 3009 5564 convertamur:
3060 5505 3145 5562 cui
3180 5503 3350 5576 gloria
3379 5503 3433 5557 in
3483 5501 3701 5556 smculs.

2172 5591 2314 5631 men.

2172 5591 2314 5632 men.
