4032 6198
1351 269 1437 323 DE
1478 266 1822 329 FUGIENDA
1867 268 2215 327 διΜυωτΑ
2256 267 2516 324 SPEClE.
3434 262 3530 319 1οτ

1732 641 2136 705 MONITUM.

306 857 369 902 ut
410 854 540 900 sunt
570 837 985 911 ὲπιμορφάζειν,
1019 833 1340 899 ἁτονιάζειν,
1381 846 1437 890 et
1476 835 1582 891 alia
1627 851 1749 905 qua:
1795 845 1870 890 stt

1976 849 2073 888 sus
2121 830 2299 902 quivis
2323 828 2694 901 Chrysostomi
2749 829 2917 884 lector
2945 828 3356 887 anitnadvcrtct.
3404 834 3566 893 atque

308 938 456 993 inter
506 934 691 1006 spuria
739 931 881 985 hanc
933 924 1212 981 bomiliam
1266 925 1463 981 merito
1498 926 1683 997 jacere
1724 942 1833 980 non
1867 924 2078 981 inficias
2120 922 2239 977 ibit.

380 1015 758 1096 Interpretatio
795 1021 984 1078 Latina
1010 1033 1094 1079 est
1121 1022 1413 1078 Frontonis
1450 1021 1652 1078 Ductei.

338 1216 3445 1249 Μ..
3499 1212 3541 1223 ..-

724 1457 821 1512 DE
852 1454 1233 1512 FUGIENDA
1276 1452 1650 1512 SIMULATA
1696 1451 1992 1514 SPECIE.
2039 1449 2127 1506 AC
2170 1450 2471 1507 MINIME
2520 1450 2740 1518 VERA,
2785 1449 3133 1508 HOMILIA.

373 1851 579 1907 Rursus
631 1852 935 1922 evangelica
991 1853 1145 1910 nobis
1187 1854 1242 1910 in
1295 1869 1485 1909 manus
1513 1855 1772 1911 sumenda
1798 1866 1882 1911 est

291 1921 444 1989 tuba,
474 1932 528 1978 et
556 1921 945 1979 Domini’vobis
968 1925 1263 1980 admonitio
1289 1926 1604 1981 enarranda.
1628 1927 1883 1982 Attendite

293 1993 460 2077 enim,
488 1994 677 2077 inquit,
692 2011 738 2077 ,α
767 1995 914 2077 falsis
944 1995 1245 2077 prophetis,
1268 1996 1354 2067 qui
1394 1997 1606 2077 veni-unt.
1622 1997 1690 2051 ad
1716 2013 1802 2052 vos
1827 1998 1880 2052 in

292 2065 599 2138 vestimentis
620 2067 813 2131 ovium,
835 2065 1135 2121 intrinsecus
1158 2065 1327 2121 autem
1346 2077 1463 2122 sunt
1496 2068 1606 2138 lupi
1631 2084 1841 2138 rapaces
1860 2084 1881 2123 :

291 2150 326 2187 α
373 2135 620 2205 fructibus
666 2152 841 2190 eorum
891 2138 1199 2206 cngnoscelis
1247 2153 1331 2192 eos
1380 2135 1622 2261 gladii.
1654 2135 1876 2202 7ζ15).

291 2204 427 2259 Nam
457 2221 523 2260 ex
553 2206 640 2261 iis.
676 2222 797 2261 quae
829 2207 881 2260 in
907 2206 1022 2261 dies
1046 2216 1326 2261 seruntur.
1356 2224 1387 2261 ιι
1408 2209 1551 2261 iiuue
1576 2211 1785 2261 species
1805 2210 1876 2261 si-

290 2204 427 2278 Nam
457 2206 640 2278 exiis,
676 2207 881 2278 quaiin
907 2204 1022 2261 dies
1036 2216 1326 2278 geruntur,
1356 2204 1551 2276 ubique
1576 2211 1785 2278 Species
1805 2210 1878 2264 si-

290 2276 490 2338 mulata
517 2275 952 2346 deprehenditur.
1006 2275 1267 2348 siquidem
1303 2293 1333 2331 a
1385 2275 1658 2334 voluntate
1700 2280 1876 2334 dima-

291 2355 425 2400 nant
450 2348 688 2403 actiones
713 2364 726 2405 :
756 2348 1083 2402 voluntatem
1112 2363 1272 2417 porro
1299 2350 1636 2403 venerandus
1667 2349 1877 2405 habitus

290 2431 398 2491 non
430 2418 693 2491 immutat.
728 2418 947 2491 Frustra
975 2417 1133 2488 igitur
1159 2419 1369 2491 labores
1412 2421 1632 2491 suscipit
1675 2422 1758 2474 vir
1782 2422 1879 2476 do-

289 2487 437 2543 losas
460 2488 600 2559 apud
628 2490 912 2559 sapientes,
943 2487 1031 2559 qui
1060 2506 1180 2544 eum
1211 2505 1275 2544 ex
1324 2487 1581 2545 fructibus
1622 2491 1876 2559 indagare

290 2568 552 2631 possunt,
580 2571 653 2631 iet
679 2560 920 2630 quisnam
952 2561 1021 2614 sit
1053 2575 1377 2630 cognoscere
1405 2560 1682 2631 qualisque
1708 2562 1879 2617 videa-

291 2638 418 2700 tur,
458 2629 593 2697 Quid
627 2629 786 2700 igitur
818 2631 1043 2699 teipsum
1074 2629 1330 2685 in’alieno
1369 2629 1552 2685 habitu
1584 2629 1823 2688 occultas
1851 2634 1874 2686 ?

287 2699 426 2766 Quid
455 2701 609 2756 ovina
644 2699 780 2768 pelle
809 2702 986 2771 lupum
1016 2701 1344 2756 abscondis?
1376 2702 1540 2757 Paulo
1569 2713 1685 2771 post
1718 2719 1873 2757 nam-

287 2786 397 2846 que
430 2781 481 2826 te
526 2772 725 2846 veritas
764 2771 1064 2846 patefaciet,
1094 2781 1148 2827 et
1183 2772 1308 2827 dum
1358 2773 1818 2846 veritatem‘fugis,
1844 2790 1874 2829 a

287 2842 513 2897 veritate
541 2842 974 2912 deprehenderis.
997 2842 1107 2897 Cur
1131 2857 1407 2898 sermones
1437 2859 1545 2907 prte
1570 2854 1620 2899 te
1638 2842 1744 2899 fers
1776 2845 1873 2900 hu-

289 2912 584 2977 manitatis,
616 2928 836 2980 asperos
857 2928 1036 2966 mores
1070 2914 1348 2968 ocCultaus
1371 2914 1394 2967 ?
1421 2912 1538 2967 Non
1567 2915 1752 2969 latebit
1782 2930 1873 2968 as-

286 2983 489 3048 peritas
515 2993 624 3047 tua,
656 2983 780 3039 licet
806 2984 1092 3038 admodum
1132 2983 1312 3038 suavis
1336 2998 1460 3038 esse
1498 2983 1737 3039 simules.
1768 2985 1876 3040 Cur

287 3051 526 3106 habitum
550 3054 726 3108 induis
742 3055 1007 3118 atnicitize,
1027 3069 1147 3108 cum
1171 3054 1244 3108 sis
1268 3054 1476 3107 hostis?
1505 3053 1620 3107 Non
1648 3057 1874 3111 vivimus

285 3123 344 3176 in
374 3124 641 3180 tenebris:
666 3125 919 3194 [Ialt‘ﬁlllll
940 3125 1225 3187 occulta,et
1255 3125 1395 3194 quod
1422 3124 1786 3182 abscottdebas
1809 3142 1871 3180 o-

286 3194 438 3248 dium
469 3196 817 3263 comperitttr.
853 3196 960 3252 Cur
996 3195 1285 3249 amicitiam
1314 3196 1576 3249 simulas?
1606 3195 1712 3250 Cur
1737 3196 1873 3252 adu—

289 3263 422 3336 laris
443 3281 565 3319 cum
597 3281 701 3320 non
733 3282 882 3321 antes
907 3266 932 3317 ‘l
959 3266 1150 3319 Odium
1194 3263 1379 3320 istlta-c
1420 3266 1511 3319 tibi
1541 3268 1710 3336 pariet
1737 3268 1872 3323 adu-

286 3335 434 3397 latio,
464 3346 732 3405 tamquam
760 3338 826 3391 ab
853 3336 1068 3390 inimico
1097 3351 1289 3390 noxam
1313 3336 1566 3402 inferens,
1597 3354 1703 3393 non
1724 3353 1873 3395 eom-

287 3405 508 3460 tnodum
549 3416 609 3461 ut
649 3407 718 3461 ab
745 3408 940 3462 amico.
989 3406 1201 3461 Laudas
1243 3408 1439 3461 etenim
1465 3407 1626 3462 etiam
1655 3424 1719 3464 ea
1753 3425 1872 3476 quae

287 3491 448 3544 prava
476 3487 597 3531 sunt
623 3477 1003 3532 assentationis
1026 3491 1187 3532 causa
1220 3493 1234 3530 :
1266 3493 1372 3533 non
1400 3487 1483 3532 est
1522 3491 1701 3534 autem
1733 3479 1870 3533 adeo

285 3546 532 3615 stupidus
561 3547 633 3610 is,
682 3548 767 3602 cui
817 3547 1091 3612 adularis;
1138 3547 1265 3617 quin
1299 3549 1475 3617 potius
1503 3548 1680 3604 odisse
1711 3549 1873 3604 debet

284 3631 483 3683 eum,a
503 3633 610 3688 quo
641 3627 859 3689 propter
888 3627 1101 3688 peccata
1131 3621 1399 3673 laudetur.
1424 3618 1535 3674 Cur
1551 3619 1681 3689 justi
1710 3629 1870 3689 atque

289 3689 637 3756 temperantis
664 3689 756 3745 tibi
807 3688 1028 3758 ﬁguram
1075 3689 1307 3759 aliingis,
1342 3705 1463 3743 cum
1493 3688 1870 3745 insceleribus

286 3772 352 3811 ac
399 3759 631 3815 lasciviis
662 3759 1016 3828 perseveres?
1062 3758 1172 3815 Cur
1212 3758 1574 3830 arrogantiam
1622 3762 1765 3815 cultu
1806 3776 1870 3815 ac

288 3842 539 3884 sermone
574 3830 888 3884 humilitatis
920 3830 1158 3897 obvelas,
1184 3840 1235 3885 et
1256 3831 1594 3886 observantia
1622 3831 1869 3886 invidiam

285 3897 636 3971 dissimulas?
667 3899 817 3954 Nihil
854 3901 989 3954 enim
1016 3911 1088 3956 est
1124 3911 1352 3970 opertum
1376 3943 1391 3965 ,
1413 3902 1548 3971 quod
1590 3919 1691 3957 non
1731 3918 1869 3956 reve-

288 3970 476 4044 labitur
494 3986 514 4025 :
534 3980 581 4024 et
610 3972 899 4044 occultum,
920 3972 1055 4044 quod
1081 3989 1183 4026 non
1205 3973 1391 4044 scietur
1407 3970 1629 4044 (Matth.
1646 3973 1731 4028 10.
1751 3971 1867 4044 ‘26).

359 4039 554 4095 Malum
575 4051 658 4096 est
678 4041 909 4096 hominis
930 4039 1181 4111 probrum
1214 4039 1580 4097 mendacium:
1607 4039 1869 4111 fugiuuus

283 4109 359 4163 ob
402 4111 737 4182 mendacium
770 4109 1033 4182 objectam
1063 4113 1515 4177 criminationem,
1548 4127 1614 4167 ne
1646 4109 1736 4168 tibi
1769 4114 1869 4182 ipsi

286 4180 431 4249 apud
461 4182 691 4238 amicum
717 4181 875 4237 tidem
902 4182 1149 4252 deroges,
1176 4191 1237 4253 ut
1272 4198 1340 4237 ne
1370 4192 1480 4236 ttun
1507 4198 1719 4253 quoque
1746 4180 1868 4239 cum

291 4265 415 4323 vera
457 4267 665 4323 narras,
697 4270 802 4307 non
837 4253 1071 4323 amplius
1119 4252 1251 4308 ﬁdes
1295 4253 1552 4309 habeatur
1581 4272 1594 4308 :
1633 4252 1754 4307 itam
1780 4255 1870 4323 qui

291 4268 415 4305 vera
457 4268 665 4316 narras,
697 4270 802 4307 non
837 4268 923 4306 am
967 4268 1071 4308 nus
1119 4268 1251 4308 nues
1296 4268 1594 4309 habeatur:
1633 4270 1754 4307 nam
1780 4270 1867 4323 qut

288 4320 343 4374 in
362 4335 475 4394 uno
497 4322 725 4394 mendax
755 4268 1123 4392 deprellensus
1151 4332 1253 4389 est,
1287 4338 1392 4379 non
1420 4324 1650 4394 amplius
1677 4325 1867 4394 dignus

285 4391 501 4465 est_cui,
533 4392 659 4448 licet
686 4409 811 4449 vera
830 4391 1035 4449 dicenti
1055 4436 1071 4460 ,
1100 4394 1369 4449 credatur.
1407 4391 1570 4464 Loqui
1582 4391 1761 4465 justo,
1791 4396 1872 4449 in-

286 4461 425 4535 quit,
451 4472 501 4518 et
545 4480 770 4518 ueracem
815 4480 940 4535 esse,
974 4465 1161 4534 placita
1210 4474 1327 4519 sunt
1374 4461 1503 4519 Deo'
1531 4461 1692 4535 magis
1717 4482 1871 4535 quem

287 4531 841 4606 huuiatuinsanguid
876 4531 1029 4589 Prov.
1060 4536 1151 4591 21.
1189 4536 1225 4591 ὃ
1251 4537 1291 4605 ).
1341 4535 1545 4591 Donum
1588 4531 1869 4606 acceptum

285 4600 485 4683 oderes
504 4604 615 4660 Deo
641 4646 658 4672 ,
684 4600 845 4683 tidem
875 4621 938 4661 ac
965 4600 1265 4683 veritatem.
1289 4606 1466 4662 Facile
1498 4606 1592 4660 tibi
1617 4617 1702 4661 est
1719 4600 1871 4662 ’διιο-

284 4677 415 4741 quin
438 4683 495 4729 ut
523 4689 632 4742 res,
665 4677 738 4731 uti
760 4686 906 4742 sunt,
931 4677 1219 4746 eloquaris,
1242 4693 1348 4733 non
1374 4685 1434 4733 ut
1459 4690 1572 4743 eas,
1597 4692 1716 4747 quae
1741 4693 1871 4733 nus-

284 4758 449 4814 quam
477 4755 623 4813 sunt,
646 4747 1072 4803 comminiscaris
1096 4766 1110 4802 :
1145 4763 1252 4802 non
1282 4748 1427 4804 enim
1455 4746 1872 4804 laborabiscon-

287 4814 509 4889 nitendo
536 4825 719 4889 ntpro
745 4817 968 4875 veritate
989 4819 1322 4889 mendacium
1348 4818 1677 4889 admittatur,
1698 4833 1870 4889 neque

286 4885 397 4959 ulla
425 4886 566 4959 inre
598 4887 810 4944 latisces
833 4890 1102 4944 contraria
1135 4888 1229 4943 tibi
1256 4890 1354 4959 ipsi
1386 4888 1654 4959 loquendo
1698 4905 1712 4943 :
1758 4885 1867 4945 non

285 4956 440 5029 enim?
456 4958 555 5014 sibi
582 4959 682 5027 ipsi
707 4974 977 5015 consonus
1004 4971 1086 5014 est
1111 4956 1294 5014 sermo
1315 4956 1562 5015 mendax.
1579 4958 1696 5014 Non
1724 4961 1867 5029 quod

285 5026 747 5107 aliisimposncuis
767 5031 1052 5107 erubesces
1077 5039 1153 5095 tu,
1181 5032 1281 5107 qui
1298 5031 1573 5107 veritatem
1598 5026 1864 5107 custodis:

282 5097 634 5172 jurejurando
679 5100 783 5155 lide
826 5100 1132 5172 digniorem
1178 5097 1335 5172 amici
1387 5110 1532 5172 tuatn
1570 5102 1867 5172 orationem

282 5168 602 5253 censebunt,
628 5184 698 5253 ac
748 5168 1051 5253 testimonio
1078 5170 1266 5241 quovis
1286 5171 1633 5253 jurejurando
1660 5173 1869 5253 llrniato

282 5238 488 5312 certius
516 5238 643 5293 illud
662 5240 814 5312 quod
855 5242 1071 5306 dixeris,
1097 5238 1373 5312 tamquam
1397 5238 1600 5310 justum
1626 5251 1681 5297 et
1707 5244 1864 5298 indu-

286 5308 519 5382 bitatum
557 5309 918 5382 testimonium
963 5322 1114 5368 tuum
1142 5308 1462 5369 adtititten't:
1493 5313 1858 5382 quandocum-

283 5379 483 5452 quead
515 5380 877 5452 testimonium
909 5382 1195 5438 dicendum
1223 5379 1528 5452 prodieris,
1554 5383 1864 5451 prtecIsratn

282 5448 503 5521 quidem
532 5449 622 5521 tibi
649 5450 871 5521 gloriam
898 5452 968 5506 ob
996 5448 1293 5516 veritatem,
1323 5448 1661 5509 versantibus
1688 5467 1865 5510 autem

285 5520 339 5576 in
378 5520 614 5594 pericula
640 5520 747 5594 reis
772 5521 997 5594 salutem
1023 5563 1041 5589 ,
1066 5534 1120 5594 et
1149 5525 1341 5593 injuria
1382 5524 1654 5594 oppressis
1681 5525 1847 5580 utitita

287 5600 396 5645 tem
426 5590 477 5646 in
500 5591 701 5664 judicio
727 5592 1058 5648 couciliabis.
1084 5590 1242 5648 Labia
1262 5590 1480 5661 veracia,
1507 5594 1699 5664 inquit,
1730 5594 1865 5649 diri-

286 5672 417 5737 gunt
433 5663 964 5737 Leuintoniumjerum
992 5678 1013 5737 ξ
1038 5665 1176 5718 testis
1200 5675 1368 5719 autem
1389 5663 1694 5737 iniustorunt
1713 5665 1862 5737 dolo-

292 5730 377 5787 ’m
398 5730 582 5803 (Prov.
619 5733 823 5805 $.19)
851 5751 863 5788 :
896 5733 1125 5806 benigno
1150 5738 1292 5791 vultu
1340 5746 1391 5791 te
1417 5730 1754 5794 contucbitur
1774 5736 1862 5807 ju-

1985 1856 2090 1930 dex
2117 1899 2133 1923 ,
2168 1868 2324 1929 teque
2375 1858 2519 1913 omni
2558 1858 2837 1928 judiciaria
2894 1858 3264 1930 disquisitione
3310 1861 3576 1920 liberabit.

1986 1929 2464 2000 Yerumenimvero
2495 1930 2649 1985 laude
2675 1930 2832 1997 digna
2871 1929 3011 1984 sunt
3039 1932 3177 2000 apud
3213 1932 3377 1988 Deum
3403 1931 3577 1987 humi-

1986 1999 2151 2071 litatis
2192 2009 2337 2055 recte
2381 2002 2539 2064 facta,
2585 2000 2848 2069 siquidem
2901 1999 3118 2071 exsequi
3166 2017 3228 2056 ea
3283 2004 3569 2071 possimus.

1986 2070 2201 2143 Etenim
2237 2071 2387 2124 mttlti
2430 2085 2552 2125 cum
2601 2071 2800 2141 aliquid
2854 2071 2977 2125 boni
3005 2070 3233 2141 egerint.
3264 2070 3571 2143 deprimere

1983 2142 2303 2211 semetipsos
2331 2148 2592 2195 conantur
2617 2150 2810 2213 prteter
2825 2142 2991 2213 ipsam
3022 2142 3318 2213 veritatem,
3339 2152 3395 2213 et
3416 2158 3565 2195 meu-

1984 2213 2070 2266 tiri
2101 2221 2285 2266 contra
2313 2212 2520 2280 seipsos
2551 2211 2768 2266 malunt.
2796 2211 2864 2266 At
2886 2228 2985 2281 ego
3016 2212 3107 2267 tibi
3132 2211 3271 2274 dico.
3292 2214 3363 2267 mi
3385 2212 3574 2276 homo.

1990 2291 2044 2336 ttt
2074 2281 2351 2353 humiliter
2373 2297 2470 2353 pro
2499 2281 2573 2335 rei
2601 2283 2825 2337 veritate
2867 2282 2934 2337 de
2972 2291 3025 2338 te
3072 2286 3208 2337 senti
3253 2300 3268 2337 :
3305 2283 3451 2353 apud
3477 2284 3567 2338 [iri

1981 2366 2139 2407 aures
2163 2352 2379 2405 humilia
2407 2352 2475 2405 de
2500 2353 2670 2417 teipso
2700 2353 2942 2421 loquere,
2964 2354 3103 2408 sicut
3129 2352 3396 2408 Abraham
3418 2352 3570 2408 dice-

1980 2423 2089 2485 bat,
2124 2422 2235 2492 Ego
2258 2431 2427 2476 autem
2451 2439 2565 2494 sunt
2602 2433 2736 2477 terra
2775 2433 2823 2477 et
2844 2424 2972 2477 cinis
2999 2424 3015 2493 (
3039 2421 3166 2478 Gen.
3199 2424 3291 2479 18.
3316 2424 3386 2477 27
3415 2424 3474 2494 ):
3511 2435 3571 2478 ut

1981 2490 2431 2559 Paulusidiccbat,
2463 2490 2574 2562 Ego
2612 2510 2726 2547 sunt
2774 2490 3014 2548 minimus
3061 2490 3453 2563 apostolorum,
3476 2494 3565 2563 qui

1981 2581 2084 2618 non
2111 2581 2220 2619 sum
2246 2564 2435 2632 dignus
2458 2565 2629 2617 vocari
2657 2564 2940 2633 apostolus,
2960 2565 3079 2631 quia
3109 2574 3436 2634 persequutus
3456 2580 3569 2617 sum

1985 2634 2265 2689 Ecclesium
2299 2634 2391 2687 Dei
2422 2635 2440 2703 (
2466 2637 2515 2688 1.
2540 2635 2659 2688 Cor.
2696 2635 2783 2687 15.
2812 2634 2989 2703 9.]0)
3016 2653 3029 2688 :
3059 2649 3247 2691 rursus
3269 2646 3446 2689 autem
3475 2650 3565 2688 ver

1981 2708 2192 2759 ritatem
2228 2706 2577 2774 proli-quimus
2598 2704 2791 2773 adjecit
2812 2745 2825 2763 ,
2861 2702 3044 2758 Gratia
3069 2715 3238 2758 autem
3272 2703 3364 2757 Dei
3382 2705 3571 2758 suntid

1978 2776 2113 2846 quod
2157 2792 2290 2830 sum.
2322 2775 2414 2830 liis
2445 2777 2622 2845 itaque
2651 2775 2729 2829 sic
2757 2774 2824 2828 ad
2852 2774 3148 2828 doctrinam
3173 2785 3406 2846 nostram
3439 2790 3566 2843 pro-

1980 2843 2187 2916 positis,
2219 2846 2519 2900 simulatam
2536 2843 2782 2913 ‘SpeClCm
2829 2846 2973 2898 omni
3010 2860 3075 2899 ex
3105 2855 3257 2915 parte
3282 2843 3565 2916 fttgiatttus.

1932 2954 1935 2963 ι
1979 2915 2087 2972 Cur
2125 2916 2520 2985 nobismetipsis
2555 2917 2728 2968 larvas
2781 2917 3265 2985 cireumponimtts,
3288 2930 3410 2969 cum
3439 2915 3570 2969 tales

1979 3001 2084 3041 non
2114 2988 2281 3040 simus
2305 2984 2489 3055 quales
2514 3002 2610 3038 ttos
2635 2984 3125 3055 ostetttatnus,dutn
3148 2995 3323 3039 vestes
3349 2984 3563 3053 quidem

1978 3057 2044 3111 ad
2069 3067 2264 3111 terram
2306 3054 2565 3109 trahimus
2618 3056 2670 3108 in
2715 3054 2897 3108 habitu
2940 3064 3243 3108 sanctorum
3272 3094 3289 3119 ,
3330 3055 3570 3109 maribus

1976 3136 2155 3181 autem
2177 3125 2380 3182 ell‘erati
2411 3167 2425 3188 ,
2471 3140 2720 3180 sermone
2767 3126 2979 3194 quidem
3019 3136 3075 3180 et
3124 3126 3320 3178 amictu
3357 3125 3561 3194 sancti,

1975 3198 2157 3254 animo
2184 3212 2312 3251 vero
2349 3205 2405 3250 et
2451 3196 2703 3265 operibus
2752 3193 3075 3250 inltumani?
3116 3194 3232 3250 Non
3259 3193 3561 3265 vcstitusin

1977 3283 2201 3338 regnurn
2229 3263 2802 3338 caalorttm‘iutroducit
2825 3307 2840 3330 ,
2869 3267 2961 3338 sed
3003 3280 3166 3338 opera
3183 3265 3427 3338 justitiae.
3445 3263 3563 3338 Non

1977 3334 2063 3393 ita'
2078 3337 2300 3406 aspiciet
2345 3336 2505 3392 homo
2528 3378 2544 3402 ,
2579 3344 2637 3391 ut
2677 3335 2901 3405 aSpiciet
2930 3334 3073 3391 Deus
3103 3353 3116 3389 :
3151 3334 3313 3389 homo
3343 3334 3557 3406 quidem

1978 3409 2030 3463 in
2062 3404 2249 3463 faciem
2273 3408 2527 3477 aspiciet:
2558 3407 2697 3462 Deus
2722 3404 2898 3461 autent
2924 3407 3146 3477 aspiciet
3164 3406 3229 3477 a_d
3254 3404 3369 3477 cor.
3398 3404 3563 3477 Scru-

1978 3489 2095 3534 taus
2122 3479 2289 3542 enim.
2319 3474 2508 3549 inquit,
2534 3479 2696 3549 corda
2723 3487 2771 3531 et
2809 3493 2953 3532 renes
2981 3476 3122 3532 Deus
3145 3474 3320 3549 (Psal.
3348 3475 3400 3529 7.
3430 3475 3557 3549 10);

1975 3558 2035 3604 et
2062 3558 2278 3619 propter
2304 3546 2427 3604 eum
2454 3548 2543 3617 qui
2573 3549 2737 3610 venit,
2772 3558 2829 3602 ttt
2852 3550 3066 3617 colligat
3103 3548 3384 3619 hominum
3410 3546 3560 3619 cogi-

1979 3616 2206 3676 tationes
2233 3638 2247 3673 :
2274 3616 2634 3673 Omitia'euitu
2665 3619 2803 3672 nuda
2828 3629 2945 3672 sunt
2974 3628 3021 3672 et
3042 3629 3219 3687 aperta
3248 3616 3411 3670 oculis
3430 3617 3562 3685 eius.

1980 3689 2100 3743 Non
2129 3702 2199 3743 est
2248 3691 2332 3758 qui
2385 3705 2437 3758 se
2464 3687 2741 3742 abscondat
2765 3704 2797 3741 a
2825 3690 2992 3742 calore
3020 3690 3129 3757 ejus
3157 3686 3341 3755 (Hebr.
3367 3688 3421 3741 4.
3450 3687 3518 3741 15
3547 3703 3562 3751 ;

1981 3759 2124 3814 Psal.
2160 3757 2345 3829 l8.7).
2372 3757 2559 3814 Veniet
2591 3768 2800 3827 tempus
2823 3774 2954 3829 cum,
2981 3759 3078 3812 hac
3102 3759 3309 3827 abiecta
3338 3772 3561 3827 persona

1978 3833 2151 3886 nudus
2181 3828 2467 3899 reperieris
2486 3870 2501 3892 ,
2529 3840 2748 3899 tumque
2779 3839 2838 3883 ιιι
2879 3828 3052 3899 Adam
3101 3839 3222 3897 post
3276 3830 3479 3897 lapsum
3508 3829 3561 3881 iu

1974 3898 2270 3970 conspectu
2299 3899 2392 3955 Dei
2421 3898 2681 3969 apparere
2721 3908 2778 3970 te
2825 3898 3102 3970 pudebit“;
3150 3899 3427 3970 illicettim
3455 3915 3560 3970 non

1970 3971 2082 4042 jam
2111 3968 2325 4027 habitus
2349 3968 2607 4037 quaeritur
2630 4011 2646 4033 ,
2687 3968 2782 4042 sed
2805 3968 3007 4042 opera.
3046 3968 3178 4042 Nam
3207 3968 3316 4042 _hic
3344 3969 3560 4042 quidem

1974 4040 2345 4113 smpenumero
2370 4042 2627 4113 fallimus,
2649 4050 2699 4095 et
2731 4040 2983 4095 indicium
3009 4040 3250 4113 criminis
3273 4040 3556 4103 evitamus,

1974 4125 2030 4168 et
2054 4110 2340 4169 venerandi
2374 4112 2583 4180 habitus
2599 4126 2757 4165 causa
2777 4121 3044 4180 tamquam
3066 4110 3195 4179 justi
3216 4125 3558 4178 appttretttus,

1974 4198 2040 4238 ac
2063 4196 2435 4252 smpeuumero
2459 4179 2643 4236 felices
2668 4179 3026 4252 praedicatum
3054 4199 3068 4233 :
3102 4182 3210 4234 illic
3237 4191 3416 4235 autem
3446 4195 3554 4233 non

1971 4254 2080 4323 jam
2110 4253 2341 4323 amplius
2371 4252 2496 4307 licet
2520 4252 2797 4323 imponere
2826 4270 2841 4306 :
2874 4252 2985 4306 illic
3008 4265 3172 4320 opera
3191 4260 3506 4323 quaeruntur
3533 4290 3549 4315 ,

1976 4320 2081 4379 non
2104 4320 2218 4392 jaui
2257 4321 2471 4378 habitus
2511 4320 2864 4387 venerabilis;
2895 4323 3002 4377 imo
3038 4337 3167 4377 vero
3194 4320 3384 4392 majori
3427 4334 3557 4387 sup-

1975 4390 2135 4465 plicio
2159 4409 2221 4449 ac
2246 4393 2585 4465 damnatioue
2612 4393 2930 4461 plectemur,
2975 4393 3020 4447 si
3053 4390 3411 4465 venerabilem
3436 4392 3555 4460 qui-

1974 4463 2096 4520 dem
2117 4463 2773 4534 houestumqueghabitum
2803 4464 3215 4534 gestaret-imus,
3247 4476 3346 4534 nec
3375 4469 3554 4516 tantem

1974 4535 2185 4591 habitus
2212 4549 2376 4604 Opera
2407 4532 2974 4603 perfecerimus.’Audi
3000 4533 3067 4589 de
3094 4532 3298 4588 Judaeis
3324 4532 3554 4602 loquen-

1978 4616 2083 4663 tem
2106 4606 2457 4667 Salvatorem.
2485 4604 2579 4660 sed
2605 4605 2905 4660 doctrinam
2934 4619 3055 4675 qua:
3079 4617 3179 4658 nos
3197 4612 3405 4675 spectat
3435 4619 3558 4675 pru-

1972 4677 2235 4733 ferentem
2268 4692 2283 4730 :
2324 4675 2557 4730 Dilutant
2575 4675 2718 4730 enim
2746 4675 2914 4745 inquit
2940 4672 2968 4741 ξ
2987 4672 3258 4745 ﬁmbrias}
3284 4683 3333 4745 et
3360 4672 3557 4745 inplu-

1976 4748 2069 4803 teis
2089 4756 2238 4823 orant
2256 4751 2330 4823 ut
2346 4745 2638 4823 ltpntinibus
2808 4741 3112 4823 uideantur}
3143 4742 3333 4798 Matth.
3364 4741 3467 4823 .25.
3498 4742 3555 4797 5.

1972 4828 2018 4894 et
2046 4836 2095 4894 c.
2120 4820 2176 4894 β.
2204 4817 2322 4894 5))
2345 4816 2400 4894 l_ti_
2426 4832 2553 4873 vero
2572 4816 2836 4894 accipietit
2854 4816 3250 4894 danittatiOtgettt
3273 4816 3554 4894 majorem.

1973 4882 2264 4949 Desideras
2282 4888 2519 4944 habitum
2545 4882 2929 4952 venerandum,
2956 4893 3012 4941 et
3035 4882 3430 4940 Cbristiauismi
3461 4898 3557 4936 no-

1972 4977 2096 5015 men
2122 4958 2393 5030 expetisti.
2423 4959 2501 5015 Ne
2532 4958 2618 5013 hic
2660 4967 2865 5012 tantum
2891 4957 3177 5030 consistas,
3204 4954 3300 5009 sed
3329 4968 3556 5030 cperunt

1972 5024 2299 5087 exhibitione
2319 5030 2403 5085 l'ac
2429 5041 2717 5100 appareant
2743 5027 3025 5097 promissa,
3039 5024 3231 5095 quibus
3249 5024 3556 5100 t_e_ob_strin-

1972 5102 2119 5156 xisti.
2151 5102 2258 5158 Cur
2281 5101 2346 5154 ad
2379 5093 2789 5169 preti-issumes
2819 5093 3078 5169 praseps,
3100 5110 3226 5150 eum
3265 5093 3398 5151 illud
3424 5109 3553 5165 ope-

1977 5172 2128 5229 ribus
2173 5187 2278 5225 uon
2315 5166 2651 5225 conﬁrmes?
2687 5168 2912 5236 Oportet
2930 5166 3092 5237 igitur
3133 5175 3190 5221 et
3235 5175 3391 5237 caute
3428 5174 3549 5220 vota

1972 5256 2283 5310 nuncupare
2312 5281 2330 5307 ,
2360 5249 2417 5296 ct
2468 5240 2751 5310 diligenter
2799 5236 3032 5310 debitum
3078 5237 3187 5291 voti
3220 5236 3549 5310 persolvere.

1983 5304 2169 5367 Veneti
2180 5304 2407 5380 namque
2426 5318 2471 5365 et
2492 5304 2686 5364 reddite
2700 5308 2921 5364 Domino
2949 5306 3058 5380 Deo
3079 5304 3242 5380 vestro
3264 5304 3548 5380 (Psalu'ls.

1974 5382 2041 5437 ιε
2067 5385 2086 5455 )
2120 5401 2137 5438 :
2166 5375 2348 5437 sancta
2372 5382 2781 5455 conversatione
2805 5394 2927 5455 cum
2958 5378 3049 5432 illo
3071 5375 3418 5455 conjungere,

1968 5447 2306 5520 est'corpore
2358 5462 2415 5507 et
2438 5453 2649 5520 spiritu,
2681 5460 2737 5506 et
2785 5450 2961 5505 anima
3009 5466 3043 5520 :7
3074 5447 3207 5503 nihil
3260 5447 3544 5503 subtrahas

1968 5525 2038 5581 de
2068 5519 2452 5594 promissione.
2473 5519 2769 5594 rneeadem
2807 5519 2899 5575 tibi
2936 5519 3210 5594 accidant,
3241 5520 3541 5594 qu:e_Ana-

1970 5589 2083 5651 nia!
2105 5602 2159 5649 et
2207 5592 2504 5664 Sappltirze.
2556 5592 2632 5648 Illi
2660 5593 2801 5647 enim
2831 5606 2952 5664 cum
2977 5590 3047 5646 de
3076 5590 3250 5659 pretio
3278 5589 3389 5659 agri
3414 5605 3537 5658 pro-

1968 5665 2118 5721 missi
2159 5661 2493 5720 lraudassettt
2515 5706 2531 5729 ,
2564 5674 2735 5719 tnurte
2766 5661 2932 5732 puniti
2961 5670 3108 5725 sunt,
3134 5669 3190 5716 et
3212 5674 3312 5716 nos
3335 5669 3544 5732 Oportet

1970 5737 2068 5792 ista
2087 5734 2453 5792 reformidare.
2473 5731 2926 5792 Sciendum’enitn
2955 5741 3037 5789 est
3063 5746 3161 5787 nec
3196 5731 3542 5803 ignoraudum
