  <div class='ocr_page' id='page_1' title='image "/cluster/home/n/w/nwhite01/storage/ocr_20150623/48/hvd.32044073501892/557.png"; bbox 0 0 2016 3099; ppageno 0'>
   <div class='ocr_carea' id='block_1_1' title="bbox 543 97 572 124">
    <p class='ocr_par' dir='ltr' id='par_1_1' title="bbox 543 97 572 124">
     <span class='ocr_line' id='line_1_1' title="bbox 543 97 572 124; baseline -0.069 -22"><span class='ocrx_word' id='word_1_1' title='bbox 543 97 572 124; x_wconf 38' lang='grc' dir='ltr'><strong>,γ</strong></span> 
     </span>
    </p>
   </div>
   <div class='ocr_carea' id='block_1_2' title="bbox 238 145 307 181">
    <p class='ocr_par' dir='ltr' id='par_1_2' title="bbox 238 145 307 181">
     <span class='ocr_line' id='line_1_2' title="bbox 238 145 307 181; baseline 0.014 -1"><span class='ocrx_word' id='word_1_2' title='bbox 238 145 307 181; x_wconf 76' lang='lat' dir='ltr'><strong>i079</strong></span> 
     </span>
    </p>
   </div>
   <div class='ocr_carea' id='block_1_3' title="bbox 235 204 1028 244">
    <p class='ocr_par' dir='ltr' id='par_1_3' title="bbox 235 204 1028 244">
     <span class='ocr_line' id='line_1_3' title="bbox 235 204 1028 244; baseline -0.004 -8"><span class='ocrx_word' id='word_1_3' title='bbox 235 217 290 236; x_wconf 79' lang='lat' dir='ltr'><strong>non</strong></span> <span class='ocrx_word' id='word_1_4' title='bbox 303 209 435 244; x_wconf 73' lang='lat' dir='ltr'><strong>iecerunt,</strong></span> <span class='ocrx_word' id='word_1_5' title='bbox 450 207 561 234; x_wconf 84' lang='lat' dir='ltr'><strong>imbrem</strong></span> <span class='ocrx_word' id='word_1_6' title='bbox 579 212 632 244; x_wconf 80' lang='lat' dir='ltr'><strong>non</strong></span> <span class='ocrx_word' id='word_1_7' title='bbox 646 204 838 238; x_wconf 80' lang='lat' dir='ltr'><strong>sustinueruut,</strong></span> <span class='ocrx_word' id='word_1_8' title='bbox 855 204 920 232; x_wconf 84' lang='lat' dir='ltr'><strong>solis</strong></span> <span class='ocrx_word' id='word_1_9' title='bbox 934 210 1028 233; x_wconf 72' lang='lat' dir='ltr'><strong>atstum</strong></span> 
     </span>
    </p>
   </div>
   <div class='ocr_carea' id='block_1_4' title="bbox 237 241 1028 278">
    <p class='ocr_par' dir='ltr' id='par_1_4' title="bbox 237 241 1028 278">
     <span class='ocr_line' id='line_1_4' title="bbox 237 241 1028 278; baseline -0.004 -7"><span class='ocrx_word' id='word_1_10' title='bbox 237 252 291 271; x_wconf 85' lang='lat' dir='ltr'><strong>non</strong></span> <span class='ocrx_word' id='word_1_11' title='bbox 303 241 517 278; x_wconf 75' lang='lat' dir='ltr'><strong>&#39;exspcctarunt,</strong></span> <span class='ocrx_word' id='word_1_12' title='bbox 535 241 630 269; x_wconf 83' lang='lat' dir='ltr'><strong>messis</strong></span> <span class='ocrx_word' id='word_1_13' title='bbox 652 246 756 275; x_wconf 83' lang='lat' dir='ltr'><strong>tempus</strong></span> <span class='ocrx_word' id='word_1_14' title='bbox 775 247 829 267; x_wconf 92' lang='lat' dir='ltr'><strong>non</strong></span> <span class='ocrx_word' id='word_1_15' title='bbox 848 246 1028 278; x_wconf 78' lang='lat' dir='ltr'><strong>exceperunt,</strong></span> 
     </span>
    </p>
   </div>
   <div class='ocr_carea' id='block_1_5' title="bbox 238 275 1029 310">
    <p class='ocr_par' dir='ltr' id='par_1_5' title="bbox 238 275 1029 310">
     <span class='ocr_line' id='line_1_5' title="bbox 238 275 1029 310; baseline -0.003 -5"><span class='ocrx_word' id='word_1_16' title='bbox 238 280 331 306; x_wconf 86' lang='lat' dir='ltr'><strong>falcem</strong></span> <span class='ocrx_word' id='word_1_17' title='bbox 353 275 405 305; x_wconf 77' lang='lat' dir='ltr'><strong>non</strong></span> <span class='ocrx_word' id='word_1_18' title='bbox 427 282 572 310; x_wconf 78' lang='lat' dir='ltr'><strong>uenerunt,</strong></span> <span class='ocrx_word' id='word_1_19' title='bbox 592 283 645 303; x_wconf 87' lang='lat' dir='ltr'><strong>non</strong></span> <span class='ocrx_word' id='word_1_20' title='bbox 664 279 847 308; x_wconf 86' lang='lat' dir='ltr'><strong>messuerunt,</strong></span> <span class='ocrx_word' id='word_1_21' title='bbox 863 282 916 302; x_wconf 92' lang='lat' dir='ltr'><strong>non</strong></span> <span class='ocrx_word' id='word_1_22' title='bbox 935 275 1029 310; x_wconf 81' lang='lat' dir='ltr'><strong>alliga-</strong></span> 
     </span>
    </p>
   </div>
   <div class='ocr_carea' id='block_1_6' title="bbox 238 310 1029 347">
    <p class='ocr_par' dir='ltr' id='par_1_6' title="bbox 238 310 1029 347">
     <span class='ocr_line' id='line_1_6' title="bbox 238 310 1029 347; baseline -0.001 -7"><span class='ocrx_word' id='word_1_23' title='bbox 238 319 300 340; x_wconf 87' lang='lat' dir='ltr'><strong>runt</strong></span> <span class='ocrx_word' id='word_1_24' title='bbox 324 313 473 347; x_wconf 84' lang='lat' dir='ltr'><strong>manipulos</strong></span> <span class='ocrx_word' id='word_1_25' title='bbox 502 319 553 339; x_wconf 84' lang='lat' dir='ltr'><strong>nec</strong></span> <span class='ocrx_word' id='word_1_26' title='bbox 578 310 745 347; x_wconf 89' lang='lat' dir='ltr'><strong>abstulerunt</strong></span> <span class='ocrx_word' id='word_1_27' title='bbox 770 310 812 347; x_wconf 86' lang='lat' dir='ltr'><strong>vel</strong></span> <span class='ocrx_word' id='word_1_28' title='bbox 839 315 978 344; x_wconf 87' lang='lat' dir='ltr'><strong>portarunt</strong></span> <span class='ocrx_word' id='word_1_29' title='bbox 1002 311 1029 339; x_wconf 91' lang='lat' dir='ltr'><strong>in</strong></span> 
     </span>
    </p>
   </div>
   <div class='ocr_carea' id='block_1_7' title="bbox 208 345 1029 380">
    <p class='ocr_par' dir='ltr' id='par_1_7' title="bbox 208 345 1029 380">
     <span class='ocr_line' id='line_1_7' title="bbox 208 345 1029 380; baseline -0.002 -5"><span class='ocrx_word' id='word_1_30' title='bbox 208 364 211 368; x_wconf 80' lang='lat'><strong><em>~</em></strong></span> <span class='ocrx_word' id='word_1_31' title='bbox 237 356 326 376; x_wconf 81' lang='lat' dir='ltr'><strong>aream</strong></span> <span class='ocrx_word' id='word_1_32' title='bbox 336 368 344 380; x_wconf 93' lang='lat'><strong>,</strong></span> <span class='ocrx_word' id='word_1_33' title='bbox 361 345 414 375; x_wconf 81' lang='lat' dir='ltr'><strong>non</strong></span> <span class='ocrx_word' id='word_1_34' title='bbox 429 347 575 379; x_wconf 88' lang='lat' dir='ltr'><strong>sudarunt,</strong></span> <span class='ocrx_word' id='word_1_35' title='bbox 590 354 643 373; x_wconf 92' lang='lat' dir='ltr'><strong>non</strong></span> <span class='ocrx_word' id='word_1_36' title='bbox 659 346 685 373; x_wconf 94' lang='lat' dir='ltr'><strong>in</strong></span> <span class='ocrx_word' id='word_1_37' title='bbox 700 352 761 372; x_wconf 88' lang='lat' dir='ltr'><strong>area</strong></span> <span class='ocrx_word' id='word_1_38' title='bbox 777 345 909 372; x_wconf 94' lang='lat' dir='ltr'><strong>triverunt</strong></span> <span class='ocrx_word' id='word_1_39' title='bbox 923 350 969 372; x_wconf 87' lang='lat' dir='ltr'><strong>aut</strong></span> <span class='ocrx_word' id='word_1_40' title='bbox 983 353 1029 373; x_wconf 85' lang='lat' dir='ltr'><strong>ex-</strong></span> 
     </span>
    </p>
   </div>
   <div class='ocr_carea' id='block_1_8' title="bbox 238 381 1030 418">
    <p class='ocr_par' dir='ltr' id='par_1_8' title="bbox 238 381 1030 418">
     <span class='ocr_line' id='line_1_8' title="bbox 238 381 1030 418; baseline -0.001 -8"><span class='ocrx_word' id='word_1_41' title='bbox 238 387 399 418; x_wconf 76' lang='lat' dir='ltr'><strong>purgarunt,</strong></span> <span class='ocrx_word' id='word_1_42' title='bbox 414 390 467 418; x_wconf 85' lang='lat' dir='ltr'><strong>non</strong></span> <span class='ocrx_word' id='word_1_43' title='bbox 486 382 648 418; x_wconf 71' lang='lat' dir='ltr'><strong>miscuerunt</strong></span> <span class='ocrx_word' id='word_1_44' title='bbox 665 381 816 418; x_wconf 69' lang='lat' dir='ltr'><strong>placentas,</strong></span> <span class='ocrx_word' id='word_1_45' title='bbox 832 387 885 407; x_wconf 90' lang='lat' dir='ltr'><strong>non</strong></span> <span class='ocrx_word' id='word_1_46' title='bbox 898 385 1030 418; x_wconf 78' lang='lat' dir='ltr'><strong>coxerunt</strong></span> 
     </span>
    </p>
   </div>
   <div class='ocr_carea' id='block_1_9' title="bbox 236 415 1029 453">
    <p class='ocr_par' dir='ltr' id='par_1_9' title="bbox 236 415 1029 453">
     <span class='ocr_line' id='line_1_9' title="bbox 236 415 1029 453; baseline -0.004 -7"><span class='ocrx_word' id='word_1_47' title='bbox 236 415 397 453; x_wconf 53' lang='lat' dir='ltr'><strong>nec—panem</strong></span> <span class='ocrx_word' id='word_1_48' title='bbox 415 417 551 450; x_wconf 78' lang='lat' dir='ltr'><strong>fecerunt;</strong></span> <span class='ocrx_word' id='word_1_49' title='bbox 562 416 635 453; x_wconf 82' lang='lat' dir='ltr'><strong>nihil</strong></span> <span class='ocrx_word' id='word_1_50' title='bbox 649 416 758 453; x_wconf 79' lang='lat' dir='ltr'><strong>omnino</strong></span> <span class='ocrx_word' id='word_1_51' title='bbox 773 415 879 442; x_wconf 89' lang='lat' dir='ltr'><strong>illorum</strong></span> <span class='ocrx_word' id='word_1_52' title='bbox 894 424 902 442; x_wconf 87' lang='lat'><strong>:</strong></span> <span class='ocrx_word' id='word_1_53' title='bbox 916 415 963 453; x_wconf 79' lang='lat' dir='ltr'><strong>sed</strong></span> <span class='ocrx_word' id='word_1_54' title='bbox 981 424 1029 450; x_wconf 87' lang='lat' dir='ltr'><strong>pa-</strong></span> 
     </span>
    </p>
   </div>
   <div class='ocr_carea' id='block_1_10' title="bbox 237 450 1030 484">
    <p class='ocr_par' dir='ltr' id='par_1_10' title="bbox 237 450 1030 484">
     <span class='ocr_line' id='line_1_10' title="bbox 237 450 1030 484; baseline -0.003 -4"><span class='ocrx_word' id='word_1_55' title='bbox 237 450 372 481; x_wconf 61' lang='lat' dir='ltr'><strong>ncni&#39;sine</strong></span> <span class='ocrx_word' id='word_1_56' title='bbox 388 460 513 480; x_wconf 89' lang='lat' dir='ltr'><strong>manuum</strong></span> <span class='ocrx_word' id='word_1_57' title='bbox 535 452 626 479; x_wconf 83' lang='lat' dir='ltr'><strong>labore</strong></span> <span class='ocrx_word' id='word_1_58' title='bbox 643 450 832 482; x_wconf 84' lang='lat' dir='ltr'><strong>comederunt;</strong></span> <span class='ocrx_word' id='word_1_59' title='bbox 846 450 1030 484; x_wconf 88' lang='lat' dir='ltr'><strong>apponebatur</strong></span> 
     </span>
    </p>
   </div>
   <div class='ocr_carea' id='block_1_11' title="bbox 237 485 1029 522">
    <p class='ocr_par' dir='ltr' id='par_1_11' title="bbox 237 485 1029 522">
     <span class='ocr_line' id='line_1_11' title="bbox 237 485 1029 522; baseline -0.003 -7"><span class='ocrx_word' id='word_1_60' title='bbox 237 489 290 515; x_wconf 88' lang='lat' dir='ltr'><strong>illis</strong></span> <span class='ocrx_word' id='word_1_61' title='bbox 316 495 407 515; x_wconf 87' lang='lat' dir='ltr'><strong>mensa</strong></span> <span class='ocrx_word' id='word_1_62' title='bbox 431 488 488 515; x_wconf 88' lang='lat' dir='ltr'><strong>sine</strong></span> <span class='ocrx_word' id='word_1_63' title='bbox 510 491 658 522; x_wconf 87' lang='lat' dir='ltr'><strong>apparatu;</strong></span> <span class='ocrx_word' id='word_1_64' title='bbox 680 487 764 522; x_wconf 89' lang='lat' dir='ltr'><strong>instar</strong></span> <span class='ocrx_word' id='word_1_65' title='bbox 787 485 941 522; x_wconf 77' lang='lat' dir='ltr'><strong>angelorum</strong></span> <span class='ocrx_word' id='word_1_66' title='bbox 963 486 1029 522; x_wconf 64' lang='lat' dir='ltr'><strong>nihil</strong></span> 
     </span>
    </p>
   </div>
   <div class='ocr_carea' id='block_1_12' title="bbox 237 520 1029 558">
    <p class='ocr_par' dir='ltr' id='par_1_12' title="bbox 237 520 1029 558">
     <span class='ocr_line' id='line_1_12' title="bbox 237 520 1029 558; baseline -0.001 -8"><span class='ocrx_word' id='word_1_67' title='bbox 237 523 421 558; x_wconf 80' lang='lat' dir='ltr'><strong>patiebantur;</strong></span> <span class='ocrx_word' id='word_1_68' title='bbox 436 520 702 558; x_wconf 40' lang='lat' dir='ltr'><strong>natura’iiiﬂrniitatis</strong></span> <span class='ocrx_word' id='word_1_69' title='bbox 724 527 779 558; x_wconf 63' lang='lat' dir='ltr'><strong>sua;</strong></span> <span class='ocrx_word' id='word_1_70' title='bbox 800 520 881 558; x_wconf 66' lang='lat' dir='ltr'><strong>oblita</strong></span> <span class='ocrx_word' id='word_1_71' title='bbox 906 524 974 558; x_wconf 40' lang='lat' dir='ltr'><strong>erat:</strong></span> <span class='ocrx_word' id='word_1_72' title='bbox 995 521 1029 549; x_wconf 89' lang='lat' dir='ltr'><strong>Et</strong></span> 
     </span>
    </p>
   </div>
   <div class='ocr_carea' id='block_1_13' title="bbox 238 554 1026 593">
    <p class='ocr_par' dir='ltr' id='par_1_13' title="bbox 238 554 1026 593">
     <span class='ocr_line' id='line_1_13' title="bbox 238 554 1026 593; baseline -0.004 -7"><span class='ocrx_word' id='word_1_73' title='bbox 238 554 298 593; x_wconf 81' lang='lat' dir='ltr'><strong>post</strong></span> <span class='ocrx_word' id='word_1_74' title='bbox 314 563 385 585; x_wconf 86' lang='lat' dir='ltr'><strong>tanta</strong></span> <span class='ocrx_word' id='word_1_75' title='bbox 401 554 668 593; x_wconf 21' lang='lat' dir='ltr'><strong>beiieliciardicebant</strong></span> <span class='ocrx_word' id='word_1_76' title='bbox 677 555 778 593; x_wconf 77' lang='lat' dir='ltr'><strong>Aaroni</strong></span> <span class='ocrx_word' id='word_1_77' title='bbox 794 554 858 593; x_wconf 89' lang='lat' dir='ltr'><strong>:_Da</strong></span> <span class='ocrx_word' id='word_1_78' title='bbox 872 555 943 593; x_wconf 69' lang='lat' dir='ltr'><strong>nobis</strong></span> <span class='ocrx_word' id='word_1_79' title='bbox 957 556 1026 593; x_wconf 70' lang='lat' dir='ltr'><strong>deos,</strong></span> 
     </span>
    </p>
   </div>
   <div class='ocr_carea' id='block_1_14' title="bbox 236 590 1030 628">
    <p class='ocr_par' dir='ltr' id='par_1_14' title="bbox 236 590 1030 628">
     <span class='ocr_line' id='line_1_14' title="bbox 236 590 1030 628; baseline 0 -9"><span class='ocrx_word' id='word_1_80' title='bbox 236 590 280 628; x_wconf 71' lang='grc' dir='ltr'><strong>ἦιιὶ</strong></span> <span class='ocrx_word' id='word_1_81' title='bbox 294 593 436 628; x_wconf 61' lang='lat' dir='ltr'><strong>praedam</strong></span> <span class='ocrx_word' id='word_1_82' title='bbox 452 601 507 619; x_wconf 72' lang='lat' dir='ltr'><strong>nos.</strong></span> <span class='ocrx_word' id='word_1_83' title='bbox 527 592 610 627; x_wconf 69' lang='lat' dir='ltr'><strong>Moysi</strong></span> <span class='ocrx_word' id='word_1_84' title='bbox 628 590 821 628; x_wconf 67' lang='lat' dir='ltr'><strong>cuiin_illi_qui_</strong></span> <span class='ocrx_word' id='word_1_85' title='bbox 831 598 879 628; x_wconf 57' lang='lat' dir='ltr'><strong>no!</strong></span> <span class='ocrx_word' id='word_1_86' title='bbox 897 590 983 628; x_wconf 69' lang='lat' dir='ltr'><strong>eduxit</strong></span> <span class='ocrx_word' id='word_1_87' title='bbox 998 600 1030 619; x_wconf 75' lang='lat' dir='ltr'><strong>ea;</strong></span> 
     </span>
    </p>
   </div>
   <div class='ocr_carea' id='block_1_15' title="bbox 238 625 1029 664">
    <p class='ocr_par' dir='ltr' id='par_1_15' title="bbox 238 625 1029 664">
     <span class='ocr_line' id='line_1_15' title="bbox 238 625 1029 664; baseline -0.004 -8"><span class='ocrx_word' id='word_1_88' title='bbox 238 625 369 664; x_wconf 61' lang='grc' dir='ltr'><strong>Ὰίῃῄηπο,</strong></span> <span class='ocrx_word' id='word_1_89' title='bbox 384 629 507 664; x_wconf 72' lang='lat' dir='ltr'><strong>nescimus</strong></span> <span class='ocrx_word' id='word_1_90' title='bbox 523 625 583 664; x_wconf 70' lang='lat' dir='ltr'><strong>quid</strong></span> <span class='ocrx_word' id='word_1_91' title='bbox 600 626 718 664; x_wconf 57' lang='lat' dir='ltr'><strong>acciderit</strong></span> <span class='ocrx_word' id='word_1_92' title='bbox 847 625 892 653; x_wconf 77' lang='lat'><strong>32.</strong></span> <span class='ocrx_word' id='word_1_93' title='bbox 906 625 933 660; x_wconf 82' lang='grc'><strong>1)</strong></span> <span class='ocrx_word' id='word_1_94' title='bbox 949 634 955 652; x_wconf 94' lang='lat'>:</span> <span class='ocrx_word' id='word_1_95' title='bbox 970 634 1029 664; x_wconf 79' lang='lat' dir='ltr'><strong>nia-</strong></span> 
     </span>
    </p>
   </div>
   <div class='ocr_carea' id='block_1_16' title="bbox 236 660 1029 699">
    <p class='ocr_par' dir='ltr' id='par_1_16' title="bbox 236 660 1029 699">
     <span class='ocr_line' id='line_1_16' title="bbox 236 660 1029 699; baseline -0.001 -9"><span class='ocrx_word' id='word_1_96' title='bbox 236 660 369 699; x_wconf 75' lang='lat' dir='ltr'><strong>giianique</strong></span> <span class='ocrx_word' id='word_1_97' title='bbox 382 664 434 690; x_wconf 96' lang='lat' dir='ltr'><strong>vim</strong></span> <span class='ocrx_word' id='word_1_98' title='bbox 449 660 598 699; x_wconf 88' lang='lat' dir='ltr'><strong>inferebant</strong></span> <span class='ocrx_word' id='word_1_99' title='bbox 609 660 882 699; x_wconf 68' lang='lat' dir='ltr'><strong>Aaroni._llle_videns</strong></span> <span class='ocrx_word' id='word_1_100' title='bbox 889 668 937 699; x_wconf 67' lang='lat' dir='ltr'><strong>eos</strong></span> <span class='ocrx_word' id='word_1_101' title='bbox 948 661 1029 689; x_wconf 83' lang='lat' dir='ltr'><strong>corde</strong></span> 
     </span>
    </p>
   </div>
   <div class='ocr_carea' id='block_1_17' title="bbox 236 696 1029 728">
    <p class='ocr_par' dir='ltr' id='par_1_17' title="bbox 236 696 1029 728">
     <span class='ocr_line' id='line_1_17' title="bbox 236 696 1029 728; baseline -0.004 -2"><span class='ocrx_word' id='word_1_102' title='bbox 236 696 366 726; x_wconf 68' lang='lat' dir='ltr'><strong>duros&#39;et</strong></span> <span class='ocrx_word' id='word_1_103' title='bbox 386 698 584 725; x_wconf 86' lang='lat' dir='ltr'><strong>incircuincisos</strong></span> <span class='ocrx_word' id='word_1_104' title='bbox 604 703 680 728; x_wconf 88' lang='lat' dir='ltr'><strong>esse,</strong></span> <span class='ocrx_word' id='word_1_105' title='bbox 702 696 740 723; x_wconf 96' lang='lat' dir='ltr'><strong>ait</strong></span> <span class='ocrx_word' id='word_1_106' title='bbox 762 696 816 722; x_wconf 80' lang='lat' dir='ltr'><strong>illis</strong></span> <span class='ocrx_word' id='word_1_107' title='bbox 834 704 841 722; x_wconf 93' lang='lat'>:</span> <span class='ocrx_word' id='word_1_108' title='bbox 860 696 944 723; x_wconf 90' lang='lat' dir='ltr'><strong>tollite</strong></span> <span class='ocrx_word' id='word_1_109' title='bbox 968 704 1029 723; x_wconf 85' lang='lat' dir='ltr'><strong>mo-</strong></span> 
     </span>
    </p>
   </div>
   <div class='ocr_carea' id='block_1_18' title="bbox 239 731 1028 766">
    <p class='ocr_par' dir='ltr' id='par_1_18' title="bbox 239 731 1028 766">
     <span class='ocr_line' id='line_1_18' title="bbox 239 731 1028 766; baseline -0.003 -5"><span class='ocrx_word' id='word_1_110' title='bbox 239 735 301 761; x_wconf 92' lang='lat' dir='ltr'><strong>nilia</strong></span> <span class='ocrx_word' id='word_1_111' title='bbox 324 740 403 761; x_wconf 84' lang='lat' dir='ltr'><strong>aurea</strong></span> <span class='ocrx_word' id='word_1_112' title='bbox 418 738 504 760; x_wconf 86' lang='lat' dir='ltr'><strong>vestra</strong></span> <span class='ocrx_word' id='word_1_113' title='bbox 517 753 525 765; x_wconf 93' lang='lat'><strong>,</strong></span> <span class='ocrx_word' id='word_1_114' title='bbox 539 737 568 760; x_wconf 91' lang='lat' dir='ltr'><strong>et</strong></span> <span class='ocrx_word' id='word_1_115' title='bbox 593 731 692 766; x_wconf 79' lang='lat' dir='ltr'><strong>injicite</strong></span> <span class='ocrx_word' id='word_1_116' title='bbox 711 731 736 757; x_wconf 88' lang='lat' dir='ltr'><strong>in</strong></span> <span class='ocrx_word' id='word_1_117' title='bbox 759 731 845 766; x_wconf 89' lang='lat' dir='ltr'><strong>ignem</strong></span> <span class='ocrx_word' id='word_1_118' title='bbox 858 750 866 763; x_wconf 85' lang='lat'><strong>,</strong></span> <span class='ocrx_word' id='word_1_119' title='bbox 881 735 908 758; x_wconf 92' lang='lat' dir='ltr'><strong>et</strong></span> <span class='ocrx_word' id='word_1_120' title='bbox 926 731 949 758; x_wconf 90' lang='lat' dir='ltr'><strong>si</strong></span> <span class='ocrx_word' id='word_1_121' title='bbox 965 731 1028 766; x_wconf 92' lang='lat' dir='ltr'><strong>quid</strong></span> 
     </span>
    </p>
   </div>
   <div class='ocr_carea' id='block_1_19' title="bbox 237 765 1027 801">
    <p class='ocr_par' dir='ltr' id='par_1_19' title="bbox 237 765 1027 801">
     <span class='ocr_line' id='line_1_19' title="bbox 237 765 1027 801; baseline -0.005 -5"><span class='ocrx_word' id='word_1_122' title='bbox 237 770 299 796; x_wconf 91' lang='lat' dir='ltr'><strong>inde</strong></span> <span class='ocrx_word' id='word_1_123' title='bbox 313 768 474 801; x_wconf 84' lang='lat' dir='ltr'><strong>ascenderit,</strong></span> <span class='ocrx_word' id='word_1_124' title='bbox 489 768 514 795; x_wconf 91' lang='lat' dir='ltr'><strong>id</strong></span> <span class='ocrx_word' id='word_1_125' title='bbox 529 768 599 795; x_wconf 89' lang='lat' dir='ltr'><strong>Deus</strong></span> <span class='ocrx_word' id='word_1_126' title='bbox 612 765 672 794; x_wconf 81' lang='lat' dir='ltr'><strong>erit.</strong></span> <span class='ocrx_word' id='word_1_127' title='bbox 689 766 722 793; x_wconf 88' lang='lat' dir='ltr'><strong>Et</strong></span> <span class='ocrx_word' id='word_1_128' title='bbox 736 765 856 793; x_wconf 86' lang='lat' dir='ltr'><strong>ascendit</strong></span> <span class='ocrx_word' id='word_1_129' title='bbox 869 765 967 793; x_wconf 89' lang='lat' dir='ltr'><strong>bubulo</strong></span> <span class='ocrx_word' id='word_1_130' title='bbox 975 765 1027 793; x_wconf 46' lang='lat' dir='ltr'><strong>’ca-</strong></span> 
     </span>
    </p>
   </div>
   <div class='ocr_carea' id='block_1_20' title="bbox 236 801 1028 838">
    <p class='ocr_par' dir='ltr' id='par_1_20' title="bbox 236 801 1028 838">
     <span class='ocr_line' id='line_1_20' title="bbox 236 801 1028 838; baseline 0 -9"><span class='ocrx_word' id='word_1_131' title='bbox 236 805 290 838; x_wconf 85' lang='lat' dir='ltr'><strong>pite</strong></span> <span class='ocrx_word' id='word_1_132' title='bbox 305 804 411 830; x_wconf 85' lang='lat' dir='ltr'><strong>animal.</strong></span> <span class='ocrx_word' id='word_1_133' title='bbox 437 804 484 830; x_wconf 87' lang='lat' dir='ltr'><strong>Hic</strong></span> <span class='ocrx_word' id='word_1_134' title='bbox 505 803 569 829; x_wconf 93' lang='lat' dir='ltr'><strong>mihi</strong></span> <span class='ocrx_word' id='word_1_135' title='bbox 588 802 653 838; x_wconf 82' lang='lat' dir='ltr'><strong>siste</strong></span> <span class='ocrx_word' id='word_1_136' title='bbox 674 801 827 838; x_wconf 68' lang='lat' dir='ltr'><strong>haereticum</strong></span> <span class='ocrx_word' id='word_1_137' title='bbox 851 801 981 838; x_wconf 71' lang='lat' dir='ltr'><strong>ingratum</strong></span> <span class='ocrx_word' id='word_1_138' title='bbox 1000 807 1028 829; x_wconf 88' lang='lat' dir='ltr'><strong>et</strong></span> 
     </span>
    </p>
   </div>
   <div class='ocr_carea' id='block_1_21' title="bbox 236 836 1025 873">
    <p class='ocr_par' dir='ltr' id='par_1_21' title="bbox 236 836 1025 873">
     <span class='ocr_line' id='line_1_21' title="bbox 236 836 1025 873; baseline -0.003 -7"><span class='ocrx_word' id='word_1_139' title='bbox 236 836 381 873; x_wconf 77' lang='lat' dir='ltr'><strong>parasitum</strong></span> <span class='ocrx_word' id='word_1_140' title='bbox 394 838 526 869; x_wconf 70' lang='lat' dir='ltr'><strong>ludorum,</strong></span> <span class='ocrx_word' id='word_1_141' title='bbox 540 837 583 872; x_wconf 90' lang='lat' dir='ltr'><strong>qui</strong></span> <span class='ocrx_word' id='word_1_142' title='bbox 596 837 659 873; x_wconf 86' lang='lat' dir='ltr'><strong>dicit</strong></span> <span class='ocrx_word' id='word_1_143' title='bbox 671 845 678 863; x_wconf 88' lang='lat'><strong>:</strong></span> <span class='ocrx_word' id='word_1_144' title='bbox 692 836 874 873; x_wconf 75' lang='lat' dir='ltr'><strong>Genuit_Deu_s</strong></span> <span class='ocrx_word' id='word_1_145' title='bbox 887 840 914 863; x_wconf 92' lang='lat' dir='ltr'><strong>et</strong></span> <span class='ocrx_word' id='word_1_146' title='bbox 926 836 1025 873; x_wconf 79' lang='lat' dir='ltr'><strong>fluxum</strong></span> 
     </span>
    </p>
   </div>
   <div class='ocr_carea' id='block_1_22' title="bbox 235 871 1026 909">
    <p class='ocr_par' dir='ltr' id='par_1_22' title="bbox 235 871 1026 909">
     <span class='ocr_line' id='line_1_22' title="bbox 235 871 1026 909; baseline -0.001 -9"><span class='ocrx_word' id='word_1_147' title='bbox 235 871 329 909; x_wconf 73' lang='lat' dir='ltr'><strong>passus</strong></span> <span class='ocrx_word' id='word_1_148' title='bbox 348 878 397 901; x_wconf 90' lang='lat' dir='ltr'><strong>est.</strong></span> <span class='ocrx_word' id='word_1_149' title='bbox 414 873 436 901; x_wconf 91' lang='grc' dir='ltr'>Ο</span> <span class='ocrx_word' id='word_1_150' title='bbox 450 871 569 909; x_wconf 80' lang='lat' dir='ltr'><strong>perdite,</strong></span> <span class='ocrx_word' id='word_1_151' title='bbox 584 872 666 909; x_wconf 85' lang='lat' dir='ltr'><strong>miser</strong></span> <span class='ocrx_word' id='word_1_152' title='bbox 679 875 706 898; x_wconf 90' lang='lat' dir='ltr'><strong>et</strong></span> <span class='ocrx_word' id='word_1_153' title='bbox 721 871 821 909; x_wconf 72' lang='lat' dir='ltr'><strong>nefarie</strong></span> <span class='ocrx_word' id='word_1_154' title='bbox 833 891 840 904; x_wconf 94' lang='lat'><strong>,</strong></span> <span class='ocrx_word' id='word_1_155' title='bbox 856 871 1026 909; x_wconf 78' lang='lat' dir='ltr'><strong>lucccine_de</strong></span> 
     </span>
    </p>
   </div>
   <div class='ocr_carea' id='block_1_23' title="bbox 237 905 1029 943">
    <p class='ocr_par' dir='ltr' id='par_1_23' title="bbox 237 905 1029 943">
     <span class='ocr_line' id='line_1_23' title="bbox 237 905 1029 943; baseline -0.003 -8"><span class='ocrx_word' id='word_1_156' title='bbox 237 905 292 935; x_wconf 64' lang='lat' dir='ltr'><strong>lico</strong></span> <span class='ocrx_word' id='word_1_157' title='bbox 306 905 468 943; x_wconf 63' lang='lat' dir='ltr'><strong>suspicaris?</strong></span> <span class='ocrx_word' id='word_1_158' title='bbox 481 909 516 934; x_wconf 82' lang='lat' dir='ltr'><strong>At</strong></span> <span class='ocrx_word' id='word_1_159' title='bbox 530 914 578 934; x_wconf 88' lang='lat' dir='ltr'><strong>nos</strong></span> <span class='ocrx_word' id='word_1_160' title='bbox 591 915 642 943; x_wconf 72' lang='lat' dir='ltr'><strong>non</strong></span> <span class='ocrx_word' id='word_1_161' title='bbox 658 906 803 943; x_wconf 79' lang='lat' dir='ltr'><strong>ita._absit;</strong></span> <span class='ocrx_word' id='word_1_162' title='bbox 817 905 863 932; x_wconf 86' lang='lat' dir='ltr'><strong>sed</strong></span> <span class='ocrx_word' id='word_1_163' title='bbox 872 907 967 943; x_wconf 76' lang='lat' dir='ltr'><strong>genuit</strong></span> <span class='ocrx_word' id='word_1_164' title='bbox 978 906 1029 933; x_wconf 89' lang='lat' dir='ltr'><strong>Pa-</strong></span> 
     </span>
    </p>
   </div>
   <div class='ocr_carea' id='block_1_24' title="bbox 238 941 1027 975">
    <p class='ocr_par' dir='ltr' id='par_1_24' title="bbox 238 941 1027 975">
     <span class='ocr_line' id='line_1_24' title="bbox 238 941 1027 975; baseline -0.004 -5"><span class='ocrx_word' id='word_1_165' title='bbox 238 949 278 970; x_wconf 86' lang='lat' dir='ltr'><strong>ter</strong></span> <span class='ocrx_word' id='word_1_166' title='bbox 292 941 398 974; x_wconf 86' lang='lat' dir='ltr'><strong>Filium,</strong></span> <span class='ocrx_word' id='word_1_167' title='bbox 414 943 486 969; x_wconf 88' lang='lat' dir='ltr'><strong>solus</strong></span> <span class='ocrx_word' id='word_1_168' title='bbox 498 943 583 969; x_wconf 87' lang='lat' dir='ltr'><strong>solum</strong></span> <span class='ocrx_word' id='word_1_169' title='bbox 594 962 600 973; x_wconf 85' lang='grc'><em>,</em></span> <span class='ocrx_word' id='word_1_170' title='bbox 615 942 685 968; x_wconf 86' lang='lat' dir='ltr'><strong>Deus</strong></span> <span class='ocrx_word' id='word_1_171' title='bbox 700 941 785 968; x_wconf 87' lang='lat' dir='ltr'><strong>Deum</strong></span> <span class='ocrx_word' id='word_1_172' title='bbox 797 960 804 972; x_wconf 86' lang='lat'><strong>,</strong></span> <span class='ocrx_word' id='word_1_173' title='bbox 820 941 952 975; x_wconf 83' lang='lat' dir='ltr'><strong>perfectus</strong></span> <span class='ocrx_word' id='word_1_174' title='bbox 966 949 1027 975; x_wconf 90' lang='lat' dir='ltr'><strong>per-</strong></span> 
     </span>
    </p>
   </div>
   <div class='ocr_carea' id='block_1_25' title="bbox 238 976 1028 1010">
    <p class='ocr_par' dir='ltr' id='par_1_25' title="bbox 238 976 1028 1010">
     <span class='ocr_line' id='line_1_25' title="bbox 238 976 1028 1010; baseline -0.001 -5"><span class='ocrx_word' id='word_1_175' title='bbox 238 979 348 1005; x_wconf 84' lang='lat' dir='ltr'><strong>fectum.</strong></span> <span class='ocrx_word' id='word_1_176' title='bbox 365 978 426 1005; x_wconf 75' lang='lat' dir='ltr'><strong>Haec</strong></span> <span class='ocrx_word' id='word_1_177' title='bbox 441 978 558 1005; x_wconf 89' lang='lat' dir='ltr'><strong>sentiunt</strong></span> <span class='ocrx_word' id='word_1_178' title='bbox 570 976 723 1004; x_wconf 79' lang='lat' dir='ltr'><strong>Christiani.</strong></span> <span class='ocrx_word' id='word_1_179' title='bbox 740 976 851 1008; x_wconf 84' lang='lat' dir='ltr'><strong>Quando</strong></span> <span class='ocrx_word' id='word_1_180' title='bbox 864 976 943 1010; x_wconf 83' lang='lat' dir='ltr'><strong>igitur</strong></span> <span class='ocrx_word' id='word_1_181' title='bbox 955 977 1028 1004; x_wconf 88' lang='lat' dir='ltr'><strong>vide-</strong></span> 
     </span>
    </p>
   </div>
   <div class='ocr_carea' id='block_1_26' title="bbox 236 1011 1029 1048">
    <p class='ocr_par' dir='ltr' id='par_1_26' title="bbox 236 1011 1029 1048">
     <span class='ocr_line' id='line_1_26' title="bbox 236 1011 1029 1048; baseline 0 -8"><span class='ocrx_word' id='word_1_182' title='bbox 236 1014 274 1040; x_wconf 84' lang='lat' dir='ltr'><strong>ris</strong></span> <span class='ocrx_word' id='word_1_183' title='bbox 283 1021 394 1048; x_wconf 87' lang='lat' dir='ltr'><strong>superna</strong></span> <span class='ocrx_word' id='word_1_184' title='bbox 407 1013 510 1048; x_wconf 81' lang='lat' dir='ltr'><strong>curiose</strong></span> <span class='ocrx_word' id='word_1_185' title='bbox 521 1012 665 1048; x_wconf 84' lang='lat' dir='ltr'><strong>inquirere,</strong></span> <span class='ocrx_word' id='word_1_186' title='bbox 676 1018 736 1046; x_wconf 71' lang='lat' dir='ltr'><strong>quae</strong></span> <span class='ocrx_word' id='word_1_187' title='bbox 745 1011 779 1048; x_wconf 80' lang='lat' dir='ltr'><strong>ad</strong></span> <span class='ocrx_word' id='word_1_188' title='bbox 789 1015 813 1048; x_wconf 79' lang='lat' dir='ltr'><strong>te</strong></span> <span class='ocrx_word' id='word_1_189' title='bbox 826 1016 955 1048; x_wconf 78' lang='lat' dir='ltr'><strong>spectant,</strong></span> <span class='ocrx_word' id='word_1_190' title='bbox 969 1012 990 1039; x_wconf 88' lang='lat' dir='ltr'><strong>si</strong></span> <span class='ocrx_word' id='word_1_191' title='bbox 1002 1016 1029 1040; x_wconf 82' lang='lat' dir='ltr'><strong>te</strong></span> 
     </span>
    </p>
   </div>
   <div class='ocr_carea' id='block_1_27' title="bbox 238 1046 1027 1083">
    <p class='ocr_par' dir='ltr' id='par_1_27' title="bbox 238 1046 1027 1083">
     <span class='ocr_line' id='line_1_27' title="bbox 238 1046 1027 1083; baseline -0.001 -9"><span class='ocrx_word' id='word_1_192' title='bbox 238 1046 321 1083; x_wconf 76' lang='lat' dir='ltr'><strong>putas</strong></span> <span class='ocrx_word' id='word_1_193' title='bbox 338 1048 424 1081; x_wconf 84' lang='lat' dir='ltr'><strong>scire,</strong></span> <span class='ocrx_word' id='word_1_194' title='bbox 440 1047 521 1075; x_wconf 83' lang='lat' dir='ltr'><strong>dicito</strong></span> <span class='ocrx_word' id='word_1_195' title='bbox 540 1047 603 1083; x_wconf 79' lang='lat' dir='ltr'><strong>mihi</strong></span> <span class='ocrx_word' id='word_1_196' title='bbox 612 1067 623 1083; x_wconf 21' lang='grc' dir='ltr'><strong>ν.</strong></span> <span class='ocrx_word' id='word_1_197' title='bbox 632 1046 771 1083; x_wconf 79' lang='lat' dir='ltr'><strong>quomodo</strong></span> <span class='ocrx_word' id='word_1_198' title='bbox 782 1046 865 1083; x_wconf 80' lang='lat' dir='ltr'><strong>jactis</strong></span> <span class='ocrx_word' id='word_1_199' title='bbox 886 1046 913 1073; x_wconf 92' lang='lat' dir='ltr'><strong>in</strong></span> <span class='ocrx_word' id='word_1_200' title='bbox 935 1054 1027 1083; x_wconf 84' lang='lat' dir='ltr'><strong>pyram</strong></span> 
     </span>
    </p>
   </div>
   <div class='ocr_carea' id='block_1_28' title="bbox 231 1081 1028 1117">
    <p class='ocr_par' dir='ltr' id='par_1_28' title="bbox 231 1081 1028 1117">
     <span class='ocr_line' id='line_1_28' title="bbox 231 1081 1028 1117; baseline 0 -8"><span class='ocrx_word' id='word_1_201' title='bbox 231 1081 324 1110; x_wconf 72' lang='lat' dir='ltr'><strong>aureis</strong></span> <span class='ocrx_word' id='word_1_202' title='bbox 335 1083 475 1110; x_wconf 84' lang='lat' dir='ltr'><strong>monilibus</strong></span> <span class='ocrx_word' id='word_1_203' title='bbox 483 1103 490 1116; x_wconf 95' lang='lat'><strong>,</strong></span> <span class='ocrx_word' id='word_1_204' title='bbox 502 1082 600 1109; x_wconf 92' lang='lat' dir='ltr'><strong>animal</strong></span> <span class='ocrx_word' id='word_1_205' title='bbox 611 1081 674 1108; x_wconf 94' lang='lat' dir='ltr'><strong>illud</strong></span> <span class='ocrx_word' id='word_1_206' title='bbox 685 1082 772 1117; x_wconf 80' lang='lat' dir='ltr'><strong>capite</strong></span> <span class='ocrx_word' id='word_1_207' title='bbox 782 1081 879 1117; x_wconf 85' lang='lat' dir='ltr'><strong>bubulo</strong></span> <span class='ocrx_word' id='word_1_208' title='bbox 889 1081 1028 1109; x_wconf 87' lang='lat' dir='ltr'><strong>ascendit?</strong></span> 
     </span>
    </p>
   </div>
   <div class='ocr_carea' id='block_1_29' title="bbox 235 1115 1027 1152">
    <p class='ocr_par' dir='ltr' id='par_1_29' title="bbox 235 1115 1027 1152">
     <span class='ocr_line' id='line_1_29' title="bbox 235 1115 1027 1152; baseline -0.004 -6"><span class='ocrx_word' id='word_1_209' title='bbox 235 1119 357 1146; x_wconf 64' lang='lat' dir='ltr'><strong>IErarius</strong></span> <span class='ocrx_word' id='word_1_210' title='bbox 367 1126 420 1146; x_wconf 92' lang='lat' dir='ltr'><strong>non</strong></span> <span class='ocrx_word' id='word_1_211' title='bbox 430 1115 556 1152; x_wconf 78' lang='lat' dir='ltr'><strong>operatus</strong></span> <span class='ocrx_word' id='word_1_212' title='bbox 565 1122 616 1150; x_wconf 88' lang='lat' dir='ltr'><strong>est,</strong></span> <span class='ocrx_word' id='word_1_213' title='bbox 630 1115 759 1144; x_wconf 79' lang='lat' dir='ltr'><strong>conflator</strong></span> <span class='ocrx_word' id='word_1_214' title='bbox 771 1124 826 1143; x_wconf 92' lang='lat' dir='ltr'><strong>non</strong></span> <span class='ocrx_word' id='word_1_215' title='bbox 836 1115 928 1144; x_wconf 74' lang='lat' dir='ltr'><strong>aderat</strong></span> <span class='ocrx_word' id='word_1_216' title='bbox 941 1126 946 1143; x_wconf 93' lang='lat'>:</span> <span class='ocrx_word' id='word_1_217' title='bbox 959 1124 1027 1152; x_wconf 92' lang='lat' dir='ltr'><strong>quo-</strong></span> 
     </span>
    </p>
   </div>
   <div class='ocr_carea' id='block_1_30' title="bbox 238 1152 1027 1189">
    <p class='ocr_par' dir='ltr' id='par_1_30' title="bbox 238 1152 1027 1189">
     <span class='ocr_line' id='line_1_30' title="bbox 238 1152 1027 1189; baseline -0.001 -9"><span class='ocrx_word' id='word_1_218' title='bbox 238 1153 318 1180; x_wconf 92' lang='lat' dir='ltr'><strong>modo</strong></span> <span class='ocrx_word' id='word_1_219' title='bbox 331 1161 394 1189; x_wconf 80' lang='lat' dir='ltr'><strong>ergo</strong></span> <span class='ocrx_word' id='word_1_220' title='bbox 411 1153 563 1189; x_wconf 84' lang='lat' dir='ltr'><strong>ascendisse</strong></span> <span class='ocrx_word' id='word_1_221' title='bbox 577 1152 675 1189; x_wconf 81' lang='lat' dir='ltr'><strong>animal</strong></span> <span class='ocrx_word' id='word_1_222' title='bbox 687 1152 786 1179; x_wconf 89' lang='lat' dir='ltr'><strong>bubulo</strong></span> <span class='ocrx_word' id='word_1_223' title='bbox 799 1152 885 1186; x_wconf 85' lang='lat' dir='ltr'><strong>capite</strong></span> <span class='ocrx_word' id='word_1_224' title='bbox 897 1152 978 1180; x_wconf 87' lang='lat' dir='ltr'><strong>audes</strong></span> <span class='ocrx_word' id='word_1_225' title='bbox 985 1152 1027 1189; x_wconf 43' lang='lat' dir='ltr'><strong>dif</strong></span> 
     </span>
    </p>
   </div>
   <div class='ocr_carea' id='block_1_31' title="bbox 235 1187 1027 1222">
    <p class='ocr_par' dir='ltr' id='par_1_31' title="bbox 235 1187 1027 1222">
     <span class='ocr_line' id='line_1_31' title="bbox 235 1187 1027 1222; baseline -0.003 -6"><span class='ocrx_word' id='word_1_226' title='bbox 235 1190 315 1216; x_wconf 86' lang='lat' dir='ltr'><strong>cere?</strong></span> <span class='ocrx_word' id='word_1_227' title='bbox 328 1188 355 1216; x_wconf 88' lang='lat' dir='ltr'><strong>Si</strong></span> <span class='ocrx_word' id='word_1_228' title='bbox 363 1187 428 1216; x_wconf 71' lang='lat' dir='ltr'><strong>hinc</strong></span> <span class='ocrx_word' id='word_1_229' title='bbox 443 1188 566 1215; x_wconf 85' lang='lat' dir='ltr'><strong>inferiora</strong></span> <span class='ocrx_word' id='word_1_230' title='bbox 582 1187 678 1220; x_wconf 90' lang='lat' dir='ltr'><strong>nescis,</strong></span> <span class='ocrx_word' id='word_1_231' title='bbox 691 1195 739 1214; x_wconf 87' lang='lat' dir='ltr'><strong>cur</strong></span> <span class='ocrx_word' id='word_1_232' title='bbox 752 1194 866 1222; x_wconf 87' lang='lat' dir='ltr'><strong>superna</strong></span> <span class='ocrx_word' id='word_1_233' title='bbox 879 1188 1027 1214; x_wconf 82' lang='lat' dir='ltr'><strong>scrutaris?</strong></span> 
     </span>
    </p>
   </div>
   <div class='ocr_carea' id='block_1_32' title="bbox 237 1222 1027 1258">
    <p class='ocr_par' dir='ltr' id='par_1_32' title="bbox 237 1222 1027 1258">
     <span class='ocr_line' id='line_1_32' title="bbox 237 1222 1027 1258; baseline -0.003 -7"><span class='ocrx_word' id='word_1_234' title='bbox 237 1224 286 1257; x_wconf 86' lang='lat' dir='ltr'><strong>Qui</strong></span> <span class='ocrx_word' id='word_1_235' title='bbox 309 1231 340 1251; x_wconf 91' lang='lat' dir='ltr'><strong>ea</strong></span> <span class='ocrx_word' id='word_1_236' title='bbox 354 1244 361 1256; x_wconf 82' lang='lat'><strong>,</strong></span> <span class='ocrx_word' id='word_1_237' title='bbox 377 1231 436 1258; x_wconf 68' lang='lat' dir='ltr'><strong>qua:</strong></span> <span class='ocrx_word' id='word_1_238' title='bbox 455 1224 501 1250; x_wconf 89' lang='lat' dir='ltr'><strong>tibi</strong></span> <span class='ocrx_word' id='word_1_239' title='bbox 518 1223 624 1258; x_wconf 89' lang='lat' dir='ltr'><strong>propria</strong></span> <span class='ocrx_word' id='word_1_240' title='bbox 644 1226 726 1255; x_wconf 89' lang='lat' dir='ltr'><strong>sunt,</strong></span> <span class='ocrx_word' id='word_1_241' title='bbox 741 1222 846 1258; x_wconf 85' lang='lat' dir='ltr'><strong>ignoras</strong></span> <span class='ocrx_word' id='word_1_242' title='bbox 859 1242 866 1253; x_wconf 84' lang='lat'><strong>,</strong></span> <span class='ocrx_word' id='word_1_243' title='bbox 880 1229 927 1249; x_wconf 92' lang='lat' dir='ltr'><strong>cur</strong></span> <span class='ocrx_word' id='word_1_244' title='bbox 939 1222 1027 1250; x_wconf 82' lang='lat' dir='ltr'><strong>aliena</strong></span> 
     </span>
    </p>
   </div>
   <div class='ocr_carea' id='block_1_33' title="bbox 270 1258 1026 1294">
    <p class='ocr_par' dir='ltr' id='par_1_33' title="bbox 270 1258 1026 1294">
     <span class='ocr_line' id='line_1_33' title="bbox 270 1258 1026 1294; baseline -0.003 -8"><span class='ocrx_word' id='word_1_245' title='bbox 270 1259 366 1294; x_wconf 89' lang='lat' dir='ltr'><strong>rquiris</strong></span> <span class='ocrx_word' id='word_1_246' title='bbox 377 1259 388 1285; x_wconf 90' lang='lat'><strong>&#39;!</strong></span> <span class='ocrx_word' id='word_1_247' title='bbox 399 1259 431 1285; x_wconf 88' lang='lat' dir='ltr'><strong>Et</strong></span> <span class='ocrx_word' id='word_1_248' title='bbox 442 1258 555 1294; x_wconf 74' lang='lat' dir='ltr'><strong>afferunt</strong></span> <span class='ocrx_word' id='word_1_249' title='bbox 564 1258 641 1294; x_wconf 64' lang='lat' dir='ltr'><strong>nobis</strong></span> <span class='ocrx_word' id='word_1_250' title='bbox 651 1258 830 1294; x_wconf 84' lang='lat' dir='ltr'><strong>evangelicam</strong></span> <span class='ocrx_word' id='word_1_251' title='bbox 842 1264 936 1294; x_wconf 85' lang='lat' dir='ltr'><strong>vocem</strong></span> <span class='ocrx_word' id='word_1_252' title='bbox 945 1259 1026 1294; x_wconf 82' lang='lat' dir='ltr'><strong>ipsius</strong></span> 
     </span>
    </p>
   </div>
   <div class='ocr_carea' id='block_1_34' title="bbox 233 1266 1025 1328">
    <p class='ocr_par' dir='ltr' id='par_1_34' title="bbox 233 1266 1025 1328">
     <span class='ocr_line' id='line_1_34' title="bbox 233 1266 1025 1320; baseline -0.003 -34"><span class='ocrx_word' id='word_1_253' title='bbox 233 1266 366 1320; x_wconf 55' lang='lat' dir='ltr'><strong>Frquiris</strong></span> <span class='ocrx_word' id='word_1_254' title='bbox 378 1266 388 1285; x_wconf 83' lang='lat'><strong><em>!</em></strong></span> <span class='ocrx_word' id='word_1_255' title='bbox 399 1266 431 1285; x_wconf 74' lang='lat' dir='ltr'><strong>LI.</strong></span> <span class='ocrx_word' id='word_1_256' title='bbox 442 1266 555 1285; x_wconf 85' lang='lat' dir='ltr'><strong>auerunt</strong></span> <span class='ocrx_word' id='word_1_257' title='bbox 564 1266 641 1285; x_wconf 83' lang='lat' dir='ltr'><strong>nonis</strong></span> <span class='ocrx_word' id='word_1_258' title='bbox 651 1266 830 1293; x_wconf 87' lang='lat' dir='ltr'><strong>evangeucam</strong></span> <span class='ocrx_word' id='word_1_259' title='bbox 842 1266 933 1284; x_wconf 83' lang='lat' dir='ltr'><strong>vocem</strong></span> <span class='ocrx_word' id='word_1_260' title='bbox 945 1266 1025 1292; x_wconf 79' lang='lat' dir='ltr'><strong>Ipsius</strong></span> 
     </span>
     <span class='ocr_line' id='line_1_35' title="bbox 255 1292 1025 1328; baseline -0.003 -8"><span class='ocrx_word' id='word_1_261' title='bbox 255 1294 293 1320; x_wconf 87' lang='lat' dir='ltr'><strong>ilii</strong></span> <span class='ocrx_word' id='word_1_262' title='bbox 308 1293 420 1320; x_wconf 85' lang='lat' dir='ltr'><strong>dicentis</strong></span> <span class='ocrx_word' id='word_1_263' title='bbox 435 1293 569 1327; x_wconf 86' lang='lat' dir='ltr'><strong>discipulis</strong></span> <span class='ocrx_word' id='word_1_264' title='bbox 585 1301 598 1328; x_wconf 19' lang='grc' dir='ltr'><strong>τί</strong></span> <span class='ocrx_word' id='word_1_265' title='bbox 609 1292 665 1328; x_wconf 83' lang='lat' dir='ltr'><strong>Ego</strong></span> <span class='ocrx_word' id='word_1_266' title='bbox 679 1300 734 1319; x_wconf 70' lang='lat' dir='ltr'><strong>sunt</strong></span> <span class='ocrx_word' id='word_1_267' title='bbox 746 1293 820 1328; x_wconf 48' lang='lat' dir='ltr'><strong>vitis,</strong></span> <span class='ocrx_word' id='word_1_268' title='bbox 833 1300 884 1328; x_wconf 14' lang='lat' dir='ltr'><strong>pos?</strong></span> <span class='ocrx_word' id='word_1_269' title='bbox 893 1293 1008 1328; x_wconf 79' lang='lat' dir='ltr'><strong>palmites</strong></span> <span class='ocrx_word' id='word_1_270' title='bbox 1017 1312 1025 1324; x_wconf 87' lang='lat'><strong>,</strong></span> 
     </span>
    </p>
   </div>
   <div class='ocr_carea' id='block_1_35' title="bbox 236 1326 1024 1388">
    <p class='ocr_par' dir='ltr' id='par_1_35' title="bbox 236 1326 1024 1388">
     <span class='ocr_line' id='line_1_36' title="bbox 236 1326 1024 1388; baseline -0.001 -33"><span class='ocrx_word' id='word_1_271' title='bbox 236 1328 314 1355; x_wconf 70' lang='lat' dir='ltr'><strong>Pater</strong></span> <span class='ocrx_word' id='word_1_272' title='bbox 323 1336 393 1368; x_wconf 70' lang='lat' dir='ltr'><strong>meus</strong></span> <span class='ocrx_word' id='word_1_273' title='bbox 403 1326 514 1368; x_wconf 67' lang='lat' dir='ltr'><strong>agricola</strong></span> <span class='ocrx_word' id='word_1_274' title='bbox 524 1332 560 1354; x_wconf 76' lang='lat' dir='ltr'><strong>est</strong></span> <span class='ocrx_word' id='word_1_275' title='bbox 568 1326 660 1367; x_wconf 69' lang='lat' dir='ltr'><strong>_(Joait.</strong></span> <span class='ocrx_word' id='word_1_276' title='bbox 670 1327 780 1388; x_wconf 35' lang='lat'><strong>1545?.</strong></span> <span class='ocrx_word' id='word_1_277' title='bbox 792 1326 885 1367; x_wconf 77' lang='lat' dir='ltr'><strong>Viden&#39;</strong></span> <span class='ocrx_word' id='word_1_278' title='bbox 894 1327 1024 1362; x_wconf 87' lang='lat' dir='ltr'><strong>inquiunt,</strong></span> 
     </span>
     <span class='ocr_line' id='line_1_37' title="bbox 237 1362 1024 1388; baseline 0 0"><span class='ocrx_word' id='word_1_279' title='bbox 237 1363 307 1388; x_wconf 72' lang='lat' dir='ltr'><strong>quod</strong></span> <span class='ocrx_word' id='word_1_280' title='bbox 318 1363 413 1388; x_wconf 83' lang='lat' dir='ltr'><strong>Filium</strong></span> <span class='ocrx_word' id='word_1_281' title='bbox 424 1362 534 1388; x_wconf 84' lang='lat' dir='ltr'><strong>fecerit?</strong></span> <span class='ocrx_word' id='word_1_282' title='bbox 547 1362 574 1388; x_wconf 89' lang='lat' dir='ltr'><strong>Si</strong></span> <span class='ocrx_word' id='word_1_283' title='bbox 585 1369 654 1388; x_wconf 88' lang='lat' dir='ltr'><strong>enim</strong></span> <span class='ocrx_word' id='word_1_284' title='bbox 665 1369 753 1388; x_wconf 80' lang='lat' dir='ltr'><strong>aurico</strong></span> <span class='ocrx_word' id='word_1_285' title='bbox 766 1369 780 1387; x_wconf 97' lang='lat' dir='ltr'><strong>a</strong></span> <span class='ocrx_word' id='word_1_286' title='bbox 791 1365 870 1388; x_wconf 79' lang='lat' dir='ltr'><strong>Vitem</strong></span> <span class='ocrx_word' id='word_1_287' title='bbox 882 1369 934 1388; x_wconf 94' lang='lat' dir='ltr'><strong>non</strong></span> <span class='ocrx_word' id='word_1_288' title='bbox 946 1363 1024 1388; x_wconf 85' lang='lat' dir='ltr'><strong>colat.</strong></span> 
     </span>
    </p>
   </div>
   <div class='ocr_carea' id='block_1_36' title="bbox 233 1362 1025 1398">
    <p class='ocr_par' dir='ltr' id='par_1_36' title="bbox 233 1362 1025 1398">
     <span class='ocr_line' id='line_1_38' title="bbox 233 1362 1025 1398; baseline -0.001 -8"><span class='ocrx_word' id='word_1_289' title='bbox 233 1363 307 1398; x_wconf 78' lang='lat' dir='ltr'><strong>quod</strong></span> <span class='ocrx_word' id='word_1_290' title='bbox 318 1363 413 1390; x_wconf 82' lang='lat' dir='ltr'><strong>Filium</strong></span> <span class='ocrx_word' id='word_1_291' title='bbox 424 1362 534 1390; x_wconf 83' lang='lat' dir='ltr'><strong>fecerit?</strong></span> <span class='ocrx_word' id='word_1_292' title='bbox 547 1362 574 1390; x_wconf 88' lang='lat' dir='ltr'><strong>Si</strong></span> <span class='ocrx_word' id='word_1_293' title='bbox 581 1362 654 1398; x_wconf 79' lang='lat' dir='ltr'><strong>enim</strong></span> <span class='ocrx_word' id='word_1_294' title='bbox 665 1362 780 1396; x_wconf 78' lang='lat' dir='ltr'><strong>agricola</strong></span> <span class='ocrx_word' id='word_1_295' title='bbox 791 1362 870 1388; x_wconf 84' lang='lat' dir='ltr'><strong>vitem</strong></span> <span class='ocrx_word' id='word_1_296' title='bbox 882 1369 934 1389; x_wconf 94' lang='lat' dir='ltr'><strong>non</strong></span> <span class='ocrx_word' id='word_1_297' title='bbox 946 1363 1025 1398; x_wconf 77' lang='lat' dir='ltr'><strong>colat,</strong></span> 
     </span>
    </p>
   </div>
   <div class='ocr_carea' id='block_1_37' title="bbox 235 1397 1026 1433">
    <p class='ocr_par' dir='ltr' id='par_1_37' title="bbox 235 1397 1026 1433">
     <span class='ocr_line' id='line_1_39' title="bbox 235 1397 1026 1433; baseline -0.003 -7"><span class='ocrx_word' id='word_1_298' title='bbox 235 1397 288 1426; x_wconf 83' lang='lat' dir='ltr'><strong>non</strong></span> <span class='ocrx_word' id='word_1_299' title='bbox 304 1402 390 1433; x_wconf 78' lang='lat' dir='ltr'><strong>potest</strong></span> <span class='ocrx_word' id='word_1_300' title='bbox 408 1397 479 1433; x_wconf 84' lang='lat' dir='ltr'><strong>utilis</strong></span> <span class='ocrx_word' id='word_1_301' title='bbox 492 1404 561 1433; x_wconf 69' lang='lat' dir='ltr'><strong>esse.</strong></span> <span class='ocrx_word' id='word_1_302' title='bbox 579 1397 610 1424; x_wconf 84' lang='lat' dir='ltr'><strong>Et</strong></span> <span class='ocrx_word' id='word_1_303' title='bbox 623 1401 726 1433; x_wconf 76' lang='lat' dir='ltr'><strong>putant</strong></span> <span class='ocrx_word' id='word_1_304' title='bbox 737 1404 766 1424; x_wconf 88' lang='lat' dir='ltr'><strong>se</strong></span> <span class='ocrx_word' id='word_1_305' title='bbox 781 1403 903 1433; x_wconf 77' lang='lat' dir='ltr'><strong>magnum</strong></span> <span class='ocrx_word' id='word_1_306' title='bbox 922 1397 984 1431; x_wconf 87' lang='lat' dir='ltr'><strong>quid</strong></span> <span class='ocrx_word' id='word_1_307' title='bbox 999 1402 1026 1424; x_wconf 87' lang='lat' dir='ltr'><strong>et</strong></span> 
     </span>
    </p>
   </div>
   <div class='ocr_carea' id='block_1_38' title="bbox 235 1431 1028 1468">
    <p class='ocr_par' dir='ltr' id='par_1_38' title="bbox 235 1431 1028 1468">
     <span class='ocr_line' id='line_1_40' title="bbox 235 1431 1028 1468; baseline 0 -8"><span class='ocrx_word' id='word_1_308' title='bbox 235 1431 352 1460; x_wconf 71' lang='lat' dir='ltr'><strong>validum</strong></span> <span class='ocrx_word' id='word_1_309' title='bbox 362 1432 491 1468; x_wconf 86' lang='lat' dir='ltr'><strong>proferre.</strong></span> <span class='ocrx_word' id='word_1_310' title='bbox 504 1432 602 1468; x_wconf 74' lang='lat' dir='ltr'><strong>verum</strong></span> <span class='ocrx_word' id='word_1_311' title='bbox 612 1431 679 1468; x_wconf 73' lang='lat' dir='ltr'><strong>mihi</strong></span> <span class='ocrx_word' id='word_1_312' title='bbox 686 1432 802 1468; x_wconf 82' lang='lat' dir='ltr'><strong>animum</strong></span> <span class='ocrx_word' id='word_1_313' title='bbox 811 1431 944 1468; x_wconf 80' lang='lat' dir='ltr'><strong>adhibete.</strong></span> <span class='ocrx_word' id='word_1_314' title='bbox 955 1440 1028 1468; x_wconf 75' lang='lat' dir='ltr'><strong>qua:-</strong></span> 
     </span>
    </p>
   </div>
   <div class='ocr_carea' id='block_1_39' title="bbox 231 1466 1028 1503">
    <p class='ocr_par' dir='ltr' id='par_1_39' title="bbox 231 1466 1028 1503">
     <span class='ocr_line' id='line_1_41' title="bbox 231 1466 1028 1503; baseline -0.001 -7"><span class='ocrx_word' id='word_1_315' title='bbox 231 1475 277 1496; x_wconf 74' lang='lat' dir='ltr'><strong>so.</strong></span> <span class='ocrx_word' id='word_1_316' title='bbox 287 1468 347 1495; x_wconf 94' lang='lat' dir='ltr'><strong>Dixi</strong></span> <span class='ocrx_word' id='word_1_317' title='bbox 358 1466 391 1495; x_wconf 82' lang='lat' dir='ltr'><strong>ad</strong></span> <span class='ocrx_word' id='word_1_318' title='bbox 402 1469 519 1503; x_wconf 85' lang='lat' dir='ltr'><strong>ingratos</strong></span> <span class='ocrx_word' id='word_1_319' title='bbox 528 1467 634 1495; x_wconf 74' lang='lat' dir='ltr'><strong>Iudaeos</strong></span> <span class='ocrx_word' id='word_1_320' title='bbox 647 1476 655 1494; x_wconf 72' lang='grc' dir='ltr'><strong>ε</strong></span> <span class='ocrx_word' id='word_1_321' title='bbox 665 1466 750 1503; x_wconf 80' lang='lat' dir='ltr'><strong>Sinite</strong></span> <span class='ocrx_word' id='word_1_322' title='bbox 762 1467 1028 1503; x_wconf 79' lang='lat' dir='ltr'><strong>alloquarimpuden-</strong></span> 
     </span>
    </p>
   </div>
   <div class='ocr_carea' id='block_1_40' title="bbox 233 1502 1027 1538">
    <p class='ocr_par' dir='ltr' id='par_1_40' title="bbox 233 1502 1027 1538">
     <span class='ocr_line' id='line_1_42' title="bbox 233 1502 1027 1538; baseline -0.001 -8"><span class='ocrx_word' id='word_1_323' title='bbox 233 1509 276 1531; x_wconf 69' lang='lat' dir='ltr'><strong>tes</strong></span> <span class='ocrx_word' id='word_1_324' title='bbox 285 1503 440 1530; x_wconf 64' lang='lat' dir='ltr'><strong>‘Iiarrcticos.</strong></span> <span class='ocrx_word' id='word_1_325' title='bbox 454 1503 569 1530; x_wconf 81' lang='lat' dir='ltr'><strong>Potesne</strong></span> <span class='ocrx_word' id='word_1_326' title='bbox 583 1502 648 1530; x_wconf 90' lang='lat' dir='ltr'><strong>mihi</strong></span> <span class='ocrx_word' id='word_1_327' title='bbox 660 1502 750 1529; x_wconf 84' lang='lat' dir='ltr'><strong>dicere</strong></span> <span class='ocrx_word' id='word_1_328' title='bbox 762 1522 769 1535; x_wconf 83' lang='lat'><strong>,</strong></span> <span class='ocrx_word' id='word_1_329' title='bbox 780 1503 886 1538; x_wconf 78' lang='lat' dir='ltr'><strong>ingrate</strong></span> <span class='ocrx_word' id='word_1_330' title='bbox 895 1502 1027 1538; x_wconf 20' lang='lat' dir='ltr'><strong>retiimpu-</strong></span> 
     </span>
    </p>
   </div>
   <div class='ocr_carea' id='block_1_41' title="bbox 228 1537 1028 1572">
    <p class='ocr_par' dir='ltr' id='par_1_41' title="bbox 228 1537 1028 1572">
     <span class='ocr_line' id='line_1_43' title="bbox 228 1537 1028 1572; baseline -0.001 -6"><span class='ocrx_word' id='word_1_331' title='bbox 228 1539 302 1567; x_wconf 68' lang='lat' dir='ltr'><strong>:dens</strong></span> <span class='ocrx_word' id='word_1_332' title='bbox 320 1539 443 1565; x_wconf 77' lang='lat' dir='ltr'><strong>liieretice</strong></span> <span class='ocrx_word' id='word_1_333' title='bbox 454 1558 462 1571; x_wconf 89' lang='lat'><strong>,</strong></span> <span class='ocrx_word' id='word_1_334' title='bbox 476 1538 618 1572; x_wconf 78' lang='lat' dir='ltr'><strong>agricolam</strong></span> <span class='ocrx_word' id='word_1_335' title='bbox 640 1545 693 1564; x_wconf 92' lang='lat' dir='ltr'><strong>non</strong></span> <span class='ocrx_word' id='word_1_336' title='bbox 714 1537 786 1572; x_wconf 80' lang='lat' dir='ltr'><strong>pasei</strong></span> <span class='ocrx_word' id='word_1_337' title='bbox 800 1544 814 1563; x_wconf 88' lang='lat' dir='ltr'><strong>a</strong></span> <span class='ocrx_word' id='word_1_338' title='bbox 833 1537 905 1564; x_wconf 86' lang='lat' dir='ltr'><strong>vitc‘l</strong></span> <span class='ocrx_word' id='word_1_339' title='bbox 923 1537 962 1565; x_wconf 86' lang='lat' dir='ltr'><strong>Te</strong></span> <span class='ocrx_word' id='word_1_340' title='bbox 976 1537 1028 1566; x_wconf 84' lang='lat' dir='ltr'><strong>tuis</strong></span> 
     </span>
    </p>
   </div>
   <div class='ocr_carea' id='block_1_42' title="bbox 230 1572 1025 1608">
    <p class='ocr_par' dir='ltr' id='par_1_42' title="bbox 230 1572 1025 1608">
     <span class='ocr_line' id='line_1_44' title="bbox 230 1572 1025 1608; baseline 0.003 -10"><span class='ocrx_word' id='word_1_341' title='bbox 230 1574 319 1601; x_wconf 79' lang='lat' dir='ltr'><strong>:armis</strong></span> <span class='ocrx_word' id='word_1_342' title='bbox 342 1574 455 1608; x_wconf 85' lang='lat' dir='ltr'><strong>capiam.</strong></span> <span class='ocrx_word' id='word_1_343' title='bbox 476 1572 708 1606; x_wconf 77' lang='lat' dir='ltr'><strong>Quemadmodum</strong></span> <span class='ocrx_word' id='word_1_344' title='bbox 734 1572 813 1607; x_wconf 86' lang='lat' dir='ltr'><strong>igitur</strong></span> <span class='ocrx_word' id='word_1_345' title='bbox 831 1572 946 1608; x_wconf 73' lang='lat' dir='ltr'><strong>agricola</strong></span> <span class='ocrx_word' id='word_1_346' title='bbox 961 1573 1025 1600; x_wconf 90' lang='lat' dir='ltr'><strong>colit</strong></span> 
     </span>
    </p>
   </div>
   <div class='ocr_carea' id='block_1_43' title="bbox 230 1607 1027 1642">
    <p class='ocr_par' dir='ltr' id='par_1_43' title="bbox 230 1607 1027 1642">
     <span class='ocr_line' id='line_1_45' title="bbox 230 1607 1027 1642; baseline -0.001 -6"><span class='ocrx_word' id='word_1_347' title='bbox 230 1610 326 1642; x_wconf 52' lang='lat' dir='ltr'><strong>Ivitcin,</strong></span> <span class='ocrx_word' id='word_1_348' title='bbox 344 1607 382 1635; x_wconf 73' lang='lat' dir='ltr'><strong>ita</strong></span> <span class='ocrx_word' id='word_1_349' title='bbox 394 1613 420 1636; x_wconf 91' lang='lat' dir='ltr'><strong>et</strong></span> <span class='ocrx_word' id='word_1_350' title='bbox 435 1608 512 1635; x_wconf 86' lang='lat' dir='ltr'><strong>Pater</strong></span> <span class='ocrx_word' id='word_1_351' title='bbox 527 1611 653 1642; x_wconf 76' lang='lat' dir='ltr'><strong>operatur</strong></span> <span class='ocrx_word' id='word_1_352' title='bbox 667 1607 762 1642; x_wconf 79' lang='lat' dir='ltr'><strong>Filium</strong></span> <span class='ocrx_word' id='word_1_353' title='bbox 778 1615 866 1634; x_wconf 82' lang='lat' dir='ltr'><strong>suum.</strong></span> <span class='ocrx_word' id='word_1_354' title='bbox 884 1607 1027 1635; x_wconf 84' lang='lat' dir='ltr'><strong>Videamus</strong></span> 
     </span>
    </p>
   </div>
   <div class='ocr_carea' id='block_1_44' title="bbox 235 1637 1026 1679">
    <p class='ocr_par' dir='ltr' id='par_1_44' title="bbox 235 1637 1026 1679">
     <span class='ocr_line' id='line_1_46' title="bbox 235 1637 1026 1679; baseline -0.003 -8"><span class='ocrx_word' id='word_1_355' title='bbox 235 1637 388 1679; x_wconf 50' lang='lat' dir='ltr'><strong>igitur&#39;quis</strong></span> <span class='ocrx_word' id='word_1_356' title='bbox 399 1650 414 1669; x_wconf 90' lang='lat' dir='ltr'><strong>a</strong></span> <span class='ocrx_word' id='word_1_357' title='bbox 428 1637 705 1679; x_wconf 65' lang='lat' dir='ltr'><strong>quonam&#39;nutriatur,</strong></span> <span class='ocrx_word' id='word_1_358' title='bbox 721 1637 761 1679; x_wconf 60' lang='grc' dir='ltr'><strong>δέ</strong></span> <span class='ocrx_word' id='word_1_359' title='bbox 771 1643 833 1669; x_wconf 90' lang='lat' dir='ltr'><strong>vitis</strong></span> <span class='ocrx_word' id='word_1_360' title='bbox 843 1642 1004 1679; x_wconf 82' lang='lat' dir='ltr'><strong>ab_agricola</strong></span> <span class='ocrx_word' id='word_1_361' title='bbox 1018 1664 1026 1676; x_wconf 88' lang='lat'><strong>,</strong></span> 
     </span>
    </p>
   </div>
   <div class='ocr_carea' id='block_1_45' title="bbox 228 1677 1028 1713">
    <p class='ocr_par' dir='ltr' id='par_1_45' title="bbox 228 1677 1028 1713">
     <span class='ocr_line' id='line_1_47' title="bbox 228 1677 1028 1713; baseline -0.001 -7"><span class='ocrx_word' id='word_1_362' title='bbox 228 1677 270 1706; x_wconf 73' lang='lat' dir='ltr'><strong>:aii</strong></span> <span class='ocrx_word' id='word_1_363' title='bbox 286 1677 400 1713; x_wconf 76' lang='lat' dir='ltr'><strong>agricola</strong></span> <span class='ocrx_word' id='word_1_364' title='bbox 414 1685 428 1704; x_wconf 89' lang='lat' dir='ltr'><strong>a</strong></span> <span class='ocrx_word' id='word_1_365' title='bbox 445 1679 508 1704; x_wconf 87' lang='lat' dir='ltr'><strong>vite.</strong></span> <span class='ocrx_word' id='word_1_366' title='bbox 532 1677 684 1713; x_wconf 84' lang='lat' dir='ltr'><strong>Secundum</strong></span> <span class='ocrx_word' id='word_1_367' title='bbox 700 1681 727 1713; x_wconf 84' lang='lat' dir='ltr'><strong>te</strong></span> <span class='ocrx_word' id='word_1_368' title='bbox 741 1677 820 1703; x_wconf 82' lang='lat' dir='ltr'><strong>Pater</strong></span> <span class='ocrx_word' id='word_1_369' title='bbox 838 1684 852 1703; x_wconf 88' lang='lat' dir='ltr'><strong>a</strong></span> <span class='ocrx_word' id='word_1_370' title='bbox 869 1677 939 1713; x_wconf 83' lang='lat' dir='ltr'><strong>Filio</strong></span> <span class='ocrx_word' id='word_1_371' title='bbox 949 1677 1028 1706; x_wconf 85' lang='lat' dir='ltr'><strong>liabet</strong></span> 
     </span>
    </p>
   </div>
   <div class='ocr_carea' id='block_1_46' title="bbox 236 1712 1027 1746">
    <p class='ocr_par' dir='ltr' id='par_1_46' title="bbox 236 1712 1027 1746">
     <span class='ocr_line' id='line_1_48' title="bbox 236 1712 1027 1746; baseline -0.003 -6"><span class='ocrx_word' id='word_1_372' title='bbox 236 1712 314 1745; x_wconf 76' lang='lat' dir='ltr'><strong>esse;</strong></span> <span class='ocrx_word' id='word_1_373' title='bbox 327 1720 378 1740; x_wconf 91' lang='lat' dir='ltr'><strong>non</strong></span> <span class='ocrx_word' id='word_1_374' title='bbox 390 1717 429 1739; x_wconf 91' lang='lat' dir='ltr'><strong>est</strong></span> <span class='ocrx_word' id='word_1_375' title='bbox 440 1713 510 1739; x_wconf 91' lang='lat' dir='ltr'><strong>enim</strong></span> <span class='ocrx_word' id='word_1_376' title='bbox 522 1712 649 1746; x_wconf 73' lang='lat' dir='ltr'><strong>agricola,</strong></span> <span class='ocrx_word' id='word_1_377' title='bbox 661 1712 706 1746; x_wconf 89' lang='lat' dir='ltr'><strong>qui</strong></span> <span class='ocrx_word' id='word_1_378' title='bbox 717 1719 770 1738; x_wconf 91' lang='lat' dir='ltr'><strong>non</strong></span> <span class='ocrx_word' id='word_1_379' title='bbox 784 1717 906 1746; x_wconf 85' lang='lat' dir='ltr'><strong>pascatur</strong></span> <span class='ocrx_word' id='word_1_380' title='bbox 917 1712 950 1739; x_wconf 86' lang='lat' dir='ltr'><strong>ab</strong></span> <span class='ocrx_word' id='word_1_381' title='bbox 961 1720 1027 1746; x_wconf 86' lang='lat' dir='ltr'><strong>ope-</strong></span> 
     </span>
    </p>
   </div>
   <div class='ocr_carea' id='block_1_47' title="bbox 238 1746 1028 1781">
    <p class='ocr_par' dir='ltr' id='par_1_47' title="bbox 238 1746 1028 1781">
     <span class='ocr_line' id='line_1_49' title="bbox 238 1746 1028 1781; baseline 0 -6"><span class='ocrx_word' id='word_1_382' title='bbox 238 1749 312 1775; x_wconf 82' lang='lat' dir='ltr'><strong>ribus</strong></span> <span class='ocrx_word' id='word_1_383' title='bbox 327 1748 392 1774; x_wconf 86' lang='lat' dir='ltr'><strong>suis.</strong></span> <span class='ocrx_word' id='word_1_384' title='bbox 414 1747 480 1779; x_wconf 88' lang='lat' dir='ltr'><strong>Quid</strong></span> <span class='ocrx_word' id='word_1_385' title='bbox 496 1746 592 1781; x_wconf 79' lang='lat' dir='ltr'><strong>igitur?</strong></span> <span class='ocrx_word' id='word_1_386' title='bbox 605 1746 689 1773; x_wconf 81' lang='lat' dir='ltr'><strong>Filius</strong></span> <span class='ocrx_word' id='word_1_387' title='bbox 704 1746 822 1774; x_wconf 87' lang='lat' dir='ltr'><strong>nutritne</strong></span> <span class='ocrx_word' id='word_1_388' title='bbox 838 1746 964 1774; x_wconf 76' lang='lat' dir='ltr'><strong>Patrem?</strong></span> <span class='ocrx_word' id='word_1_389' title='bbox 975 1747 1028 1775; x_wconf 86' lang='lat' dir='ltr'><strong>Ne-</strong></span> 
     </span>
    </p>
   </div>
   <div class='ocr_carea' id='block_1_48' title="bbox 236 1781 1028 1818">
    <p class='ocr_par' dir='ltr' id='par_1_48' title="bbox 236 1781 1028 1818">
     <span class='ocr_line' id='line_1_50' title="bbox 236 1781 1028 1818; baseline 0.001 -9"><span class='ocrx_word' id='word_1_390' title='bbox 236 1790 379 1818; x_wconf 87' lang='lat' dir='ltr'><strong>quaquam,</strong></span> <span class='ocrx_word' id='word_1_391' title='bbox 393 1782 462 1818; x_wconf 74' lang='lat' dir='ltr'><strong>absit</strong></span> <span class='ocrx_word' id='word_1_392' title='bbox 474 1790 480 1808; x_wconf 90' lang='lat'>:</span> <span class='ocrx_word' id='word_1_393' title='bbox 493 1781 813 1818; x_wconf 12' lang='lat' dir='ltr'><strong>liiccgextremieinsaniie</strong></span> <span class='ocrx_word' id='word_1_394' title='bbox 826 1787 924 1809; x_wconf 84' lang='lat' dir='ltr'><strong>essent.</strong></span> <span class='ocrx_word' id='word_1_395' title='bbox 938 1781 1028 1818; x_wconf 71' lang='lat' dir='ltr'><strong>Satius</strong></span> 
     </span>
    </p>
   </div>
   <div class='ocr_carea' id='block_1_49' title="bbox 240 1816 1028 1852">
    <p class='ocr_par' dir='ltr' id='par_1_49' title="bbox 240 1816 1028 1852">
     <span class='ocr_line' id='line_1_51' title="bbox 240 1816 1028 1852; baseline 0 -7"><span class='ocrx_word' id='word_1_396' title='bbox 240 1816 280 1845; x_wconf 78' lang='lat' dir='ltr'><strong>cst</strong></span> <span class='ocrx_word' id='word_1_397' title='bbox 296 1816 386 1845; x_wconf 84' lang='lat' dir='ltr'><strong>dicere</strong></span> <span class='ocrx_word' id='word_1_398' title='bbox 403 1825 409 1842; x_wconf 91' lang='lat'><strong>:</strong></span> <span class='ocrx_word' id='word_1_399' title='bbox 421 1816 494 1844; x_wconf 87' lang='lat' dir='ltr'><strong>Sicut</strong></span> <span class='ocrx_word' id='word_1_400' title='bbox 506 1816 619 1852; x_wconf 77' lang='lat' dir='ltr'><strong>agricola</strong></span> <span class='ocrx_word' id='word_1_401' title='bbox 632 1816 774 1852; x_wconf 23' lang='lat' dir='ltr'><strong>gaudetide</strong></span> <span class='ocrx_word' id='word_1_402' title='bbox 787 1817 849 1848; x_wconf 87' lang='lat' dir='ltr'><strong>vite,</strong></span> <span class='ocrx_word' id='word_1_403' title='bbox 862 1817 901 1844; x_wconf 88' lang='lat' dir='ltr'><strong>sic</strong></span> <span class='ocrx_word' id='word_1_404' title='bbox 913 1821 940 1844; x_wconf 88' lang='lat' dir='ltr'><strong>et</strong></span> <span class='ocrx_word' id='word_1_405' title='bbox 949 1817 1028 1845; x_wconf 83' lang='lat' dir='ltr'><strong>Pater</strong></span> 
     </span>
    </p>
   </div>
   <div class='ocr_carea' id='block_1_50' title="bbox 238 1851 1028 1887">
    <p class='ocr_par' dir='ltr' id='par_1_50' title="bbox 238 1851 1028 1887">
     <span class='ocr_line' id='line_1_52' title="bbox 238 1851 1028 1887; baseline 0.001 -9"><span class='ocrx_word' id='word_1_406' title='bbox 238 1852 334 1887; x_wconf 78' lang='lat' dir='ltr'><strong>gaudet</strong></span> <span class='ocrx_word' id='word_1_407' title='bbox 345 1852 378 1879; x_wconf 89' lang='lat' dir='ltr'><strong>de</strong></span> <span class='ocrx_word' id='word_1_408' title='bbox 388 1852 466 1887; x_wconf 51' lang='lat' dir='ltr'><strong>Filio:</strong></span> <span class='ocrx_word' id='word_1_409' title='bbox 477 1851 533 1879; x_wconf 85' lang='lat' dir='ltr'><strong>Non</strong></span> <span class='ocrx_word' id='word_1_410' title='bbox 547 1852 617 1878; x_wconf 88' lang='lat' dir='ltr'><strong>enim</strong></span> <span class='ocrx_word' id='word_1_411' title='bbox 631 1851 698 1879; x_wconf 82' lang='lat' dir='ltr'><strong>dixit</strong></span> <span class='ocrx_word' id='word_1_412' title='bbox 708 1860 716 1879; x_wconf 82' lang='lat'><strong>:</strong></span> <span class='ocrx_word' id='word_1_413' title='bbox 727 1851 808 1879; x_wconf 88' lang='lat' dir='ltr'><strong>Pater</strong></span> <span class='ocrx_word' id='word_1_414' title='bbox 815 1859 894 1887; x_wconf 21' lang='lat' dir='ltr'><strong>rmeus</strong></span> <span class='ocrx_word' id='word_1_415' title='bbox 904 1857 1028 1886; x_wconf 86' lang='lat' dir='ltr'><strong>operatus</strong></span> 
     </span>
    </p>
   </div>
   <div class='ocr_carea' id='block_1_51' title="bbox 237 1886 1027 1922">
    <p class='ocr_par' dir='ltr' id='par_1_51' title="bbox 237 1886 1027 1922">
     <span class='ocr_line' id='line_1_53' title="bbox 237 1886 1027 1922; baseline 0 -7"><span class='ocrx_word' id='word_1_416' title='bbox 237 1893 278 1915; x_wconf 74' lang='lat' dir='ltr'><strong>est</strong></span> <span class='ocrx_word' id='word_1_417' title='bbox 291 1895 333 1914; x_wconf 90' lang='lat' dir='ltr'><strong>me</strong></span> <span class='ocrx_word' id='word_1_418' title='bbox 345 1908 353 1921; x_wconf 86' lang='lat'><strong>,</strong></span> <span class='ocrx_word' id='word_1_419' title='bbox 368 1887 414 1914; x_wconf 86' lang='lat' dir='ltr'><strong>sed</strong></span> <span class='ocrx_word' id='word_1_420' title='bbox 424 1907 431 1920; x_wconf 91' lang='lat'><strong>,</strong></span> <span class='ocrx_word' id='word_1_421' title='bbox 447 1886 525 1914; x_wconf 83' lang='lat' dir='ltr'><strong>Pater</strong></span> <span class='ocrx_word' id='word_1_422' title='bbox 537 1895 606 1914; x_wconf 73' lang='lat' dir='ltr'><strong>meus</strong></span> <span class='ocrx_word' id='word_1_423' title='bbox 619 1887 731 1922; x_wconf 83' lang='lat' dir='ltr'><strong>agricola</strong></span> <span class='ocrx_word' id='word_1_424' title='bbox 744 1892 790 1913; x_wconf 68' lang='lat' dir='ltr'><strong>est.</strong></span> <span class='ocrx_word' id='word_1_425' title='bbox 806 1886 942 1922; x_wconf 80' lang='lat' dir='ltr'><strong>Gaudebat</strong></span> <span class='ocrx_word' id='word_1_426' title='bbox 952 1888 1027 1922; x_wconf 65' lang='lat' dir='ltr'><strong>enim</strong></span> 
     </span>
    </p>
   </div>
   <div class='ocr_carea' id='block_1_52' title="bbox 237 1919 1028 1950">
    <p class='ocr_par' dir='ltr' id='par_1_52' title="bbox 237 1919 1028 1950">
     <span class='ocr_line' id='line_1_54' title="bbox 237 1919 1028 1950; baseline 0 -1"><span class='ocrx_word' id='word_1_427' title='bbox 237 1923 263 1949; x_wconf 90' lang='lat' dir='ltr'><strong>in</strong></span> <span class='ocrx_word' id='word_1_428' title='bbox 286 1919 362 1950; x_wconf 81' lang='lat' dir='ltr'><strong>Filio.</strong></span> <span class='ocrx_word' id='word_1_429' title='bbox 387 1922 444 1949; x_wconf 85' lang='lat' dir='ltr'><strong>Non</strong></span> <span class='ocrx_word' id='word_1_430' title='bbox 465 1922 562 1949; x_wconf 90' lang='lat' dir='ltr'><strong>audisti</strong></span> <span class='ocrx_word' id='word_1_431' title='bbox 585 1919 646 1949; x_wconf 82' lang='lat' dir='ltr'><strong>eum</strong></span> <span class='ocrx_word' id='word_1_432' title='bbox 663 1922 795 1949; x_wconf 87' lang='lat' dir='ltr'><strong>dicentem</strong></span> <span class='ocrx_word' id='word_1_433' title='bbox 812 1930 818 1948; x_wconf 92' lang='lat'>:</span> <span class='ocrx_word' id='word_1_434' title='bbox 835 1921 885 1948; x_wconf 83' lang='lat' dir='ltr'><strong>Hic</strong></span> <span class='ocrx_word' id='word_1_435' title='bbox 902 1919 1028 1949; x_wconf 69' lang='lat' dir='ltr'><strong>estFIliua</strong></span> 
     </span>
    </p>
   </div>
   <div class='ocr_carea' id='block_1_53' title="bbox 238 1956 1026 1992">
    <p class='ocr_par' dir='ltr' id='par_1_53' title="bbox 238 1956 1026 1992">
     <span class='ocr_line' id='line_1_55' title="bbox 238 1956 1026 1992; baseline 0.001 -9"><span class='ocrx_word' id='word_1_436' title='bbox 238 1966 307 1985; x_wconf 75' lang='lat' dir='ltr'><strong>meus</strong></span> <span class='ocrx_word' id='word_1_437' title='bbox 321 1958 428 1984; x_wconf 72' lang='lat' dir='ltr'><strong>dilectus</strong></span> <span class='ocrx_word' id='word_1_438' title='bbox 440 1977 447 1990; x_wconf 87' lang='lat'><strong>,</strong></span> <span class='ocrx_word' id='word_1_439' title='bbox 460 1957 487 1983; x_wconf 87' lang='lat' dir='ltr'><strong>in</strong></span> <span class='ocrx_word' id='word_1_440' title='bbox 497 1965 546 1992; x_wconf 87' lang='lat' dir='ltr'><strong>quo</strong></span> <span class='ocrx_word' id='word_1_441' title='bbox 560 1957 622 1983; x_wconf 83' lang='lat' dir='ltr'><strong>mihi</strong></span> <span class='ocrx_word' id='word_1_442' title='bbox 634 1957 775 1992; x_wconf 82' lang='lat' dir='ltr'><strong>complacui</strong></span> <span class='ocrx_word' id='word_1_443' title='bbox 783 1957 792 1991; x_wconf 97' lang='lat'>(</span> <span class='ocrx_word' id='word_1_444' title='bbox 806 1956 899 1983; x_wconf 75' lang='lat' dir='ltr'><strong>Matth.</strong></span> <span class='ocrx_word' id='word_1_445' title='bbox 913 1957 939 1984; x_wconf 80' lang='lat'><strong>&#39;5.</strong></span> <span class='ocrx_word' id='word_1_446' title='bbox 952 1957 984 1984; x_wconf 78' lang='lat' dir='ltr'><strong>l7</strong></span> <span class='ocrx_word' id='word_1_447' title='bbox 996 1958 1006 1992; x_wconf 84' lang='lat'><strong>)</strong></span> <span class='ocrx_word' id='word_1_448' title='bbox 1019 1966 1026 1990; x_wconf 87' lang='lat'><strong>;</strong></span> 
     </span>
    </p>
   </div>
   <div class='ocr_carea' id='block_1_54' title="bbox 238 1991 1028 2027">
    <p class='ocr_par' dir='ltr' id='par_1_54' title="bbox 238 1991 1028 2027">
     <span class='ocr_line' id='line_1_56' title="bbox 238 1991 1028 2027; baseline 0 -8"><span class='ocrx_word' id='word_1_449' title='bbox 238 1992 344 2027; x_wconf 84' lang='lat' dir='ltr'><strong>quando</strong></span> <span class='ocrx_word' id='word_1_450' title='bbox 357 1993 429 2019; x_wconf 89' lang='lat' dir='ltr'><strong>stetit</strong></span> <span class='ocrx_word' id='word_1_451' title='bbox 442 1992 468 2019; x_wconf 91' lang='lat' dir='ltr'><strong>in</strong></span> <span class='ocrx_word' id='word_1_452' title='bbox 482 1991 604 2019; x_wconf 86' lang='lat' dir='ltr'><strong>Jordanis</strong></span> <span class='ocrx_word' id='word_1_453' title='bbox 616 1992 741 2019; x_wconf 83' lang='lat' dir='ltr'><strong>liuentis?</strong></span> <span class='ocrx_word' id='word_1_454' title='bbox 755 1991 812 2027; x_wconf 84' lang='lat' dir='ltr'><strong>Non</strong></span> <span class='ocrx_word' id='word_1_455' title='bbox 826 1991 892 2018; x_wconf 82' lang='lat' dir='ltr'><strong>dixit</strong></span> <span class='ocrx_word' id='word_1_456' title='bbox 905 1992 975 2027; x_wconf 16' lang='lat' dir='ltr'><strong>:VHic</strong></span> <span class='ocrx_word' id='word_1_457' title='bbox 986 1991 1028 2019; x_wconf 85' lang='lat' dir='ltr'><strong>est</strong></span> 
     </span>
    </p>
   </div>
   <div class='ocr_carea' id='block_1_55' title="bbox 239 2026 1026 2062">
    <p class='ocr_par' dir='ltr' id='par_1_55' title="bbox 239 2026 1026 2062">
     <span class='ocr_line' id='line_1_57' title="bbox 239 2026 1026 2062; baseline -0.001 -8"><span class='ocrx_word' id='word_1_458' title='bbox 239 2028 309 2054; x_wconf 89' lang='lat' dir='ltr'><strong>lilius</strong></span> <span class='ocrx_word' id='word_1_459' title='bbox 323 2035 398 2054; x_wconf 90' lang='lat' dir='ltr'><strong>meus</strong></span> <span class='ocrx_word' id='word_1_460' title='bbox 412 2047 419 2059; x_wconf 87' lang='lat'><strong>,</strong></span> <span class='ocrx_word' id='word_1_461' title='bbox 434 2034 512 2062; x_wconf 88' lang='lat' dir='ltr'><strong>quem</strong></span> <span class='ocrx_word' id='word_1_462' title='bbox 525 2026 612 2053; x_wconf 90' lang='lat' dir='ltr'><strong>creavi</strong></span> <span class='ocrx_word' id='word_1_463' title='bbox 624 2048 631 2060; x_wconf 84' lang='lat'><strong>,</strong></span> <span class='ocrx_word' id='word_1_464' title='bbox 645 2032 690 2053; x_wconf 92' lang='lat' dir='ltr'><strong>aut</strong></span> <span class='ocrx_word' id='word_1_465' title='bbox 704 2034 782 2061; x_wconf 87' lang='lat' dir='ltr'><strong>quem</strong></span> <span class='ocrx_word' id='word_1_466' title='bbox 799 2026 847 2054; x_wconf 92' lang='lat' dir='ltr'><strong>feci</strong></span> <span class='ocrx_word' id='word_1_467' title='bbox 859 2035 865 2058; x_wconf 92' lang='lat'>;</span> <span class='ocrx_word' id='word_1_468' title='bbox 880 2026 926 2054; x_wconf 90' lang='lat' dir='ltr'><strong>sed</strong></span> <span class='ocrx_word' id='word_1_469' title='bbox 939 2026 1005 2053; x_wconf 90' lang='lat' dir='ltr'><strong>dixit</strong></span> <span class='ocrx_word' id='word_1_470' title='bbox 1018 2048 1026 2060; x_wconf 95' lang='lat'><strong>,</strong></span> 
     </span>
    </p>
   </div>
   <div class='ocr_carea' id='block_1_56' title="bbox 238 2062 1029 2096">
    <p class='ocr_par' dir='ltr' id='par_1_56' title="bbox 238 2062 1029 2096">
     <span class='ocr_line' id='line_1_58' title="bbox 238 2062 1029 2096; baseline -0.001 -6"><span class='ocrx_word' id='word_1_471' title='bbox 238 2062 272 2090; x_wconf 81' lang='lat' dir='ltr'><strong>In</strong></span> <span class='ocrx_word' id='word_1_472' title='bbox 282 2071 331 2096; x_wconf 87' lang='lat' dir='ltr'><strong>quo</strong></span> <span class='ocrx_word' id='word_1_473' title='bbox 343 2062 404 2089; x_wconf 86' lang='lat' dir='ltr'><strong>mihi</strong></span> <span class='ocrx_word' id='word_1_474' title='bbox 417 2062 477 2089; x_wconf 81' lang='lat' dir='ltr'><strong>bene</strong></span> <span class='ocrx_word' id='word_1_475' title='bbox 491 2062 640 2096; x_wconf 85' lang='lat' dir='ltr'><strong>complacui.</strong></span> <span class='ocrx_word' id='word_1_476' title='bbox 654 2062 723 2089; x_wconf 88' lang='lat' dir='ltr'><strong>Num</strong></span> <span class='ocrx_word' id='word_1_477' title='bbox 737 2068 829 2088; x_wconf 84' lang='lat' dir='ltr'><strong>vocent</strong></span> <span class='ocrx_word' id='word_1_478' title='bbox 842 2062 915 2088; x_wconf 87' lang='lat' dir='ltr'><strong>illam</strong></span> <span class='ocrx_word' id='word_1_479' title='bbox 928 2069 1029 2096; x_wconf 78' lang='lat' dir='ltr'><strong>expun-</strong></span> 
     </span>
    </p>
   </div>
   <div class='ocr_carea' id='block_1_57' title="bbox 238 2096 1029 2133">
    <p class='ocr_par' dir='ltr' id='par_1_57' title="bbox 238 2096 1029 2133">
     <span class='ocr_line' id='line_1_59' title="bbox 238 2096 1029 2133; baseline -0.001 -8"><span class='ocrx_word' id='word_1_480' title='bbox 238 2096 298 2133; x_wconf 78' lang='lat' dir='ltr'><strong>gis?</strong></span> <span class='ocrx_word' id='word_1_481' title='bbox 309 2098 476 2132; x_wconf 82' lang='lat' dir='ltr'><strong>Rursumque</strong></span> <span class='ocrx_word' id='word_1_482' title='bbox 490 2097 562 2133; x_wconf 80' lang='lat' dir='ltr'><strong>dicit,</strong></span> <span class='ocrx_word' id='word_1_483' title='bbox 576 2097 701 2124; x_wconf 77' lang='lat' dir='ltr'><strong>Descendi</strong></span> <span class='ocrx_word' id='word_1_484' title='bbox 713 2096 744 2133; x_wconf 78' lang='lat' dir='ltr'><strong>de</strong></span> <span class='ocrx_word' id='word_1_485' title='bbox 755 2097 827 2130; x_wconf 72' lang='lat' dir='ltr'><strong>cozlo,</strong></span> <span class='ocrx_word' id='word_1_486' title='bbox 840 2105 888 2133; x_wconf 67' lang='lat' dir='ltr'><strong>non</strong></span> <span class='ocrx_word' id='word_1_487' title='bbox 901 2101 926 2133; x_wconf 84' lang='lat' dir='ltr'><strong>ut</strong></span> <span class='ocrx_word' id='word_1_488' title='bbox 936 2097 1029 2133; x_wconf 71' lang='lat' dir='ltr'><strong>faciam</strong></span> 
     </span>
    </p>
   </div>
   <div class='ocr_carea' id='block_1_58' title="bbox 238 2130 1027 2167">
    <p class='ocr_par' dir='ltr' id='par_1_58' title="bbox 238 2130 1027 2167">
     <span class='ocr_line' id='line_1_60' title="bbox 238 2130 1027 2167; baseline -0.001 -7"><span class='ocrx_word' id='word_1_489' title='bbox 238 2130 389 2160; x_wconf 54' lang='lat' dir='ltr'><strong>uoluntatem</strong></span> <span class='ocrx_word' id='word_1_490' title='bbox 401 2130 481 2159; x_wconf 76' lang='lat' dir='ltr'><strong>meam</strong></span> <span class='ocrx_word' id='word_1_491' title='bbox 493 2152 501 2165; x_wconf 91' lang='lat'><strong>,</strong></span> <span class='ocrx_word' id='word_1_492' title='bbox 514 2132 557 2159; x_wconf 68' lang='lat' dir='ltr'><strong>sed</strong></span> <span class='ocrx_word' id='word_1_493' title='bbox 572 2133 626 2167; x_wconf 81' lang='lat' dir='ltr'><strong>ejus</strong></span> <span class='ocrx_word' id='word_1_494' title='bbox 636 2132 678 2167; x_wconf 85' lang='lat' dir='ltr'><strong>qui</strong></span> <span class='ocrx_word' id='word_1_495' title='bbox 690 2132 756 2158; x_wconf 74' lang='lat' dir='ltr'><strong>misit</strong></span> <span class='ocrx_word' id='word_1_496' title='bbox 770 2140 823 2165; x_wconf 84' lang='lat' dir='ltr'><strong>me,</strong></span> <span class='ocrx_word' id='word_1_497' title='bbox 838 2131 924 2158; x_wconf 70' lang='lat' dir='ltr'><strong>Patris</strong></span> <span class='ocrx_word' id='word_1_498' title='bbox 937 2130 1027 2166; x_wconf 79' lang='lat' dir='ltr'><strong>(Joan.</strong></span> 
     </span>
    </p>
   </div>
   <div class='ocr_carea' id='block_1_59' title="bbox 235 2166 1029 2203">
    <p class='ocr_par' dir='ltr' id='par_1_59' title="bbox 235 2166 1029 2203">
     <span class='ocr_line' id='line_1_61' title="bbox 235 2166 1029 2203; baseline -0.001 -8"><span class='ocrx_word' id='word_1_499' title='bbox 235 2169 266 2195; x_wconf 76' lang='lat'><strong>‘6.</strong></span> <span class='ocrx_word' id='word_1_500' title='bbox 282 2168 345 2203; x_wconf 78' lang='grc'><strong>58).</strong></span> <span class='ocrx_word' id='word_1_501' title='bbox 366 2168 529 2203; x_wconf 83' lang='lat' dir='ltr'><strong>Quibusnam</strong></span> <span class='ocrx_word' id='word_1_502' title='bbox 545 2167 570 2193; x_wconf 88' lang='lat' dir='ltr'><strong>id</strong></span> <span class='ocrx_word' id='word_1_503' title='bbox 579 2166 709 2203; x_wconf 68' lang='lat' dir='ltr'><strong>dicebat?</strong></span> <span class='ocrx_word' id='word_1_504' title='bbox 733 2167 813 2194; x_wconf 89' lang='lat' dir='ltr'><strong>Plane</strong></span> <span class='ocrx_word' id='word_1_505' title='bbox 835 2166 956 2203; x_wconf 57' lang='lat' dir='ltr'><strong>Judaais,</strong></span> <span class='ocrx_word' id='word_1_506' title='bbox 968 2167 1029 2203; x_wconf 85' lang='lat' dir='ltr'><strong>quia</strong></span> 
     </span>
    </p>
   </div>
   <div class='ocr_carea' id='block_1_60' title="bbox 239 2202 1029 2236">
    <p class='ocr_par' dir='ltr' id='par_1_60' title="bbox 239 2202 1029 2236">
     <span class='ocr_line' id='line_1_62' title="bbox 239 2202 1029 2236; baseline 0 -6"><span class='ocrx_word' id='word_1_507' title='bbox 239 2203 362 2230; x_wconf 87' lang='lat' dir='ltr'><strong>dicebant</strong></span> <span class='ocrx_word' id='word_1_508' title='bbox 381 2202 419 2229; x_wconf 90' lang='lat' dir='ltr'><strong>illi</strong></span> <span class='ocrx_word' id='word_1_509' title='bbox 435 2211 442 2228; x_wconf 90' lang='lat'><strong>:</strong></span> <span class='ocrx_word' id='word_1_510' title='bbox 458 2202 500 2229; x_wconf 90' lang='lat' dir='ltr'><strong>hic</strong></span> <span class='ocrx_word' id='word_1_511' title='bbox 512 2206 554 2229; x_wconf 83' lang='lat' dir='ltr'><strong>est</strong></span> <span class='ocrx_word' id='word_1_512' title='bbox 573 2202 639 2229; x_wconf 85' lang='lat' dir='ltr'><strong>fabri</strong></span> <span class='ocrx_word' id='word_1_513' title='bbox 660 2202 728 2228; x_wconf 82' lang='lat' dir='ltr'><strong>filius</strong></span> <span class='ocrx_word' id='word_1_514' title='bbox 740 2222 747 2234; x_wconf 90' lang='lat'><strong>,</strong></span> <span class='ocrx_word' id='word_1_515' title='bbox 763 2207 789 2229; x_wconf 92' lang='lat' dir='ltr'><strong>et</strong></span> <span class='ocrx_word' id='word_1_516' title='bbox 804 2209 865 2229; x_wconf 92' lang='lat' dir='ltr'><strong>eum</strong></span> <span class='ocrx_word' id='word_1_517' title='bbox 884 2202 958 2236; x_wconf 88' lang='lat' dir='ltr'><strong>quasi</strong></span> <span class='ocrx_word' id='word_1_518' title='bbox 974 2202 1029 2230; x_wconf 90' lang='lat' dir='ltr'><strong>Deo</strong></span> 
     </span>
    </p>
   </div>
   <div class='ocr_carea' id='block_1_61' title="bbox 238 2236 1029 2271">
    <p class='ocr_par' dir='ltr' id='par_1_61' title="bbox 238 2236 1029 2271">
     <span class='ocr_line' id='line_1_63' title="bbox 238 2236 1029 2271; baseline 0 -7"><span class='ocrx_word' id='word_1_519' title='bbox 238 2237 418 2264; x_wconf 82' lang='lat' dir='ltr'><strong>adversarium</strong></span> <span class='ocrx_word' id='word_1_520' title='bbox 434 2237 601 2271; x_wconf 87' lang='lat' dir='ltr'><strong>reputabant.</strong></span> <span class='ocrx_word' id='word_1_521' title='bbox 615 2237 676 2264; x_wconf 86' lang='lat' dir='ltr'><strong>Ideo</strong></span> <span class='ocrx_word' id='word_1_522' title='bbox 688 2237 763 2267; x_wconf 84' lang='lat' dir='ltr'><strong>dixit,</strong></span> <span class='ocrx_word' id='word_1_523' title='bbox 775 2236 896 2263; x_wconf 80' lang='lat' dir='ltr'><strong>Descendi</strong></span> <span class='ocrx_word' id='word_1_524' title='bbox 908 2237 939 2263; x_wconf 83' lang='lat' dir='ltr'><strong>de</strong></span> <span class='ocrx_word' id='word_1_525' title='bbox 948 2238 1009 2264; x_wconf 66' lang='lat' dir='ltr'><strong>calo</strong></span> <span class='ocrx_word' id='word_1_526' title='bbox 1019 2245 1029 2264; x_wconf 92' lang='lat'><strong><em>:</em></strong></span> 
     </span>
    </p>
   </div>
   <div class='ocr_carea' id='block_1_62' title="bbox 236 2272 1030 2307">
    <p class='ocr_par' dir='ltr' id='par_1_62' title="bbox 236 2272 1030 2307">
     <span class='ocr_line' id='line_1_64' title="bbox 236 2272 1030 2307; baseline 0 -8"><span class='ocrx_word' id='word_1_527' title='bbox 236 2278 267 2299; x_wconf 80' lang='lat' dir='ltr'><strong>et</strong></span> <span class='ocrx_word' id='word_1_528' title='bbox 281 2272 428 2307; x_wconf 19' lang='lat' dir='ltr'><strong>quiarilluni</strong></span> <span class='ocrx_word' id='word_1_529' title='bbox 444 2272 499 2299; x_wconf 91' lang='lat' dir='ltr'><strong>Deo</strong></span> <span class='ocrx_word' id='word_1_530' title='bbox 511 2272 645 2299; x_wconf 83' lang='lat' dir='ltr'><strong>adversari</strong></span> <span class='ocrx_word' id='word_1_531' title='bbox 660 2272 798 2304; x_wconf 83' lang='lat' dir='ltr'><strong>dicebant,</strong></span> <span class='ocrx_word' id='word_1_532' title='bbox 816 2272 875 2298; x_wconf 88' lang='lat' dir='ltr'><strong>idco</strong></span> <span class='ocrx_word' id='word_1_533' title='bbox 889 2272 1030 2306; x_wconf 84' lang='lat' dir='ltr'><strong>adjiciebat</strong></span> 
     </span>
    </p>
   </div>
   <div class='ocr_carea' id='block_1_63' title="bbox 236 2306 1030 2342">
    <p class='ocr_par' dir='ltr' id='par_1_63' title="bbox 236 2306 1030 2342">
     <span class='ocr_line' id='line_1_65' title="bbox 236 2306 1030 2342; baseline 0 -8"><span class='ocrx_word' id='word_1_534' title='bbox 236 2306 306 2335; x_wconf 67' lang='lat' dir='ltr'><strong>ille:</strong></span> <span class='ocrx_word' id='word_1_535' title='bbox 325 2306 386 2333; x_wconf 84' lang='lat' dir='ltr'><strong>Non</strong></span> <span class='ocrx_word' id='word_1_536' title='bbox 394 2307 454 2342; x_wconf 20' lang='grc' dir='ltr'><strong>γινεηὶ</strong></span> <span class='ocrx_word' id='word_1_537' title='bbox 472 2307 555 2340; x_wconf 80' lang='lat' dir='ltr'><strong>facere</strong></span> <span class='ocrx_word' id='word_1_538' title='bbox 569 2307 721 2334; x_wconf 74' lang='lat' dir='ltr'><strong>uoluntatem</strong></span> <span class='ocrx_word' id='word_1_539' title='bbox 738 2315 819 2333; x_wconf 87' lang='lat' dir='ltr'><strong>meam</strong></span> <span class='ocrx_word' id='word_1_540' title='bbox 831 2327 837 2338; x_wconf 86' lang='lat'><strong>,</strong></span> <span class='ocrx_word' id='word_1_541' title='bbox 847 2307 895 2342; x_wconf 64' lang='lat' dir='ltr'><strong>sed</strong></span> <span class='ocrx_word' id='word_1_542' title='bbox 908 2308 976 2341; x_wconf 72' lang='lat' dir='ltr'><strong>ejus,</strong></span> <span class='ocrx_word' id='word_1_543' title='bbox 987 2308 1030 2342; x_wconf 84' lang='lat' dir='ltr'><strong>qui</strong></span> 
     </span>
    </p>
   </div>
   <div class='ocr_carea' id='block_1_64' title="bbox 239 2341 1030 2375">
    <p class='ocr_par' dir='ltr' id='par_1_64' title="bbox 239 2341 1030 2375">
     <span class='ocr_line' id='line_1_66' title="bbox 239 2341 1030 2375; baseline 0 -7"><span class='ocrx_word' id='word_1_544' title='bbox 239 2343 307 2369; x_wconf 79' lang='lat' dir='ltr'><strong>misit</strong></span> <span class='ocrx_word' id='word_1_545' title='bbox 322 2350 371 2375; x_wconf 84' lang='lat' dir='ltr'><strong>me,</strong></span> <span class='ocrx_word' id='word_1_546' title='bbox 386 2341 482 2368; x_wconf 75' lang='lat' dir='ltr'><strong>Patris.</strong></span> <span class='ocrx_word' id='word_1_547' title='bbox 494 2341 714 2375; x_wconf 82' lang='lat' dir='ltr'><strong>Quandoquidem</strong></span> <span class='ocrx_word' id='word_1_548' title='bbox 729 2342 833 2369; x_wconf 83' lang='lat' dir='ltr'><strong>Patrem</strong></span> <span class='ocrx_word' id='word_1_549' title='bbox 845 2341 976 2369; x_wconf 87' lang='lat' dir='ltr'><strong>honorare</strong></span> <span class='ocrx_word' id='word_1_550' title='bbox 990 2341 1030 2368; x_wconf 76' lang='lat' dir='ltr'><strong>vi-</strong></span> 
     </span>
    </p>
   </div>
   <div class='ocr_carea' id='block_1_65' title="bbox 241 2377 1029 2411">
    <p class='ocr_par' dir='ltr' id='par_1_65' title="bbox 241 2377 1029 2411">
     <span class='ocr_line' id='line_1_67' title="bbox 241 2377 1029 2411; baseline -0.001 -7"><span class='ocrx_word' id='word_1_551' title='bbox 241 2378 373 2404; x_wconf 87' lang='lat' dir='ltr'><strong>debantur</strong></span> <span class='ocrx_word' id='word_1_552' title='bbox 384 2397 392 2410; x_wconf 87' lang='lat'><strong>,</strong></span> <span class='ocrx_word' id='word_1_553' title='bbox 415 2377 555 2411; x_wconf 87' lang='lat' dir='ltr'><strong>ipsumque</strong></span> <span class='ocrx_word' id='word_1_554' title='bbox 570 2381 657 2403; x_wconf 89' lang='lat' dir='ltr'><strong>tamen</strong></span> <span class='ocrx_word' id='word_1_555' title='bbox 680 2377 829 2411; x_wconf 84' lang='lat' dir='ltr'><strong>negabant,</strong></span> <span class='ocrx_word' id='word_1_556' title='bbox 848 2377 908 2404; x_wconf 88' lang='lat' dir='ltr'><strong>idco</strong></span> <span class='ocrx_word' id='word_1_557' title='bbox 923 2377 1029 2404; x_wconf 92' lang='lat' dir='ltr'><strong>illorum</strong></span> 
     </span>
    </p>
   </div>
   <div class='ocr_carea' id='block_1_66' title="bbox 239 2413 1028 2446">
    <p class='ocr_par' dir='ltr' id='par_1_66' title="bbox 239 2413 1028 2446">
     <span class='ocr_line' id='line_1_68' title="bbox 239 2413 1028 2446; baseline 0 -7"><span class='ocrx_word' id='word_1_558' title='bbox 239 2420 270 2439; x_wconf 83' lang='lat' dir='ltr'><strong>se</strong></span> <span class='ocrx_word' id='word_1_559' title='bbox 290 2413 434 2439; x_wconf 86' lang='lat' dir='ltr'><strong>infirmitati</strong></span> <span class='ocrx_word' id='word_1_560' title='bbox 454 2413 644 2446; x_wconf 83' lang='lat' dir='ltr'><strong>atteniperabat</strong></span> <span class='ocrx_word' id='word_1_561' title='bbox 659 2421 665 2438; x_wconf 87' lang='lat'><strong>:</strong></span> <span class='ocrx_word' id='word_1_562' title='bbox 680 2419 740 2438; x_wconf 88' lang='lat' dir='ltr'><strong>nam</strong></span> <span class='ocrx_word' id='word_1_563' title='bbox 761 2419 813 2446; x_wconf 91' lang='lat' dir='ltr'><strong>quo</strong></span> <span class='ocrx_word' id='word_1_564' title='bbox 833 2417 909 2445; x_wconf 88' lang='lat' dir='ltr'><strong>pacto</strong></span> <span class='ocrx_word' id='word_1_565' title='bbox 931 2413 1028 2439; x_wconf 87' lang='lat' dir='ltr'><strong>missus</strong></span> 
     </span>
    </p>
   </div>
   <div class='ocr_carea' id='block_1_67' title="bbox 239 2447 1029 2482">
    <p class='ocr_par' dir='ltr' id='par_1_67' title="bbox 239 2447 1029 2482">
     <span class='ocr_line' id='line_1_69' title="bbox 239 2447 1029 2482; baseline -0.001 -7"><span class='ocrx_word' id='word_1_566' title='bbox 239 2453 282 2475; x_wconf 86' lang='lat' dir='ltr'><strong>est</strong></span> <span class='ocrx_word' id='word_1_567' title='bbox 290 2448 353 2481; x_wconf 80' lang='lat' dir='ltr'><strong>ille,</strong></span> <span class='ocrx_word' id='word_1_568' title='bbox 367 2448 410 2482; x_wconf 88' lang='lat' dir='ltr'><strong>qui</strong></span> <span class='ocrx_word' id='word_1_569' title='bbox 426 2447 523 2482; x_wconf 88' lang='lat' dir='ltr'><strong>ubique</strong></span> <span class='ocrx_word' id='word_1_570' title='bbox 536 2452 578 2474; x_wconf 87' lang='lat' dir='ltr'><strong>est</strong></span> <span class='ocrx_word' id='word_1_571' title='bbox 592 2451 618 2481; x_wconf 70' lang='lat' dir='ltr'><strong>et</strong></span> <span class='ocrx_word' id='word_1_572' title='bbox 632 2447 721 2474; x_wconf 90' lang='lat' dir='ltr'><strong>omnia</strong></span> <span class='ocrx_word' id='word_1_573' title='bbox 736 2447 845 2481; x_wconf 87' lang='lat' dir='ltr'><strong>implet?</strong></span> <span class='ocrx_word' id='word_1_574' title='bbox 862 2447 938 2474; x_wconf 86' lang='lat' dir='ltr'><strong>Vides</strong></span> <span class='ocrx_word' id='word_1_575' title='bbox 953 2447 1029 2482; x_wconf 77' lang='lat' dir='ltr'><strong>igitur</strong></span> 
     </span>
    </p>
   </div>
   <div class='ocr_carea' id='block_1_68' title="bbox 972 146 1110 175">
    <p class='ocr_par' dir='ltr' id='par_1_68' title="bbox 972 146 1110 175">
     <span class='ocr_line' id='line_1_70' title="bbox 972 146 1110 175; baseline 0 0"><span class='ocrx_word' id='word_1_576' title='bbox 972 146 1110 175; x_wconf 74' lang='lat' dir='ltr'><strong>SPURIA.</strong></span> 
     </span>
    </p>
   </div>
   <div class='ocr_carea' id='block_1_69' title="bbox 1801 146 1867 174">
    <p class='ocr_par' dir='ltr' id='par_1_69' title="bbox 1801 146 1867 174">
     <span class='ocr_line' id='line_1_71' title="bbox 1801 146 1867 174; baseline -0.015 -1"><span class='ocrx_word' id='word_1_577' title='bbox 1801 146 1867 174; x_wconf 56' lang='lat' dir='ltr'><strong>In!</strong></span> 
     </span>
    </p>
   </div>
   <div class='ocr_carea' id='block_1_70' title="bbox 1083 202 1870 241">
    <p class='ocr_par' dir='ltr' id='par_1_70' title="bbox 1083 202 1870 241">
     <span class='ocr_line' id='line_1_72' title="bbox 1083 202 1870 241; baseline -0.006 -7"><span class='ocrx_word' id='word_1_578' title='bbox 1083 207 1157 234; x_wconf 92' lang='lat' dir='ltr'><strong>illum</strong></span> <span class='ocrx_word' id='word_1_579' title='bbox 1172 209 1280 241; x_wconf 81' lang='lat' dir='ltr'><strong>propter</strong></span> <span class='ocrx_word' id='word_1_580' title='bbox 1293 204 1400 232; x_wconf 66' lang='lat' dir='ltr'><strong>Iudaeos</strong></span> <span class='ocrx_word' id='word_1_581' title='bbox 1413 202 1664 241; x_wconf 42' lang='lat' dir='ltr'><strong>dixissent)de</strong></span> <span class='ocrx_word' id='word_1_582' title='bbox 1676 203 1870 241; x_wconf 37' lang='lat' dir='ltr'><strong>(aequitum</strong></span> 
     </span>
    </p>
   </div>
   <div class='ocr_carea' id='block_1_71' title="bbox 1084 238 1874 276">
    <p class='ocr_par' dir='ltr' id='par_1_71' title="bbox 1084 238 1874 276">
     <span class='ocr_line' id='line_1_73' title="bbox 1084 238 1874 276; baseline -0.004 -7"><span class='ocrx_word' id='word_1_583' title='bbox 1084 238 1192 276; x_wconf 82' lang='lat' dir='ltr'><strong>propter</strong></span> <span class='ocrx_word' id='word_1_584' title='bbox 1206 238 1235 268; x_wconf 81' lang='lat' dir='ltr'><strong>se</strong></span> <span class='ocrx_word' id='word_1_585' title='bbox 1248 241 1331 267; x_wconf 84' lang='lat' dir='ltr'><strong>dixit?</strong></span> <span class='ocrx_word' id='word_1_586' title='bbox 1346 241 1385 266; x_wconf 78' lang='lat' dir='ltr'><strong>An</strong></span> <span class='ocrx_word' id='word_1_587' title='bbox 1399 238 1542 276; x_wconf 59' lang='lat' dir='ltr'><strong>eacusandi</strong></span> <span class='ocrx_word' id='word_1_588' title='bbox 1557 238 1593 276; x_wconf 82' lang='lat' dir='ltr'><strong>tui</strong></span> <span class='ocrx_word' id='word_1_589' title='bbox 1608 238 1694 276; x_wconf 78' lang='lat' dir='ltr'><strong>locum</strong></span> <span class='ocrx_word' id='word_1_590' title='bbox 1707 239 1809 276; x_wconf 69' lang='lat' dir='ltr'><strong>habes?</strong></span> <span class='ocrx_word' id='word_1_591' title='bbox 1821 240 1874 267; x_wconf 75' lang='lat' dir='ltr'><strong>Ve-</strong></span> 
     </span>
    </p>
   </div>
   <div class='ocr_carea' id='block_1_72' title="bbox 1083 273 1879 306">
    <p class='ocr_par' dir='ltr' id='par_1_72' title="bbox 1083 273 1879 306">
     <span class='ocr_line' id='line_1_74' title="bbox 1083 273 1879 306; baseline -0.004 -2"><span class='ocrx_word' id='word_1_592' title='bbox 1083 273 1141 304; x_wconf 81' lang='lat' dir='ltr'><strong>i&#39;uiii</strong></span> <span class='ocrx_word' id='word_1_593' title='bbox 1152 276 1224 303; x_wconf 92' lang='lat' dir='ltr'><strong>aliud</strong></span> <span class='ocrx_word' id='word_1_594' title='bbox 1235 275 1312 302; x_wconf 90' lang='lat' dir='ltr'><strong>nobis</strong></span> <span class='ocrx_word' id='word_1_595' title='bbox 1320 275 1431 306; x_wconf 85' lang='lat' dir='ltr'><strong>apostoli</strong></span> <span class='ocrx_word' id='word_1_596' title='bbox 1443 273 1623 301; x_wconf 90' lang='lat' dir='ltr'><strong>testimonium</strong></span> <span class='ocrx_word' id='word_1_597' title='bbox 1633 273 1790 306; x_wconf 74' lang='lat' dir='ltr'><strong>obtrudunt,</strong></span> <span class='ocrx_word' id='word_1_598' title='bbox 1799 282 1879 301; x_wconf 70' lang='lat' dir='ltr'><strong>netu.</strong></span> 
     </span>
    </p>
   </div>
   <div class='ocr_carea' id='block_1_73' title="bbox 1130 309 1878 343">
    <p class='ocr_par' dir='ltr' id='par_1_73' title="bbox 1130 309 1878 343">
     <span class='ocr_line' id='line_1_75' title="bbox 1130 309 1878 343; baseline -0.003 -4"><span class='ocrx_word' id='word_1_599' title='bbox 1130 321 1137 339; x_wconf 84' lang='lat'><strong>:</strong></span> <span class='ocrx_word' id='word_1_600' title='bbox 1154 311 1228 339; x_wconf 77' lang='lat' dir='ltr'><strong>Unus</strong></span> <span class='ocrx_word' id='word_1_601' title='bbox 1241 311 1309 337; x_wconf 72' lang='lat' dir='ltr'><strong>Deus</strong></span> <span class='ocrx_word' id='word_1_602' title='bbox 1323 309 1409 342; x_wconf 79' lang='lat' dir='ltr'><strong>Pater,</strong></span> <span class='ocrx_word' id='word_1_603' title='bbox 1421 317 1452 336; x_wconf 78' lang='lat' dir='ltr'><strong>ea;</strong></span> <span class='ocrx_word' id='word_1_604' title='bbox 1462 316 1511 343; x_wconf 81' lang='lat' dir='ltr'><strong>quo</strong></span> <span class='ocrx_word' id='word_1_605' title='bbox 1524 309 1619 341; x_wconf 83' lang='lat' dir='ltr'><strong>omnia,</strong></span> <span class='ocrx_word' id='word_1_606' title='bbox 1634 309 1736 343; x_wconf 41' lang='lat' dir='ltr'><strong>equum</strong></span> <span class='ocrx_word' id='word_1_607' title='bbox 1749 309 1878 337; x_wconf 67' lang='lat' dir='ltr'><strong>Dominis:</strong></span> 
     </span>
    </p>
   </div>
   <div class='ocr_carea' id='block_1_74' title="bbox 1080 319 1878 380">
    <p class='ocr_par' dir='ltr' id='par_1_74' title="bbox 1080 319 1878 380">
     <span class='ocr_line' id='line_1_76' title="bbox 1130 319 1878 343; baseline -0.004 -4"><span class='ocrx_word' id='word_1_608' title='bbox 1130 321 1137 339; x_wconf 83' lang='lat'><strong>:</strong></span> <span class='ocrx_word' id='word_1_609' title='bbox 1154 319 1228 339; x_wconf 71' lang='lat' dir='ltr'><strong>Unus</strong></span> <span class='ocrx_word' id='word_1_610' title='bbox 1241 319 1309 337; x_wconf 71' lang='lat' dir='ltr'><strong>Deus</strong></span> <span class='ocrx_word' id='word_1_611' title='bbox 1323 319 1409 342; x_wconf 66' lang='lat' dir='ltr'><strong>Fater,</strong></span> <span class='ocrx_word' id='word_1_612' title='bbox 1421 319 1452 336; x_wconf 75' lang='lat' dir='ltr'><strong>ea:</strong></span> <span class='ocrx_word' id='word_1_613' title='bbox 1462 319 1511 343; x_wconf 80' lang='lat' dir='ltr'><strong>quo</strong></span> <span class='ocrx_word' id='word_1_614' title='bbox 1524 319 1619 341; x_wconf 81' lang='lat' dir='ltr'><strong>omnia,</strong></span> <span class='ocrx_word' id='word_1_615' title='bbox 1634 319 1648 335; x_wconf 79' lang='grc' dir='ltr'><em>ε</em></span> <span class='ocrx_word' id='word_1_616' title='bbox 1670 319 1736 335; x_wconf 74' lang='lat' dir='ltr'><strong>arma</strong></span> <span class='ocrx_word' id='word_1_617' title='bbox 1749 319 1878 337; x_wconf 69' lang='lat' dir='ltr'><strong>var-tuna</strong></span> 
     </span>
     <span class='ocr_line' id='line_1_77' title="bbox 1080 319 1878 380; baseline -0.001 -6"><span class='ocrx_word' id='word_1_618' title='bbox 1080 319 1156 374; x_wconf 54' lang='lat' dir='ltr'><strong>ﬁsus</strong></span> <span class='ocrx_word' id='word_1_619' title='bbox 1171 346 1284 374; x_wconf 74' lang='lat' dir='ltr'><strong>Christus</strong></span> <span class='ocrx_word' id='word_1_620' title='bbox 1295 367 1301 377; x_wconf 84' lang='grc'><strong>,</strong></span> <span class='ocrx_word' id='word_1_621' title='bbox 1318 353 1362 380; x_wconf 83' lang='lat' dir='ltr'><strong>per</strong></span> <span class='ocrx_word' id='word_1_622' title='bbox 1374 353 1446 380; x_wconf 85' lang='lat' dir='ltr'><strong>quem</strong></span> <span class='ocrx_word' id='word_1_623' title='bbox 1458 344 1543 371; x_wconf 84' lang='lat' dir='ltr'><strong>omnia</strong></span> <span class='ocrx_word' id='word_1_624' title='bbox 1560 344 1569 378; x_wconf 97' lang='lat'>(</span> <span class='ocrx_word' id='word_1_625' title='bbox 1582 344 1607 380; x_wconf 58' lang='grc' dir='ltr'><strong>1Σ</strong></span> <span class='ocrx_word' id='word_1_626' title='bbox 1620 319 1679 370; x_wconf 48' lang='grc' dir='ltr'><strong>ϐλ.</strong></span> <span class='ocrx_word' id='word_1_627' title='bbox 1694 344 1722 372; x_wconf 82' lang='grc'><strong>8.</strong></span> <span class='ocrx_word' id='word_1_628' title='bbox 1736 344 1753 372; x_wconf 90' lang='grc'><strong>6</strong></span> <span class='ocrx_word' id='word_1_629' title='bbox 1764 344 1785 379; x_wconf 81' lang='lat'><strong>).</strong></span> <span class='ocrx_word' id='word_1_630' title='bbox 1804 345 1878 373; x_wconf 69' lang='lat' dir='ltr'><strong>Dicit</strong></span> 
     </span>
    </p>
   </div>
   <div class='ocr_carea' id='block_1_75' title="bbox 1081 379 1877 414">
    <p class='ocr_par' dir='ltr' id='par_1_75' title="bbox 1081 379 1877 414">
     <span class='ocr_line' id='line_1_78' title="bbox 1081 379 1877 414; baseline -0.003 -5"><span class='ocrx_word' id='word_1_631' title='bbox 1081 390 1134 409; x_wconf 91' lang='lat' dir='ltr'><strong>non</strong></span> <span class='ocrx_word' id='word_1_632' title='bbox 1147 382 1228 409; x_wconf 88' lang='lat' dir='ltr'><strong>alium</strong></span> <span class='ocrx_word' id='word_1_633' title='bbox 1244 388 1304 408; x_wconf 87' lang='lat' dir='ltr'><strong>esse</strong></span> <span class='ocrx_word' id='word_1_634' title='bbox 1319 379 1402 407; x_wconf 87' lang='lat' dir='ltr'><strong>Deum</strong></span> <span class='ocrx_word' id='word_1_635' title='bbox 1415 400 1422 409; x_wconf 92' lang='lat'><em>.</em></span> <span class='ocrx_word' id='word_1_636' title='bbox 1441 380 1525 414; x_wconf 83' lang='lat' dir='ltr'><strong>qualis</strong></span> <span class='ocrx_word' id='word_1_637' title='bbox 1538 384 1579 406; x_wconf 83' lang='lat' dir='ltr'><strong>est</strong></span> <span class='ocrx_word' id='word_1_638' title='bbox 1593 379 1673 406; x_wconf 81' lang='lat' dir='ltr'><strong>Pater</strong></span> <span class='ocrx_word' id='word_1_639' title='bbox 1686 388 1694 406; x_wconf 91' lang='lat'><strong>:</strong></span> <span class='ocrx_word' id='word_1_640' title='bbox 1713 384 1741 406; x_wconf 85' lang='lat' dir='ltr'><strong>et</strong></span> <span class='ocrx_word' id='word_1_641' title='bbox 1759 387 1810 414; x_wconf 79' lang='lat' dir='ltr'><strong>ego</strong></span> <span class='ocrx_word' id='word_1_642' title='bbox 1826 381 1877 407; x_wconf 75' lang='lat' dir='ltr'><strong>tibi</strong></span> 
     </span>
    </p>
   </div>
   <div class='ocr_carea' id='block_1_76' title="bbox 1081 413 1881 448">
    <p class='ocr_par' dir='ltr' id='par_1_76' title="bbox 1081 413 1881 448">
     <span class='ocr_line' id='line_1_79' title="bbox 1081 413 1881 448; baseline -0.001 -4"><span class='ocrx_word' id='word_1_643' title='bbox 1081 417 1141 445; x_wconf 90' lang='lat' dir='ltr'><strong>dico</strong></span> <span class='ocrx_word' id='word_1_644' title='bbox 1161 425 1213 444; x_wconf 87' lang='lat' dir='ltr'><strong>non</strong></span> <span class='ocrx_word' id='word_1_645' title='bbox 1231 417 1312 443; x_wconf 89' lang='lat' dir='ltr'><strong>alium</strong></span> <span class='ocrx_word' id='word_1_646' title='bbox 1327 422 1387 443; x_wconf 90' lang='lat' dir='ltr'><strong>esse</strong></span> <span class='ocrx_word' id='word_1_647' title='bbox 1404 415 1541 441; x_wconf 88' lang='lat' dir='ltr'><strong>Dominum</strong></span> <span class='ocrx_word' id='word_1_648' title='bbox 1556 433 1564 444; x_wconf 88' lang='lat'><strong><em>.</em></strong></span> <span class='ocrx_word' id='word_1_649' title='bbox 1574 413 1806 448; x_wconf 70' lang='lat' dir='ltr'><strong>qualisestFilius.</strong></span> <span class='ocrx_word' id='word_1_650' title='bbox 1820 415 1881 443; x_wconf 80' lang='lat' dir='ltr'><strong>Cur</strong></span> 
     </span>
    </p>
   </div>
   <div class='ocr_carea' id='block_1_77' title="bbox 1081 450 1879 487">
    <p class='ocr_par' dir='ltr' id='par_1_77' title="bbox 1081 450 1879 487">
     <span class='ocr_line' id='line_1_80' title="bbox 1081 450 1879 487; baseline -0.001 -8"><span class='ocrx_word' id='word_1_651' title='bbox 1081 452 1170 487; x_wconf 84' lang='lat' dir='ltr'><strong>itaque</strong></span> <span class='ocrx_word' id='word_1_652' title='bbox 1190 451 1396 487; x_wconf 83' lang='lat' dir='ltr'><strong>contendimus?</strong></span> <span class='ocrx_word' id='word_1_653' title='bbox 1418 450 1588 487; x_wconf 73' lang='lat' dir='ltr'><strong>Nequaquam</strong></span> <span class='ocrx_word' id='word_1_654' title='bbox 1603 470 1611 482; x_wconf 90' lang='lat'><strong>,</strong></span> <span class='ocrx_word' id='word_1_655' title='bbox 1627 451 1706 476; x_wconf 85' lang='lat' dir='ltr'><strong>absit.</strong></span> <span class='ocrx_word' id='word_1_656' title='bbox 1727 450 1879 478; x_wconf 73' lang='lat' dir='ltr'><strong>Videamus</strong></span> 
     </span>
    </p>
   </div>
   <div class='ocr_carea' id='block_1_78' title="bbox 1081 484 1879 522">
    <p class='ocr_par' dir='ltr' id='par_1_78' title="bbox 1081 484 1879 522">
     <span class='ocr_line' id='line_1_81' title="bbox 1081 484 1879 522; baseline -0.001 -8"><span class='ocrx_word' id='word_1_657' title='bbox 1081 484 1145 522; x_wconf 79' lang='lat' dir='ltr'><strong>ergo</strong></span> <span class='ocrx_word' id='word_1_658' title='bbox 1160 487 1316 522; x_wconf 86' lang='lat' dir='ltr'><strong>quibuscum</strong></span> <span class='ocrx_word' id='word_1_659' title='bbox 1329 486 1482 520; x_wconf 84' lang='lat' dir='ltr'><strong>loqueretur</strong></span> <span class='ocrx_word' id='word_1_660' title='bbox 1490 484 1603 522; x_wconf 59' lang='lat' dir='ltr'><strong>Paulus,</strong></span> <span class='ocrx_word' id='word_1_661' title='bbox 1615 492 1782 522; x_wconf 71' lang='lat' dir='ltr'><strong>quorumque</strong></span> <span class='ocrx_word' id='word_1_662' title='bbox 1793 493 1879 513; x_wconf 82' lang='lat' dir='ltr'><strong>causa</strong></span> 
     </span>
    </p>
   </div>
   <div class='ocr_carea' id='block_1_79' title="bbox 1082 519 1878 554">
    <p class='ocr_par' dir='ltr' id='par_1_79' title="bbox 1082 519 1878 554">
     <span class='ocr_line' id='line_1_82' title="bbox 1082 519 1878 554; baseline -0.003 -4"><span class='ocrx_word' id='word_1_663' title='bbox 1082 519 1132 550; x_wconf 67' lang='lat' dir='ltr'><strong>hoc</strong></span> <span class='ocrx_word' id='word_1_664' title='bbox 1146 519 1256 550; x_wconf 86' lang='lat' dir='ltr'><strong>diceret.</strong></span> <span class='ocrx_word' id='word_1_665' title='bbox 1282 521 1316 548; x_wconf 80' lang='lat' dir='ltr'><strong>At</strong></span> <span class='ocrx_word' id='word_1_666' title='bbox 1330 519 1447 548; x_wconf 86' lang='lat' dir='ltr'><strong>animum</strong></span> <span class='ocrx_word' id='word_1_667' title='bbox 1465 519 1590 547; x_wconf 82' lang='lat' dir='ltr'><strong>adhibete</strong></span> <span class='ocrx_word' id='word_1_668' title='bbox 1603 540 1611 550; x_wconf 85' lang='lat'><strong>,</strong></span> <span class='ocrx_word' id='word_1_669' title='bbox 1625 527 1725 554; x_wconf 76' lang='lat' dir='ltr'><strong>quieso.</strong></span> <span class='ocrx_word' id='word_1_670' title='bbox 1740 520 1878 554; x_wconf 83' lang='lat' dir='ltr'><strong>Quoniam</strong></span> 
     </span>
    </p>
   </div>
   <div class='ocr_carea' id='block_1_80' title="bbox 1081 554 1879 586">
    <p class='ocr_par' dir='ltr' id='par_1_80' title="bbox 1081 554 1879 586">
     <span class='ocr_line' id='line_1_83' title="bbox 1081 554 1879 586; baseline -0.004 -1"><span class='ocrx_word' id='word_1_671' title='bbox 1081 558 1199 585; x_wconf 86' lang='lat' dir='ltr'><strong>Gentiles</strong></span> <span class='ocrx_word' id='word_1_672' title='bbox 1219 557 1316 584; x_wconf 93' lang='lat' dir='ltr'><strong>multos</strong></span> <span class='ocrx_word' id='word_1_673' title='bbox 1336 556 1460 583; x_wconf 86' lang='lat' dir='ltr'><strong>colebant</strong></span> <span class='ocrx_word' id='word_1_674' title='bbox 1474 555 1539 582; x_wconf 84' lang='lat' dir='ltr'><strong>deos</strong></span> <span class='ocrx_word' id='word_1_675' title='bbox 1552 575 1560 586; x_wconf 87' lang='lat'><strong>,</strong></span> <span class='ocrx_word' id='word_1_676' title='bbox 1575 554 1659 582; x_wconf 70' lang='lat' dir='ltr'><strong>Judaei</strong></span> <span class='ocrx_word' id='word_1_677' title='bbox 1678 562 1743 582; x_wconf 88' lang='lat' dir='ltr'><strong>vero</strong></span> <span class='ocrx_word' id='word_1_678' title='bbox 1763 563 1879 583; x_wconf 65' lang='lat' dir='ltr'><strong>innitar-</strong></span> 
     </span>
    </p>
   </div>
   <div class='ocr_carea' id='block_1_81' title="bbox 1080 590 1880 625">
    <p class='ocr_par' dir='ltr' id='par_1_81' title="bbox 1080 590 1880 625">
     <span class='ocr_line' id='line_1_84' title="bbox 1080 590 1880 625; baseline -0.003 -5"><span class='ocrx_word' id='word_1_679' title='bbox 1080 593 1167 620; x_wconf 90' lang='lat' dir='ltr'><strong>chiam</strong></span> <span class='ocrx_word' id='word_1_680' title='bbox 1181 593 1238 620; x_wconf 82' lang='lat' dir='ltr'><strong>sive</strong></span> <span class='ocrx_word' id='word_1_681' title='bbox 1252 593 1379 619; x_wconf 88' lang='lat' dir='ltr'><strong>unitatem</strong></span> <span class='ocrx_word' id='word_1_682' title='bbox 1394 590 1514 625; x_wconf 85' lang='lat' dir='ltr'><strong>principii</strong></span> <span class='ocrx_word' id='word_1_683' title='bbox 1527 590 1687 622; x_wconf 83' lang='lat' dir='ltr'><strong>statuebant,</strong></span> <span class='ocrx_word' id='word_1_684' title='bbox 1699 594 1731 617; x_wconf 90' lang='lat' dir='ltr'><strong>ut</strong></span> <span class='ocrx_word' id='word_1_685' title='bbox 1743 595 1772 617; x_wconf 89' lang='lat' dir='ltr'><strong>et</strong></span> <span class='ocrx_word' id='word_1_686' title='bbox 1784 591 1880 625; x_wconf 79' lang='lat' dir='ltr'><strong>plura-</strong></span> 
     </span>
    </p>
   </div>
   <div class='ocr_carea' id='block_1_82' title="bbox 1081 624 1874 657">
    <p class='ocr_par' dir='ltr' id='par_1_82' title="bbox 1081 624 1874 657">
     <span class='ocr_line' id='line_1_85' title="bbox 1081 624 1874 657; baseline -0.003 -2"><span class='ocrx_word' id='word_1_687' title='bbox 1081 628 1181 655; x_wconf 90' lang='lat' dir='ltr'><strong>litatem</strong></span> <span class='ocrx_word' id='word_1_688' title='bbox 1194 628 1304 655; x_wconf 89' lang='lat' dir='ltr'><strong>deorum</strong></span> <span class='ocrx_word' id='word_1_689' title='bbox 1319 630 1346 653; x_wconf 90' lang='lat' dir='ltr'><strong>et</strong></span> <span class='ocrx_word' id='word_1_690' title='bbox 1360 624 1540 653; x_wconf 70' lang='lat' dir='ltr'><strong>monarchiain</strong></span> <span class='ocrx_word' id='word_1_691' title='bbox 1554 624 1671 652; x_wconf 76' lang='lat' dir='ltr'><strong>auferret</strong></span> <span class='ocrx_word' id='word_1_692' title='bbox 1681 646 1689 657; x_wconf 88' lang='lat'><strong>,</strong></span> <span class='ocrx_word' id='word_1_693' title='bbox 1703 625 1767 652; x_wconf 81' lang='lat' dir='ltr'><strong>ideo</strong></span> <span class='ocrx_word' id='word_1_694' title='bbox 1780 624 1849 653; x_wconf 79' lang='lat' dir='ltr'><strong>dicit</strong></span> <span class='ocrx_word' id='word_1_695' title='bbox 1865 636 1874 653; x_wconf 92' lang='lat'><strong>:</strong></span> 
     </span>
    </p>
   </div>
   <div class='ocr_carea' id='block_1_83' title="bbox 1083 660 1876 694">
    <p class='ocr_par' dir='ltr' id='par_1_83' title="bbox 1083 660 1876 694">
     <span class='ocr_line' id='line_1_86' title="bbox 1083 660 1876 694; baseline -0.004 -3"><span class='ocrx_word' id='word_1_696' title='bbox 1083 664 1143 691; x_wconf 80' lang='lat' dir='ltr'><strong>Siue</strong></span> <span class='ocrx_word' id='word_1_697' title='bbox 1153 663 1218 690; x_wconf 87' lang='lat' dir='ltr'><strong>enim</strong></span> <span class='ocrx_word' id='word_1_698' title='bbox 1231 663 1280 689; x_wconf 76' lang='lat' dir='ltr'><strong>sint</strong></span> <span class='ocrx_word' id='word_1_699' title='bbox 1292 662 1327 688; x_wconf 85' lang='lat' dir='ltr'><strong>dii</strong></span> <span class='ocrx_word' id='word_1_700' title='bbox 1342 661 1414 688; x_wconf 80' lang='lat' dir='ltr'><strong>multi</strong></span> <span class='ocrx_word' id='word_1_701' title='bbox 1424 681 1432 694; x_wconf 84' lang='lat'><strong>,</strong></span> <span class='ocrx_word' id='word_1_702' title='bbox 1446 666 1469 687; x_wconf 86' lang='lat' dir='ltr'><strong>et</strong></span> <span class='ocrx_word' id='word_1_703' title='bbox 1482 660 1577 687; x_wconf 77' lang='lat' dir='ltr'><strong>domini</strong></span> <span class='ocrx_word' id='word_1_704' title='bbox 1589 660 1678 693; x_wconf 81' lang='lat' dir='ltr'><strong>mulli,</strong></span> <span class='ocrx_word' id='word_1_705' title='bbox 1690 661 1741 687; x_wconf 76' lang='lat' dir='ltr'><strong>sive</strong></span> <span class='ocrx_word' id='word_1_706' title='bbox 1751 661 1777 687; x_wconf 82' lang='lat' dir='ltr'><strong>iii</strong></span> <span class='ocrx_word' id='word_1_707' title='bbox 1790 663 1857 688; x_wconf 67' lang='lat' dir='ltr'><strong>mlo</strong></span> <span class='ocrx_word' id='word_1_708' title='bbox 1867 683 1876 693; x_wconf 83' lang='lat'><strong>,</strong></span> 
     </span>
    </p>
   </div>
   <div class='ocr_carea' id='block_1_84' title="bbox 1081 694 1877 731">
    <p class='ocr_par' dir='ltr' id='par_1_84' title="bbox 1081 694 1877 731">
     <span class='ocr_line' id='line_1_87' title="bbox 1081 694 1877 731; baseline -0.003 -5"><span class='ocrx_word' id='word_1_709' title='bbox 1081 700 1132 726; x_wconf 75' lang='lat' dir='ltr'><strong>sive</strong></span> <span class='ocrx_word' id='word_1_710' title='bbox 1151 700 1177 725; x_wconf 83' lang='lat' dir='ltr'><strong>in</strong></span> <span class='ocrx_word' id='word_1_711' title='bbox 1189 704 1255 724; x_wconf 84' lang='lat' dir='ltr'><strong>terra</strong></span> <span class='ocrx_word' id='word_1_712' title='bbox 1268 706 1277 724; x_wconf 91' lang='lat'><em>:</em></span> <span class='ocrx_word' id='word_1_713' title='bbox 1292 703 1317 724; x_wconf 81' lang='lat' dir='ltr'><strong>at</strong></span> <span class='ocrx_word' id='word_1_714' title='bbox 1329 697 1399 723; x_wconf 70' lang='lat' dir='ltr'><strong>nobis</strong></span> <span class='ocrx_word' id='word_1_715' title='bbox 1412 704 1477 723; x_wconf 67' lang='lat' dir='ltr'><strong>unus</strong></span> <span class='ocrx_word' id='word_1_716' title='bbox 1487 700 1523 722; x_wconf 66' lang='lat' dir='ltr'><strong>est</strong></span> <span class='ocrx_word' id='word_1_717' title='bbox 1536 694 1605 722; x_wconf 71' lang='lat' dir='ltr'><strong>Deus</strong></span> <span class='ocrx_word' id='word_1_718' title='bbox 1622 695 1698 731; x_wconf 75' lang='lat' dir='ltr'><strong>Pater</strong></span> <span class='ocrx_word' id='word_1_719' title='bbox 1708 695 1762 730; x_wconf 67' lang='lat' dir='ltr'><strong>(Ib.</strong></span> <span class='ocrx_word' id='word_1_720' title='bbox 1779 705 1803 723; x_wconf 75' lang='grc' dir='ltr'><strong>ιι.</strong></span> <span class='ocrx_word' id='word_1_721' title='bbox 1820 697 1850 731; x_wconf 84' lang='grc'><strong>5)</strong></span> <span class='ocrx_word' id='word_1_722' title='bbox 1868 705 1877 724; x_wconf 91' lang='lat'><strong>:</strong></span> 
     </span>
    </p>
   </div>
   <div class='ocr_carea' id='block_1_85' title="bbox 1080 730 1877 769">
    <p class='ocr_par' dir='ltr' id='par_1_85' title="bbox 1080 730 1877 769">
     <span class='ocr_line' id='line_1_88' title="bbox 1080 730 1877 769; baseline -0.003 -9"><span class='ocrx_word' id='word_1_723' title='bbox 1080 741 1194 769; x_wconf 89' lang='lat' dir='ltr'><strong>cumque</strong></span> <span class='ocrx_word' id='word_1_724' title='bbox 1215 733 1298 765; x_wconf 83' lang='lat' dir='ltr'><strong>dicit,</strong></span> <span class='ocrx_word' id='word_1_725' title='bbox 1313 740 1378 759; x_wconf 71' lang='lat' dir='ltr'><strong>unus</strong></span> <span class='ocrx_word' id='word_1_726' title='bbox 1390 752 1399 769; x_wconf 54' lang='grc' dir='ltr'>ε</span> <span class='ocrx_word' id='word_1_727' title='bbox 1411 731 1522 769; x_wconf 83' lang='lat' dir='ltr'><strong>deorum</strong></span> <span class='ocrx_word' id='word_1_728' title='bbox 1546 730 1766 769; x_wconf 70' lang='lat' dir='ltr'><strong>multiplicitatcm</strong></span> <span class='ocrx_word' id='word_1_729' title='bbox 1783 732 1877 769; x_wconf 47' lang='lat' dir='ltr'><strong>tollit;</strong></span> 
     </span>
    </p>
   </div>
   <div class='ocr_carea' id='block_1_86' title="bbox 1080 766 1877 803">
    <p class='ocr_par' dir='ltr' id='par_1_86' title="bbox 1080 766 1877 803">
     <span class='ocr_line' id='line_1_89' title="bbox 1080 766 1877 803; baseline -0.003 -7"><span class='ocrx_word' id='word_1_730' title='bbox 1080 769 1124 796; x_wconf 88' lang='lat' dir='ltr'><strong>ubi</strong></span> <span class='ocrx_word' id='word_1_731' title='bbox 1137 766 1249 803; x_wconf 75' lang='lat' dir='ltr'><strong>namque</strong></span> <span class='ocrx_word' id='word_1_732' title='bbox 1260 775 1335 799; x_wconf 80' lang='lat' dir='ltr'><strong>unus.</strong></span> <span class='ocrx_word' id='word_1_733' title='bbox 1348 767 1421 803; x_wconf 82' lang='lat' dir='ltr'><strong>multi</strong></span> <span class='ocrx_word' id='word_1_734' title='bbox 1433 774 1484 803; x_wconf 84' lang='lat' dir='ltr'><strong>non</strong></span> <span class='ocrx_word' id='word_1_735' title='bbox 1495 771 1573 803; x_wconf 81' lang='lat' dir='ltr'><strong>sunt:</strong></span> <span class='ocrx_word' id='word_1_736' title='bbox 1584 769 1611 792; x_wconf 90' lang='lat' dir='ltr'><strong>et</strong></span> <span class='ocrx_word' id='word_1_737' title='bbox 1618 773 1680 803; x_wconf 58' lang='lat' dir='ltr'><strong>cum</strong></span> <span class='ocrx_word' id='word_1_738' title='bbox 1689 766 1767 803; x_wconf 69' lang='lat' dir='ltr'><strong>dixit,</strong></span> <span class='ocrx_word' id='word_1_739' title='bbox 1784 766 1877 799; x_wconf 72' lang='lat' dir='ltr'><strong>Pater,</strong></span> 
     </span>
    </p>
   </div>
   <div class='ocr_carea' id='block_1_87' title="bbox 1080 798 1878 836">
    <p class='ocr_par' dir='ltr' id='par_1_87' title="bbox 1080 798 1878 836">
     <span class='ocr_line' id='line_1_90' title="bbox 1080 798 1878 836; baseline -0.003 -5"><span class='ocrx_word' id='word_1_740' title='bbox 1080 798 1261 831; x_wconf 86' lang='lat' dir='ltr'><strong>monarchiam</strong></span> <span class='ocrx_word' id='word_1_741' title='bbox 1285 802 1405 834; x_wconf 89' lang='lat' dir='ltr'><strong>sustulit;</strong></span> <span class='ocrx_word' id='word_1_742' title='bbox 1419 801 1463 828; x_wconf 93' lang='lat' dir='ltr'><strong>ubi</strong></span> <span class='ocrx_word' id='word_1_743' title='bbox 1478 801 1549 828; x_wconf 87' lang='lat' dir='ltr'><strong>enim</strong></span> <span class='ocrx_word' id='word_1_744' title='bbox 1563 805 1603 836; x_wconf 82' lang='lat' dir='ltr'><strong>est</strong></span> <span class='ocrx_word' id='word_1_745' title='bbox 1616 798 1715 836; x_wconf 51' lang='lat' dir='ltr'><strong>Pater,</strong></span> <span class='ocrx_word' id='word_1_746' title='bbox 1726 798 1814 836; x_wconf 85' lang='lat' dir='ltr'><strong>palam</strong></span> <span class='ocrx_word' id='word_1_747' title='bbox 1830 798 1878 829; x_wconf 72' lang='lat' dir='ltr'><strong>est</strong></span> 
     </span>
    </p>
   </div>
   <div class='ocr_carea' id='block_1_88' title="bbox 1081 835 1878 870">
    <p class='ocr_par' dir='ltr' id='par_1_88' title="bbox 1081 835 1878 870">
     <span class='ocr_line' id='line_1_91' title="bbox 1081 835 1878 870; baseline -0.004 -3"><span class='ocrx_word' id='word_1_748' title='bbox 1081 839 1151 867; x_wconf 85' lang='lat' dir='ltr'><strong>ibict</strong></span> <span class='ocrx_word' id='word_1_749' title='bbox 1160 839 1256 867; x_wconf 84' lang='lat' dir='ltr'><strong>Filium</strong></span> <span class='ocrx_word' id='word_1_750' title='bbox 1264 845 1332 865; x_wconf 92' lang='lat' dir='ltr'><strong>esse.</strong></span> <span class='ocrx_word' id='word_1_751' title='bbox 1348 837 1410 865; x_wconf 90' lang='lat' dir='ltr'><strong>Ideo</strong></span> <span class='ocrx_word' id='word_1_752' title='bbox 1423 836 1512 870; x_wconf 79' lang='lat' dir='ltr'><strong>itaque</strong></span> <span class='ocrx_word' id='word_1_753' title='bbox 1524 835 1588 863; x_wconf 81' lang='lat' dir='ltr'><strong>dicit</strong></span> <span class='ocrx_word' id='word_1_754' title='bbox 1600 844 1606 862; x_wconf 89' lang='lat'>:</span> <span class='ocrx_word' id='word_1_755' title='bbox 1618 835 1690 862; x_wconf 66' lang='lat' dir='ltr'><strong>Urius</strong></span> <span class='ocrx_word' id='word_1_756' title='bbox 1702 835 1769 863; x_wconf 71' lang='lat' dir='ltr'><strong>om</strong></span> <span class='ocrx_word' id='word_1_757' title='bbox 1782 837 1878 870; x_wconf 74' lang='lat' dir='ltr'><strong>Pater,</strong></span> 
     </span>
    </p>
   </div>
   <div class='ocr_carea' id='block_1_89' title="bbox 1081 870 1881 909">
    <p class='ocr_par' dir='ltr' id='par_1_89' title="bbox 1081 870 1881 909">
     <span class='ocr_line' id='line_1_92' title="bbox 1081 870 1881 909; baseline -0.005 -8"><span class='ocrx_word' id='word_1_758' title='bbox 1081 882 1112 901; x_wconf 73' lang='lat' dir='ltr'><strong>ea:</strong></span> <span class='ocrx_word' id='word_1_759' title='bbox 1131 882 1181 909; x_wconf 87' lang='lat' dir='ltr'><strong>quo</strong></span> <span class='ocrx_word' id='word_1_760' title='bbox 1202 874 1305 909; x_wconf 84' lang='lat' dir='ltr'><strong>omnia;</strong></span> <span class='ocrx_word' id='word_1_761' title='bbox 1323 877 1347 909; x_wconf 76' lang='lat' dir='ltr'><strong>et</strong></span> <span class='ocrx_word' id='word_1_762' title='bbox 1365 880 1435 909; x_wconf 53' lang='lat' dir='ltr'><strong>unus</strong></span> <span class='ocrx_word' id='word_1_763' title='bbox 1450 871 1574 909; x_wconf 66' lang='lat' dir='ltr'><strong>Dominus</strong></span> <span class='ocrx_word' id='word_1_764' title='bbox 1586 870 1662 909; x_wconf 63' lang='lat' dir='ltr'><strong>Iesus</strong></span> <span class='ocrx_word' id='word_1_765' title='bbox 1677 870 1809 909; x_wconf 57' lang='lat' dir='ltr'><strong>Christus,</strong></span> <span class='ocrx_word' id='word_1_766' title='bbox 1828 880 1881 908; x_wconf 75' lang='lat' dir='ltr'><strong>per</strong></span> 
     </span>
    </p>
   </div>
   <div class='ocr_carea' id='block_1_90' title="bbox 1080 906 1880 944">
    <p class='ocr_par' dir='ltr' id='par_1_90' title="bbox 1080 906 1880 944">
     <span class='ocr_line' id='line_1_93' title="bbox 1080 906 1880 944; baseline -0.004 -8"><span class='ocrx_word' id='word_1_767' title='bbox 1080 906 1153 944; x_wconf 74' lang='lat' dir='ltr'><strong>quem</strong></span> <span class='ocrx_word' id='word_1_768' title='bbox 1167 909 1262 936; x_wconf 81' lang='lat' dir='ltr'><strong>omnia.</strong></span> <span class='ocrx_word' id='word_1_769' title='bbox 1280 908 1363 944; x_wconf 80' lang='lat' dir='ltr'><strong>Vides</strong></span> <span class='ocrx_word' id='word_1_770' title='bbox 1373 906 1482 944; x_wconf 69' lang='lat' dir='ltr'><strong>Paulum</strong></span> <span class='ocrx_word' id='word_1_771' title='bbox 1498 912 1528 944; x_wconf 61' lang='lat' dir='ltr'><strong>et</strong></span> <span class='ocrx_word' id='word_1_772' title='bbox 1539 906 1658 944; x_wconf 73' lang='lat' dir='ltr'><strong>Gentiles</strong></span> <span class='ocrx_word' id='word_1_773' title='bbox 1670 911 1697 933; x_wconf 89' lang='lat' dir='ltr'><strong>et</strong></span> <span class='ocrx_word' id='word_1_774' title='bbox 1709 906 1816 944; x_wconf 69' lang='lat' dir='ltr'><strong>Iudaeos</strong></span> <span class='ocrx_word' id='word_1_775' title='bbox 1826 906 1880 942; x_wconf 66' lang='lat' dir='ltr'><strong>ing-</strong></span> 
     </span>
    </p>
   </div>
   <div class='ocr_carea' id='block_1_91' title="bbox 1079 940 1878 979">
    <p class='ocr_par' dir='ltr' id='par_1_91' title="bbox 1079 940 1878 979">
     <span class='ocr_line' id='line_1_94' title="bbox 1079 940 1878 979; baseline -0.003 -8"><span class='ocrx_word' id='word_1_776' title='bbox 1079 940 1210 979; x_wconf 78' lang='lat' dir='ltr'><strong>gressum.</strong></span> <span class='ocrx_word' id='word_1_777' title='bbox 1235 944 1297 971; x_wconf 87' lang='lat' dir='ltr'><strong>Ideo</strong></span> <span class='ocrx_word' id='word_1_778' title='bbox 1315 940 1380 970; x_wconf 72' lang='lat' dir='ltr'><strong>dicit</strong></span> <span class='ocrx_word' id='word_1_779' title='bbox 1392 951 1400 979; x_wconf 62' lang='grc' dir='ltr'><strong><em>ς</em></strong></span> <span class='ocrx_word' id='word_1_780' title='bbox 1416 940 1719 979; x_wconf 50' lang='lat' dir='ltr'><strong>UuunDomingsulesug</strong></span> <span class='ocrx_word' id='word_1_781' title='bbox 1737 940 1878 975; x_wconf 56' lang='lat' dir='ltr'><strong>Christus,</strong></span> 
     </span>
    </p>
   </div>
   <div class='ocr_carea' id='block_1_92' title="bbox 1081 975 1877 1019">
    <p class='ocr_par' dir='ltr' id='par_1_92' title="bbox 1081 975 1877 1019">
     <span class='ocr_line' id='line_1_95' title="bbox 1081 975 1877 1019; baseline -0.004 -13"><span class='ocrx_word' id='word_1_782' title='bbox 1081 975 1216 1019; x_wconf 48' lang='lat' dir='ltr'><strong>peronem</strong></span> <span class='ocrx_word' id='word_1_783' title='bbox 1235 979 1321 1019; x_wconf 75' lang='lat' dir='ltr'><strong>omnia</strong></span> <span class='ocrx_word' id='word_1_784' title='bbox 1332 978 1414 1019; x_wconf 44' lang='grc' dir='ltr'><strong>ι,ίμῄει</strong></span> <span class='ocrx_word' id='word_1_785' title='bbox 1429 977 1517 1019; x_wconf 70' lang='lat' dir='ltr'><strong>omnia</strong></span> <span class='ocrx_word' id='word_1_786' title='bbox 1527 984 1581 1019; x_wconf 65' lang='lat' dir='ltr'><strong>per</strong></span> <span class='ocrx_word' id='word_1_787' title='bbox 1595 975 1691 1019; x_wconf 80' lang='lat' dir='ltr'><strong>Filium</strong></span> <span class='ocrx_word' id='word_1_788' title='bbox 1706 976 1776 1019; x_wconf 75' lang='lat' dir='ltr'><strong>facta</strong></span> <span class='ocrx_word' id='word_1_789' title='bbox 1789 982 1856 1019; x_wconf 46' lang='lat' dir='ltr'><strong>suns</strong></span> <span class='ocrx_word' id='word_1_790' title='bbox 1868 999 1877 1010; x_wconf 80' lang='lat'><strong>,</strong></span> 
     </span>
    </p>
   </div>
   <div class='ocr_carea' id='block_1_93' title="bbox 1080 1011 1878 1042">
    <p class='ocr_par' dir='ltr' id='par_1_93' title="bbox 1080 1011 1878 1042">
     <span class='ocr_line' id='line_1_96' title="bbox 1080 1011 1878 1042; baseline -0.004 0"><span class='ocrx_word' id='word_1_791' title='bbox 1080 1011 1193 1042; x_wconf 78' lang='lat' dir='ltr'><strong>visibilia</strong></span> <span class='ocrx_word' id='word_1_792' title='bbox 1216 1019 1242 1042; x_wconf 87' lang='lat' dir='ltr'><strong>et</strong></span> <span class='ocrx_word' id='word_1_793' title='bbox 1265 1011 1418 1041; x_wconf 87' lang='lat' dir='ltr'><strong>invisibilia.</strong></span> <span class='ocrx_word' id='word_1_794' title='bbox 1443 1012 1511 1039; x_wconf 83' lang='lat' dir='ltr'><strong>Audi</strong></span> <span class='ocrx_word' id='word_1_795' title='bbox 1524 1011 1653 1039; x_wconf 83' lang='lat' dir='ltr'><strong>Joannem</strong></span> <span class='ocrx_word' id='word_1_796' title='bbox 1666 1012 1798 1038; x_wconf 82' lang='lat' dir='ltr'><strong>dicentem</strong></span> <span class='ocrx_word' id='word_1_797' title='bbox 1815 1021 1823 1037; x_wconf 86' lang='lat'><strong>-.</strong></span> <span class='ocrx_word' id='word_1_798' title='bbox 1839 1012 1878 1039; x_wconf 76' lang='lat' dir='ltr'><strong>lu</strong></span> 
     </span>
    </p>
   </div>
   <div class='ocr_carea' id='block_1_94' title="bbox 1080 1046 1880 1085">
    <p class='ocr_par' dir='ltr' id='par_1_94' title="bbox 1080 1046 1880 1085">
     <span class='ocr_line' id='line_1_97' title="bbox 1080 1046 1880 1085; baseline -0.003 -9"><span class='ocrx_word' id='word_1_799' title='bbox 1080 1050 1203 1085; x_wconf 80' lang='lat' dir='ltr'><strong>principio</strong></span> <span class='ocrx_word' id='word_1_800' title='bbox 1217 1054 1271 1085; x_wconf 71' lang='lat' dir='ltr'><strong>erat</strong></span> <span class='ocrx_word' id='word_1_801' title='bbox 1288 1048 1401 1085; x_wconf 62' lang='lat' dir='ltr'><strong>Verbum</strong></span> <span class='ocrx_word' id='word_1_802' title='bbox 1407 1069 1414 1085; x_wconf 51' lang='grc' dir='ltr'>ε</span> <span class='ocrx_word' id='word_1_803' title='bbox 1429 1051 1451 1074; x_wconf 82' lang='lat' dir='ltr'><strong>et</strong></span> <span class='ocrx_word' id='word_1_804' title='bbox 1469 1046 1576 1085; x_wconf 69' lang='lat' dir='ltr'><strong>Verbum</strong></span> <span class='ocrx_word' id='word_1_805' title='bbox 1589 1051 1640 1085; x_wconf 71' lang='lat' dir='ltr'><strong>erat</strong></span> <span class='ocrx_word' id='word_1_806' title='bbox 1652 1047 1722 1085; x_wconf 78' lang='lat' dir='ltr'><strong>apud</strong></span> <span class='ocrx_word' id='word_1_807' title='bbox 1736 1046 1817 1085; x_wconf 54' lang='lat' dir='ltr'><strong>Deum</strong></span> <span class='ocrx_word' id='word_1_808' title='bbox 1829 1055 1842 1074; x_wconf 92' lang='lat'><strong><em>:</em></strong></span> <span class='ocrx_word' id='word_1_809' title='bbox 1852 1054 1880 1074; x_wconf 71' lang='grc' dir='ltr'><em>α</em></span> 
     </span>
    </p>
   </div>
   <div class='ocr_carea' id='block_1_95' title="bbox 1080 1082 1876 1116">
    <p class='ocr_par' dir='ltr' id='par_1_95' title="bbox 1080 1082 1876 1116">
     <span class='ocr_line' id='line_1_98' title="bbox 1080 1082 1876 1116; baseline -0.004 -4"><span class='ocrx_word' id='word_1_810' title='bbox 1080 1082 1148 1112; x_wconf 73' lang='lat' dir='ltr'><strong>Deut</strong></span> <span class='ocrx_word' id='word_1_811' title='bbox 1163 1082 1219 1112; x_wconf 73' lang='lat' dir='ltr'><strong>erat</strong></span> <span class='ocrx_word' id='word_1_812' title='bbox 1238 1084 1354 1111; x_wconf 86' lang='lat' dir='ltr'><strong>Verbum.</strong></span> <span class='ocrx_word' id='word_1_813' title='bbox 1378 1082 1427 1109; x_wconf 79' lang='lat' dir='ltr'><strong>Hic</strong></span> <span class='ocrx_word' id='word_1_814' title='bbox 1439 1088 1493 1109; x_wconf 86' lang='lat' dir='ltr'><strong>erat</strong></span> <span class='ocrx_word' id='word_1_815' title='bbox 1509 1082 1536 1109; x_wconf 84' lang='lat' dir='ltr'><strong>in</strong></span> <span class='ocrx_word' id='word_1_816' title='bbox 1555 1082 1679 1116; x_wconf 83' lang='lat' dir='ltr'><strong>principio</strong></span> <span class='ocrx_word' id='word_1_817' title='bbox 1692 1082 1761 1115; x_wconf 83' lang='lat' dir='ltr'><strong>apud</strong></span> <span class='ocrx_word' id='word_1_818' title='bbox 1775 1082 1876 1109; x_wconf 67' lang='lat' dir='ltr'><strong>Deam.</strong></span> 
     </span>
    </p>
   </div>
   <div class='ocr_carea' id='block_1_96' title="bbox 1081 1117 1880 1155">
    <p class='ocr_par' dir='ltr' id='par_1_96' title="bbox 1081 1117 1880 1155">
     <span class='ocr_line' id='line_1_99' title="bbox 1081 1117 1880 1155; baseline -0.003 -9"><span class='ocrx_word' id='word_1_819' title='bbox 1081 1119 1173 1147; x_wconf 85' lang='lat' dir='ltr'><strong>Omnia</strong></span> <span class='ocrx_word' id='word_1_820' title='bbox 1188 1128 1232 1154; x_wconf 81' lang='lat' dir='ltr'><strong>per</strong></span> <span class='ocrx_word' id='word_1_821' title='bbox 1243 1120 1326 1155; x_wconf 67' lang='lat' dir='ltr'><strong>ipsum</strong></span> <span class='ocrx_word' id='word_1_822' title='bbox 1337 1119 1406 1155; x_wconf 65' lang='lat' dir='ltr'><strong>facta</strong></span> <span class='ocrx_word' id='word_1_823' title='bbox 1419 1122 1477 1155; x_wconf 70' lang='lat' dir='ltr'><strong>sum</strong></span> <span class='ocrx_word' id='word_1_824' title='bbox 1488 1138 1495 1149; x_wconf 87' lang='lat'><strong>,</strong></span> <span class='ocrx_word' id='word_1_825' title='bbox 1509 1122 1531 1143; x_wconf 84' lang='lat' dir='ltr'><strong>et</strong></span> <span class='ocrx_word' id='word_1_826' title='bbox 1541 1118 1595 1143; x_wconf 78' lang='lat' dir='ltr'><strong>sine</strong></span> <span class='ocrx_word' id='word_1_827' title='bbox 1604 1117 1658 1155; x_wconf 67' lang='lat' dir='ltr'><strong>ipso</strong></span> <span class='ocrx_word' id='word_1_828' title='bbox 1670 1118 1765 1151; x_wconf 81' lang='lat' dir='ltr'><strong>factum</strong></span> <span class='ocrx_word' id='word_1_829' title='bbox 1780 1122 1816 1144; x_wconf 76' lang='lat' dir='ltr'><strong>ut</strong></span> <span class='ocrx_word' id='word_1_830' title='bbox 1829 1118 1880 1144; x_wconf 72' lang='lat' dir='ltr'><strong>ni-</strong></span> 
     </span>
    </p>
   </div>
   <div class='ocr_carea' id='block_1_97' title="bbox 1081 1152 1878 1190">
    <p class='ocr_par' dir='ltr' id='par_1_97' title="bbox 1081 1152 1878 1190">
     <span class='ocr_line' id='line_1_100' title="bbox 1081 1152 1878 1190; baseline -0.001 -9"><span class='ocrx_word' id='word_1_831' title='bbox 1081 1155 1118 1182; x_wconf 81' lang='lat' dir='ltr'><strong>hil</strong></span> <span class='ocrx_word' id='word_1_832' title='bbox 1129 1155 1155 1190; x_wconf 83' lang='grc'><strong>(.1</strong></span> <span class='ocrx_word' id='word_1_833' title='bbox 1159 1152 1217 1182; x_wconf 82' lang='grc' dir='ltr'><strong>οαή.</strong></span> <span class='ocrx_word' id='word_1_834' title='bbox 1228 1152 1324 1190; x_wconf 66' lang='grc'><strong>1.’1-5)</strong></span> <span class='ocrx_word' id='word_1_835' title='bbox 1329 1152 1341 1181; x_wconf 23' lang='lat' dir='ltr'><strong>.V</strong></span> <span class='ocrx_word' id='word_1_836' title='bbox 1349 1153 1430 1190; x_wconf 80' lang='lat' dir='ltr'><strong>Vides</strong></span> <span class='ocrx_word' id='word_1_837' title='bbox 1438 1152 1510 1190; x_wconf 62' lang='lat' dir='ltr'><strong>hunc</strong></span> <span class='ocrx_word' id='word_1_838' title='bbox 1515 1160 1576 1190; x_wconf 75' lang='lat' dir='ltr'><strong>esse</strong></span> <span class='ocrx_word' id='word_1_839' title='bbox 1583 1153 1700 1179; x_wconf 86' lang='lat' dir='ltr'><strong>omnium</strong></span> <span class='ocrx_word' id='word_1_840' title='bbox 1709 1157 1878 1190; x_wconf 75' lang='lat' dir='ltr'><strong>creatorem.</strong></span> 
     </span>
    </p>
   </div>
   <div class='ocr_carea' id='block_1_98' title="bbox 1079 1188 1881 1218">
    <p class='ocr_par' dir='ltr' id='par_1_98' title="bbox 1079 1188 1881 1218">
     <span class='ocr_line' id='line_1_101' title="bbox 1079 1188 1881 1218; baseline -0.004 0"><span class='ocrx_word' id='word_1_841' title='bbox 1079 1188 1147 1217; x_wconf 83' lang='lat' dir='ltr'><strong>Num</strong></span> <span class='ocrx_word' id='word_1_842' title='bbox 1162 1190 1233 1217; x_wconf 86' lang='lat' dir='ltr'><strong>ausis</strong></span> <span class='ocrx_word' id='word_1_843' title='bbox 1246 1188 1474 1218; x_wconf 32' lang='lat' dir='ltr'><strong>niilii‘ostendere.</strong></span> <span class='ocrx_word' id='word_1_844' title='bbox 1491 1188 1586 1215; x_wconf 90' lang='lat' dir='ltr'><strong>Filium</strong></span> <span class='ocrx_word' id='word_1_845' title='bbox 1601 1195 1660 1214; x_wconf 88' lang='lat' dir='ltr'><strong>cum</strong></span> <span class='ocrx_word' id='word_1_846' title='bbox 1674 1188 1798 1214; x_wconf 89' lang='lat' dir='ltr'><strong>omnibus</strong></span> <span class='ocrx_word' id='word_1_847' title='bbox 1807 1196 1881 1215; x_wconf 71' lang='lat' dir='ltr'><strong>cim-</strong></span> 
     </span>
    </p>
   </div>
   <div class='ocr_carea' id='block_1_99' title="bbox 1079 1223 1879 1259">
    <p class='ocr_par' dir='ltr' id='par_1_99' title="bbox 1079 1223 1879 1259">
     <span class='ocr_line' id='line_1_102' title="bbox 1079 1223 1879 1259; baseline -0.004 -7"><span class='ocrx_word' id='word_1_848' title='bbox 1079 1225 1232 1253; x_wconf 87' lang='lat' dir='ltr'><strong>numerari?</strong></span> <span class='ocrx_word' id='word_1_849' title='bbox 1247 1224 1345 1252; x_wconf 89' lang='lat' dir='ltr'><strong>Verum</strong></span> <span class='ocrx_word' id='word_1_850' title='bbox 1355 1245 1362 1256; x_wconf 88' lang='lat'><strong>,</strong></span> <span class='ocrx_word' id='word_1_851' title='bbox 1377 1223 1472 1259; x_wconf 81' lang='lat' dir='ltr'><strong>ingrati</strong></span> <span class='ocrx_word' id='word_1_852' title='bbox 1487 1230 1551 1259; x_wconf 77' lang='lat' dir='ltr'><strong>vos,</strong></span> <span class='ocrx_word' id='word_1_853' title='bbox 1565 1230 1701 1257; x_wconf 88' lang='lat' dir='ltr'><strong>quousque</strong></span> <span class='ocrx_word' id='word_1_854' title='bbox 1710 1223 1879 1259; x_wconf 81' lang='lat' dir='ltr'><strong>circumvol-</strong></span> 
     </span>
    </p>
   </div>
   <div class='ocr_carea' id='block_1_100' title="bbox 1079 1258 1877 1295">
    <p class='ocr_par' dir='ltr' id='par_1_100' title="bbox 1079 1258 1877 1295">
     <span class='ocr_line' id='line_1_103' title="bbox 1079 1258 1877 1295; baseline 0 -9"><span class='ocrx_word' id='word_1_855' title='bbox 1079 1261 1140 1287; x_wconf 87' lang='lat' dir='ltr'><strong>vitis</strong></span> <span class='ocrx_word' id='word_1_856' title='bbox 1159 1261 1325 1295; x_wconf 89' lang='lat' dir='ltr'><strong>Scripturas,</strong></span> <span class='ocrx_word' id='word_1_857' title='bbox 1341 1258 1502 1295; x_wconf 49' lang='lat' dir='ltr'><strong>lilnc&#39;flores</strong></span> <span class='ocrx_word' id='word_1_858' title='bbox 1517 1258 1691 1295; x_wconf 67' lang='lat' dir='ltr'><strong>decerpcntes</strong></span> <span class='ocrx_word' id='word_1_859' title='bbox 1703 1278 1720 1295; x_wconf 20' lang='grc' dir='ltr'><em>ιγ</em></span> <span class='ocrx_word' id='word_1_860' title='bbox 1731 1263 1759 1284; x_wconf 92' lang='lat' dir='ltr'><strong>ut</strong></span> <span class='ocrx_word' id='word_1_861' title='bbox 1772 1258 1877 1295; x_wconf 66' lang='lat' dir='ltr'><strong>dicatis</strong></span> 
     </span>
    </p>
   </div>
   <div class='ocr_carea' id='block_1_101' title="bbox 1080 1292 1876 1323">
    <p class='ocr_par' dir='ltr' id='par_1_101' title="bbox 1080 1292 1876 1323">
     <span class='ocr_line' id='line_1_104' title="bbox 1080 1292 1876 1323; baseline -0.001 -1"><span class='ocrx_word' id='word_1_862' title='bbox 1080 1295 1176 1322; x_wconf 83' lang='lat' dir='ltr'><strong>Filium</strong></span> <span class='ocrx_word' id='word_1_863' title='bbox 1192 1292 1251 1323; x_wconf 76' lang='lat' dir='ltr'><strong>esse</strong></span> <span class='ocrx_word' id='word_1_864' title='bbox 1265 1299 1382 1322; x_wconf 83' lang='lat' dir='ltr'><strong>creatum</strong></span> <span class='ocrx_word' id='word_1_865' title='bbox 1402 1299 1447 1320; x_wconf 88' lang='lat' dir='ltr'><strong>aut</strong></span> <span class='ocrx_word' id='word_1_866' title='bbox 1467 1293 1583 1320; x_wconf 88' lang='lat' dir='ltr'><strong>factum?</strong></span> <span class='ocrx_word' id='word_1_867' title='bbox 1598 1292 1682 1320; x_wconf 84' lang='lat' dir='ltr'><strong>Vultis</strong></span> <span class='ocrx_word' id='word_1_868' title='bbox 1695 1292 1817 1321; x_wconf 81' lang='lat' dir='ltr'><strong>discere?</strong></span> <span class='ocrx_word' id='word_1_869' title='bbox 1842 1294 1876 1321; x_wconf 80' lang='lat' dir='ltr'><strong>Si</strong></span> 
     </span>
    </p>
   </div>
   <div class='ocr_carea' id='block_1_102' title="bbox 1079 1328 1876 1366">
    <p class='ocr_par' dir='ltr' id='par_1_102' title="bbox 1079 1328 1876 1366">
     <span class='ocr_line' id='line_1_105' title="bbox 1079 1328 1876 1366; baseline -0.004 -8"><span class='ocrx_word' id='word_1_870' title='bbox 1079 1330 1113 1366; x_wconf 80' lang='lat' dir='ltr'><strong>de</strong></span> <span class='ocrx_word' id='word_1_871' title='bbox 1126 1330 1194 1366; x_wconf 74' lang='lat' dir='ltr'><strong>Filio</strong></span> <span class='ocrx_word' id='word_1_872' title='bbox 1208 1330 1342 1366; x_wconf 89' lang='lat' dir='ltr'><strong>quidpiam</strong></span> <span class='ocrx_word' id='word_1_873' title='bbox 1361 1329 1474 1357; x_wconf 88' lang='lat' dir='ltr'><strong>sublime</strong></span> <span class='ocrx_word' id='word_1_874' title='bbox 1493 1333 1538 1366; x_wconf 80' lang='lat' dir='ltr'><strong>aut</strong></span> <span class='ocrx_word' id='word_1_875' title='bbox 1553 1328 1608 1355; x_wconf 86' lang='lat' dir='ltr'><strong>Deo</strong></span> <span class='ocrx_word' id='word_1_876' title='bbox 1621 1328 1726 1363; x_wconf 81' lang='lat' dir='ltr'><strong>dignum</strong></span> <span class='ocrx_word' id='word_1_877' title='bbox 1739 1329 1852 1366; x_wconf 80' lang='lat' dir='ltr'><strong>audiant</strong></span> <span class='ocrx_word' id='word_1_878' title='bbox 1864 1351 1876 1363; x_wconf 85' lang='lat'><strong>,</strong></span> 
     </span>
    </p>
   </div>
   <div class='ocr_carea' id='block_1_103' title="bbox 1079 1363 1877 1398">
    <p class='ocr_par' dir='ltr' id='par_1_103' title="bbox 1079 1363 1877 1398">
     <span class='ocr_line' id='line_1_106' title="bbox 1079 1363 1877 1398; baseline -0.001 -6"><span class='ocrx_word' id='word_1_879' title='bbox 1079 1365 1105 1392; x_wconf 93' lang='lat' dir='ltr'><strong>iii</strong></span> <span class='ocrx_word' id='word_1_880' title='bbox 1120 1363 1237 1393; x_wconf 85' lang='lat' dir='ltr'><strong>furorem</strong></span> <span class='ocrx_word' id='word_1_881' title='bbox 1249 1363 1405 1392; x_wconf 87' lang='lat' dir='ltr'><strong>vertuntur:</strong></span> <span class='ocrx_word' id='word_1_882' title='bbox 1420 1368 1512 1398; x_wconf 90' lang='lat' dir='ltr'><strong>putant</strong></span> <span class='ocrx_word' id='word_1_883' title='bbox 1526 1363 1552 1390; x_wconf 94' lang='lat' dir='ltr'><strong>in</strong></span> <span class='ocrx_word' id='word_1_884' title='bbox 1566 1370 1597 1390; x_wconf 87' lang='lat' dir='ltr'><strong>os</strong></span> <span class='ocrx_word' id='word_1_885' title='bbox 1609 1370 1684 1390; x_wconf 93' lang='lat' dir='ltr'><strong>suum</strong></span> <span class='ocrx_word' id='word_1_886' title='bbox 1700 1368 1803 1390; x_wconf 83' lang='lat' dir='ltr'><strong>stercus</strong></span> <span class='ocrx_word' id='word_1_887' title='bbox 1820 1365 1877 1391; x_wconf 83' lang='lat' dir='ltr'><strong>ini-</strong></span> 
     </span>
    </p>
   </div>
   <div class='ocr_carea' id='block_1_104' title="bbox 1079 1398 1876 1435">
    <p class='ocr_par' dir='ltr' id='par_1_104' title="bbox 1079 1398 1876 1435">
     <span class='ocr_line' id='line_1_107' title="bbox 1079 1398 1876 1435; baseline 0 -8"><span class='ocrx_word' id='word_1_888' title='bbox 1079 1400 1158 1428; x_wconf 91' lang='lat' dir='ltr'><strong>mitti.</strong></span> <span class='ocrx_word' id='word_1_889' title='bbox 1178 1400 1254 1427; x_wconf 90' lang='lat' dir='ltr'><strong>Libet</strong></span> <span class='ocrx_word' id='word_1_890' title='bbox 1268 1400 1424 1435; x_wconf 83' lang='lat' dir='ltr'><strong>exemplum</strong></span> <span class='ocrx_word' id='word_1_891' title='bbox 1433 1399 1507 1427; x_wconf 86' lang='lat' dir='ltr'><strong>vobis</strong></span> <span class='ocrx_word' id='word_1_892' title='bbox 1520 1398 1625 1426; x_wconf 81' lang='lat' dir='ltr'><strong>aﬂerre.</strong></span> <span class='ocrx_word' id='word_1_893' title='bbox 1640 1398 1876 1432; x_wconf 72' lang='lat' dir='ltr'><strong>Quemadmodum</strong></span> 
     </span>
    </p>
   </div>
   <div class='ocr_carea' id='block_1_105' title="bbox 1079 1434 1878 1470">
    <p class='ocr_par' dir='ltr' id='par_1_105' title="bbox 1079 1434 1878 1470">
     <span class='ocr_line' id='line_1_108' title="bbox 1079 1434 1878 1470; baseline -0.001 -7"><span class='ocrx_word' id='word_1_894' title='bbox 1079 1436 1102 1463; x_wconf 85' lang='lat' dir='ltr'><strong>si</strong></span> <span class='ocrx_word' id='word_1_895' title='bbox 1118 1436 1177 1470; x_wconf 90' lang='lat' dir='ltr'><strong>quis</strong></span> <span class='ocrx_word' id='word_1_896' title='bbox 1193 1434 1353 1462; x_wconf 80' lang='lat' dir='ltr'><strong>inﬁrmitatis</strong></span> <span class='ocrx_word' id='word_1_897' title='bbox 1369 1440 1396 1462; x_wconf 90' lang='lat' dir='ltr'><strong>et</strong></span> <span class='ocrx_word' id='word_1_898' title='bbox 1415 1434 1495 1462; x_wconf 81' lang='lat' dir='ltr'><strong>febris</strong></span> <span class='ocrx_word' id='word_1_899' title='bbox 1510 1439 1603 1470; x_wconf 57' lang='lat' dir='ltr'><strong>aestum</strong></span> <span class='ocrx_word' id='word_1_900' title='bbox 1619 1435 1733 1470; x_wconf 81' lang='lat' dir='ltr'><strong>patiatur</strong></span> <span class='ocrx_word' id='word_1_901' title='bbox 1743 1434 1814 1470; x_wconf 17' lang='lat' dir='ltr'><strong>,rubi</strong></span> <span class='ocrx_word' id='word_1_902' title='bbox 1828 1442 1878 1462; x_wconf 83' lang='lat' dir='ltr'><strong>so-</strong></span> 
     </span>
    </p>
   </div>
   <div class='ocr_carea' id='block_1_106' title="bbox 1074 1469 1875 1510">
    <p class='ocr_par' dir='ltr' id='par_1_106' title="bbox 1074 1469 1875 1510">
     <span class='ocr_line' id='line_1_109' title="bbox 1074 1469 1875 1510; baseline 0 -12"><span class='ocrx_word' id='word_1_903' title='bbox 1074 1469 1159 1510; x_wconf 57' lang='lat' dir='ltr'><strong>gatur</strong></span> <span class='ocrx_word' id='word_1_904' title='bbox 1173 1470 1283 1498; x_wconf 87' lang='lat' dir='ltr'><strong>morbus</strong></span> <span class='ocrx_word' id='word_1_905' title='bbox 1292 1490 1300 1503; x_wconf 93' lang='lat'><strong>,</strong></span> <span class='ocrx_word' id='word_1_906' title='bbox 1314 1471 1407 1510; x_wconf 76' lang='lat' dir='ltr'><strong>iubent</strong></span> <span class='ocrx_word' id='word_1_907' title='bbox 1419 1470 1513 1497; x_wconf 85' lang='lat' dir='ltr'><strong>medici</strong></span> <span class='ocrx_word' id='word_1_908' title='bbox 1525 1469 1632 1510; x_wconf 65' lang='lat' dir='ltr'><strong>osejus</strong></span> <span class='ocrx_word' id='word_1_909' title='bbox 1646 1469 1728 1510; x_wconf 70' lang='lat' dir='ltr'><strong>melle</strong></span> <span class='ocrx_word' id='word_1_910' title='bbox 1739 1469 1875 1510; x_wconf 83' lang='lat' dir='ltr'><strong>obli_niri_:</strong></span> 
     </span>
    </p>
   </div>
   <div class='ocr_carea' id='block_1_107' title="bbox 1080 1503 1876 1541">
    <p class='ocr_par' dir='ltr' id='par_1_107' title="bbox 1080 1503 1876 1541">
     <span class='ocr_line' id='line_1_110' title="bbox 1080 1503 1876 1541; baseline -0.001 -8"><span class='ocrx_word' id='word_1_911' title='bbox 1080 1505 1195 1541; x_wconf 75' lang='lat' dir='ltr'><strong>idipsum</strong></span> <span class='ocrx_word' id='word_1_912' title='bbox 1209 1513 1273 1533; x_wconf 88' lang='lat' dir='ltr'><strong>vero</strong></span> <span class='ocrx_word' id='word_1_913' title='bbox 1284 1503 1355 1541; x_wconf 82' lang='lat' dir='ltr'><strong>quod</strong></span> <span class='ocrx_word' id='word_1_914' title='bbox 1366 1505 1460 1539; x_wconf 75' lang='lat' dir='ltr'><strong>iubent</strong></span> <span class='ocrx_word' id='word_1_915' title='bbox 1472 1503 1568 1531; x_wconf 92' lang='lat' dir='ltr'><strong>medici</strong></span> <span class='ocrx_word' id='word_1_916' title='bbox 1581 1503 1679 1541; x_wconf 75' lang='lat' dir='ltr'><strong>faciunt</strong></span> <span class='ocrx_word' id='word_1_917' title='bbox 1693 1513 1700 1529; x_wconf 87' lang='lat'>:</span> <span class='ocrx_word' id='word_1_918' title='bbox 1715 1503 1876 1532; x_wconf 80' lang='lat' dir='ltr'><strong>famulanti-</strong></span> 
     </span>
    </p>
   </div>
   <div class='ocr_carea' id='block_1_108' title="bbox 1079 1539 1875 1574">
    <p class='ocr_par' dir='ltr' id='par_1_108' title="bbox 1079 1539 1875 1574">
     <span class='ocr_line' id='line_1_111' title="bbox 1079 1539 1875 1574; baseline -0.001 -5"><span class='ocrx_word' id='word_1_919' title='bbox 1079 1539 1129 1569; x_wconf 78' lang='lat' dir='ltr'><strong>bus</strong></span> <span class='ocrx_word' id='word_1_920' title='bbox 1141 1545 1229 1569; x_wconf 90' lang='lat' dir='ltr'><strong>autem</strong></span> <span class='ocrx_word' id='word_1_921' title='bbox 1244 1539 1346 1573; x_wconf 71' lang='lat' dir='ltr'><strong>servis,</strong></span> <span class='ocrx_word' id='word_1_922' title='bbox 1363 1544 1436 1574; x_wconf 85' lang='lat' dir='ltr'><strong>putat</strong></span> <span class='ocrx_word' id='word_1_923' title='bbox 1455 1544 1571 1574; x_wconf 80' lang='lat' dir='ltr'><strong>aegrotus</strong></span> <span class='ocrx_word' id='word_1_924' title='bbox 1586 1539 1638 1566; x_wconf 88' lang='lat' dir='ltr'><strong>mel</strong></span> <span class='ocrx_word' id='word_1_925' title='bbox 1652 1546 1772 1566; x_wconf 87' lang='lat' dir='ltr'><strong>amarum</strong></span> <span class='ocrx_word' id='word_1_926' title='bbox 1787 1547 1850 1567; x_wconf 80' lang='lat' dir='ltr'><strong>esse</strong></span> <span class='ocrx_word' id='word_1_927' title='bbox 1865 1549 1875 1568; x_wconf 89' lang='lat'><strong>:</strong></span> 
     </span>
    </p>
   </div>
   <div class='ocr_carea' id='block_1_109' title="bbox 1099 1574 1877 1611">
    <p class='ocr_par' dir='ltr' id='par_1_109' title="bbox 1099 1574 1877 1611">
     <span class='ocr_line' id='line_1_112' title="bbox 1099 1574 1877 1611; baseline -0.001 -7"><span class='ocrx_word' id='word_1_928' title='bbox 1099 1577 1124 1604; x_wconf 92' lang='lat' dir='ltr'><strong>ui</strong></span> <span class='ocrx_word' id='word_1_929' title='bbox 1138 1577 1245 1603; x_wconf 84' lang='lat' dir='ltr'><strong>adstant</strong></span> <span class='ocrx_word' id='word_1_930' title='bbox 1259 1583 1340 1610; x_wconf 88' lang='lat' dir='ltr'><strong>porro</strong></span> <span class='ocrx_word' id='word_1_931' title='bbox 1350 1575 1457 1607; x_wconf 89' lang='lat' dir='ltr'><strong>dicunt,</strong></span> <span class='ocrx_word' id='word_1_932' title='bbox 1472 1574 1581 1611; x_wconf 17' lang='lat' dir='ltr'><strong>melrest</strong></span> <span class='ocrx_word' id='word_1_933' title='bbox 1592 1595 1599 1608; x_wconf 84' lang='lat'><strong>,</strong></span> <span class='ocrx_word' id='word_1_934' title='bbox 1615 1574 1723 1601; x_wconf 89' lang='lat' dir='ltr'><strong>domine</strong></span> <span class='ocrx_word' id='word_1_935' title='bbox 1733 1595 1748 1611; x_wconf 21' lang='grc' dir='ltr'><strong>,γ</strong></span> <span class='ocrx_word' id='word_1_936' title='bbox 1757 1575 1877 1611; x_wconf 80' lang='lat' dir='ltr'><strong>ideoque</strong></span> 
     </span>
    </p>
   </div>
   <div class='ocr_carea' id='block_1_110' title="bbox 1079 1585 1876 1645">
    <p class='ocr_par' dir='ltr' id='par_1_110' title="bbox 1079 1585 1876 1645">
     <span class='ocr_line' id='line_1_113' title="bbox 1099 1585 1876 1611; baseline -0.001 -7"><span class='ocrx_word' id='word_1_937' title='bbox 1099 1585 1124 1604; x_wconf 81' lang='lat' dir='ltr'><strong>ul</strong></span> <span class='ocrx_word' id='word_1_938' title='bbox 1138 1585 1245 1603; x_wconf 80' lang='lat' dir='ltr'><strong>austant</strong></span> <span class='ocrx_word' id='word_1_939' title='bbox 1259 1585 1340 1610; x_wconf 83' lang='lat' dir='ltr'><strong>porro</strong></span> <span class='ocrx_word' id='word_1_940' title='bbox 1350 1585 1457 1607; x_wconf 71' lang='lat' dir='ltr'><strong>Ulcunl,</strong></span> <span class='ocrx_word' id='word_1_941' title='bbox 1472 1585 1524 1601; x_wconf 71' lang='grc'><strong>11181</strong></span> <span class='ocrx_word' id='word_1_942' title='bbox 1539 1585 1581 1602; x_wconf 67' lang='grc' dir='ltr'><strong>Εει</strong></span> <span class='ocrx_word' id='word_1_943' title='bbox 1592 1595 1599 1608; x_wconf 65' lang='grc' dir='ltr'><strong>ι</strong></span> <span class='ocrx_word' id='word_1_944' title='bbox 1615 1585 1723 1601; x_wconf 82' lang='lat' dir='ltr'><strong>uuullue</strong></span> <span class='ocrx_word' id='word_1_945' title='bbox 1733 1595 1742 1607; x_wconf 76' lang='lat'><strong>,</strong></span> <span class='ocrx_word' id='word_1_946' title='bbox 1758 1585 1876 1611; x_wconf 77' lang='lat' dir='ltr'><strong>lucoque</strong></span> 
     </span>
     <span class='ocr_line' id='line_1_114' title="bbox 1079 1585 1876 1645; baseline -0.001 -6"><span class='ocrx_word' id='word_1_947' title='bbox 1079 1585 1167 1644; x_wconf 54' lang='lat' dir='ltr'><strong>dulce.</strong></span> <span class='ocrx_word' id='word_1_948' title='bbox 1180 1611 1220 1639; x_wconf 89' lang='lat' dir='ltr'><strong>sic</strong></span> <span class='ocrx_word' id='word_1_949' title='bbox 1233 1618 1331 1645; x_wconf 69' lang='lat' dir='ltr'><strong>aegrum</strong></span> <span class='ocrx_word' id='word_1_950' title='bbox 1347 1610 1633 1640; x_wconf 86' lang='lat' dir='ltr'><strong>commouefacientes;</strong></span> <span class='ocrx_word' id='word_1_951' title='bbox 1657 1614 1685 1636; x_wconf 90' lang='lat' dir='ltr'><strong>at</strong></span> <span class='ocrx_word' id='word_1_952' title='bbox 1697 1610 1751 1636; x_wconf 90' lang='lat' dir='ltr'><strong>mel</strong></span> <span class='ocrx_word' id='word_1_953' title='bbox 1764 1610 1876 1638; x_wconf 84' lang='lat' dir='ltr'><strong>infirmo</strong></span> 
     </span>
    </p>
   </div>
   <div class='ocr_carea' id='block_1_111' title="bbox 1079 1645 1874 1681">
    <p class='ocr_par' dir='ltr' id='par_1_111' title="bbox 1079 1645 1874 1681">
     <span class='ocr_line' id='line_1_115' title="bbox 1079 1645 1874 1681; baseline -0.001 -7"><span class='ocrx_word' id='word_1_954' title='bbox 1079 1654 1198 1674; x_wconf 83' lang='lat' dir='ltr'><strong>amarum</strong></span> <span class='ocrx_word' id='word_1_955' title='bbox 1221 1653 1281 1673; x_wconf 88' lang='lat' dir='ltr'><strong>esse</strong></span> <span class='ocrx_word' id='word_1_956' title='bbox 1305 1646 1418 1681; x_wconf 86' lang='lat' dir='ltr'><strong>videtur,</strong></span> <span class='ocrx_word' id='word_1_957' title='bbox 1432 1653 1483 1672; x_wconf 89' lang='lat' dir='ltr'><strong>non</strong></span> <span class='ocrx_word' id='word_1_958' title='bbox 1500 1646 1568 1679; x_wconf 84' lang='lat' dir='ltr'><strong>quod</strong></span> <span class='ocrx_word' id='word_1_959' title='bbox 1594 1652 1711 1671; x_wconf 86' lang='lat' dir='ltr'><strong>amarum</strong></span> <span class='ocrx_word' id='word_1_960' title='bbox 1733 1645 1784 1677; x_wconf 88' lang='lat' dir='ltr'><strong>sit;</strong></span> <span class='ocrx_word' id='word_1_961' title='bbox 1807 1646 1874 1681; x_wconf 79' lang='lat' dir='ltr'><strong>quid</strong></span> 
     </span>
    </p>
   </div>
   <div class='ocr_carea' id='block_1_112' title="bbox 1079 1680 1874 1714">
    <p class='ocr_par' dir='ltr' id='par_1_112' title="bbox 1079 1680 1874 1714">
     <span class='ocr_line' id='line_1_116' title="bbox 1079 1680 1874 1714; baseline -0.001 -5"><span class='ocrx_word' id='word_1_962' title='bbox 1079 1683 1150 1709; x_wconf 85' lang='lat' dir='ltr'><strong>enim</strong></span> <span class='ocrx_word' id='word_1_963' title='bbox 1165 1681 1268 1709; x_wconf 86' lang='lat' dir='ltr'><strong>dulcius</strong></span> <span class='ocrx_word' id='word_1_964' title='bbox 1283 1680 1381 1708; x_wconf 77' lang='lat' dir='ltr'><strong>melle?</strong></span> <span class='ocrx_word' id='word_1_965' title='bbox 1395 1688 1447 1708; x_wconf 91' lang='lat' dir='ltr'><strong>non</strong></span> <span class='ocrx_word' id='word_1_966' title='bbox 1463 1682 1487 1707; x_wconf 90' lang='lat' dir='ltr'><strong>id</strong></span> <span class='ocrx_word' id='word_1_967' title='bbox 1502 1682 1579 1714; x_wconf 78' lang='lat' dir='ltr'><strong>igitur</strong></span> <span class='ocrx_word' id='word_1_968' title='bbox 1594 1681 1713 1713; x_wconf 80' lang='lat' dir='ltr'><strong>provenit</strong></span> <span class='ocrx_word' id='word_1_969' title='bbox 1726 1688 1760 1707; x_wconf 81' lang='lat' dir='ltr'><strong>ex</strong></span> <span class='ocrx_word' id='word_1_970' title='bbox 1774 1680 1874 1708; x_wconf 83' lang='lat' dir='ltr'><strong>natura</strong></span> 
     </span>
    </p>
   </div>
   <div class='ocr_carea' id='block_1_113' title="bbox 1082 1715 1876 1749">
    <p class='ocr_par' dir='ltr' id='par_1_113' title="bbox 1082 1715 1876 1749">
     <span class='ocr_line' id='line_1_117' title="bbox 1082 1715 1876 1749; baseline -0.001 -5"><span class='ocrx_word' id='word_1_971' title='bbox 1082 1716 1180 1748; x_wconf 86' lang='lat' dir='ltr'><strong>mellis,</strong></span> <span class='ocrx_word' id='word_1_972' title='bbox 1197 1717 1243 1744; x_wconf 88' lang='lat' dir='ltr'><strong>sed</strong></span> <span class='ocrx_word' id='word_1_973' title='bbox 1255 1723 1287 1742; x_wconf 84' lang='lat' dir='ltr'><strong>ex</strong></span> <span class='ocrx_word' id='word_1_974' title='bbox 1299 1716 1452 1743; x_wconf 80' lang='lat' dir='ltr'><strong>inﬁrmitate</strong></span> <span class='ocrx_word' id='word_1_975' title='bbox 1463 1723 1516 1742; x_wconf 89' lang='lat' dir='ltr'><strong>non</strong></span> <span class='ocrx_word' id='word_1_976' title='bbox 1529 1715 1705 1749; x_wconf 81' lang='lat' dir='ltr'><strong>suscipientis.</strong></span> <span class='ocrx_word' id='word_1_977' title='bbox 1721 1715 1765 1742; x_wconf 90' lang='lat' dir='ltr'><strong>Sic</strong></span> <span class='ocrx_word' id='word_1_978' title='bbox 1777 1720 1807 1743; x_wconf 91' lang='lat' dir='ltr'><strong>et</strong></span> <span class='ocrx_word' id='word_1_979' title='bbox 1820 1716 1876 1743; x_wconf 84' lang='lat' dir='ltr'><strong>illis</strong></span> 
     </span>
    </p>
   </div>
   <div class='ocr_carea' id='block_1_114' title="bbox 1079 1751 1875 1787">
    <p class='ocr_par' dir='ltr' id='par_1_114' title="bbox 1079 1751 1875 1787">
     <span class='ocr_line' id='line_1_118' title="bbox 1079 1751 1875 1787; baseline -0.006 -9"><span class='ocrx_word' id='word_1_980' title='bbox 1079 1752 1209 1787; x_wconf 86' lang='lat' dir='ltr'><strong>contingit</strong></span> <span class='ocrx_word' id='word_1_981' title='bbox 1223 1762 1228 1778; x_wconf 91' lang='lat'>:</span> <span class='ocrx_word' id='word_1_982' title='bbox 1245 1751 1266 1778; x_wconf 90' lang='lat' dir='ltr'><strong>si</strong></span> <span class='ocrx_word' id='word_1_983' title='bbox 1282 1751 1390 1778; x_wconf 84' lang='lat' dir='ltr'><strong>audiunt</strong></span> <span class='ocrx_word' id='word_1_984' title='bbox 1401 1751 1652 1787; x_wconf 66' lang='lat' dir='ltr'><strong>consubstantialem</strong></span> <span class='ocrx_word' id='word_1_985' title='bbox 1666 1770 1673 1781; x_wconf 83' lang='grc'><em>,</em></span> <span class='ocrx_word' id='word_1_986' title='bbox 1689 1755 1783 1787; x_wconf 81' lang='lat' dir='ltr'><strong>putant</strong></span> <span class='ocrx_word' id='word_1_987' title='bbox 1796 1758 1875 1787; x_wconf 82' lang='lat' dir='ltr'><strong>ama-</strong></span> 
     </span>
    </p>
   </div>
   <div class='ocr_carea' id='block_1_115' title="bbox 1080 1785 1875 1821">
    <p class='ocr_par' dir='ltr' id='par_1_115' title="bbox 1080 1785 1875 1821">
     <span class='ocr_line' id='line_1_119' title="bbox 1080 1785 1875 1821; baseline -0.001 -7"><span class='ocrx_word' id='word_1_988' title='bbox 1080 1795 1138 1814; x_wconf 91' lang='lat' dir='ltr'><strong>rum</strong></span> <span class='ocrx_word' id='word_1_989' title='bbox 1153 1785 1202 1814; x_wconf 83' lang='lat' dir='ltr'><strong>sibi</strong></span> <span class='ocrx_word' id='word_1_990' title='bbox 1215 1790 1306 1821; x_wconf 88' lang='lat' dir='ltr'><strong>potum</strong></span> <span class='ocrx_word' id='word_1_991' title='bbox 1324 1786 1431 1818; x_wconf 88' lang='lat' dir='ltr'><strong>offerri;</strong></span> <span class='ocrx_word' id='word_1_992' title='bbox 1448 1794 1533 1821; x_wconf 89' lang='lat' dir='ltr'><strong>neque</strong></span> <span class='ocrx_word' id='word_1_993' title='bbox 1547 1786 1572 1812; x_wconf 91' lang='lat' dir='ltr'><strong>id</strong></span> <span class='ocrx_word' id='word_1_994' title='bbox 1587 1785 1710 1820; x_wconf 85' lang='lat' dir='ltr'><strong>provenit</strong></span> <span class='ocrx_word' id='word_1_995' title='bbox 1723 1793 1757 1812; x_wconf 85' lang='lat' dir='ltr'><strong>ex</strong></span> <span class='ocrx_word' id='word_1_996' title='bbox 1777 1785 1875 1820; x_wconf 84' lang='lat' dir='ltr'><strong>hujus-</strong></span> 
     </span>
    </p>
   </div>
   <div class='ocr_carea' id='block_1_116' title="bbox 1081 1820 1871 1855">
    <p class='ocr_par' dir='ltr' id='par_1_116' title="bbox 1081 1820 1871 1855">
     <span class='ocr_line' id='line_1_120' title="bbox 1081 1820 1871 1855; baseline 0 -7"><span class='ocrx_word' id='word_1_997' title='bbox 1081 1822 1152 1848; x_wconf 89' lang='lat' dir='ltr'><strong>niodi</strong></span> <span class='ocrx_word' id='word_1_998' title='bbox 1172 1820 1239 1849; x_wconf 81' lang='lat' dir='ltr'><strong>voce</strong></span> <span class='ocrx_word' id='word_1_999' title='bbox 1252 1843 1259 1855; x_wconf 85' lang='lat'><strong>,</strong></span> <span class='ocrx_word' id='word_1_1000' title='bbox 1275 1821 1321 1848; x_wconf 87' lang='lat' dir='ltr'><strong>sed</strong></span> <span class='ocrx_word' id='word_1_1001' title='bbox 1334 1829 1369 1848; x_wconf 82' lang='lat' dir='ltr'><strong>ex</strong></span> <span class='ocrx_word' id='word_1_1002' title='bbox 1385 1820 1496 1848; x_wconf 37' lang='lat' dir='ltr'><strong>inlirmo’</strong></span> <span class='ocrx_word' id='word_1_1003' title='bbox 1509 1820 1599 1848; x_wconf 86' lang='lat' dir='ltr'><strong>auditu</strong></span> <span class='ocrx_word' id='word_1_1004' title='bbox 1615 1828 1666 1847; x_wconf 91' lang='lat' dir='ltr'><strong>non</strong></span> <span class='ocrx_word' id='word_1_1005' title='bbox 1689 1821 1871 1855; x_wconf 83' lang='lat' dir='ltr'><strong>suscipientis.</strong></span> 
     </span>
    </p>
   </div>
   <div class='ocr_carea' id='block_1_117' title="bbox 1080 1855 1874 1892">
    <p class='ocr_par' dir='ltr' id='par_1_117' title="bbox 1080 1855 1874 1892">
     <span class='ocr_line' id='line_1_121' title="bbox 1080 1855 1874 1892; baseline -0.001 -8"><span class='ocrx_word' id='word_1_1006' title='bbox 1080 1856 1160 1884; x_wconf 82' lang='lat' dir='ltr'><strong>Pater</strong></span> <span class='ocrx_word' id='word_1_1007' title='bbox 1172 1857 1256 1892; x_wconf 88' lang='lat' dir='ltr'><strong>ipsum</strong></span> <span class='ocrx_word' id='word_1_1008' title='bbox 1271 1857 1367 1884; x_wconf 85' lang='lat' dir='ltr'><strong>Filium</strong></span> <span class='ocrx_word' id='word_1_1009' title='bbox 1381 1861 1469 1888; x_wconf 85' lang='lat' dir='ltr'><strong>vocat,</strong></span> <span class='ocrx_word' id='word_1_1010' title='bbox 1487 1857 1602 1890; x_wconf 88' lang='lat' dir='ltr'><strong>itemque</strong></span> <span class='ocrx_word' id='word_1_1011' title='bbox 1615 1855 1751 1892; x_wconf 40' lang='lat' dir='ltr'><strong>apostoli;</strong></span> <span class='ocrx_word' id='word_1_1012' title='bbox 1767 1855 1793 1882; x_wconf 88' lang='lat' dir='ltr'><strong>lii</strong></span> <span class='ocrx_word' id='word_1_1013' title='bbox 1808 1864 1874 1883; x_wconf 79' lang='lat' dir='ltr'><strong>vero</strong></span> 
     </span>
    </p>
   </div>
   <div class='ocr_carea' id='block_1_118' title="bbox 1080 1889 1874 1924">
    <p class='ocr_par' dir='ltr' id='par_1_118' title="bbox 1080 1889 1874 1924">
     <span class='ocr_line' id='line_1_122' title="bbox 1080 1889 1874 1924; baseline -0.001 -4"><span class='ocrx_word' id='word_1_1014' title='bbox 1080 1899 1136 1920; x_wconf 86' lang='lat' dir='ltr'><strong>rem</strong></span> <span class='ocrx_word' id='word_1_1015' title='bbox 1151 1889 1268 1920; x_wconf 82' lang='lat' dir='ltr'><strong>creatam</strong></span> <span class='ocrx_word' id='word_1_1016' title='bbox 1280 1896 1308 1919; x_wconf 91' lang='lat' dir='ltr'><strong>et</strong></span> <span class='ocrx_word' id='word_1_1017' title='bbox 1321 1892 1425 1919; x_wconf 89' lang='lat' dir='ltr'><strong>factam.</strong></span> <span class='ocrx_word' id='word_1_1018' title='bbox 1441 1889 1579 1924; x_wconf 82' lang='lat' dir='ltr'><strong>Quomodo</strong></span> <span class='ocrx_word' id='word_1_1019' title='bbox 1592 1889 1716 1918; x_wconf 82' lang='lat' dir='ltr'><strong>creatus?</strong></span> <span class='ocrx_word' id='word_1_1020' title='bbox 1728 1889 1829 1918; x_wconf 82' lang='lat' dir='ltr'><strong>Creare</strong></span> <span class='ocrx_word' id='word_1_1021' title='bbox 1841 1899 1874 1919; x_wconf 86' lang='lat' dir='ltr'><strong>ac</strong></span> 
     </span>
    </p>
   </div>
   <div class='ocr_carea' id='block_1_119' title="bbox 1079 1926 1874 1962">
    <p class='ocr_par' dir='ltr' id='par_1_119' title="bbox 1079 1926 1874 1962">
     <span class='ocr_line' id='line_1_123' title="bbox 1079 1926 1874 1962; baseline -0.001 -9"><span class='ocrx_word' id='word_1_1022' title='bbox 1079 1927 1187 1962; x_wconf 81' lang='lat' dir='ltr'><strong>gignere</strong></span> <span class='ocrx_word' id='word_1_1023' title='bbox 1201 1932 1263 1954; x_wconf 90' lang='lat' dir='ltr'><strong>sunt</strong></span> <span class='ocrx_word' id='word_1_1024' title='bbox 1275 1927 1357 1962; x_wconf 83' lang='lat' dir='ltr'><strong>idem.</strong></span> <span class='ocrx_word' id='word_1_1025' title='bbox 1370 1927 1397 1955; x_wconf 89' lang='lat' dir='ltr'><strong>Si</strong></span> <span class='ocrx_word' id='word_1_1026' title='bbox 1412 1927 1531 1961; x_wconf 88' lang='lat' dir='ltr'><strong>quisquis</strong></span> <span class='ocrx_word' id='word_1_1027' title='bbox 1543 1926 1643 1961; x_wconf 79' lang='lat' dir='ltr'><strong>gignit,</strong></span> <span class='ocrx_word' id='word_1_1028' title='bbox 1656 1930 1747 1957; x_wconf 89' lang='lat' dir='ltr'><strong>creat,</strong></span> <span class='ocrx_word' id='word_1_1029' title='bbox 1759 1930 1787 1953; x_wconf 89' lang='lat' dir='ltr'><strong>et</strong></span> <span class='ocrx_word' id='word_1_1030' title='bbox 1799 1927 1874 1960; x_wconf 73' lang='lat' dir='ltr'><strong>quis.</strong></span> 
     </span>
    </p>
   </div>
   <div class='ocr_carea' id='block_1_120' title="bbox 1099 1961 1875 1997">
    <p class='ocr_par' dir='ltr' id='par_1_120' title="bbox 1099 1961 1875 1997">
     <span class='ocr_line' id='line_1_124' title="bbox 1099 1961 1875 1997; baseline 0.001 -9"><span class='ocrx_word' id='word_1_1031' title='bbox 1099 1963 1138 1988; x_wconf 87' lang='lat' dir='ltr'><strong>uis</strong></span> <span class='ocrx_word' id='word_1_1032' title='bbox 1155 1966 1245 1995; x_wconf 86' lang='lat' dir='ltr'><strong>creat,</strong></span> <span class='ocrx_word' id='word_1_1033' title='bbox 1259 1961 1355 1997; x_wconf 78' lang='lat' dir='ltr'><strong>gignit,</strong></span> <span class='ocrx_word' id='word_1_1034' title='bbox 1373 1962 1540 1989; x_wconf 90' lang='lat' dir='ltr'><strong>inveniemus</strong></span> <span class='ocrx_word' id='word_1_1035' title='bbox 1552 1968 1647 1997; x_wconf 76' lang='lat' dir='ltr'><strong>Olmies</strong></span> <span class='ocrx_word' id='word_1_1036' title='bbox 1662 1965 1798 1997; x_wconf 75' lang='lat' dir='ltr'><strong>creaturas</strong></span> <span class='ocrx_word' id='word_1_1037' title='bbox 1812 1969 1875 1989; x_wconf 83' lang='lat' dir='ltr'><strong>esse</strong></span> 
     </span>
    </p>
   </div>
   <div class='ocr_carea' id='block_1_121' title="bbox 1080 1970 1873 2031">
    <p class='ocr_par' dir='ltr' id='par_1_121' title="bbox 1080 1970 1873 2031">
     <span class='ocr_line' id='line_1_125' title="bbox 1099 1970 1873 1997; baseline 0.001 -9"><span class='ocrx_word' id='word_1_1038' title='bbox 1099 1970 1138 1988; x_wconf 87' lang='lat' dir='ltr'><strong>uis</strong></span> <span class='ocrx_word' id='word_1_1039' title='bbox 1155 1970 1245 1995; x_wconf 85' lang='lat' dir='ltr'><strong>creat,</strong></span> <span class='ocrx_word' id='word_1_1040' title='bbox 1259 1970 1355 1997; x_wconf 78' lang='lat' dir='ltr'><strong>gignit,</strong></span> <span class='ocrx_word' id='word_1_1041' title='bbox 1373 1970 1540 1989; x_wconf 88' lang='lat' dir='ltr'><strong>inveniemus</strong></span> <span class='ocrx_word' id='word_1_1042' title='bbox 1552 1970 1647 1989; x_wconf 88' lang='lat' dir='ltr'><strong>omnes</strong></span> <span class='ocrx_word' id='word_1_1043' title='bbox 1662 1970 1798 1988; x_wconf 82' lang='lat' dir='ltr'><strong>creaturas</strong></span> <span class='ocrx_word' id='word_1_1044' title='bbox 1812 1970 1873 1989; x_wconf 83' lang='lat' dir='ltr'><strong>esse</strong></span> 
     </span>
     <span class='ocr_line' id='line_1_126' title="bbox 1080 1970 1873 2031; baseline 0 -8"><span class='ocrx_word' id='word_1_1045' title='bbox 1080 1970 1149 2024; x_wconf 73' lang='lat' dir='ltr'><strong>illius</strong></span> <span class='ocrx_word' id='word_1_1046' title='bbox 1182 1997 1228 2024; x_wconf 90' lang='lat' dir='ltr'><strong>Dei</strong></span> <span class='ocrx_word' id='word_1_1047' title='bbox 1244 2006 1250 2024; x_wconf 88' lang='lat'>:</span> <span class='ocrx_word' id='word_1_1048' title='bbox 1265 1998 1326 2031; x_wconf 91' lang='lat' dir='ltr'><strong>quia</strong></span> <span class='ocrx_word' id='word_1_1049' title='bbox 1341 2004 1405 2024; x_wconf 88' lang='lat' dir='ltr'><strong>vero</strong></span> <span class='ocrx_word' id='word_1_1050' title='bbox 1417 1997 1505 2024; x_wconf 90' lang='lat' dir='ltr'><strong>omnia</strong></span> <span class='ocrx_word' id='word_1_1051' title='bbox 1521 2004 1567 2031; x_wconf 90' lang='lat' dir='ltr'><strong>per</strong></span> <span class='ocrx_word' id='word_1_1052' title='bbox 1587 1996 1682 2023; x_wconf 84' lang='lat' dir='ltr'><strong>Filium</strong></span> <span class='ocrx_word' id='word_1_1053' title='bbox 1702 1995 1770 2022; x_wconf 79' lang='lat' dir='ltr'><strong>facta</strong></span> <span class='ocrx_word' id='word_1_1054' title='bbox 1788 2002 1873 2029; x_wconf 82' lang='lat' dir='ltr'><strong>sunt,</strong></span> 
     </span>
    </p>
   </div>
   <div class='ocr_carea' id='block_1_122' title="bbox 1080 2031 1875 2066">
    <p class='ocr_par' dir='ltr' id='par_1_122' title="bbox 1080 2031 1875 2066">
     <span class='ocr_line' id='line_1_127' title="bbox 1080 2031 1875 2066; baseline 0.001 -9"><span class='ocrx_word' id='word_1_1055' title='bbox 1080 2031 1160 2065; x_wconf 82' lang='lat' dir='ltr'><strong>igitur</strong></span> <span class='ocrx_word' id='word_1_1056' title='bbox 1174 2032 1218 2066; x_wconf 89' lang='lat' dir='ltr'><strong>qui</strong></span> <span class='ocrx_word' id='word_1_1057' title='bbox 1234 2033 1349 2065; x_wconf 82' lang='lat' dir='ltr'><strong>creavit,</strong></span> <span class='ocrx_word' id='word_1_1058' title='bbox 1364 2032 1442 2059; x_wconf 91' lang='lat' dir='ltr'><strong>etiam</strong></span> <span class='ocrx_word' id='word_1_1059' title='bbox 1458 2032 1557 2066; x_wconf 88' lang='lat' dir='ltr'><strong>genuit.</strong></span> <span class='ocrx_word' id='word_1_1060' title='bbox 1575 2031 1669 2058; x_wconf 86' lang='lat' dir='ltr'><strong>Viden‘</strong></span> <span class='ocrx_word' id='word_1_1061' title='bbox 1684 2031 1831 2058; x_wconf 89' lang='lat' dir='ltr'><strong>secundum</strong></span> <span class='ocrx_word' id='word_1_1062' title='bbox 1848 2037 1875 2059; x_wconf 90' lang='lat' dir='ltr'><strong>te</strong></span> 
     </span>
    </p>
   </div>
   <div class='ocr_carea' id='block_1_123' title="bbox 1080 2066 1875 2101">
    <p class='ocr_par' dir='ltr' id='par_1_123' title="bbox 1080 2066 1875 2101">
     <span class='ocr_line' id='line_1_128' title="bbox 1080 2066 1875 2101; baseline 0 -8"><span class='ocrx_word' id='word_1_1063' title='bbox 1080 2067 1169 2093; x_wconf 91' lang='lat' dir='ltr'><strong>omnia</strong></span> <span class='ocrx_word' id='word_1_1064' title='bbox 1183 2074 1243 2094; x_wconf 81' lang='lat' dir='ltr'><strong>esse</strong></span> <span class='ocrx_word' id='word_1_1065' title='bbox 1267 2067 1338 2094; x_wconf 84' lang='lat' dir='ltr'><strong>filios</strong></span> <span class='ocrx_word' id='word_1_1066' title='bbox 1353 2067 1420 2094; x_wconf 84' lang='lat' dir='ltr'><strong>Dei?</strong></span> <span class='ocrx_word' id='word_1_1067' title='bbox 1434 2066 1564 2101; x_wconf 87' lang='lat' dir='ltr'><strong>Quamdiu</strong></span> <span class='ocrx_word' id='word_1_1068' title='bbox 1579 2066 1705 2093; x_wconf 88' lang='lat' dir='ltr'><strong>increduli</strong></span> <span class='ocrx_word' id='word_1_1069' title='bbox 1719 2066 1816 2101; x_wconf 68' lang='lat' dir='ltr'><strong>eritis?</strong></span> <span class='ocrx_word' id='word_1_1070' title='bbox 1831 2067 1875 2093; x_wconf 88' lang='lat' dir='ltr'><strong>Di-</strong></span> 
     </span>
    </p>
   </div>
   <div class='ocr_carea' id='block_1_124' title="bbox 1081 2099 1872 2135">
    <p class='ocr_par' dir='ltr' id='par_1_124' title="bbox 1081 2099 1872 2135">
     <span class='ocr_line' id='line_1_129' title="bbox 1081 2099 1872 2135; baseline 0 -7"><span class='ocrx_word' id='word_1_1071' title='bbox 1081 2102 1133 2128; x_wconf 87' lang='lat' dir='ltr'><strong>cite</strong></span> <span class='ocrx_word' id='word_1_1072' title='bbox 1146 2101 1221 2134; x_wconf 85' lang='lat' dir='ltr'><strong>milii,</strong></span> <span class='ocrx_word' id='word_1_1073' title='bbox 1238 2102 1371 2135; x_wconf 80' lang='lat' dir='ltr'><strong>quomodo</strong></span> <span class='ocrx_word' id='word_1_1074' title='bbox 1385 2099 1480 2129; x_wconf 74' lang='lat' dir='ltr'><strong>colitur</strong></span> <span class='ocrx_word' id='word_1_1075' title='bbox 1490 2101 1593 2128; x_wconf 79' lang='lat' dir='ltr'><strong>Filius?</strong></span> <span class='ocrx_word' id='word_1_1076' title='bbox 1605 2102 1646 2127; x_wconf 80' lang='lat' dir='ltr'><strong>An</strong></span> <span class='ocrx_word' id='word_1_1077' title='bbox 1661 2101 1721 2135; x_wconf 89' lang='lat' dir='ltr'><strong>quia</strong></span> <span class='ocrx_word' id='word_1_1078' title='bbox 1734 2099 1817 2128; x_wconf 73' lang='lat' dir='ltr'><strong>Filius</strong></span> <span class='ocrx_word' id='word_1_1079' title='bbox 1831 2102 1872 2128; x_wconf 91' lang='lat' dir='ltr'><strong>di-</strong></span> 
     </span>
    </p>
   </div>
   <div class='ocr_carea' id='block_1_125' title="bbox 1081 2136 1872 2171">
    <p class='ocr_par' dir='ltr' id='par_1_125' title="bbox 1081 2136 1872 2171">
     <span class='ocr_line' id='line_1_130' title="bbox 1081 2136 1872 2171; baseline 0 -8"><span class='ocrx_word' id='word_1_1080' title='bbox 1081 2137 1170 2163; x_wconf 86' lang='lat' dir='ltr'><strong>citur?</strong></span> <span class='ocrx_word' id='word_1_1081' title='bbox 1192 2137 1226 2163; x_wconf 89' lang='lat' dir='ltr'><strong>Et</strong></span> <span class='ocrx_word' id='word_1_1082' title='bbox 1250 2141 1276 2163; x_wconf 92' lang='lat' dir='ltr'><strong>tu</strong></span> <span class='ocrx_word' id='word_1_1083' title='bbox 1292 2136 1396 2164; x_wconf 89' lang='lat' dir='ltr'><strong>diceris.</strong></span> <span class='ocrx_word' id='word_1_1084' title='bbox 1420 2138 1459 2163; x_wconf 82' lang='lat' dir='ltr'><strong>An</strong></span> <span class='ocrx_word' id='word_1_1085' title='bbox 1474 2138 1535 2171; x_wconf 88' lang='lat' dir='ltr'><strong>quia</strong></span> <span class='ocrx_word' id='word_1_1086' title='bbox 1558 2136 1649 2163; x_wconf 87' lang='lat' dir='ltr'><strong>Deus?</strong></span> <span class='ocrx_word' id='word_1_1087' title='bbox 1663 2136 1695 2162; x_wconf 78' lang='lat' dir='ltr'><strong>Et</strong></span> <span class='ocrx_word' id='word_1_1088' title='bbox 1718 2141 1746 2163; x_wconf 91' lang='lat' dir='ltr'><strong>tu</strong></span> <span class='ocrx_word' id='word_1_1089' title='bbox 1761 2136 1872 2164; x_wconf 88' lang='lat' dir='ltr'><strong>diceris.</strong></span> 
     </span>
    </p>
   </div>
   <div class='ocr_carea' id='block_1_126' title="bbox 1081 2171 1874 2206">
    <p class='ocr_par' dir='ltr' id='par_1_126' title="bbox 1081 2171 1874 2206">
     <span class='ocr_line' id='line_1_131' title="bbox 1081 2171 1874 2206; baseline -0.003 -7"><span class='ocrx_word' id='word_1_1090' title='bbox 1081 2171 1133 2199; x_wconf 86' lang='lat' dir='ltr'><strong>Sed</strong></span> <span class='ocrx_word' id='word_1_1091' title='bbox 1154 2177 1229 2206; x_wconf 92' lang='lat' dir='ltr'><strong>potes</strong></span> <span class='ocrx_word' id='word_1_1092' title='bbox 1250 2171 1313 2198; x_wconf 93' lang='lat' dir='ltr'><strong>mihi</strong></span> <span class='ocrx_word' id='word_1_1093' title='bbox 1331 2173 1418 2199; x_wconf 88' lang='lat' dir='ltr'><strong>dicere</strong></span> <span class='ocrx_word' id='word_1_1094' title='bbox 1433 2180 1440 2198; x_wconf 88' lang='lat'><strong>:</strong></span> <span class='ocrx_word' id='word_1_1095' title='bbox 1455 2172 1500 2199; x_wconf 93' lang='lat' dir='ltr'><strong>Ille</strong></span> <span class='ocrx_word' id='word_1_1096' title='bbox 1514 2179 1543 2199; x_wconf 88' lang='lat' dir='ltr'><strong>re</strong></span> <span class='ocrx_word' id='word_1_1097' title='bbox 1563 2172 1631 2198; x_wconf 86' lang='lat' dir='ltr'><strong>lilius</strong></span> <span class='ocrx_word' id='word_1_1098' title='bbox 1643 2191 1651 2202; x_wconf 84' lang='lat'><strong>,</strong></span> <span class='ocrx_word' id='word_1_1099' title='bbox 1666 2176 1693 2198; x_wconf 92' lang='lat' dir='ltr'><strong>tu</strong></span> <span class='ocrx_word' id='word_1_1100' title='bbox 1713 2172 1832 2198; x_wconf 82' lang='lat' dir='ltr'><strong>nomine.</strong></span> <span class='ocrx_word' id='word_1_1101' title='bbox 1846 2172 1874 2198; x_wconf 72' lang='lat' dir='ltr'><strong>Si</strong></span> 
     </span>
    </p>
   </div>
   <div class='ocr_carea' id='block_1_127' title="bbox 1081 2206 1875 2241">
    <p class='ocr_par' dir='ltr' id='par_1_127' title="bbox 1081 2206 1875 2241">
     <span class='ocr_line' id='line_1_132' title="bbox 1081 2206 1875 2241; baseline 0.003 -9"><span class='ocrx_word' id='word_1_1102' title='bbox 1081 2207 1167 2241; x_wconf 84' lang='lat' dir='ltr'><strong>rcipsa</strong></span> <span class='ocrx_word' id='word_1_1103' title='bbox 1180 2227 1187 2238; x_wconf 86' lang='grc'><em>,</em></span> <span class='ocrx_word' id='word_1_1104' title='bbox 1203 2214 1266 2240; x_wconf 82' lang='lat' dir='ltr'><strong>ergo</strong></span> <span class='ocrx_word' id='word_1_1105' title='bbox 1281 2206 1374 2234; x_wconf 86' lang='lat' dir='ltr'><strong>Filius.</strong></span> <span class='ocrx_word' id='word_1_1106' title='bbox 1390 2206 1483 2234; x_wconf 86' lang='lat' dir='ltr'><strong>Viden‘</strong></span> <span class='ocrx_word' id='word_1_1107' title='bbox 1504 2212 1530 2233; x_wconf 91' lang='lat' dir='ltr'><strong>te</strong></span> <span class='ocrx_word' id='word_1_1108' title='bbox 1543 2214 1589 2234; x_wconf 92' lang='lat' dir='ltr'><strong>ore</strong></span> <span class='ocrx_word' id='word_1_1109' title='bbox 1602 2211 1647 2233; x_wconf 94' lang='lat' dir='ltr'><strong>tuo</strong></span> <span class='ocrx_word' id='word_1_1110' title='bbox 1661 2206 1783 2241; x_wconf 79' lang='lat' dir='ltr'><strong>redargui</strong></span> <span class='ocrx_word' id='word_1_1111' title='bbox 1794 2207 1806 2232; x_wconf 68' lang='grc' dir='ltr'><em>ἲ</em></span> <span class='ocrx_word' id='word_1_1112' title='bbox 1819 2207 1875 2234; x_wconf 72' lang='lat' dir='ltr'><strong>Nec</strong></span> 
     </span>
    </p>
   </div>
   <div class='ocr_carea' id='block_1_128' title="bbox 1082 2241 1875 2274">
    <p class='ocr_par' dir='ltr' id='par_1_128' title="bbox 1082 2241 1875 2274">
     <span class='ocr_line' id='line_1_133' title="bbox 1082 2241 1875 2274; baseline 0 -6"><span class='ocrx_word' id='word_1_1113' title='bbox 1082 2246 1187 2268; x_wconf 88' lang='lat' dir='ltr'><strong>creatus</strong></span> <span class='ocrx_word' id='word_1_1114' title='bbox 1201 2242 1246 2268; x_wconf 91' lang='lat' dir='ltr'><strong>ille</strong></span> <span class='ocrx_word' id='word_1_1115' title='bbox 1257 2262 1264 2274; x_wconf 91' lang='lat'><strong>,</strong></span> <span class='ocrx_word' id='word_1_1116' title='bbox 1282 2249 1331 2269; x_wconf 88' lang='lat' dir='ltr'><strong>nec</strong></span> <span class='ocrx_word' id='word_1_1117' title='bbox 1344 2241 1429 2269; x_wconf 88' lang='lat' dir='ltr'><strong>factus</strong></span> <span class='ocrx_word' id='word_1_1118' title='bbox 1443 2246 1494 2269; x_wconf 90' lang='lat' dir='ltr'><strong>est.</strong></span> <span class='ocrx_word' id='word_1_1119' title='bbox 1511 2242 1615 2269; x_wconf 84' lang='lat' dir='ltr'><strong>Etenim</strong></span> <span class='ocrx_word' id='word_1_1120' title='bbox 1632 2241 1676 2268; x_wconf 91' lang='lat' dir='ltr'><strong>ille</strong></span> <span class='ocrx_word' id='word_1_1121' title='bbox 1696 2246 1788 2268; x_wconf 88' lang='lat' dir='ltr'><strong>natura</strong></span> <span class='ocrx_word' id='word_1_1122' title='bbox 1803 2242 1875 2268; x_wconf 84' lang='lat' dir='ltr'><strong>ﬁlius</strong></span> 
     </span>
    </p>
   </div>
   <div class='ocr_carea' id='block_1_129' title="bbox 1080 2276 1874 2311">
    <p class='ocr_par' dir='ltr' id='par_1_129' title="bbox 1080 2276 1874 2311">
     <span class='ocr_line' id='line_1_134' title="bbox 1080 2276 1874 2311; baseline 0 -8"><span class='ocrx_word' id='word_1_1123' title='bbox 1080 2281 1130 2309; x_wconf 90' lang='lat' dir='ltr'><strong>est,</strong></span> <span class='ocrx_word' id='word_1_1124' title='bbox 1148 2281 1174 2303; x_wconf 93' lang='lat' dir='ltr'><strong>tu</strong></span> <span class='ocrx_word' id='word_1_1125' title='bbox 1189 2276 1384 2311; x_wconf 88' lang='lat' dir='ltr'><strong>appellatione;</strong></span> <span class='ocrx_word' id='word_1_1126' title='bbox 1399 2277 1442 2304; x_wconf 89' lang='lat' dir='ltr'><strong>ille</strong></span> <span class='ocrx_word' id='word_1_1127' title='bbox 1455 2284 1488 2305; x_wconf 88' lang='lat' dir='ltr'><strong>ex</strong></span> <span class='ocrx_word' id='word_1_1128' title='bbox 1503 2282 1603 2304; x_wconf 75' lang='lat' dir='ltr'><strong>teterno</strong></span> <span class='ocrx_word' id='word_1_1129' title='bbox 1617 2276 1694 2303; x_wconf 86' lang='lat' dir='ltr'><strong>Patre</strong></span> <span class='ocrx_word' id='word_1_1130' title='bbox 1704 2277 1810 2311; x_wconf 87' lang='lat' dir='ltr'><strong>genitus</strong></span> <span class='ocrx_word' id='word_1_1131' title='bbox 1820 2282 1874 2309; x_wconf 84' lang='lat' dir='ltr'><strong>est,</strong></span> 
     </span>
    </p>
   </div>
   <div class='ocr_carea' id='block_1_130' title="bbox 1080 2311 1875 2346">
    <p class='ocr_par' dir='ltr' id='par_1_130' title="bbox 1080 2311 1875 2346">
     <span class='ocr_line' id='line_1_135' title="bbox 1080 2311 1875 2346; baseline 0.003 -9"><span class='ocrx_word' id='word_1_1132' title='bbox 1080 2315 1107 2337; x_wconf 93' lang='lat' dir='ltr'><strong>tu</strong></span> <span class='ocrx_word' id='word_1_1133' title='bbox 1121 2316 1209 2338; x_wconf 91' lang='lat' dir='ltr'><strong>autem</strong></span> <span class='ocrx_word' id='word_1_1134' title='bbox 1224 2319 1256 2338; x_wconf 69' lang='lat' dir='ltr'><strong>ex</strong></span> <span class='ocrx_word' id='word_1_1135' title='bbox 1269 2312 1388 2346; x_wconf 89' lang='lat' dir='ltr'><strong>subjecta</strong></span> <span class='ocrx_word' id='word_1_1136' title='bbox 1402 2312 1511 2339; x_wconf 88' lang='lat' dir='ltr'><strong>materia</strong></span> <span class='ocrx_word' id='word_1_1137' title='bbox 1525 2311 1619 2338; x_wconf 86' lang='lat' dir='ltr'><strong>factus.</strong></span> <span class='ocrx_word' id='word_1_1138' title='bbox 1644 2311 1706 2338; x_wconf 61' lang='lat' dir='ltr'><strong>Haec</strong></span> <span class='ocrx_word' id='word_1_1139' title='bbox 1719 2318 1814 2346; x_wconf 86' lang='lat' dir='ltr'><strong>contra</strong></span> <span class='ocrx_word' id='word_1_1140' title='bbox 1828 2312 1875 2339; x_wconf 78' lang='lat' dir='ltr'><strong>Ju-</strong></span> 
     </span>
    </p>
   </div>
   <div class='ocr_carea' id='block_1_131' title="bbox 1080 2345 1874 2378">
    <p class='ocr_par' dir='ltr' id='par_1_131' title="bbox 1080 2345 1874 2378">
     <span class='ocr_line' id='line_1_136' title="bbox 1080 2345 1874 2378; baseline 0.001 -5"><span class='ocrx_word' id='word_1_1141' title='bbox 1080 2346 1153 2373; x_wconf 72' lang='lat' dir='ltr'><strong>dazos</strong></span> <span class='ocrx_word' id='word_1_1142' title='bbox 1165 2367 1172 2378; x_wconf 92' lang='lat'><strong>,</strong></span> <span class='ocrx_word' id='word_1_1143' title='bbox 1187 2346 1304 2374; x_wconf 89' lang='lat' dir='ltr'><strong>Gentiles</strong></span> <span class='ocrx_word' id='word_1_1144' title='bbox 1320 2345 1350 2374; x_wconf 83' lang='lat' dir='ltr'><strong>et</strong></span> <span class='ocrx_word' id='word_1_1145' title='bbox 1369 2347 1509 2374; x_wconf 63' lang='lat' dir='ltr'><strong>haereticos</strong></span> <span class='ocrx_word' id='word_1_1146' title='bbox 1530 2347 1600 2374; x_wconf 90' lang='lat' dir='ltr'><strong>dicta</strong></span> <span class='ocrx_word' id='word_1_1147' title='bbox 1620 2347 1683 2373; x_wconf 90' lang='lat' dir='ltr'><strong>sint.</strong></span> <span class='ocrx_word' id='word_1_1148' title='bbox 1705 2345 1806 2373; x_wconf 88' lang='lat' dir='ltr'><strong>Verum</strong></span> <span class='ocrx_word' id='word_1_1149' title='bbox 1827 2355 1874 2374; x_wconf 87' lang='lat' dir='ltr'><strong>nos</strong></span> 
     </span>
    </p>
   </div>
   <div class='ocr_carea' id='block_1_132' title="bbox 1079 2381 1873 2417">
    <p class='ocr_par' dir='ltr' id='par_1_132' title="bbox 1079 2381 1873 2417">
     <span class='ocr_line' id='line_1_137' title="bbox 1079 2381 1873 2417; baseline 0.001 -9"><span class='ocrx_word' id='word_1_1150' title='bbox 1079 2381 1259 2416; x_wconf 83' lang='lat' dir='ltr'><strong>glurificemus</strong></span> <span class='ocrx_word' id='word_1_1151' title='bbox 1274 2382 1389 2414; x_wconf 87' lang='lat' dir='ltr'><strong>Patrem,</strong></span> <span class='ocrx_word' id='word_1_1152' title='bbox 1403 2386 1431 2409; x_wconf 88' lang='lat' dir='ltr'><strong>et</strong></span> <span class='ocrx_word' id='word_1_1153' title='bbox 1446 2382 1553 2416; x_wconf 85' lang='lat' dir='ltr'><strong>Filium,</strong></span> <span class='ocrx_word' id='word_1_1154' title='bbox 1568 2387 1596 2410; x_wconf 89' lang='lat' dir='ltr'><strong>et</strong></span> <span class='ocrx_word' id='word_1_1155' title='bbox 1608 2381 1735 2417; x_wconf 89' lang='lat' dir='ltr'><strong>Spiritum</strong></span> <span class='ocrx_word' id='word_1_1156' title='bbox 1749 2388 1873 2409; x_wconf 78' lang='lat' dir='ltr'><strong>sanctum</strong></span> 
     </span>
    </p>
   </div>
   <div class='ocr_carea' id='block_1_133' title="bbox 1080 2416 1913 2445">
    <p class='ocr_par' dir='ltr' id='par_1_133' title="bbox 1080 2416 1913 2445">
     <span class='ocr_line' id='line_1_138' title="bbox 1080 2416 1913 2445; baseline 0.001 -1"><span class='ocrx_word' id='word_1_1157' title='bbox 1080 2417 1106 2444; x_wconf 91' lang='lat' dir='ltr'><strong>iu</strong></span> <span class='ocrx_word' id='word_1_1158' title='bbox 1122 2416 1217 2444; x_wconf 63' lang='lat' dir='ltr'><strong>saacula</strong></span> <span class='ocrx_word' id='word_1_1159' title='bbox 1237 2416 1404 2445; x_wconf 76' lang='lat' dir='ltr'><strong>saeculorum.</strong></span> <span class='ocrx_word' id='word_1_1160' title='bbox 1421 2418 1517 2445; x_wconf 80' lang='lat' dir='ltr'><strong>Amen.</strong></span> <span class='ocrx_word' id='word_1_1161' title='bbox 1629 2416 1633 2417; x_wconf 59' lang='grc'><strong><em>⁷</em></strong></span> <span class='ocrx_word' id='word_1_1162' title='bbox 1909 2417 1913 2424; x_wconf 85' lang='grc'><strong><em>“</em></strong></span> 
     </span>
    </p>
   </div>
   <div class='ocr_carea' id='block_1_134' title="bbox 704 2624 1431 2667">
    <p class='ocr_par' dir='ltr' id='par_1_134' title="bbox 704 2624 1431 2667">
     <span class='ocr_line' id='line_1_139' title="bbox 704 2624 1431 2667; baseline 0.001 -1"><span class='ocrx_word' id='word_1_1163' title='bbox 704 2636 744 2666; x_wconf 84' lang='grc' dir='ltr'><strong>ΙΝ</strong></span> <span class='ocrx_word' id='word_1_1164' title='bbox 767 2634 1002 2666; x_wconf 85' lang='lat' dir='ltr'><strong>OPUSCULUM</strong></span> <span class='ocrx_word' id='word_1_1165' title='bbox 1032 2624 1085 2665; x_wconf 73' lang='lat' dir='ltr'><strong>DE</strong></span> <span class='ocrx_word' id='word_1_1166' title='bbox 1109 2634 1205 2666; x_wconf 89' lang='lat' dir='ltr'><strong>FIDE</strong></span> <span class='ocrx_word' id='word_1_1167' title='bbox 1230 2635 1431 2667; x_wconf 87' lang='lat' dir='ltr'><strong>MONITUM.</strong></span> 
     </span>
    </p>
   </div>
   <div class='ocr_carea' id='block_1_135' title="bbox 277 2684 1870 2722">
    <p class='ocr_par' dir='ltr' id='par_1_135' title="bbox 277 2684 1870 2722">
     <span class='ocr_line' id='line_1_140' title="bbox 277 2684 1870 2722; baseline 0.001 -6"><span class='ocrx_word' id='word_1_1168' title='bbox 277 2689 362 2717; x_wconf 78' lang='lat' dir='ltr'><strong>Lecta</strong></span> <span class='ocrx_word' id='word_1_1169' title='bbox 380 2686 522 2722; x_wconf 91' lang='lat' dir='ltr'><strong>indignum</strong></span> <span class='ocrx_word' id='word_1_1170' title='bbox 537 2685 700 2721; x_wconf 86' lang='lat' dir='ltr'><strong>opusculum</strong></span> <span class='ocrx_word' id='word_1_1171' title='bbox 721 2693 776 2712; x_wconf 91' lang='lat' dir='ltr'><strong>non</strong></span> <span class='ocrx_word' id='word_1_1172' title='bbox 793 2686 895 2720; x_wconf 92' lang='lat' dir='ltr'><strong>publici</strong></span> <span class='ocrx_word' id='word_1_1173' title='bbox 910 2685 982 2720; x_wconf 87' lang='lat' dir='ltr'><strong>juris</strong></span> <span class='ocrx_word' id='word_1_1174' title='bbox 993 2684 1154 2713; x_wconf 73' lang='lat' dir='ltr'><strong>fecissemus</strong></span> <span class='ocrx_word' id='word_1_1175' title='bbox 1169 2694 1176 2712; x_wconf 85' lang='lat'><strong>:</strong></span> <span class='ocrx_word' id='word_1_1176' title='bbox 1191 2685 1239 2713; x_wconf 87' lang='lat' dir='ltr'><strong>sed</strong></span> <span class='ocrx_word' id='word_1_1177' title='bbox 1253 2686 1317 2721; x_wconf 91' lang='lat' dir='ltr'><strong>quia</strong></span> <span class='ocrx_word' id='word_1_1178' title='bbox 1335 2685 1468 2714; x_wconf 86' lang='lat' dir='ltr'><strong>Henricus</strong></span> <span class='ocrx_word' id='word_1_1179' title='bbox 1479 2686 1598 2716; x_wconf 89' lang='lat' dir='ltr'><strong>Savilius</strong></span> <span class='ocrx_word' id='word_1_1180' title='bbox 1607 2693 1634 2716; x_wconf 90' lang='lat' dir='ltr'><strong>et</strong></span> <span class='ocrx_word' id='word_1_1181' title='bbox 1646 2688 1747 2717; x_wconf 84' lang='lat' dir='ltr'><strong>Fronto</strong></span> <span class='ocrx_word' id='word_1_1182' title='bbox 1763 2690 1870 2718; x_wconf 69' lang='lat' dir='ltr'><strong>Ducaus</strong></span> 
     </span>
    </p>
   </div>
   <div class='ocr_carea' id='block_1_136' title="bbox 240 2731 991 2772">
    <p class='ocr_par' dir='ltr' id='par_1_136' title="bbox 240 2731 991 2772">
     <span class='ocr_line' id='line_1_141' title="bbox 240 2731 991 2772; baseline -0.004 -8"><span class='ocrx_word' id='word_1_1183' title='bbox 240 2737 297 2772; x_wconf 78' lang='lat' dir='ltr'><strong>jam</strong></span> <span class='ocrx_word' id='word_1_1184' title='bbox 313 2736 382 2771; x_wconf 84' lang='lat' dir='ltr'><strong>typis</strong></span> <span class='ocrx_word' id='word_1_1185' title='bbox 394 2735 540 2767; x_wconf 82' lang='lat' dir='ltr'><strong>dederant,</strong></span> <span class='ocrx_word' id='word_1_1186' title='bbox 559 2733 653 2769; x_wconf 89' lang='lat' dir='ltr'><strong>religio</strong></span> <span class='ocrx_word' id='word_1_1187' title='bbox 666 2733 766 2761; x_wconf 88' lang='lat' dir='ltr'><strong>fuisset</strong></span> <span class='ocrx_word' id='word_1_1188' title='bbox 783 2731 991 2768; x_wconf 62' lang='lat' dir='ltr'><strong>prater&#39;mittere</strong></span> 
     </span>
    </p>
   </div>
   <div class='ocr_carea' id='block_1_137' title="bbox 1017 2733 1865 2779">
    <p class='ocr_par' dir='ltr' id='par_1_137' title="bbox 1017 2733 1865 2779">
     <span class='ocr_line' id='line_1_142' title="bbox 1017 2733 1865 2779; baseline 0.006 -19"><span class='ocrx_word' id='word_1_1189' title='bbox 1017 2742 1024 2759; x_wconf 90' lang='lat'><strong>:</strong></span> <span class='ocrx_word' id='word_1_1190' title='bbox 1047 2733 1099 2760; x_wconf 86' lang='lat' dir='ltr'><strong>etsi</strong></span> <span class='ocrx_word' id='word_1_1191' title='bbox 1117 2733 1262 2779; x_wconf 68' lang='lat' dir='ltr'><strong>mo/lestum</strong></span> <span class='ocrx_word' id='word_1_1192' title='bbox 1278 2733 1430 2762; x_wconf 82' lang='lat' dir='ltr'><strong>admodum</strong></span> <span class='ocrx_word' id='word_1_1193' title='bbox 1462 2734 1498 2762; x_wconf 89' lang='lat' dir='ltr'><strong>sit</strong></span> <span class='ocrx_word' id='word_1_1194' title='bbox 1519 2736 1677 2771; x_wconf 89' lang='lat' dir='ltr'><strong>quisquiliis</strong></span> <span class='ocrx_word' id='word_1_1195' title='bbox 1710 2737 1865 2772; x_wconf 76' lang='lat' dir='ltr'><strong>huiusmodi</strong></span> 
     </span>
    </p>
   </div>
   <div class='ocr_carea' id='block_1_138' title="bbox 244 2780 1868 2822">
    <p class='ocr_par' dir='ltr' id='par_1_138' title="bbox 244 2780 1868 2822">
     <span class='ocr_line' id='line_1_143' title="bbox 244 2780 1868 2822; baseline 0.001 -11"><span class='ocrx_word' id='word_1_1196' title='bbox 244 2783 401 2811; x_wconf 84' lang='lat' dir='ltr'><strong>diuturnam</strong></span> <span class='ocrx_word' id='word_1_1197' title='bbox 430 2790 541 2820; x_wconf 83' lang='lat' dir='ltr'><strong>operam</strong></span> <span class='ocrx_word' id='word_1_1198' title='bbox 571 2790 682 2819; x_wconf 87' lang='lat' dir='ltr'><strong>ponere.</strong></span> <span class='ocrx_word' id='word_1_1199' title='bbox 702 2782 801 2811; x_wconf 85' lang='lat' dir='ltr'><strong>Incerti</strong></span> <span class='ocrx_word' id='word_1_1200' title='bbox 827 2782 972 2819; x_wconf 79' lang='lat' dir='ltr'><strong>cujusdam</strong></span> <span class='ocrx_word' id='word_1_1201' title='bbox 998 2780 1250 2816; x_wconf 83' lang='lat' dir='ltr'><strong>interpretationem</strong></span> <span class='ocrx_word' id='word_1_1202' title='bbox 1275 2781 1402 2822; x_wconf 62' lang='lat' dir='ltr'><strong>Latinam</strong></span> <span class='ocrx_word' id='word_1_1203' title='bbox 1425 2790 1480 2811; x_wconf 91' lang='lat' dir='ltr'><strong>non</strong></span> <span class='ocrx_word' id='word_1_1204' title='bbox 1505 2784 1602 2818; x_wconf 86' lang='lat' dir='ltr'><strong>paucis</strong></span> <span class='ocrx_word' id='word_1_1205' title='bbox 1624 2784 1653 2812; x_wconf 92' lang='lat' dir='ltr'><strong>in</strong></span> <span class='ocrx_word' id='word_1_1206' title='bbox 1681 2784 1758 2822; x_wconf 79' lang='lat' dir='ltr'><strong>locis_</strong></span> <span class='ocrx_word' id='word_1_1207' title='bbox 1776 2793 1868 2814; x_wconf 82' lang='lat' dir='ltr'><strong>einen-</strong></span> 
     </span>
    </p>
   </div>
   <div class='ocr_carea' id='block_1_139' title="bbox 243 2829 381 2859">
    <p class='ocr_par' dir='ltr' id='par_1_139' title="bbox 243 2829 381 2859">
     <span class='ocr_line' id='line_1_144' title="bbox 243 2829 381 2859; baseline -0.014 0"><span class='ocrx_word' id='word_1_1208' title='bbox 243 2829 381 2859; x_wconf 83' lang='lat' dir='ltr'><strong>davimus.</strong></span> 
     </span>
    </p>
   </div>
   <div class='ocr_carea' id='block_1_140' title="bbox 1272 2921 1283 2946">
    <p class='ocr_par' dir='ltr' id='par_1_140' title="bbox 1272 2921 1283 2946">
     <span class='ocr_line' id='line_1_145' title="bbox 1272 2921 1283 2946; baseline 0 0"><span class='ocrx_word' id='word_1_1209' title='bbox 1272 2921 1283 2946; x_wconf 74' lang='grc' dir='ltr'><strong>Ἰ</strong></span> 
     </span>
    </p>
   </div>
  </div>
