2016 3099
204 167 300 189 nomen
315 158 400 193 lbgis‘l
414 157 461 185 Dic
474 156 707 193 periuro,perjure
717 164 724 182 :
733 159 760 184 et
771 162 821 193 pro
835 154 994 193 contumelia

205 194 312 222 habebit
324 191 432 221 suorum
440 191 550 227 operum
557 192 772 227 appellationem.
781 191 825 227 Sit:
838 196 930 227 natura
939 191 995 227 ipsa

203 230 301 256 clamat
310 228 380 264 quod
393 226 489 254 malum
502 228 537 253 sil.
545 227 659 264 alienum
674 226 708 253 ab
718 234 798 264 opere
811 226 868 253 Dei.
883 226 915 264 Et
927 226 996 264 quod

205 264 267 292 fecit
280 261 359 293 Deus.
374 263 472 289 bonum
485 266 536 292 est.
550 267 578 289 et
592 262 688 288 bonum
702 261 790 293 valde,
804 265 884 296 atque
898 261 932 287 ita
948 261 997 287 bo-

205 306 281 330 nutu,
290 302 319 325 ut
331 302 358 325 et
366 297 441 324 malis
451 297 643 329 immisceatur,
655 301 682 324 et
694 296 727 323 de
738 296 835 322 malitia
845 296 996 323 erubescat.

206 334 255 361 Dic
265 336 347 362 casto.
361 337 450 368 caste:
462 336 488 358 et
498 331 590 368 qui_de
603 339 684 368 opere
694 331 851 368 delectatur.
862 331 896 358 de
908 332 999 365 appel-

207 368 305 396 latione
319 373 373 394 non
385 366 529 394 erubescit.
543 366 736 401 Vora’justum,
750 366 849 399 justum
862 375 868 392 :
879 371 905 392 ct
917 373 998 399 opere

207 407 358 434 coronatur,
370 406 396 429 et
408 402 584 437 appellatione
594 402 750 429 honestatur
762 410 769 428 :
782 401 842 428 licet
854 401 925 437 enim
939 408 998 427 mo-

206 438 299 465 destlze
318 437 401 471 gratia
417 436 512 464 tiomen
528 437 624 470 fugiat,
640 436 746 464 laudent
761 440 848 463 tamen
869 436 895 463 in
911 436 1029 465 attinnt"

207 480 254 500 sua
278 472 383 506 accipit.
404 472 495 506 Cogita
523 476 649 506 quantum
671 471 802 498 malorum
826 475 947 498 versetur
972 471 998 497 in

208 507 307 534 mundo
319 515 327 537 ς
343 511 369 534 et
383 514 526 542 personam
539 514 591 533 non
605 506 684 534 habet
696 506 795 533 malum
809 510 856 542 :ret
867 506 1000 542 quomodo

208 549 348 604 personam
362 540 414 568 non
431 541 510 568 habet
519 541 531 568 ?
540 541 567 568 Si
581 542 729 568 minutatim
738 541 887 573 examines,
901 540 999 567 nullatn

220 577 328 604 nvenies
342 577 469 603 malitiam
496 576 521 602 in
544 584 590 603 sua
613 580 783 604 apparentem
801 583 930 604 perantia;
947 583 999 602 non

220 577 328 604 nvenies
342 577 469 603 malitiam
496 576 521 602 in
544 584 590 603 sua
613 580 783 611 apparentem
801 583 930 611 persona;
947 583 1000 611 non

208 611 360 644 enim,nisi
384 618 524 646 personam
548 616 666 638 assumat
688 610 811 643 virtutis,
828 610 1001 646 apparetaEt

209 647 354 681 quomodo,
369 645 430 673 audi
440 655 447 672 τ
457 646 501 680 qui
515 646 650 678 mentitur,
661 654 712 673 non
728 646 824 673 fatetur
837 653 866 673 se
878 645 981 672 mentiri
991 666 999 677 ,

209 681 257 709 sed
270 682 407 709 veritatem
421 681 547 708 simulans
563 681 669 716 decipit.
685 681 734 714 Qui
748 681 844 713 ittjusle
859 681 912 715 agit
925 700 933 713 ,
948 687 1000 707 non

231 716 338 743 rtcdicat
350 716 419 750 quod
433 721 484 749 est,
500 716 545 743 sed
561 717 630 751 quod
646 725 696 742 non
712 721 752 743 est
765 716 886 747 simulat,
900 720 926 742 et
940 720 1001 742 tunc

210 724 338 779 prmatcat
350 724 419 750 quoa
433 724 484 749 est,
500 724 545 743 SOU
561 724 630 751 quod
646 725 696 742 non
712 724 752 743 CSl
765 724 869 743 Sllnllliil
880 737 886 747 ,
900 724 926 742 ει
940 724 1001 742 tunc

221 751 523 786 njustltiamroperatnr.
540 751 666 778 Similiter
684 751 790 778 dolosus
812 760 862 777 non
885 750 1002 777 ostendit

210 786 299 813 dolum
312 806 319 818 ,
336 785 383 813 sed
407 786 518 812 assumit
536 787 658 813 amicitiae
681 794 819 820 personam
831 807 837 817 ,
854 791 879 812 et
892 786 931 812 sic
944 793 1000 812 rem

211 821 275 848 facit
288 820 395 848 malam.
406 821 515 848 Adulter
526 829 576 847 non
592 822 756 855 illegitimnm
769 821 926 847 adulterium
937 827 1003 847 con-

211 856 307 889 fessus,
321 856 347 883 in
362 856 433 883 mdes
449 856 574 890 impetum
593 857 653 882 facit
668 866 673 881 :
687 856 732 882 sed
746 857 898 889 ﬁgmentum
914 856 1003 881 conti-

212 891 309 918 nentia:
321 897 368 917 ore
380 894 538 926 praetexens,
554 891 641 917 divina
655 891 711 924 jura
730 892 818 917 violat.
837 890 916 926 Vides
930 890 1002 925 quod

211 926 346 959 propriam
363 925 505 960 personam
529 933 580 952 non
595 926 689 951 habent
704 926 822 952 malitia?
836 925 962 953 Similiter
975 929 1003 952 et

213 960 399 992 calumniator,
412 960 518 995 quando
533 961 678 989 ingreditur
691 961 715 987 in
728 961 866 994 judicium,
883 968 934 987 non
951 960 1002 987 hoc

212 995 355 1032 confitetur
378 995 450 1032 quod
470 999 525 1032 cst.
544 996 589 1032 sed
614 996 711 1023 larvam
735 997 846 1022 assumit
865 995 1001 1032 verita_tis_,

213 1030 330 1068 quasiet
350 1029 509 1068 patrocitutrl
524 1031 603 1068 velit,
615 1038 728 1064 eamque
743 1038 773 1058 ex
792 1031 928 1068 nurnilac‘o
941 1029 1004 1068 facit

212 1064 322 1093 malitiae
331 1064 437 1093 testem.
448 1065 492 1093 Sic
503 1066 601 1092 malitia
615 1073 729 1100 persona
742 1066 845 1100 propria
857 1070 939 1095 caret,
953 1064 1004 1092 nisi

250 1107 355 1127 rsonam
368 1100 473 1128 virtutis
485 1105 611 1127 assumat.
628 1100 730 1128 Idcirco
744 1101 865 1128 Salvator
878 1100 1001 1127 dicebat:

241 1136 322 1162 enim!
333 1136 368 1162 ad
381 1143 424 1162 vos
436 1136 462 1162 in
474 1136 624 1163 uestimentis
638 1136 720 1163 ouium
734 1156 742 1167 ,
757 1136 907 1163 intrinsecus
920 1140 1003 1162 autem

213 1175 274 1200 sunt
294 1170 348 1205 lupi
366 1178 471 1205 rapaces
489 1170 596 1206 (Matth.
612 1171 639 1198 7.
654 1171 710 1207 15).
723 1170 776 1198 Sed
798 1170 832 1198 ad
856 1170 1005 1198 institutum

213 1205 365 1234 redeamus.

262 1213 365 1234 eamus.

250 1240 278 1268 2.
300 1241 345 1267 Vis
361 1240 452 1268 videre
463 1261 471 1273 ,
486 1241 578 1274 frater,
590 1244 719 1276 quantum
732 1241 818 1268 valeat
837 1241 926 1276 innata
940 1240 983 1268 lex
992 1241 1005 1268 τ

214 1276 309 1303 Anima
331 1283 436 1310 quoque
455 1281 543 1302 nostra
557 1296 565 1309 ,
580 1275 700 1310 quamvis
721 1280 775 1303 tuta
797 1276 873 1303 malis
886 1275 1005 1304 femen-

216 1314 269 1337 tata
283 1310 337 1340 sit.
349 1317 445 1337 nomen
462 1314 550 1337 tamen
567 1311 665 1338 bonum
686 1311 861 1345 amplexatur.
875 1311 1005 1346 Stepenu-

217 1352 291 1373 mem
306 1349 427 1382 potentes
439 1346 483 1382 qui
497 1346 634 1382 avaritiam
647 1346 759 1382 spirant,
774 1352 800 1373 et
815 1346 1005 1382 nihilpraeter-

216 1387 297 1417 quam
322 1380 494 1417 rapinamrict
519 1380 674 1417 injuslltiam
701 1381 837 1416 cogitant,
862 1381 1006 1408 vincuntur

216 1414 514 1451 aliquoruuiprecihus,
526 1419 557 1451 ut
570 1414 751 1451 imminentem
765 1416 879 1451 pauperi.
887 1416 1006 1443 necessi-

216 1455 298 1486 tatem
319 1450 458 1486 sublevem
468 1470 476 1482 ,
491 1450 534 1477 vel
547 1457 579 1477 ex
594 1450 685 1478 debito
697 1450 831 1486 quidpiam
855 1451 1004 1484 dimittant,

216 1485 259 1512 vel
274 1492 326 1512 non
340 1485 502 1512 ulciscantur
515 1492 579 1518 eos,
592 1486 637 1519 qni
653 1493 682 1513 se
697 1485 832 1519 laeserunt,
848 1486 893 1514 vel
906 1486 1007 1514 laesisse

216 1520 414 1562 eenscnlttraEt
434 1520 478 1562 qui
496 1520 730 1562 probe_legatione
748 1521 864 1562 fungitur
882 1521 951 1562 apud
965 1522 1007 1548 vi-

217 1563 275 1583 rum
289 1560 422 1590 potentem
434 1576 441 1586 .
454 1560 482 1583 et
497 1555 646 1591 improbum
659 1577 667 1589 ,
683 1563 735 1583 non
757 1555 846 1584 statim
860 1564 874 1584 a
895 1555 1007 1584 veritate

216 1591 439 1617 exorditurznon
461 1591 524 1618 dicit
536 1590 568 1618 'ei
593 1590 619 1618 id
642 1591 713 1626 quod
730 1596 788 1623 est.
804 1592 851 1619 sed
870 1599 967 1619 nomen
981 1592 1007 1619 ei

218 1626 323 1652 virtutis
347 1626 477 1652 attribuit.
500 1626 541 1653 An
565 1626 658 1661 nescis,
667 1627 795 1661 qualibus
817 1634 922 1661 semper
940 1627 1008 1654 insi-

216 1668 282 1695 gues
289 1661 367 1695 legali
377 1660 510 1696 coloribus
519 1661 642 1687 utantur?
653 1660 700 1688 Vir
708 1669 748 1694 es,
761 1660 891 1696 inquilini,
906 1662 1005 1690 bonus:

216 1696 365 1725 celebratur
392 1695 488 1729 ubique
512 1703 608 1722 nomen
630 1700 704 1723 tuum
723 1704 730 1722 τ
751 1695 844 1724 omnes
871 1702 913 1724 tua
938 1698 1008 1726 bona

217 1738 297 1764 opera
321 1730 461 1759 decantant
479 1730 633 1765 :multaque
654 1731 716 1758 talia
741 1731 915 1759 exhortationi
938 1733 1008 1760 inse-

218 1773 291 1803 runt,
303 1769 331 1792 ut
340 1764 460 1803 ﬂectatur
472 1764 603 1803 laudibus,
617 1770 646 1803 et
654 1766 711 1803 ipse
724 1774 739 1803 τι
754 1767 869 1803 nequitia
884 1767 1006 1803 refugiat.

219 1799 287 1836 Vidc
303 1799 436 1836 quomodo
446 1800 545 1836 malitia
557 1799 755 1831 virttttis'laude
767 1799 895 1829 vincatur.
914 1799 1008 1836 Nﬁllus

219 1835 305 1872 malus
315 1855 322 1867 ,
344 1835 586 1872 malusdicivult;
601 1840 694 1872 natura
709 1837 780 1863 enim
795 1837 865 1872 quod
878 1845 953 1865 suum
968 1843 1009 1867 est

218 1869 395 1909 amplexatur,
409 1870 519 1909 etiamst
526 1870 649 1909 voluptas
663 1869 906 1909 adversum'eligat.
919 1873 1009 1901 Simus

219 1913 294 1937 ergo,
308 1905 408 1941 dilecti,
422 1905 490 1941 oliva
507 1905 651 1938 fructifera,
661 1912 686 1933 et
694 1908 829 1941 operibus,
842 1905 969 1936 fructibus
981 1913 1009 1936 et

222 1940 292 1967 loliis
303 1940 389 1967 ornati
401 1948 409 1971 ;
433 1940 493 1967 folia
508 1941 578 1967 enim
585 1945 684 1976 _nostra
698 1947 760 1968 sunt
773 1949 927 1976 sermones,
953 1944 1009 1971 fru-

220 1980 277 2002 ctus
290 1979 377 2002 autem
392 1976 568 2011 conversatio.
581 1974 621 2002 Sit
635 1976 715 2010 igitur
728 1981 754 2003 et
767 1977 894 2006 honestus
908 1974 1005 2011 sermo,

219 2015 247 2049 et
260 2010 427 2049 conversatio
430 2010 585 2049 _fru_ctuosa_.
606 2011 683 2049 Apud
699 2012 774 2049 pium
790 2013 959 2049 enimneque
971 2010 1010 2040 fo-

219 2045 284 2072 lium
294 2045 409 2082 decidit;
425 2045 527 2072 Folium
540 2046 610 2072 enim
623 2047 688 2081 ejus,
698 2045 781 2082 inquit
793 2047 873 2074 David
884 2069 891 2081 ,
903 2045 951 2078 n'on
963 2049 1009 2076 de-

218 2081 289 2117 ﬂuat,
304 2085 329 2117 et
341 2081 425 2117 omnia
435 2088 601 2117 quacumque
608 2082 687 2117 [item
700 2081 912 2117 prosperabuntur
923 2083 1007 2116 (Ρεαι.

219 2116 246 2152 lu.
262 2116 301 2146 ὃ).
312 2115 364 2152 Sed
376 2115 582 2152 o_miraculuni!
601 2115 842 2152 Cogita'quomodo
858 2119 941 2149 Adam
961 2128 1010 2147 nu-

218 2151 268 2186 dus
280 2150 375 2186 exierit
386 2150 422 2186 de
436 2150 574 2183 Paradiso,
590 2156 617 2178 et
631 2150 765 2186 quomodo
779 2153 862 2180 David
876 2153 970 2182 ﬂoreat
981 2155 1007 2182 in

220 2185 301 2223 domo
315 2185 370 2212 Dei.
385 2185 431 2223 ille
443 2186 550 2223 quidem
563 2185 646 2223 exivit
656 2187 741 2223 nudus
759 2193 868 2223 propter
882 2190 1008 2223 praevari-

218 2221 350 2247 cationem
363 2228 371 2247 :
385 2220 528 2260 hieautem
541 2220 922 2260 iudutusjirtutiliuspelamat
934 2234 940 2251 :
952 2224 1009 2260 Ego

219 2260 301 2295 autem
314 2263 385 2295 quas:
406 2256 471 2295 aliud
486 2256 616 2291 fructifera
623 2257 639 2295 _(
650 2256 720 2295 Ptal.
735 2257 780 2295 51νῖ
877 2259 946 2286 Nihil
960 2256 1009 2288 nos

219 2290 255 2327 ita
273 2289 381 2325 spoliat,
396 2294 425 2317 ut
444 2289 574 2327 fructuum
591 2289 703 2327 privatio
720 2300 727 2319 ε
745 2293 810 2320 nihil
825 2289 859 2320 ita
874 2295 961 2327 vestit,
978 2301 1008 2322 ut

218 2325 349 2365 honorutn
364 2332 474 2365 operum
481 2325 617 2365 fertilitas.
631 2326 770 2354 Formattts
781 2332 821 2355 est
831 2329 913 2358 Adam
926 2337 933 2357 :
946 2325 1009 2365 ope-

217 2368 255 2398 tae
267 2360 379 2394 pretium
393 2360 465 2398 enim
480 2360 558 2398 fuerit
572 2366 693 2398 repetere
707 2370 766 2396 quze
779 2368 840 2391 ante
855 2369 916 2393 sunt
926 2360 1006 2398 dic'ta;

218 2396 349 2422 ltmnorum
365 2396 436 2422 enim
447 2396 580 2430 repetitio,
592 2397 737 2424 doctrinam
751 2397 777 2424 in
790 2399 928 2426 animabus
941 2396 1008 2427 con;

220 2431 318 2457 ﬁrmat.
332 2430 406 2458 Sicut
417 2431 487 2458 enim
507 2431 574 2458 lanae
586 2431 699 2461 subinde
714 2433 739 2459 in
755 2433 883 2460 tincturas
898 2434 1008 2463 immer-

216 2471 325 2500 guntur,
334 2466 490 2505 uttincturte
498 2466 539 2493 vis
547 2467 700 2505 profundius
709 2467 886 2505 imprimatur;
898 2470 932 2496 ita
942 2477 1009 2505 opus

216 2505 267 2532 est,
276 2505 304 2528 ut
312 2505 338 2527 et
346 2501 441 2528 anima:
450 2507 546 2528 nostrm
559 2502 710 2536 frequenter
720 2501 859 2530 in’divinos
872 2501 1009 2532 sermoites

216 2536 420 2573 iptingantutwt
427 2536 565 2563 abluamur
571 2537 679 2573 quidem
688 2545 702 2564 a
711 2539 792 2566 veteri
803 2540 955 2573 opprobrio,
967 2541 1008 2567 in-

216 2571 331 2611 duamur
338 2576 425 2611 autem
434 2579 501 2598 nova
510 2572 713 2611 pulchritudine.
724 2571 867 2611 Enimvero
881 2575 947 2602 laute
958 2576 1009 2603 illa:

215 2613 276 2633 cttm
285 2608 430 2641 tinguntur,
438 2608 537 2634 naturie
545 2615 600 2634 sua:
608 2615 704 2636 nomen
710 2609 843 2642 amittunt,
852 2615 878 2637 et
890 2611 1009 2640 tinctura:

215 2648 314 2670 nomen
321 2642 453 2679 accipiunt
462 2650 468 2668 :
477 2646 503 2668 et
512 2650 562 2669 non
571 2642 642 2679 ultra
648 2644 832 2677 voeaslanam,
843 2645 889 2672 sed
899 2646 939 2672 vel
948 2653 1011 2679 pur-

217 2683 322 2717 puram,
330 2676 372 2703 vel
382 2677 578 2717 coccinum,vcl
587 2678 784 2717 prasipumtvel
791 2676 858 2717 quid
867 2676 954 2717 simile
960 2689 1009 2717 pro

215 2712 339 2738 tincturte
353 2713 455 2738 ratione
468 2720 498 2750 uc
510 2712 713 2750 pulchritudine.
725 2714 751 2741 Si
763 2712 841 2750 igitur
856 2716 947 2743 tinctio
961 2712 1010 2744 ha-

215 2750 282 2772 tura:
290 2753 385 2773 nomen
397 2746 637 2775 transformatmur
648 2749 693 2776 Dei
709 2746 800 2778 natura
816 2758 869 2777 non
883 2751 1010 2778 transfor-

218 2786 273 2821 tnct
286 2780 436 2821 hominem,
452 2784 486 2821 ita
506 2786 535 2809 ut
553 2783 575 2810 is
596 2783 640 2821 qui
660 2789 722 2821 ante
743 2789 874 2812 terrenam
901 2787 1010 2821 gerebat

221 2818 373 2852 imaginem,
391 2821 451 2851 post
463 2818 602 2846 tiucturam
618 2819 757 2855 imaginem
771 2826 844 2856 gerat
859 2818 985 2857 fulgidam
999 2842 1007 2856 ,

951 97 1087 127 Sl'UlllA.

1759 97 1831 126 ίοει

1049 161 1127 190 atque
1138 154 1271 183 c:elestem
1279 154 1291 181 ἲ
1300 154 1442 182 Formatus
1451 158 1490 182 est
1504 153 1583 189 igitur
1594 154 1678 182 Adam
1689 162 1787 190 pauper
1798 154 1832 182 de

1049 196 1118 218 terra
1132 199 1140 216 :
1155 191 1262 225 pulvere
1274 190 1344 217 enim
1356 194 1476 225 accepto.
1487 190 1555 216 Deus
1564 196 1625 217 eum
1636 189 1769 216 formavit.
1780 189 1834 216 Sed

1049 226 1159 253 nescivit
1175 225 1258 252 Adam
1273 224 1404 258 qttomodo
1425 224 1554 251 formatus
1568 225 1619 255 sit.
1641 229 1669 251 ut
1681 230 1744 251 ante
1762 225 1835 254 dixi;

1049 268 1101 288 non
1119 261 1191 288 enim
1212 259 1432 295 oportebatieum
1448 263 1543 295 testetn
1560 259 1655 295 adesse
1669 267 1764 295 eorum
1778 267 1838 293 qua:

1048 296 1155 327 ﬁebant.
1168 299 1196 322 ut
1207 293 1240 322 ne
1249 299 1340 322 contra
1355 294 1438 322 Deum
1448 294 1632 321 extolleretur.
1643 293 1670 322 Si
1680 294 1753 321 enim
1765 298 1839 321 tanta

1048 331 1226 358 circumdatus
1240 330 1339 357 vilitate
1350 329 1453 364 ignorat
1462 337 1522 356 eum
1536 329 1580 363 qui
1593 336 1622 356 se
1635 330 1736 356 creavit
1751 350 1760 360 ,
1776 329 1837 362 opi-

1048 365 1178 400 flcemque
1190 364 1337 392 contemnit
1346 363 1369 400 7:7
1376 364 1398 391 si
1411 363 1473 398 quid
1485 372 1565 400 supra
1583 368 1705 400 naturam
1717 364 1840 398 accepis-

1048 405 1099 432 set,
1115 399 1174 435 quis
1187 400 1319 434 ingentem
1327 399 1386 434 ejus
1399 399 1551 435 superbiam
1563 399 1683 426 tulisset?
1693 399 1841 433 Propterea

1050 434 1190 462 Deus’cum
1206 435 1282 462 tinxit
1296 434 1429 461 hominem
1439 455 1446 466 ,
1463 434 1588 468 ﬁgmento
1600 442 1708 469 magnas
1726 435 1840 461 virtutes

1050 475 1076 497 et
1090 478 1140 498 ttna
1154 470 1250 497 multas
1263 469 1451 497 humiliationis
1460 476 1555 496 causas
1565 469 1667 502 indidit,
1682 475 1711 496 ut
1726 477 1776 503 per
1786 469 1842 495 vir-

1051 510 1132 533 tutem
1148 505 1253 532 insitam
1276 505 1359 539 gratia
1380 504 1483 538 opiﬁcis
1506 504 1531 530 in
1552 504 1726 532 admiratione
1745 509 1843 539 esSet:

1052 546 1158 575 propter
1173 537 1381 575 humiliationem
1397 537 1485 566 autem
1501 539 1631 575 humanus
1649 540 1731 566 fastus
1748 537 1846 575 depri-

1051 574 1177 602 nterotur.
1200 575 1276 602 Dedit
1296 575 1320 601 ei
1342 574 1475 609 linguam,
1495 581 1553 609 qum
1568 574 1729 609 loqueretur,
1756 574 1843 601 Deum

1051 610 1189 642 laudaret,
1206 610 1293 637 divina
1307 613 1431 642 caneret,
1446 609 1665 644 pulchritudinem
1679 615 1783 636 natura:
1797 609 1843 635 in-

1052 649 1250 680 terpretaretur.
1269 644 1380 671 Disserit
1403 644 1436 680 de
1461 644 1576 680 ctelert
1598 644 1630 671 de
1648 649 1716 672 terra
1728 665 1736 677 ,
1752 644 1847 680 carnis

1053 678 1180 714 particula
1191 680 1291 715 lingua.
1304 687 1390 715 neque
1401 678 1514 715 duorum
1528 678 1668 714 digitorum
1684 680 1788 706 habens
1800 678 1844 715 la-

1053 715 1201 743 titudinem.
1215 714 1242 742 ei
1253 714 1316 749 quid
1330 715 1435 749 inqttam
1446 714 1605 749 digitorum?
1616 722 1701 749 neqttc
1711 714 1847 741 extremi-

1055 751 1116 777 tatis
1129 750 1233 785 unguis.
1249 749 1301 777 Sed
1318 749 1381 776 illttd
1393 749 1428 776 ita
1444 756 1564 783 parvum,
1579 753 1607 776 et
1617 750 1679 781 vile,
1691 749 1724 776 de
1736 749 1806 776 (zelo
1819 753 1850 776 et

1053 790 1124 813 terra
1142 785 1269 820 loquitur.
1293 785 1326 811 Et
1342 788 1425 820 utine
1444 788 1518 819 putet
1539 792 1569 812 se
1583 792 1704 819 magnam
1726 785 1848 818 aliquam

1052 829 1109 848 rem
1124 819 1201 852 esse,
1221 827 1287 847 neve
1304 819 1413 846 extollat
1425 827 1453 846 se
1465 825 1546 853 super
1559 824 1677 846 naturam
1689 840 1696 851 ,
1713 827 1786 853 saepe
1801 824 1851 845 tu-

1053 863 1143 883 mores
1154 860 1182 882 et
1194 855 1281 882 ulcera
1302 855 1328 882 in
1340 862 1373 882 ea
1388 853 1468 886 fiunt,
1486 858 1514 881 ut
1528 853 1613 881 discat
1630 854 1702 889 quod
1721 853 1849 880 mortalis

1053 891 1202 921 cxsisteus.
1224 890 1257 917 de
1271 889 1378 917 atternis
1400 895 1426 916 et
1447 889 1640 924 immortalibus
1662 889 1797 924 loquatur,
1817 893 1849 915 et

1053 926 1121 953 sciat
1136 932 1196 960 qua:
1208 925 1290 952 virtus
1303 925 1377 960 ejus,
1389 924 1461 960 quod
1478 923 1646 960 prtedicatur,
1661 929 1688 951 et
1703 923 1850 960 inﬁrmitas

1054 961 1113 993 eius
1129 958 1175 995 qui
1189 958 1329 995 pratdicatt
1343 959 1418 995 Dedit
1432 959 1456 986 ei
1471 959 1576 995 oculum
1595 967 1709 995 parvum
1719 958 1783 986 illud
1793 958 1852 985 mi-

1054 996 1130 1023 lium.
1140 993 1207 1022 ‘Nam
1223 995 1248 1022 id
1262 994 1332 1029 quod
1347 994 1458 1035 videtin
1469 993 1576 1055 pupilla:
1589 994 1676 1034 medio
1689 994 1769 1021 situm
1784 998 1849 1020 est:

1054 1036 1082 1055 nl
1107 1036 1194 1055 tamen
1218 1037 1266 1055 uer
1290 1037 1399 1055 narvum
1422 1029 1467 1055 tllu
1510 1029 1622 1055 mtltum.
1635 1029 1708 1055 videt
1728 1036 1843 1055 omnem

1053 1036 1082 1059 ct
1107 1036 1194 1058 tamen
1218 1037 1266 1066 per
1290 1037 1399 1066 parvum
1422 1029 1843 1066 illud__milium,videtmuuem

1054 1064 1269 1093 creaturamﬁNe
1282 1072 1346 1092 vero
1357 1064 1416 1091 ideo
1425 1064 1577 1099 extollatur,
1593 1064 1663 1099 quod
1679 1064 1769 1091 videat
1784 1072 1850 1090 om—

1056 1109 1116 1128 nem
1124 1104 1284 1133 creaturam;
1294 1106 1365 1134 smpe
1373 1099 1552 1134 lippitudines,
1563 1098 1695 1134 humores,
1708 1099 1853 1133 lacryntm,

1055 1142 1081 1164 ct
1095 1136 1191 1162 similia
1206 1136 1290 1162 visum
1305 1133 1462 1165 obscurant,
1477 1138 1506 1161 ut
1516 1133 1550 1161 ab
1561 1133 1712 1161 inﬁrmitate
1725 1135 1850 1167 seipsutn

1056 1175 1197 1206 agnoscat;
1212 1178 1228 1197 a
1243 1169 1400 1206 formatione
1414 1173 1500 1206 autem
1515 1168 1646 1206 opiﬁcem.
1667 1169 1745 1196 Dedit
1756 1168 1784 1206 _ei
1799 1176 1854 1206 cor

1056 1203 1228 1238 ratiocinans,
1242 1205 1357 1232 radicem
1371 1204 1579 1236 ratiociniorum,
1594 1203 1692 1231 fontem
1704 1203 1852 1238 cogitatio-

1056 1249 1119 1269 num
1134 1249 1141 1269 :
1157 1241 1204 1268 sed
1217 1241 1243 1268 in
1258 1240 1352 1267 iisdem
1365 1239 1432 1267 locis
1447 1239 1507 1266 fecit
1521 1239 1634 1272 viscera,
1645 1246 1704 1273 qua:
1718 1239 1852 1266 stercori-

1057 1277 1106 1304 bus
1128 1276 1238 1311 aliisque
1254 1274 1379 1311 sordibus
1401 1274 1552 1311 opplentur,
1575 1281 1631 1311 per‘
1643 1282 1715 1311 que
1727 1274 1807 1311 homo
1821 1279 1855 1301 ct

1057 1308 1226 1349 comedit,_11t
1238 1310 1261 1338 si
1274 1309 1379 1349 quando
1391 1308 1443 1337 cor
1453 1309 1608 1340 extollatur,
1625 1308 1744 1336 luttniliet
1758 1309 1853 1349 ipsum

1056 1351 1158 1374 venter.
1177 1346 1264 1381 Atque
1279 1344 1314 1381 ita
1328 1349 1420 1372 venter
1434 1349 1461 1372 et
1473 1349 1577 1381 stercus
1589 1348 1688 1381 uestra).
1701 1344 1853 1381 eruditioni

1039 1412 1042 1420 ν
1056 1382 1185 1420 serviunt.
1199 1379 1265 1408 Nam
1281 1380 1362 1407 homo
1374 1385 1476 1407 stercus
1485 1379 1682 1420 circumferens,
1694 1379 1792 1406 audeat
1804 1383 1853 1419 te_-

1057 1417 1205 1443 meritatem
1219 1420 1364 1447 ostentare,
1378 1419 1405 1442 et
1420 1423 1472 1442 non
1485 1415 1571 1441 solum
1586 1418 1722 1441 ostentare
1738 1414 1855 1441 temeri-

1058 1456 1150 1482 tatem.
1173 1451 1219 1478 sed
1244 1454 1271 1478 et
1284 1455 1375 1478 contra
1391 1450 1483 1483 Deum,
1498 1450 1566 1477 sicut
1590 1449 1717 1476 barbarus
1740 1449 1854 1484 quidam

1058 1494 1104 1514 rex
1118 1494 1199 1513 ausus
1213 1485 1261 1512 fuit
1273 1486 1362 1513 dicere
1380 1494 1387 1511 :
1410 1485 1505 1520 Supra,
1517 1484 1602 1511 stella:
1616 1493 1708 1520 portatu
1728 1485 1856 1511 thronum

1058 1530 1150 1552 meum,
1161 1526 1184 1548 et
1194 1521 1283 1548 similis
1292 1529 1334 1547 ero
1341 1519 1468 1547 Altissimo
1481 1519 1558 1555 (lsat‘.
1569 1520 1612 1547 l4.
1625 1519 1679 1580 141).
1691 1519 1719 1546 Si
1734 1524 1853 1551 tanutm.

1059 1557 1177 1580 intutam.
1194 1556 1318 1580 stercoris
1331 1560 1359 1580 et
1372 1556 1538 1580 insuavitalis
1551 1555 1651 1580 circum
1662 1562 1742 1580 erens
1754 1554 1794 1580 sic
1809 1555 1853 1580 lo-

1059 1557 1177 1592 inquam,
1194 1556 1318 1592 stercoris
1331 1560 1359 1592 e_t
1372 1556 1538 1592 insuavitatis
1551 1554 1742 1582 circumferens
1749 1554 1794 1592 usit:
1809 1555 1855 1581 lo-

1058 1590 1165 1626 quatur,
1177 1592 1199 1618 si
1215 1591 1292 1626 hujus
1304 1590 1491 1626 imbecillitatis
1506 1597 1602 1625 expers
1612 1594 1693 1622 esset,
1702 1590 1771 1626 quis
1784 1597 1853 1617 cum

1059 1624 1141 1654 ferret
1154 1624 1317 1654 exaltatum?
1332 1626 1385 1653 Hac
1409 1625 1443 1652 de
1465 1624 1547 1653 causa
1568 1632 1680 1660 magnus
1701 1624 1784 1651 Isaias
1804 1632 1856 1651 su-

1059 1662 1149 1696 perbis
1161 1661 1225 1688 dicit
1240 1670 1247 1689 :
1265 1661 1332 1694 Quid
1352 1661 1461 1696 superbit
1484 1665 1550 1687 terra
1570 1665 1592 1687 et
1614 1660 1677 1696 ciuis
1692 1659 1787 1696 (Ecclt',
1803 1660 1853 1687 l0.

1059 1695 1109 1731 9)?
1136 1697 1233 1724 Verum
1260 1696 1355 1723 iterum
1379 1696 1411 1722 ad
1438 1696 1583 1723 institutum
1610 1695 1760 1723 redeamus.
1780 1695 1855 1723 [leua

1059 1730 1159 1760 creavit
1173 1732 1306 1759 hominem
1320 1731 1353 1758 de
1362 1731 1477 1765 pulvere,
1487 1731 1533 1758 Sed
1549 1738 1599 1757 non
1615 1730 1678 1757 vidit
1690 1730 1770 1756 homo
1781 1738 1856 1765 quo-

1060 1768 1140 1795 modo
1155 1767 1240 1799 ﬁeret,
1259 1771 1287 1794 et
1307 1766 1366 1793 ideo
1383 1766 1513 1801 ignoravit
1533 1773 1606 1793 suam
1620 1766 1758 1792 vilitatem.
1777 1765 1856 1792 Deus

1059 1803 1144 1835 enim,
1161 1806 1190 1829 ιιι
1203 1802 1322 1829 dicebam
1335 1822 1342 1833 ,
1355 1802 1469 1828 animam
1488 1801 1572 1828 noluit
1584 1808 1643 1828 esse
1656 1800 1770 1835 priorem
1784 1807 1852 1827 cor-

1060 1845 1135 1872 pore,
1147 1842 1176 1865 ut
1190 1844 1223 1864 ne
1238 1837 1338 1864 videret
1352 1837 1553 1868 formationem;
1570 1841 1766 1872 verumtamen,
1782 1843 1855 1872 quo-

1061 1870 1132 1900 niam
1152 1873 1261 1899 omnino
1274 1872 1383 1898 nescivit
1393 1892 1400 1902 ,
1414 1879 1445 1899 ex
1460 1879 1509 1906 qua
1526 1871 1672 1898 humilitate
1686 1870 1853 1906 surrexerit.

1059 1912 1088 1936 et
1105 1908 1174 1943 quod
1189 1915 1249 1935 eum
1262 1906 1350 1941 opifex
1366 1907 1400 1934 de
1417 1904 1487 1934 terra
1502 1906 1619 1937 tinxerit,
1633 1905 1734 1933 reducit
1744 1913 1807 1933 eum
1822 1904 1854 1932 in

1062 1949 1171 1974 terram,
1187 1950 1201 1969 a
1216 1950 1267 1977 qua
1282 1946 1403 1976 sumptus
1416 1946 1466 1972 est.
1482 1947 1511 1969 ut
1525 1943 1620 1977 iterum
1635 1948 1709 1967 suam
1721 1945 1854 1974 expertus

1061 1978 1253 2009 infirmitatem,
1264 1981 1390 2012 agnoscat
1402 1982 1428 2004 et
1438 1977 1593 2011 primaevam
1606 1976 1809 2012 beueticenttam
1823 1980 1854 2003 et

1061 2013 1175 2041 futuram
1197 2010 1404 2040 misericordiam
1417 2020 1424 2043 ;
1439 2010 1544 2047 quando
1557 2012 1626 2039 enim
1643 2010 1854 2047 formatusest,

1062 2049 1172 2076 nescivit
1191 2048 1260 2082 quod
1274 2048 1307 2075 de
1327 2052 1396 2074 terra
1411 2047 1494 2074 lactus
1507 2051 1588 2074 esset.
1609 2046 1724 2082 Attende
1737 2046 1856 2079 diligen—

1063 2089 1112 2115 ter,
1129 2092 1162 2112 ne
1172 2080 1291 2118 te'fugiat
1304 2083 1388 2110 latens
1396 2089 1499 2109 sensus.
1510 2082 1595 2109 Adam
1605 2081 1666 2109 dum
1677 2080 1854 2118 formantur,

1062 2119 1200 2154 ignorabat
1212 2115 1282 2154 qdod
1302 2118 1336 2146 de
1348 2118 1456 2154 pulvere
1475 2122 1613 2154 surgeret:
1629 2115 1735 2154 quando
1756 2116 1784 2143 in
1808 2124 1855 2154 re-

1061 2151 1229 2184 surrectione
1237 2157 1336 2188 surget,
1349 2151 1417 2179 sciet
1434 2152 1503 2187 quod
1518 2151 1681 2187 resurgendo
1693 2155 1775 2188 exuat
1791 2151 1854 2188 put-

1061 2197 1161 2217 verem.
1172 2189 1238 2216 Nam
1249 2186 1298 2215 etsi
1313 2193 1431 2215 mortuus
1445 2186 1621 2221 semetipsum
1634 2194 1686 2214 non
1699 2186 1803 2218 videat,
1815 2186 1856 2213 vi-

1061 2225 1107 2252 det
1116 2230 1203 2251 tamen
1216 2231 1275 2251 eum
1286 2224 1330 2258 qtti
1344 2226 1406 2250 ante
1418 2230 1446 2249 se
1458 2227 1508 2249 est.
1522 2222 1646 2250 Videmus
1656 2229 1706 2258 nos
1715 2226 1853 2253 mortuos,

1061 2266 1088 2287 et
1100 2261 1126 2286 in
1142 2257 1447 2294 pnlveremrrersolutos:
1463 2262 1490 2294 et
1503 2265 1550 2292 per
1562 2265 1620 2294 qua:
1640 2257 1771 2288 videmus.
1786 2263 1856 2294 eru-

1061 2291 1158 2322 dimur.
1174 2294 1230 2321 Non
1248 2293 1335 2320 vidiin
1354 2300 1425 2327 stupe
1438 2291 1551 2319 audaces
1571 2291 1644 2320 viras
1663 2298 1691 2320 et
1701 2291 1856 2327 superbos,

1061 2329 1194 2364 quomodo
1215 2327 1378 2358 consternati
1396 2326 1425 2364 et
1438 2327 1567 2355 humiliati
1583 2332 1645 2355 sunt
1657 2327 1683 2354 in
1698 2326 1856 2364 mortibus?

1061 2362 1201 2395 Nuntiatur
1215 2371 1286 2391 mors
1295 2384 1303 2396 ,
1317 2367 1344 2392 et
1356 2362 1436 2390 corde
1457 2367 1573 2390 tremunt
1585 2369 1680 2390 omnes
1694 2362 1857 2395 animosque

1061 2400 1197 2435 dt-jicitmt.
1215 2399 1251 2435 lla
1267 2403 1293 2425 et
1304 2398 1373 2435 circa
1385 2398 1503 2432 sepulcra
1517 2397 1744 2432 philosopltamur,
1757 2396 1856 2423 viden—

1062 2433 1101 2462 tes
1116 2443 1176 2462 ossa
1197 2434 1265 2462 nuda
1279 2454 1285 2465 ,
1306 2438 1333 2460 et
1356 2433 1497 2460 humanam
1513 2437 1635 2461 naturam
1655 2439 1807 2461 corrosam.
1828 2436 1857 2459 et

1038 2490 1046 2501 π
1061 2470 1227 2501 dissolutam,
1238 2469 1327 2496 statim
1341 2468 1409 2495 inter
1420 2476 1468 2495 nos
1477 2468 1706 2502 philosophantur,
1716 2467 1854 2502 dicentes:

1061 2506 1140 2536 Erre.
1152 2505 1213 2539 quid
1230 2504 1333 2531 tandem
1346 2511 1379 2531 ex
1393 2503 1469 2539 nobis
1479 2501 1528 2530 ﬁt?
1542 2508 1569 2530 et
1578 2501 1630 2537 quo
1643 2501 1854 2539 abimusi_t20it-

1062 2537 1224 2569 fabulamur:
1244 2539 1394 2574 egredimur
1417 2538 1451 2565 de
1473 2539 1627 2574 sepulcris;
1647 2542 1674 2564 et
1695 2537 1854 2574 humilitatis

1061 2580 1160 2603 nostra:
1179 2572 1369 2602 obliviscimur.
1384 2573 1458 2608 Apud
1474 2573 1595 2608 sepulcra
1614 2573 1649 2600 ita
1669 2572 1853 2606 unusqu'quue

1062 2611 1186 2646 proximo
1205 2610 1321 2646 loquitur
1336 2617 1343 2635 :
1359 2616 1376 2636 ο
1387 2609 1520 2646 miseriam
1531 2628 1543 2646 ,ἒ
1554 2616 1571 2646 o
1593 2609 1717 2646 miseram
1733 2612 1851 2646 nostram

1061 2643 1142 2673 vitam
1155 2646 1162 2672 ι
1180 2643 1247 2672 vide
1257 2644 1318 2679 quid
1334 2643 1438 2672 tandem
1453 2651 1485 2670 ex
1501 2644 1577 2671 nobis
1588 2644 1648 2679 ﬁat.
1662 2643 1791 2676 Quamvis
1806 2649 1852 2668 auo

1062 2686 1114 2709 tem
1129 2681 1167 2708 sic
1185 2678 1335 2714 loquamur,
1353 2679 1470 2713 rapimus
1483 2683 1570 2705 tamen
1586 2678 1635 2712 ipsi
1649 2684 1675 2705 et
1688 2679 1850 2707 clamamtts.

1062 2721 1089 2744 et
1100 2713 1254 2750 injuriarum
1264 2714 1445 2742 recordamur.
1459 2714 1576 2748 Quisque
1587 2715 1621 2740 ita
1635 2713 1852 2750 philosophatur,

1062 2747 1136 2786 quasi
1154 2751 1262 2778 malitia:
1276 2749 1474 2777 renuntiaturus
1490 2757 1496 2775 :
1512 2747 1539 2776 et
1551 2749 1624 2786 intus
1637 2747 1745 2786 quidem
1766 2747 1852 2786 philo-

1063 2783 1199 2821 sophatur,
1211 2786 1376 2821 extrinsecus
1384 2790 1471 2812 autem
1483 2785 1607 2821 operibus
1619 2783 1681 2821 ipsis
1696 2783 1851 2821 Dettadver-

1064 2817 1146 2850 satur.
1160 2821 1307 2857 Eapropter
1321 2820 1393 2848 Deus
1402 2817 1633 2855 ubiqueﬁsepulcra
1647 2819 1702 2847 ﬁeri
1713 2817 1807 2851 voluit,
1824 2821 1853 2846 ut
