4032 6198
536 308 666 360 1091

533 413 894 469 'l‘estamenti?
934 413 1065 467 Nam
1111 414 1250 482 quod
1306 427 1494 468 novam
1539 411 1710 482 legem
1758 413 1868 481 ipse
1903 412 2106 482 tulerit,

537 500 708 554 neque
725 495 776 536 tu
797 484 995 536 inficias
1020 481 1161 554 ieris.
1188 481 1253 535 Et
1276 493 1350 547 tu,
1371 481 1640 554 Bethleem,
1661 484 1839 536 domus
1857 481 2107 550 Ephrata,

535 551 637 606 non
662 555 869 622 minima
886 568 958 615 es,
974 563 1028 604 ut
1056 553 1124 605 sis
1148 553 1201 606 in
1226 554 1443 606 millibus
1467 551 1608 607 Iuda
1629 569 1650 606 .'
1677 569 1739 606 ea:
1763 563 1810 606 te
1827 555 1959 622 enim
1987 554 2110 606 mihi

533 623 814 690 egredietur
839 621 960 680 dux,
987 630 1033 674 et
1057 623 1360 691 egressiones
1399 622 1610 691 ejusiab
1653 623 1797 674 initio
1822 621 2038 690 dierum,
2061 632 2111 675 et

533 693 638 755 ipse
660 701 788 760 reget
809 691 1054 759 populum
1083 689 1246 744 meum
1268 689 1433 745 Israel
1459 690 1641 760 (Mich.
1667 691 1721 745 5.
1755 691 1808 752 2;
1841 691 2026 744 Matth.
2049 692 2106 745 2.

641 760 799 842 Vides
827 775 988 844 u‘num
1022 761 1270 844 populum
1299 760 1472 844 Patris
1487 770 1541 815 et
1570 761 1732 844 Filii?
1758 760 2105 844 Fili-usdicit:

536 829 637 883 Ero
654 832 722 883 eis
748 831 798 883 in
830 829 1012 899 Deum,
1048 839 1093 884 et
1135 831 1234 898 ipsi
1285 831 1410 883 mihi
1454 831 1508 883 in
1559 831 1823 899 populum.
1855 831 2012 885 Pater
2039 831 2107 886 de
2138 839 2142 843 ‘

534 900 744 954 Cliri~to
770 899 897 954 dicit
924 915 940 955 :
970 897 1034 970 Et
1076 897 1210 970 reget
1234 899 1477 970 populum
1516 897 1681 953 meum
1727 901 1909 954 Israel.
1958 901 2111 955 Disce

535 985 696 1024 unum
719 985 938 1040 regnum
966 969 1144 1023 Patris
1162 978 1216 1040 et
1240 969 1382 1040 Filii.
1409 969 1766 1040 Quacumque
1793 979 1968 1024 autem
1991 978 2111 1040 post

538 1039 652 1093 lucc
679 1039 795 1108 ipso
825 1041 1073 1108 loquente
1092 1039 1242 1093 audis
1275 1039 1516 1103 humilia,
1549 1039 1828 1108 postquam
1847 1055 1912 1094 ex
1940 1039 2106 1094 bene-

575 1109 732 1164 lacito
757 1125 854 1163 suo
877 1110 1178 1163 incirnatus
1197 1118 1299 1174 est,
1330 1119 1381 1162 et
1404 1124 1523 1163 sese
1563 1109 1855 1164 humiliavit
1892 1119 2110 1178 propter

538 1125 732 1232 placito
757 1125 854 1163 suo
877 1125 1178 1163 incirnatus
1197 1125 1299 1174 εει,
1330 1125 1381 1162 et
1404 1125 1523 1163 sese
1563 1125 1855 1164 nunnnavu
1892 1125 2108 1178 propter

558 1180 810 1233 ioniinum
833 1178 1078 1243 salutem,
1103 1179 1216 1232 haec
1238 1188 1294 1232 ut
1317 1178 1533 1248 dignum
1578 1188 1660 1232 est
1701 1179 1812 1233 Deo
1854 1179 2108 1248 intelligo.

538 1249 668 1302 Nam
698 1249 845 1304 litera
877 1249 1092 1312 occidit,
1119 1249 1333 1318 spiritus
1352 1246 1527 1319 autem
1558 1249 1786 1302 vivificat
1806 1248 1882 1319 (2.
1903 1246 2108 1303 CorfS.

535 1321 615 1388 6).
646 1319 852 1373 Etenim
873 1319 919 1374 si
949 1320 1200 1389 apostolis
1219 1321 1310 1388 qui
1346 1318 1589 1372 viderant
1636 1333 1729 1372 sua
1777 1318 2028 1389 miracula
2056 1327 2111 1373 et

537 1391 589 1443 in
615 1390 827 1443 nomine
856 1388 1020 1456 ipsius
1046 1403 1231 1442 omnes
1257 1389 1468 1442 morbos
1495 1395 1829 1454 curaverant,
1859 1388 2067 1442 dicebat
2092 1404 2107 1440 :

537 1458 704 1512 Multa
725 1458 859 1512 vobis
889 1459 1045 1512 habeo
1067 1459 1252 1524 dicere,
1278 1459 1366 1512 sed
1388 1475 1487 1511 non
1510 1460 1715 1526 potestis
1738 1466 1943 1526 portare
1960 1459 2110 1510 modo

537 1528 713 1596 (Joan.
750 1529 835 1598 l6.
867 1527 956 1598 l2)
986 1545 1000 1587 :
1025 1528 1148 1596 quid
1188 1543 1318 1598 ergo
1361 1528 1425 1598 ad
1456 1527 1622 1582 multo
1669 1528 1984 1598 crassiorem
2012 1527 2110 1598 Ju-

533 1595 746 1652 damm?
771 1597 899 1651 Nam
927 1595 970 1652 Si
998 1595 1118 1652 cum
1146 1595 1368 1659 diceret.
1402 1595 1704 1666 Priusquam
1735 1597 1989 1650 Abraham
2014 1597 2108 1662 ﬁe-

533 1678 629 1732 ret,
656 1685 746 1738 ego
775 1684 886 1722 sum
926 1666 1088 1738 (Ibid.
1119 1671 1172 1723 8.
1201 1668 1310 1738 58),
1347 1668 1572 1738 tulerunt
1607 1667 1839 1738 lapides,
1878 1676 1959 1738 ut
1979 1667 2114 1734 lapi-

541 1736 730 1792 darent
751 1736 966 1806 ipsum:
993 1737 1260 1807 quomodo
1285 1737 1408 1806 quid
1430 1737 1709 1792 sublimius
1733 1737 1832 1790 sibi
1861 1736 2109 1807 dicisus-

542 1805 861 1862 tinuissent?
913 1805 1078 1862 Sic—et
1121 1809 1174 1861 in
1219 1805 1396 1861 Veteri
1443 1807 1608 1860 multa
1638 1807 1871 1862 inveniet
1898 1806 2017 1874 quis
2043 1805 2110 1860 de

540 1877 698 1932 Patre
723 1878 825 1930 dici
875 1893 968 1943 pro
1018 1877 1366 1931 crassitudine
1415 1877 1754 1930 auditorum:
1783 1883 1860 1937 ut,
1905 1876 2108 1944 Septem

533 1947 668 2016 oculi
694 1946 899 1999 Domini
924 1948 1236 2016 respicientes
1262 1947 1428 2000 orbem
1443 1955 1686 1999 terrarum
1703 1945 1882 2016 (Zach.
1903 1947 1959 2016 4.
1974 1947 2009 2016 -1
2021 1944 2107 2016 tl):

535 2026 610 2080 et,
645 2015 708 2070 In
735 2014 1012 2086 velamento
1045 2015 1243 2068 alarum
1292 2027 1493 2068 tuarum
1535 2014 1760 2086 proteges
1804 2015 1929 2086 τηε(
1962 2014 2106 2086 ζἐιέι.

535 2089 623 2141 16.
656 2086 712 2156 8)
730 2097 851 2156 ζει,
882 2085 1134 2156 Εᾳῖρὶιατε,
1163 2096 1218 2139 ut
1245 2086 1366 2156 quid
1389 2083 1660 2150 obdormis,
1678 2083 2104 2156 'Domine'(Psal.

535 2157 626 2212 45.
653 2154 783 2228 23)?
812 2164 888 2218 et,
921 2154 1036 2228 Nisi
1075 2154 1563 2228 conversihfueritis,
1601 2155 1828 2228 gladium
1865 2171 2010 2228 suum
2035 2155 2109 2207 vi-

537 2228 695 2280 brarit
728 2225 1114 2280 karcum'suum
1140 2225 1372 2284 intendit.
1399 2235 1445 2280 et
1473 2225 1667 2293 parabis
1687 2227 1830 2278 illum
1859 2240 1878 2278 :
1901 2225 2108 2294 sagittas

533 2313 651 2350 suas
671 2296 956 2350 ardentibus
979 2295 1140 2362 elfecit
1163 2294 1333 2365 (Psal.
1364 2295 1416 2350 7.
1443 2297 1530 2351 15.
1554 2296 1664 2362 14).
1693 2296 1756 2349 Ει
1793 2295 2060 2364 quomodo
2085 2295 2109 2346 ‘l

535 2365 717 2436 Neque
747 2368 886 2428 enim
917 2365 1145 2420 volatilis
1188 2375 1270 2420 est
1322 2365 1481 2436 Deus,
1507 2379 1680 2434 neque
1707 2380 1892 2420 somno
1916 2378 2107 2434 grava-

535 2434 645 2501 tur,
667 2451 838 2504 neque
867 2436 948 2489 vel
969 2436 1173 2504 gladius
1199 2434 1338 2504 apud
1370 2435 1555 2498 Deum,
1589 2437 1669 2489 vel
1700 2449 1876 2500 arcus,
1903 2436 1984 2504 vel
2011 2449 2101 2488 sa-

533 2506 678 2574 gittae
710 2523 724 2559 :
756 2503 1101 2574 incorporeus
1121 2503 1261 2560 enim
1293 2504 1432 2560 Deus
1456 2514 1556 2560 est.
1582 2504 1774 2558 Verum
1803 2503 2106 2574 ha'ciinter-

535 2573 768 2629 minatur
784 2573 1062 2645 propheta,
1081 2575 1340 2629 utexcitet
1353 2574 1650 2629 auditorum
1679 2573 2102 2645 crassitudinem:

537 2646 608 2698 ita
633 2653 688 2698 et
717 2643 856 2698 Deus
882 2644 1124 2714 Verbum
1153 2654 1367 2714 propter
1407 2658 1505 2698 nos
1546 2645 1847 2714 incarnatus
1896 2643 2107 2698 imitans

537 2715 750 2768 Patrem
775 2728 928 2767 suum
965 2712 1180 2765 humilia
1223 2712 1475 2781 tuquitur,
1519 2713 1586 2768 ad
1615 2724 1852 2768 nostram
1882 2713 2104 2766 saluti-in

535 2784 846 2852 respiciens.
880 2783 1151 2852 Quoniam
1181 2783 1336 2852 enim
1382 2784 1551 2852 ipsum
1580 2783 1960 2852 adversarium
1988 2785 2106 2852 lteo

539 2850 794 2923 putabant
817 2893 833 2918 ,
861 2850 1100 2906 dicentes
1123 2869 1137 2904 :
1169 2851 1296 2923 Non
1311 2863 1382 2923 est
1402 2850 1492 2904 hic
1510 2869 1542 2904 a
1563 2851 1668 2906 Deo
1689 2851 1862 2920 (Joan.
1892 2852 1946 2906 9.
1977 2851 2101 2922 l6):

534 2921 617 3003 ἐι,-
642 2921 868 3003 De_bono
893 2937 1044 3003 apere
1065 2937 1167 2975 non
1195 2921 1484 3003 lapidamus
1513 2931 1593 3003 te‘,
1621 2923 1716 3003 sed
1754 2921 2104 3003 prapterhbla-

531 2994 814 3061 sphemiam
835 3033 849 3052 .
884 2989 1001 3059 quia
1029 3000 1081 3044 tu
1108 3007 1222 3045 cum
1246 2989 1394 3044 homo
1433 2992 1522 3053 sis,
1550 2993 1676 3061 facis
1701 2989 1915 3060 teipsum
1939 2989 2104 3061 Deum

537 3060 702 3129 (Ibid.
737 3063 823 3117 10.
853 3062 942 3131 55)
977 3079 990 3114 :
1022 3071 1077 3115 et
1117 3070 1331 3132 propter
1353 3061 1454 3116 hoc
1480 3060 1786 3132 qu.erebant
1823 3075 1942 3132 eum
1967 3060 2108 3130 lapi-

531 3133 678 3197 dare,
705 3133 842 3202 quod
868 3129 973 3186 nan
1000 3129 1170 3186 solum
1192 3129 1421 3186 solveret
1445 3129 1739 3197 sabbatum,
1769 3129 1863 3202 sed
1884 3129 2033 3200 quod
2049 3140 2106 3186 et

534 3201 743 3259 Patrem
782 3218 934 3256 suum
961 3202 1160 3256 diceret
1207 3203 1406 3267 Deum,
1447 3202 1702 3268 aequalem
1742 3201 1974 3269 seipsum
2026 3202 2104 3255 fa-

530 3274 680 3327 ciens
703 3273 814 3326 Deo
847 3289 860 3325 :
888 3281 942 3325 et
980 3271 1099 3326 ideo
1121 3273 1242 3340 quia
1273 3287 1375 3324 non
1415 3271 1692 3340 capiebant
1737 3271 1982 3324 sublimia
2005 3311 2020 3332 ,
2051 3280 2106 3325 et

531 3359 626 3396 sua
652 3343 847 3396 deitate
873 3341 1052 3410 digna,
1100 3339 1282 3410 incipit
1322 3339 1536 3394 humilia
1563 3341 1771 3410 dicere,
1809 3354 1904 3410 per
1927 3340 2103 3394 omnia

532 3412 811 3467 declarans
834 3426 894 3465 se
925 3408 1028 3463 non
1059 3425 1178 3464 esse
1209 3408 1316 3463 Deo
1343 3410 1685 3464 contrarium.
1736 3409 1797 3464 Si
1826 3408 2104 3478 diligentis

534 3498 632 3544 me,
660 3480 943 3548 gauderetis
972 3479 1313 3548 utique,_quia
1353 3495 1443 3548 ego
1473 3478 1600 3532 vado
1633 3479 1700 3530 ad
1723 3495 1832 3531 eum
1861 3481 1944 3548 qui
1971 3480 2105 3548 misit

535 3568 614 3603 me
643 3546 870 3620 Patrem,
895 3548 1131 3620 quoniam
1159 3546 1314 3620 Pater
1349 3546 1486 3602 meus
1512 3549 1675 3620 major
1701 3559 1874 3620 me_est
1894 3618 1901 3620 Α
1921 3547 2101 3620 (Ibid.

539 3622 622 3675 14.
650 3619 742 3686 28)
771 3637 783 3668 :
813 3618 1024 3688 quando
1049 3618 1190 3671 enim
1217 3618 1448 3688 seipsum
1483 3618 1739 3688 aequalem
1758 3618 1907 3688 Patri
1933 3617 2104 3672 facie-

537 3691 643 3752 bat.
678 3687 908 3757 lapidare
930 3688 1098 3756 ipsum
1126 3687 1472 3742 conabantur.
1494 3687 1645 3753 Quod
1675 3687 1720 3742 si
1754 3687 1868 3742 hate
1893 3703 1998 3743 non
2023 3689 2104 3743 sic

537 3774 596 3814 se
648 3759 923 3823 haberent,
952 3761 1219 3828 cogereris
1258 3757 1476 3812 laudare
1513 3759 1746 3824 Judzeos,
1777 3757 1918 3828 quod
1961 3757 2105 3828 juste

532 3829 913 3884 crucifixissent
941 3829 1228 3898 Christum,
1259 3828 1689 3882 utadversarium
1720 3827 1832 3882 Dei.
1862 3827 1991 3882 Nam
2014 3829 2102 3898 qui

533 3900 877 3968 semetipsum
905 3900 1160 3966 aequalem
1193 3897 1303 3951 Deo
1329 3907 1384 3952 et
1411 3899 1551 3968 Patri
1583 3899 1722 3961 facit,
1759 3912 1879 3968 cum
1908 3913 2012 3952 non
2035 3899 2106 3952 sit

533 3969 674 4033 talis,
705 3967 750 4022 is
776 3969 883 4022 Deo
907 3967 1245 4022 adversarius
1267 3977 1368 4022 est.
1399 3967 1659 4022 Cancrum
1683 3967 1905 4021 mendax
1932 3969 2032 4022 erit
2049 3978 2103 4022 et

531 4038 750 4103 Paulus,
800 4037 1020 4092 dicens:
1049 4036 1170 4090 Non
1210 4038 1442 4105 rapinam
1487 4038 1756 4089 arbitratus
1792 4047 1861 4088 est
1901 4053 1954 4090 sc
1999 4053 2108 4091 esse

529 4109 774 4180 (aqualem
793 4107 902 4161 Deo
923 4107 1180 4180 (Philipp.
1206 4105 1260 4160 2.
1289 4106 1367 4178 6).
1395 4106 1532 4173 Quid
1553 4108 1708 4180 igitur
1731 4116 1818 4180 est
1829 4106 2102 4180 _’_5alvator,

533 4175 826 4233 secundum
847 4175 989 4247 quad
1018 4175 1333 4247 incarnatus
1347 4192 1452 4230 non
1479 4179 1598 4230 est?
1625 4176 1783 4247 Sic_in
1810 4177 1898 4229 illo
1923 4193 1935 4228 :
1961 4175 2104 4230 Vada

530 4248 599 4300 ad
627 4247 830 4304 Patrem
853 4245 1040 4313 meum,
1063 4256 1107 4301 et
1136 4245 1340 4300 Patrem
1365 4255 1600 4312 vestrum,
1627 4256 1674 4298 et
1699 4245 1861 4298 Deum
1907 4262 2096 4312 meum,

529 4317 760 4374 otDeum
785 4330 1001 4374 vestrum
1040 4318 1058 4388 (
1090 4316 1244 4372 Ioan.
1276 4317 1366 4370 20.
1398 4317 1464 4370 17
1491 4318 1510 4386 )
1541 4334 1554 4369 :
1582 4317 1737 4370 aliter
1758 4325 1908 4388 vocat
1948 4330 2100 4370 suum

529 4391 819 4444 secundum
846 4386 1106 4454 naturam,
1138 4400 1192 4443 et
1222 4389 1379 4443 aliter
1400 4395 1640 4442 nostrum
1662 4386 1954 4439 secundum
1983 4400 2104 4454 gra-

532 4461 656 4513 tiam
687 4470 741 4514 et
762 4459 1097 4528 adoptionem
1124 4476 1137 4514 :
1163 4460 1318 4512 aliter
1342 4473 1498 4512 suum
1533 4466 1751 4528 propter
1794 4455 2105 4528 bonant__vo-

530 4529 809 4595 luntatem,
837 4525 889 4582 ei
919 4541 1132 4597 propter
1151 4540 1381 4583 creatam
1403 4526 1854 4597 assumptionem»;
1879 4533 1934 4578 et
1950 4525 2106 4579 aliter

531 4608 771 4652 nostrum
803 4607 858 4652 ut
895 4595 1279 4652 creaturarum.
1321 4599 1471 4664 Quod
1509 4599 1552 4651 si
1598 4596 1651 4651 in
1694 4596 1774 4648 liis
1803 4595 2100 4664 disceptas,

532 4671 698 4738 potuit
719 4668 897 4722 dicere
927 4668 1134 4722 Patrem
1159 4677 1396 4738 nostrum
1418 4678 1471 4721 et
1491 4679 1737 4728 vestrum.
1761 4680 1865 4720 non
1893 4664 2101 4738 Patrem

529 4734 705 4794 incum
735 4748 788 4792 et
815 4747 1094 4807 vestrum:
1121 4737 1272 4805 cujus
1298 4752 1425 4806 ergo
1449 4739 1616 4807 gratia
1645 4737 1821 4790 divisit
1865 4747 1958 4807 se,
1983 4734 2103 4807 _nisi

530 4820 588 4862 ut
615 4810 749 4862 hanc
776 4823 871 4862 nos
897 4808 1007 4862 Deo
1032 4804 1242 4876 dignam
1270 4804 1586 4861 sententiam
1614 4807 1826 4860 doceret
1848 4807 1870 4858 ?
1891 4804 2062 4876 iVides
2082 4845 2098 4871 ,

531 4879 721 4948 inquit,
749 4877 1016 4947 quomodo
1043 4875 1329 4948 indiguerit
1369 4886 1589 4948 paterno
1610 4877 1842 4948 auxilio,
1873 4875 2055 4948 dieens
2083 4892 2099 4932 :

531 4943 685 5002 Nunc
713 4943 886 5000 animo
927 4963 1040 5000 mea
1067 4943 1265 5016 turbata
1294 4943 1492 5016 estL7Et
1532 4946 1654 5016 quid
1688 4946 1893 4998 dicam?
1922 4943 2098 5016 Pater,

526 5020 669 5072 salsa
690 5034 768 5071 me
797 5032 860 5070 ex
882 5017 1008 5070 hora
1053 5017 1148 5070 hac
1177 5015 1335 5086 (Ibid.
1358 5015 1444 5069 l2.
1466 5015 1581 5086 27).
1605 5015 1891 5086 Perperam
1922 5015 2053 5086 legis
2085 5032 2100 5068 :

528 5087 664 5142 dixit
688 5106 703 5141 :
732 5087 885 5140 Nunc
909 5087 1079 5139 anima
1106 5085 1216 5139 mea
1235 5089 1430 5138 turbata
1449 5095 1521 5138 est
1540 5085 1566 5138 ':
1586 5095 1640 5138 et
1673 5099 1793 5138 cum
1810 5085 2104 5138 distinctio—
2133 5116 2140 5126 ι

529 5172 651 5212 nem
681 5157 749 5210 ibi
785 5157 1016 5218 fecisset,
1045 5156 1259 5210 subdit:
1285 5153 1352 5208 Et
1387 5155 1508 5225 quid
1542 5152 2102 5225 dicaiulrl’ater_,4salua

525 5244 604 5281 me
623 5243 685 5280 ex
701 5229 826 5306 hore
847 5226 959 5288 hac,
975 5225 1061 5306 sed
1078 5236 1338 5306 propterea
1359 5222 1466 5278 veni
1486 5225 1536 5277 in
1557 5224 1732 5305 horam
1751 5224 1902 5306 hanc.
1921 5222 2103 5306 E‘nim-

526 5312 652 5350 vero
682 5311 774 5366 per
801 5295 901 5349 hoc
916 5294 1056 5364 quod
1073 5293 1223 5360 dixit,
1247 5293 1520 5364 Pmpterea
1541 5295 1651 5346 veni
1675 5295 1726 5345 in
1743 5294 1920 5346 horam
1948 5295 2100 5357 hanc,

525 5368 757 5421 ostendit
785 5380 842 5419 se
867 5365 1156 5419 salutarem
1187 5375 1410 5418 mortem
1444 5379 1547 5416 non
1575 5365 1756 5432 fugere
1782 5379 1797 5425 ;
1840 5361 2101 5432 Desiderio

525 5439 655 5488 enim
692 5436 968 5488 desideravi
989 5435 1082 5487 hoc
1110 5435 1298 5503 pascha
1323 5433 1624 5486 manducare
1640 5431 1900 5485 uobiscum
1929 5439 1947 5502 (
1972 5431 2098 5503 Luc.

523 5505 611 5558 22.
650 5505 758 5573 l5),
802 5505 989 5574 inquit.
1039 5501 1119 5559 Si
1144 5503 1376 5573 possibile
1403 5513 1494 5566 est,
1535 5513 1752 5574 transeat
1792 5519 1823 5574 a
1865 5501 2103 5574 mecalia:

524 5575 618 5642 iste
637 5589 656 5626 :
674 5570 1008 5626 uerumtamen
1035 5570 1391 5626 non’voluntas
1421 5588 1548 5634 mea,
1565 5573 1653 5624 sed
1674 5584 1760 5642 tua
1780 5570 2098 5642 ﬁat(Matth.

522 5641 615 5698 26.
647 5644 756 5709 39).
788 5643 1050 5711 Numquid
1078 5653 1302 5697 mortem
1350 5641 1630 5711 formidat,
1679 5641 1779 5711 vel
1811 5639 2002 5694 invitus
2031 5639 2098 5711 ad

525 5706 832 5782 passionem
875 5706 1101 5780 accedit,
1127 5715 1217 5782 qui
1239 5713 1372 5768 dixit
1402 5730 1415 5764 :
1449 5710 1656 5781 Oportet
1672 5706 1868 5764 Filium
1880 5710 2095 5766 hominis

2019 305 2146 363 SP1)
2155 307 2195 362 ll
2201 305 2292 364 1A.

3649 317 3794 375 1092

2221 415 2378 493 multa
2414 414 2540 493 pati,
2558 423 2616 493 ες
2635 415 2822 493 occidi,
2845 427 2900 493 et
2921 421 3148 493 βαρείῃ-1,
3168 426 3227 493 _et
3251 418 3408 493 tertia
3428 419 3514 476 die
3539 439 3799 493 resurgere

2220 483 2423 556 (Marc.
2558 485 2689 553 3i)?
2709 486 2797 554 qui
2826 484 2962 556 dixit
2982 483 3001 538 ἐ
3035 485 3227 540 Solvite
3252 490 3493 556 templum
3521 493 3636 555 hoc,
3667 483 3710 546 ἆ
3739 499 3792 549 in

2222 554 2381 626 tribus
2425 555 2872 626 diebusuexcitabo
2922 555 3057 609 illud
3085 571 3106 608 :
3128 557 3220 626 qui
3272 554 3404 611 dixit
3435 577 3449 613 :
3483 554 3791 617 Potestateni

2218 623 2377 695 habeo
2422 623 2640 695 ponendi
2694 625 2914 695 animam
2959 641 3120 678 meam
3139 623 3253 695 ,Het
3299 638 3590 695 potestatem
3634 633 3796 686 habeo

2216 693 2397 745 iterum
2447 694 2722 761 recipiendi
2771 693 2913 747 illam
2943 703 3043 749 :et
3073 735 3088 758 ,
3143 693 3334 749 Nullus
3384 698 3514 752 tollit
3567 700 3716 754 illam
3763 721 3797 754 ο

2217 778 2313 842 me,
2342 778 2432 832 ego
2454 780 2484 814 a
2505 764 2791 834 meinetipso
2817 780 2950 834 pono
2977 764 3119 817 illam
3141 781 3160 818 :
3186 775 3233 817 et
3257 782 3346 836 ego
3375 769 3553 822 iterum
3595 773 3798 833 accipio

2215 833 2358 906 t_llam
2405 831 2604 903 (Joan.
2651 831 2706 885 2.
2739 833 2827 906 i9.
2865 843 2911 886 et
2942 833 3146 906 l0.‘l7.
3183 836 3248 889 18
3275 836 3296 904 )
3323 852 3340 888 :
3369 837 3458 906 qui
3501 839 3798 906 increpavit

2216 857 2357 884 utam
2405 857 2604 903 (auuu.
2653 857 2706 885 ι.
2739 857 2827 888 ιδ.
2865 857 2909 886 η
2942 857 3028 888 πυ.
3060 857 3081 887 1
3105 857 3146 886 ι.
3183 857 3248 889 lo
3275 857 3296 904 )
3323 857 3339 888 :
3369 857 3458 906 ψη
3501 857 3798 909 Increpavu

2216 900 2452 966 Petrum,
2483 917 2638 970 quem
2644 902 2827 972 paulo
2854 913 3008 957 antea
3034 902 3246 972 beatum
3279 907 3655 972 pmdicavcrat
3674 951 3691 971 ,
3728 926 3799 965 eo

2216 917 2452 982 Petrum,
2473 917 2827 1024 .quem1pauto
2854 917 3008 983 antea
3034 917 3246 982 beatum
3279 917 3655 972 pmdtcavcrat
3674 951 3691 971 ,
3728 926 3793 965 eo

2215 971 2357 1045 quod
2379 971 2616 1045 dixisset,
2629 1040 2642 1045 _
2683 987 2717 1045 _u
2733 988 2784 1045 es
2803 970 3218 1045 Christustlius
3241 971 3333 1027 Dei
3346 976 3550 1032 viventis
3571 978 3793 1045 (Manli.

2217 1040 2306 1095 16.
2339 1041 2426 1110 lli)
2455 1058 2468 1092 :
2498 1041 2590 1094 sed
2611 1040 2802 1095 deinde
2821 1057 2942 1111 cum
2968 1041 3235 1111 indignum
3262 1045 3332 1096 illi
3350 1040 3617 1101 videretur
3637 1049 3791 1111 mind

2288 1119 2504 1183 teretur,
2536 1111 2677 1183 dixit
2695 1111 2787 1176 illi,
2833 1110 2971 1183 Vade
3010 1110 3120 1180 post
3150 1113 3475 1183 nte,Satana,
3503 1110 3794 1183 oﬂ'endicu-

2238 1196 2318 1254 um
2347 1180 2470 1232 mihi
2494 1196 2566 1254 es,
2592 1181 2710 1254 quiq
2730 1197 2830 1234 non
2854 1181 2990 1254 sapis
3013 1197 3124 1254 qua
3147 1180 3243 1235 Dei
3267 1195 3403 1249 sunt,
3431 1180 3656 1254 sed
3682 1189 3789 1241 Iw-

2216 1249 2407 1302 minum
2428 1265 2447 1302 :
2467 1251 2553 1312 qui
2572 1249 2902 1304 conﬁrmavit
2932 1250 3116 1304 faciem
3145 1265 3292 1305 suam
3315 1269 3435 1307 cum
3470 1249 3792 1312 ascenderet

2214 1318 2268 1389 in
2292 1318 2608 1383 Jerusalem,
2639 1329 2696 1372 ut
2736 1320 2957 1374 salutem
2985 1335 3077 1388 per
3102 1321 3396 1389 passionem
3427 1338 3576 1378 suam
3605 1329 3788 1380 omni-

2214 1387 2312 1443 bus
2337 1389 2693 1457 suppeditaret
2724 1390 2855 1462 :“qui
2885 1387 3288 1462 perprophetas
3317 1393 3483 1461 ipsam
3514 1397 3781 1462 passionis

2213 1471 2322 1512 suae
2343 1462 2574 1526 speciem
2607 1459 2865 1527 praedixit.
2891 1459 2991 1513 Per
3009 1459 3291 1514 Jeremiam
3319 1459 3460 1516 enim
3480 1459 3609 1517 dicit
3637 1480 3652 1518 :
3678 1466 3788 1519 Su.

2215 1543 2319 1598 per,
2349 1544 2426 1580 me
2465 1527 2808 1598 cogitarerunt
2846 1530 3197 1598 cogitationem
3239 1532 3426 1583 malam
3449 1572 3465 1596 ,
3513 1533 3738 1588 dicentes
3765 1552 3787 1590 :

2213 1597 2395 1662 venite,
2425 1608 2470 1651 et
2496 1597 2825 1668 iinmittamug
2850 1597 3041 1668 lignum
3060 1599 3110 1668 in
3133 1615 3312 1667 panem
3335 1602 3491 1665 illius,
3521 1613 3566 1656 et
3591 1606 3785 1657 erada-

2213 1683 2326 1719 mus
2342 1667 2498 1740 illum
2524 1667 2586 1720 de
2611 1676 2743 1719 terra
2766 1665 2901 1740 (ζειν.
2921 1668 3010 1721 11.
3040 1665 3142 1740 19)
3160 1683 3416 1740 {crucem
3443 1673 3784 1740 signiﬁcans;

2215 1751 2310 1812 per
2340 1737 2500 1790 David
2525 1746 2699 1791 autem
2732 1751 2747 1791 :
2778 1735 3117 1812 Dederunt_
3145 1737 3312 1812 cibum
3340 1735 3513 1812 meum
3529 1744 3696 1812 [ἅμα
3726 1735 3784 1798 in

2211 1807 2297 1858 siti
2324 1822 2431 1858 mea
2458 1815 2749 1876 potaverunt
2772 1822 2852 1859 me
2878 1816 3014 1860 aceto
3035 1805 3204 1873 (Psal.
3229 1809 3316 1863 68.
3343 1808 3469 1875 22);
3497 1805 3563 1875 ei,
3598 1811 3782 1866 Fode-

2211 1883 2333 1950 rant
2360 1893 2539 1929 manus
2566 1893 2701 1929 meas
2726 1886 2771 1928 et
2802 1876 2950 1944 pedes
2976 1893 3128 1930 meos.
3173 1877 3356 1930 Partiti
3379 1890 3489 1933 sunt
3520 1883 3611 1934 sibi
3644 1883 3784 1950 ipsis

2212 1946 2499 2015 uestimenta
2530 1961 2639 1998 mea
2676 1956 2721 1999 et
2746 1962 2895 2015 super
2921 1955 3099 2000 vestem
3129 1963 3290 2000 meam
3320 1951 3554 2003 miserunt
3585 1946 3779 2005 sortem

2213 2013 2382 2088 (Psal.
2532 2017 2620 2088 l7.
2648 2015 2776 2084 19);
2807 2013 2865 2069 et
2913 2031 3008 2084 per
3049 2016 3233 2088 Isaiam
3285 2033 3301 2070 ε
3357 2018 3565 2088 Tergum
3608 2037 3781 2075 meum

2211 2084 2328 2136 dedi
2355 2086 2424 2138 ad
2447 2087 2686 2153 ﬂagella,
2717 2102 2870 2156 genas
2893 2101 3029 2138 meas
3062 2087 3130 2138 ad
3166 2086 3370 2157 alapas,
3399 2084 3578 2155 [aciem
3615 2108 3782 2144 means

2210 2169 2309 2207 non
2335 2157 2489 2228 auerti
2519 2172 2550 2206 a
2579 2157 2872 2228 confusione
2895 2166 3152 2228 sputorum
3183 2155 3332 2228 (Isai.
3363 2159 3449 2212 50.
3474 2158 3552 2221 6).
3588 2158 3780 2216 Vidisti

2210 2237 2340 2277 sane
2366 2225 2479 2277 haec
2505 2225 2682 2278 omnia
2709 2225 2937 2293 perfecta
2971 2226 3022 2278 in
3051 2225 3209 2280 cruce
3236 2241 3252 2280 :
3282 2242 3400 2280 nam
3429 2243 3459 2280 a
3489 2228 3658 2283 Pilato
3679 2231 3781 2283 lla-

2209 2294 2434 2362 gellatus
2456 2303 2535 2348 est
2557 2303 2685 2366 ,καί
2703 2310 2730 2346 a
2755 2311 2910 2366 servo
2937 2295 3086 2364 alapa
3110 2311 3278 2351 caesus
3301 2337 3315 2360 ,
3345 2296 3415 2350 ab
3441 2297 3622 2366 impiis
3647 2315 3779 2354 con-

2210 2375 2399 2444 sputus
2421 2405 2434 2425 .
2455 2378 2492 2444 .a
2520 2364 2772 2444 militibus
2797 2365 2960 2417 clavis
2987 2366 3038 2417 in
3077 2381 3234 2420 cruce
3273 2367 3428 2446 lixas,
3459 2364 3550 2436 qui
3563 2369 3777 2446 divise-

2212 2444 2336 2486 runt
2371 2438 2535 2502 ipsius
2567 2438 2899 2498 vestimenta,
2931 2445 2985 2487 et
3009 2446 3206 2488 sortem
3233 2438 3512 2490 miserunt.
3556 2438 3657 2505 Qui
3685 2457 3784 2508 per

2211 2511 2315 2556 tam
2346 2504 2508 2556 multa
2535 2505 2834 2574 passionem
2861 2504 3195 2574 significavit,
3218 2506 3482 2574 quomodo
3512 2523 3654 2563 nunc
3681 2510 3778 2564 de-

2211 2574 2433 2627 trectat?
2457 2573 2630 2640 Quare
2655 2574 2810 2642 igitur
2829 2573 2976 2639 dicit,
3004 2573 3174 2633 Pater.
3194 2573 3246 2628 si
3260 2575 3495 2642 possibile
3512 2587 3604 2642 est,
3627 2589 3778 2632 tran-

2207 2653 2313 2714 seat
2338 2660 2370 2696 a
2399 2660 2476 2696 me
2502 2643 2638 2696 calix
2662 2645 2752 2696 iste
2771 2642 2989 2714 (Matth.
3017 2643 3107 2698 26.
3140 2644 3267 2710 39)?
3296 2644 3568 2714 lgnorabat
3588 2647 3772 2702 diabo—

2209 2711 2290 2764 lus
2323 2716 2442 2781 quis
2479 2722 2663 2767 esset:
2698 2711 2881 2768 videns
2909 2715 3048 2766 enim
3087 2729 3208 2768 eum
3249 2711 3418 2782 ipsum
3455 2717 3722 2772 sitientem
3745 2760 3761 2780 ,

2209 2786 2557 2854 esurientem,
2588 2783 2780 2854 laSsum
2800 2823 2815 2846 ,
2841 2793 2894 2837 et
2917 2783 3048 2836 alias
3071 2784 3186 2852 ejus
3208 2785 3629 2854 dispensationes,
3671 2801 3762 2840 re-

2209 2853 2410 2921 putavit
2451 2868 2573 2906 eum
2622 2852 2889 2907 hominem
2933 2868 3051 2906 esse
3099 2852 3320 2921 purum}
3369 2854 3543 2908 videns
3580 2863 3768 2911 autem

2207 2920 2324 2990 ejus
2352 2921 2528 2976 divina
2556 2921 2828 2992 miracula,
2875 2923 3038 2976 Deum
3068 2920 3433 2992 suspicabatur
3458 2941 3473 2978 :
3500 2925 3777 2979 dubitabat

2209 2992 2367 3060 igitur
2391 2992 2458 3046 de
2481 3007 2566 3057 eo,
2599 2991 2847 3062 ignorans
2873 2991 3196 3062 illutu.Nam
3225 2994 3268 3047 si
3295 2993 3568 3048 evidenter
3586 2995 3776 3050 scisset

2207 3062 2346 3130 quod
2378 3062 2516 3116 Deus
2539 3069 2700 3126 esset,
2719 3077 2822 3116 non
2847 3076 3010 3116 ausus
3035 3061 3221 3117 fuisset
3239 3063 3306 3116 ad
3333 3079 3452 3116 eum
3473 3063 3774 3120 accedere:

2208 3130 2344 3203 sicut
2385 3140 2438 3184 et
2479 3132 2671 3203 Paulus
2705 3131 2872 3185 dicit:
2914 3131 2974 3203 Si
2998 3133 3143 3203 (enim
3182 3134 3581 3203 cognovissent,_
3606 3135 3781 3203 utique

2209 3199 2481 3253 Dominum
2511 3202 2687 3270 gloria
2709 3217 2809 3253 non
2833 3201 3198 3270 cruci/inissent
3226 3199 3275 3268 (⁷1
3306 3201 3426 3257 Cor.
3447 3203 3503 3256 2.
3535 3200 3613 3270 8).
3638 3199 3780 3258 Prm-

2210 3270 2376 3323 tendit
2403 3271 2560 3339 igitur
2583 3271 2835 3324 Dominus
2857 3271 3212 3341 formidinem,
3230 3287 3336 3341 quo
3361 3273 3449 3326 ille
3468 3270 3775 3337 illiénetur,

2209 3349 2267 3392 ut
2290 3355 2411 3394 cum
2436 3341 2810 3413 accederethut
2847 3340 2914 3394 ad
2941 3341 3209 3396 hominem
3228 3340 3340 3404 {ab
3367 3343 3488 3413 ipso
3519 3344 3572 3396 in
3603 3343 3782 3413 fugam

2208 3419 2525 3476 verteretur,
2555 3420 2610 3464 et
2638 3409 3024 3464 redimerentur
3049 3425 3228 3464 omnes
3249 3412 3442 3478 captivi
3466 3413 3539 3464 ab
3565 3409 3783 3465 illo'de-

2210 3480 2366 3552 tenti.
2409 3479 2867 3552 Quemadmodum
2907 3495 3000 3552 rex
3045 3480 3232 3549 aliquis
3269 3481 3556 3535 invasurus
3601 3491 3786 3552 tyran-

2208 3564 2333 3603 num
2358 3550 2743 3614 invalidiorem,
2771 3564 2892 3603 cum
2919 3549 3068 3605 illum
3099 3552 3378 3618 fugiturum
3406 3566 3466 3604 se
3493 3549 3646 3612 sciat,
3680 3553 3784 3605 tin-

2207 3620 2282 3688 git
2312 3631 2528 3684 metum,
2561 3619 2742 3673 dicens
2768 3620 3086 3688 exercitibus
3114 3619 3224 3672 suis
3255 3634 3271 3671 :
3303 3621 3562 3688 fugiamus
3591 3621 3717 3674 hinc
3747 3636 3778 3673 a

2207 3687 2340 3743 facie
2361 3690 2521 3753 illius,
2551 3700 2610 3742 ut
2634 3704 2699 3743 ne
2723 3704 2754 3742 a
2784 3690 2936 3742 nobis
2960 3687 3148 3758 fugiat,
3175 3689 3268 3743 sed
3289 3687 3630 3758 persequatur
3647 3705 3780 3751 nos,

2207 3768 2261 3812 et
2283 3760 2361 3814 sic
2384 3761 2625 3814 conversi
2653 3759 3164 3827 comprehendamus
3191 3759 3335 3814 illum
3366 3775 3381 3812 :
3412 3761 3479 3812 ita
3508 3768 3557 3811 et
3584 3758 3779 3812 Domi-

2208 3843 2308 3882 nus
2339 3829 2658 3898 praatexeliat
2684 3827 3058 3892 formidinem,
3092 3837 3148 3882 ut
3171 3843 3290 3882 cum
3329 3828 3561 3898 diabolus
3590 3828 3778 3898 ipsum

2207 3897 2356 3966 quasi
2391 3899 2657 3952 hominem
2681 3899 3074 3968 aggrederetur.
3107 3899 3368 3952 inveniret
3395 3897 3558 3968 Donni
3581 3897 3671 3968 qui
3701 3897 3780 3951 il-

2207 3965 2314 4021 lum
2344 3969 2694 4037 interimeret,
2718 3965 2773 4022 et
2790 3967 3040 4022 liberaret
3058 3982 3245 4022 omnes
3263 3968 3349 4037 qui
3369 3967 3433 4022 ab
3454 3967 3545 4021 illo
3565 3965 3779 4022 detine-

2207 4037 2400 4092 bantur
2429 4038 2481 4091 in
2511 4036 2739 4092 inferno.
2784 4038 2873 4093 Sic
2907 4039 3047 4091 enim
3087 4037 3214 4090 dicit
3239 4055 3253 4090 :
3283 4036 3532 4104 Apparuit
3563 4037 3782 4104 angelus

2208 4108 2496 4176 confortans
2523 4123 2635 4159 eum
2661 4105 2810 4176 (Luc.
2839 4104 2928 4160 22.
2962 4107 3054 4176 l5)
3084 4122 3099 4160 :
3131 4107 3219 4174 qui
3260 4106 3328 4176 ab
3359 4107 3561 4174 angelis
3586 4104 3783 4159 adora-

2207 4175 2330 4241 tur,
2361 4184 2417 4231 et
2453 4177 2538 4231 cui
2575 4176 2808 4230 ﬂectitur
2839 4191 2999 4245 omne
3026 4191 3161 4245 genu
3190 4175 3482 4229 ctelcstium
3519 4185 3572 4230 et
3599 4185 3778 4229 terre-

2207 4247 2395 4301 strium
2423 4255 2478 4302 et
2516 4246 2843 4300 inlernorum
2875 4243 3129 4314 (Philipp.
3151 4245 3206 4298 2.
3235 4245 3329 4314 10)
3347 4285 3364 4310 ,
3392 4259 3499 4314 quo
3522 4254 3672 4314 pacto
3702 4245 3785 4298 ab

2206 4317 2393 4386 angelo
2418 4317 2582 4371 robur
2601 4313 2929 4386 accipiebat?
2954 4313 3258 4386 Νοηχοῠιιι·
3283 4313 3508 4384 accepit,
3524 4313 3634 4369 sed
3653 4313 3781 4382 glo-

2207 4383 2554 4440 rilicationem
2582 4385 3002 4454 angelidicentis
3025 4400 3040 4438 :
3074 4383 3237 4454 Tuum
3259 4393 3330 4437 est
3358 4401 3566 4454 regnum
3593 4394 3640 4436 et
3668 4385 3775 4435 im-

2208 4458 2420 4525 perium,
2453 4452 2687 4508 Domine.
2719 4452 2911 4525 ullus
2933 4455 3024 4525 scit
3052 4452 3184 4525 diem
3206 4453 3345 4525 illam
3371 4455 3446 4525 vel
3469 4453 3670 4525 horam1
3689 4469 3788 4505 ne-

2206 4521 2300 4648 πε
2321 4526 2510 4595 angeli,
2543 4541 2698 4594 neque
2723 4523 2910 4587 Filius,
2943 4524 3037 4576 nisi
3065 4523 3224 4602 Pater
3245 4521 3452 4600 (Matth.
3482 4521 3570 4573 24.
3728 4533 3787 4574 et

2268 4611 2374 4648 arc.
2401 4595 2488 4648 l3.
2513 4594 2624 4662 32).
2648 4593 2713 4647 Et
2738 4594 3004 4662 quomodo
3025 4607 3180 4661 ergo,
3214 4601 3410 4662 intimi,
3447 4591 3670 4659 mqualts
3691 4601 3790 4644 est

2209 4665 2372 4729 Patri,
2406 4665 2496 4734 qui
2523 4660 2692 4734 nescit
2715 4660 2856 4716 diem
2881 4663 3030 4734 illam
3049 4660 3192 4734 ?_Qui
3221 4661 3341 4714 fecit
3362 4660 3526 4734 illam,
3559 4666 3784 4734 ignora-

2207 4728 2366 4789 batne
2397 4728 2577 4787 illam?
2598 4733 2666 4786 Et
2685 4746 2848 4801 quare
2878 4733 3037 4801 igitur
3055 4732 3393 4801 dicit,neque
3412 4728 3618 4801 Filius?
3643 4729 3787 4801 Vide

2207 4803 2469 4859 theoriam
2498 4800 2921 4872 exquisitiorem.
2962 4801 3102 4854 Duas
3132 4800 3253 4868 quis
3282 4800 3529 4872 scientias
3555 4808 3608 4852 et
3635 4800 3784 4851 noti-

2207 4875 2307 4929 tias
2349 4873 2401 4926 in
2440 4869 2709 4940 Scriptura
2754 4871 3028 4925 inveniet:
3059 4886 3214 4923 unam
3254 4869 3502 4938 quidem,
3546 4883 3666 4940 quae
3707 4882 3784 4940 ex

2205 4958 2370 5014 opere
2396 4936 2622 5014 sumitur
2639 4983 2654 5006 ,
2681 4941 2901 5014 alteram
2931 4955 3054 4994 vero
3081 4955 3144 4991 ex
3175 4936 3498 5014 cognitione.
3531 4936 3786 5014 cognouit

2208 5005 2370 5078 enim,
2403 5012 2590 5080 inquit,
2622 5011 2784 5063 Adam
2811 5008 2972 5062 Evam
3000 5023 3205 5062 uxorem
3238 5005 3386 5080 suam
3411 5005 3560 5076 (Gen.
3586 5005 3642 5059 1.
3683 5007 3784 5080 1);

2207 5100 2314 5138 non
2335 5077 2490 5152 quod
2492 5083 2652 5152 prius
2676 5080 2992 5148 ignoraverit
3018 5077 3322 5152 :__quomodo
3348 5079 3661 5146 ignorasset,
3683 5077 3785 5145 qui

2204 5147 2410 5206 dixerat
2437 5167 2452 5204 :
2482 5147 2596 5203 Hoc
2618 5147 2749 5202 nunc
2775 5165 2832 5202 os
2855 5165 2919 5202 ea:
2936 5149 3125 5202 ossibus
3154 5147 3298 5212 meis,
3319 5156 3366 5199 et
3393 5162 3510 5198 caro
3534 5161 3595 5198 α
3622 5161 3788 5198 carne

2205 5238 2317 5276 mea
2345 5220 2503 5291 (Ibid.
2527 5218 2582 5272 2.
2613 5218 2742 5291 23)?
2765 5215 3603 5291 _Et._cognovit_AbrahamSaram
3639 5229 3786 5291 uxo-

2206 5307 2319 5346 rem
2349 5283 2522 5353 suam,
2550 5299 2605 5343 et
2631 5283 2797 5342 Ja'cob
2822 5283 2968 5341 Liani
3001 5296 3056 5340 et
3085 5286 3283 5339 Rachel
3303 5283 3465 5356 (Ibid.
3489 5283 3784 5356 29)._Num

2207 5360 2482 5429 ignorabat
2510 5359 2655 5429 illas,
2679 5360 2766 5426 qui
2799 5355 3159 5429 propter__i|las
3182 5354 3350 5429 annos
3377 5354 3786 5424 quatuordecim

2206 5425 2500 5484 servierat?
2524 5425 2734 5483 Sciebat
2753 5427 2964 5495 quidem
2989 5425 3457 5495 illasicognitione,
3490 5438 3785 5495 opereau-

2207 5508 2313 5554 tem
2352 5508 2534 5567 postea
2575 5493 2840 5567 cognovit.
2888 5495 3066 5567 itaque
3111 5493 3788 5567 Pater_qt_ii___non_judicat

2206 5561 2545 5637 queinquam,
2577 5561 2671 5621 sed
2700 5580 2858 5620 omne
2880 5561 3135 5637 judicium
3162 5564 3306 5617 dedit
3337 5563 3470 5617 Filio
3489 5561 3685 5637 (Iona.
3716 5567 3786 5615 5.

2205 5632 2317 5709 22),
2351 5632 2450 5690 scit
2471 5637 2610 5690 diem
2641 5645 2744 5688 tam
2771 5632 3075 5709 cognitione
3095 5648 3251 5703 quam
3277 5647 3454 5702 apere.
3488 5632 3655 5709 Filius
3677 5647 3785 5683 aus

2212 5699 2317 5764 teni
2347 5709 2434 5778 qui
2464 5709 2608 5764 venit
2633 5717 2689 5761 ut
2715 5699 2884 5762 salvét
2915 5699 3202 5772 munduin,
3233 5713 3288 5759 et
3315 5699 3429 5757 non
3455 5710 3512 5756 ut
3532 5699 3750 5773 judicet
