4032 6198
477 307 630 366 ἳῦθδ

493 427 596 484 suit
624 439 710 494 vos
741 422 968 494 Spiritus
987 430 1190 494 sanctus
1209 421 1482 494 episcopos
1491 430 1540 494 et
1557 422 1799 478 diaconos
1825 421 1960 494 (Act.
1981 420 2074 478 ΩΟ.

492 497 608 566 9-8).
644 493 1048 550 νίόσνίηυιθιη
1083 493 1310 566 Spiritus
1345 493 1551 566 sancti,
1579 501 1637 548 et
1676 493 2073 566 auctoritatem,

491 562 958 636 et’potestatem1
1006 562 1132 636 num
1181 564 1388 636 alienus
1441 579 1474 620 a
1536 565 1666 636 Deo
1698 563 1769 618 sit
1822 562 2073 636 Spiritus.

501 633 648 703 Vidi,
699 635 867 704 inquit
915 633 1164 700 Hcsaias,
1215 633 1379 688 Deunt
1428 651 1582 702 super
1625 633 1879 689 thronum,
1907 634 2074 688 excel-

491 723 608 763 sum
663 714 710 759 et
765 707 1046 771 eleuatum,
1113 714 1161 776 et
1229 704 1504 774 Seraphim
1557 707 1611 760 in
1665 705 1878 759 circuitu
1930 705 2077 776 ejus;

493 789 548 836 et
591 791 712 847 qua:
754 786 1064 845 sequuntur.
1110 775 1182 828 Ac
1227 776 1374 830 dixi:
1423 793 1452 830 o
1495 777 1736 847 miserunt
1778 792 1897 847 me,
1949 775 2077 842 quo-

494 845 632 902 niani
673 856 1006 916 compunctus
1046 862 1193 909 sum,
1242 847 1482 916 quoniam
1509 845 1771 900 immunda
1803 845 1940 901 labia
1982 847 2078 916 ha-

501 921 636 982 bens,
676 917 730 970 in
764 918 929 971 medio
958 916 1132 985 populi
1157 915 1416 970 immunda
1453 917 1588 970 labia
1609 915 1834 972 habentis
1866 932 1956 986 ego
1985 915 2078 986 Ita-

494 991 593 1045 bito
613 1029 630 1054 ,
662 999 708 1042 et
748 1005 914 1058 regem
955 984 1230 1058 Dominum
1260 986 1487 1042 Sabaoth
1509 987 1616 1058 uidi
1641 987 1800 1041 oculis
1825 984 1966 1042 meis.
2009 984 2079 1040 Et

491 1060 620 1114 dixit
642 1073 662 1112 :
688 1056 816 1128 quis
839 1059 927 1112 ibit
956 1058 1023 1110 ad
1053 1056 1299 1128 populum
1325 1059 1502 1112 hunc?
1527 1057 1592 1112 Et
1640 1058 1749 1114 dixi
1771 1074 1790 1112 :
1809 1073 1923 1112 ecce
1943 1072 2072 1128 ego,

492 1131 636 1200 mitte
663 1125 760 1200 me.
784 1125 1153 1200 Nimirum'qui
1176 1127 1392 1200 sedebat
1415 1129 1468 1182 in
1495 1129 1709 1192 throno,
1741 1128 1873 1184 dixit
1896 1145 1910 1182 :
1941 1125 2079 1200 Vade

488 1201 570 1248 ad
597 1199 844 1270 populum
882 1199 1038 1265 hunc,
1067 1210 1110 1252 et
1138 1199 1256 1252 dic:
1284 1199 1464 1252 auditu
1500 1200 1716 1254 audietis
1735 1238 1753 1265 ,
1783 1208 1831 1253 et
1865 1199 2076 1270 nonin-

493 1269 725 1340 ielligetis
770 1286 789 1324 :
841 1277 887 1324 et
942 1270 1161 1323 videntes
1210 1270 1472 1335 videbitis,
1521 1279 1568 1324 et
1616 1286 1716 1323 non
1764 1269 2079 1340 perspicietis

521 1339 613 1397 Is.
629 1341 682 1396 6.
701 1340 751 1394 l.
779 1341 830 1396 5.
852 1340 905 1395 8.
925 1340 1006 1409 9).
1036 1341 1164 1408 Quis
1185 1350 1266 1395 est
1285 1342 1371 1408 qui
1394 1340 1613 1395 sedebat
1628 1339 1788 1410 super
1807 1339 2079 1410 thronum?

541 1422 678 1474 ater,
704 1412 874 1482 inquit
903 1429 917 1464 :
948 1412 993 1465 si
1020 1421 1196 1482 autem
1229 1411 1482 1466 didiceris
1509 1426 1539 1465 a
1571 1409 1926 1482 Paulo,rquod
1956 1409 2078 1479 Spi-

481 1482 754 1547 -ritus.sit,
782 1481 1138 1536 conﬁteberis
1162 1481 1310 1536 illum
1342 1482 1548 1536 Deum?
1577 1481 1834 1548 Ostende,
1874 1482 2076 1548 inquit,

493 1565 551 1608 et
570 1553 751 1608 credo.
799 1553 936 1607 Audi
977 1553 1123 1607 illum
1158 1551 1468 1607 dicentem:
1512 1550 1648 1606 Bene
1684 1551 1813 1606 dixit
1853 1550 2079 1620 Spiritus

490 1633 697 1678 sanctus
757 1639 847 1694 per
893 1621 1087 1694 Isaiam
1139 1623 1438 1694 prophetam
1476 1639 1495 1677 :
1538 1623 1664 1678 uade
1718 1623 1787 1676 ad
1836 1622 2079 1692 populum

495 1697 662 1761 nunc,
697 1703 742 1748 et
787 1694 868 1746 dic
893 1712 911 1748 :
953 1693 1160 1764 auribus
1205 1693 1422 1748 audietis
1449 1710 1469 1748 :
1511 1703 1565 1748 et
1617 1708 1738 1764 qua:
1785 1701 2081 1764 sequuntur

500 1766 638 1836 (Act.
687 1763 934 1836 281‘25.
981 1763 1099 1832 S6).
1152 1763 1605 1836 Paulushinqnit,
1638 1763 1799 1836 ’Dixit
1826 1763 2080 1836 _S_piritus

493 1833 732 1898 sanctus;
781 1833 1002 1889 llesaias
1057 1835 1272 1902 inquit:
1324 1833 1483 1887 Dia'it'
1514 1833 1764 1888 Dominus
1813 1833 2076 1889 Sabaoth:

497 1906 619 1976 quia
651 1905 958 1960 indiﬂ‘erens
983 1913 1064 1976 est
1093 1904 1548 1976 Scripturaeloqui
1577 1903 1643 1960 de
1671 1905 1828 1959 Patre
1857 1913 1911 1958 et
1941 1903 2078 1957 Filio

497 1974 552 2030 et
571 1977 770 2045 Spiritu
801 1985 1008 2030 sancto.
1053 1975 1214 2044 Igitur
1260 1990 1326 2029 ne
1352 1974 1439 2030 dic
1465 1974 1717 2044 deinceps
1753 1989 2000 2045 magnum
2027 1980 2083 2028 et

501 2043 721 2116 parvum
753 2046 940 2108 Deum,
969 2043 1210 2116 incidens
1245 2046 1299 2099 in
1342 2045 1639 2116 Gentilium,
1659 2043 1917 2116 errorem.
1947 2043 2080 2099 Nam

496 2115 542 2187 si
583 2132 780 2187 parvus
806 2117 946 2171 Deus
973 2124 1058 2172 est
1104 2115 1288 2182 Filius,
1339 2117 1597 2170 mentitur
1626 2115 2077 2187 Paulusdiceus:

498 2185 866 2257 Exspectautes
907 2189 1120 2258 beatam
1138 2203 1283 2258 spent
1308 2187 1506 2258 gloria
1531 2186 1704 2258 magni
1730 2185 1839 2258 _Dei
1863 2196 1909 2241 et
1928 2257 1933 2258 ί
1954 2185 2079 2241 Sal-

479 2256 686 2312 uatoris
727 2258 887 2312 nostri
925 2257 1050 2311 Iesu
1083 2256 1267 2312 Christi
1296 2257 1421 2328 (Tit.
1453 2256 1509 2312 2.
1562 2256 1676 2328 15).
1712 2256 1881 2324 Quem
1924 2257 2082 2326 igitur

500 2329 699 2384 Paulus
721 2337 873 2384 νοαιι
899 2343 1147 2396 magnum
1197 2327 1386 2392 Deum,
1418 2337 1477 2383 tu
1505 2342 1574 2384 ne
1597 2327 1797 2383 dixeris
1824 2343 2078 2396 parvum;

497 2415 622 2454 nam
670 2401 721 2455 in
765 2401 875 2454 Deo
899 2399 1139 2468 perfecta
1183 2409 1309 2453 sunt
1349 2399 1549 2453 omnia.
1595 2398 1662 2453 Et
1704 2414 1959 2454 rursum:
2000 2397 2084 2451 Ea:

569 2471 678 2524 ibus
700 2469 929 2524 Christus
957 2470 1233 2540 secundum,
1268 2485 1490 2540 carnem,
1520 2469 1608 2540 qui
1631 2477 1705 2523 est
1737 2486 1887 2540 super
1915 2468 2084 2522 omnia

488 2538 639 2595 Deus
668 2542 956 2594 benedictus
984 2541 1037 2593 in
1079 2539 1268 2593 swcuiu
1298 2539 1476 2610 (Rom.
1508 2538 1564 2596 9.
1594 2539 1675 2611 5).
1708 2538 1892 2610 Neqtte
1933 2554 2084 2594 crea-

502 2621 610 2666 tum
657 2611 824 2665 Deum
871 2611 1450 2680 nominabisiunquam
1493 2628 1507 2664 :
1553 2611 1747 2680 impius
1787 2611 1930 2666 enim
1979 2619 2081 2673 est,

498 2682 588 2750 qui
612 2691 916 2735 creaturam
943 2681 1149 2735 adorat.
1177 2679 1314 2747 Quid
1346 2679 1542 2749 igitur?
1567 2679 1686 2735 Neu
1713 2680 1859 2735 dices
1888 2693 2084 2748 corpus

502 2751 712 2806 Domini
753 2751 1026 2804 creatum?
1061 2750 1188 2804 Vide
1236 2765 1363 2818 ergo
1404 2751 1550 2819 quod
1597 2757 1652 2806 et
1691 2762 1745 2804 tu
1783 2759 2082 2805 creaturam

497 2822 695 2875 adoras
723 2820 998 2890 insipiens.
1041 2819 1229 2891 Nullus
1271 2819 1401 2874 dicit
1426 2821 1538 2891 regi
1567 2838 1580 2873 :
1605 2835 1753 2876 exue
1796 2834 2082 2891 purpuram

501 2900 682 2956 tuam;
712 2892 839 2946 vel:
880 2904 1038 2960 surge
1080 2906 1110 2944 a
1157 2890 1349 2945 throno
1396 2890 1506 2956 tuo,
1532 2898 1591 2944 ut
1637 2899 1690 2946 te
1716 2890 1915 2945 nudum
1955 2890 2082 2944 ado-

500 2977 615 3017 rem
648 2978 662 3015 :
691 2961 785 3016 scd
812 2959 998 3015 adurat
1025 2976 1204 3030 regem
1237 2976 1398 3030 super
1423 2961 1675 3016 thronum
1701 2961 1999 3024 sedentem,
2025 2968 2080 3016 et

502 3047 736 3101 purpura
762 3032 1034 3087 vestitum.
1057 3029 1446 3101 Complacitum
1471 3032 1615 3087 enim
1641 3031 1739 3086 fuit
1760 3031 1874 3086 Deo
1895 3031 2080 3095 verbo,

503 3111 562 3158 at
611 3113 844 3158 creatam
898 3116 1116 3157 carnem
1171 3113 1407 3157 nostram
1462 3103 1562 3158 sibi
1617 3103 1819 3172 absque
1875 3103 2082 3157 macula

505 3174 696 3228 unirct.
725 3173 822 3228 Est
841 3172 1001 3244 igitur
1027 3172 1297 3229 adoranda
1321 3188 1442 3228 cum
1470 3174 1582 3244 Deo
1598 3174 1791 3244 verbo,
1823 3182 2084 3244 quatenus

500 3243 682 3300 stellati
709 3242 884 3301 adest;
928 3245 994 3298 Et
1038 3245 1140 3300 hoc
1168 3243 1470 3316 signiﬁcans
1501 3243 1714 3300 divinus
1753 3242 1942 3309 David,
1971 3243 2082 3299 cla-

1981 294 2258 354 SPURIA.

3623 309 3768 364 £096

2183 429 2334 476 mat:
2375 421 2616 478 Exaltuts
2660 422 2936 480 Dominum
2985 423 3146 479 Deum
3194 433 3424 479 nostrum
3463 434 3513 478 et
3558 425 3779 480 ador-ate

2182 491 2454 567 scabellunt
2499 493 2683 567 pedum
2723 496 2862 567 ejus,
2908 497 3145 567 quoniam
3191 504 3504 567 sanctusiest
3539 494 3772 564 (Psalm.

2180 561 2271 618 98.
2296 563 2373 634 5).
2409 563 2464 618 In
2487 561 2593 619 alio
2617 561 2883 620 loco'dicit
2909 561 2930 618 τ’
2957 565 3147 622 Ctelum
3175 566 3301 619 mihi
3327 566 3491 629 sedes,
3515 561 3647 619 terra
3672 584 3776 621 au-

2181 643 2280 687 tent
2310 635 2595 704 ﬁscabellum
2622 635 2806 704 pedum
2835 652 3060 691 meorum
3104 635 3257 704 (Isai.
3285 636 3374 693 66.
3402 637 3427 691 ί
3453 635 3496 703 ).
3547 635 3778 692 Terram

2182 719 2279 776 nos
2299 703 2455 773 iubes
2474 700 2722 770 adorare,
2752 723 2784 759 o
2809 706 2965 762 beate
2988 700 3184 762 David!
3215 706 3283 761 Et
3301 700 3571 776 quomodo
3599 707 3782 763 Moses

2179 773 2354 846 legem
2377 777 2546 844 ponit,
2578 791 2752 846 neque
2771 777 2982 843 caelum,
3005 793 3178 846 neque
3206 773 3424 842 terram,
3451 793 3630 845 neque
3648 795 3782 846 qua:

2184 845 2239 899 in
2279 846 2357 900 eis
2387 854 2540 918 sunt,
2560 917 2568 918 ί
2587 845 2869 918 aderanda
2899 863 3018 904 esse
3065 845 3238 912 (Deut.
3269 847 3305 902 5
3341 857 3388 901 et
3418 847 3554 918 l8)?
3585 845 3784 902 Videte

2181 916 2513 988 mysterium.
2542 917 2801 984 Quoniam
2829 917 2928 974 sibi
2947 921 3228 988 juncturus
3249 927 3366 972 erat
3391 916 3627 972 nostram
3651 934 3785 972 car-

2183 1001 2304 1040 nem
2354 987 2557 1057 absque
2606 999 2825 1057 peccato
2867 989 2937 1043 ad
2988 1005 3147 1042 unam
3195 988 3594 1053 adorationem;
3643 999 3813 1043 caroi

2182 1065 2364 1111 autem
2391 1067 2572 1112 nostra
2600 1073 2670 1113 ex
2696 1057 2863 1113 Adam
2883 1099 2899 1123 ,
2927 1075 2991 1113 ex
3020 1067 3160 1114 terra
3189 1067 3304 1124 est;
3344 1059 3638 1113 secundum
3674 1057 3786 1114 hoc

2181 1125 2312 1181 dicit
2344 1145 2357 1182 :
2406 1127 2476 1182 Et
2522 1128 2732 1183 adorate
2764 1130 3035 1184 scabellunt
3085 1129 3272 1199 pedum
3310 1131 3437 1199 ejus.
3479 1129 3588 1183 Nos
3626 1130 3782 1182 enim

2186 1205 2383 1252 terram
2411 1214 2516 1253 non
2547 1201 2864 1266 adoramus,
2893 1203 2986 1256 sed
3017 1201 3177 1254 Deum
3204 1199 3449 1264 verbum,
3474 1199 3564 1269 qui
3596 1200 3783 1255 nnivit

2182 1269 2284 1323 sibi
2311 1269 2747 1340 absquepeccato
2791 1287 3006 1325 carnem
3035 1270 3188 1335 Adae,
3216 1286 3337 1340 qua:
3376 1286 3443 1340 er
3485 1281 3628 1324 terra
3652 1269 3783 1324 for:-

2184 1348 2324 1410 mata
2350 1338 2452 1395 est.
2485 1339 2561 1394 Nc
2591 1339 2747 1410 igitur
2773 1342 2909 1396 ultra
2948 1341 3115 1406 dicas,
3137 1338 3378 1395 creatum
3405 1338 3628 1402 Filium,
3675 1340 3784 1396 sed

2183 1407 2292 1472 dic,
2327 1409 2412 1464 ubi
2443 1410 2575 1464 dixit
2605 1407 2801 1466 Pater:
2832 1412 3007 1467 creavi
3041 1410 3170 1466 mihi
3195 1410 3388 1466 Filium
3422 1428 3436 1463 :
3471 1411 3555 1466 vel
3580 1410 3781 1473 Filius.

2183 1481 2386 1552 creavit
2426 1495 2514 1534 me
2549 1481 2749 1536 Pater?
2777 1481 2960 1552 Neque
3002 1484 3262 1536 humanas
3301 1496 3462 1552 voces
3487 1481 3692 1536 Christi
3727 1484 3783 1536 in

2185 1549 2739 1622 ejusrdiminut-ionem
2787 1549 2994 1622 accipe.
3021 1551 3152 1607 Nam
3183 1553 3228 1605 si
3259 1552 3341 1607 bis
3379 1551 3558 1616 dictis,
3586 1561 3644 1606 et
3670 1552 3785 1606 hu—

2183 1621 2357 1692 manis
2386 1622 2438 1676 iu
2473 1636 2538 1676 eo
2562 1622 2942 1677 demonstratis
2962 1664 2977 1687 ,
3005 1623 3120 1678 ausi
3169 1632 3296 1677 sunt
3338 1622 3550 1692 quidam
3584 1623 3787 1692 dicere

2184 1690 2463 1760 phantasia
2492 1701 2547 1747 et
2570 1693 2749 1762 specie
2781 1703 2985 1748 tantum
3014 1694 3187 1762 ipsum
3217 1690 3547 1748 ineat-uatum
3571 1691 3787 1758 fuisse;

2183 1762 2228 1815 si
2258 1763 2371 1816 lucc
2397 1777 2500 1833 non
2527 1772 2710 1818 essent
2734 1763 2893 1828 facta,
2924 1765 2976 1819 in
3000 1779 3161 1833 quam
3193 1779 3300 1818 non
3321 1763 3650 1817 excidissent
3672 1765 3783 1817 im-

2186 1832 2482 1905 pietatem?
2509 1833 2738 1890 Proindc
2766 1835 2939 1890 omnis
2965 1832 3055 1905 qui
3096 1835 3295 1888 sanctis
3335 1833 3630 1903 Scripturis
3656 1849 3786 1889 cre-

2185 1902 2284 1971 dit,
2312 1904 2499 1958 adoret
2529 1905 2844 1960 Trinitatem
2877 1902 3166 1960 iucreatam
3185 1945 3201 1970 ,
3243 1902 3745 1958 incommutabilem
3767 1947 3782 1969 ,

2187 1973 2579 2040 invariabilem,
2606 1977 3027 2045 omnipotentem
3052 2017 3068 2041 ,
3097 1975 3252 2029 simul
3283 1975 3542 2044 principio
3575 1989 3784 2030 caren-

2187 2051 2292 2098 tem
2314 2085 2330 2110 ,
2377 2055 2700 2100 coarternam
2741 2056 2793 2101 el
2839 2046 3343 2101 consubstantialem
3375 2062 3389 2097 :
3419 2045 3660 2106 Patrem.
3721 2056 3784 2101 et

2185 2114 2401 2181 Filium,
2434 2117 2582 2185 prius
2628 2118 2846 2186 quidem
2891 2119 3096 2186 absque
3133 2131 3317 2181 carne,
3354 2115 3540 2170 deinde
3586 2124 3782 2171 autem

2187 2186 2462 2259 voluntate
2489 2188 2702 2255 propria
2727 2188 2781 2259 in
2807 2191 2910 2242 line
2930 2189 3225 2259 perlectum
3250 2187 3518 2259 hominem
3547 2186 3780 2251 factum,

2189 2256 2390 2327 absque
2417 2268 2658 2327 peccato,
2690 2258 2892 2327 absque
2932 2256 3186 2312 versione
3214 2267 3270 2312 et
3308 2256 3604 2311 mutatione
3642 2260 3732 2313 sui
3768 2278 3781 2312 :

2189 2325 2349 2382 homo
2369 2325 2511 2382 enim
2540 2327 2732 2394 lactus,
2757 2325 2951 2382 mansit
2971 2328 3022 2382 id
3046 2327 3185 2397 quod
3212 2339 3348 2389 erat,
3369 2342 3563 2395 nempe
3592 2328 3738 2383 Deus
3767 2349 3781 2384 :

2186 2412 2295 2452 non
2315 2398 2456 2452 enim
2478 2398 2674 2469 excidit
2697 2413 2726 2452 a
2745 2401 2910 2469 gloria
2933 2408 2987 2454 et
3009 2398 3268 2469 dignitate
3288 2414 3383 2453 sua
3409 2416 3422 2454 :
3446 2407 3502 2452 et
3521 2398 3782 2467 Spiritum

2186 2478 2453 2539 sanctum,
2495 2468 2776 2538 Spiritum,
2819 2471 2907 2539 qui
2945 2468 3196 2538 loquutus
3235 2480 3316 2539 est
3345 2485 3437 2538 per
3464 2470 3778 2538 prophetas.

2189 2537 2296 2593 Eos
2316 2551 2496 2595 autem
2525 2540 2615 2663 qui
2658 2537 3057 2594 dicunt‘Filium
3083 2581 3099 2605 ,
3129 2549 3223 2594 aut
3248 2537 3503 2609 Spiritum
3531 2537 3781 2595 sanctum

2189 2623 2400 2663 verSum
2426 2652 2442 2663 .
2474 2626 2540 2663 ve
2600 2619 2892 2663 mutatum.
2936 2611 3018 2663 vel
3062 2611 3286 2663 alterius
3314 2611 3630 2663 substantia:
3651 2653 3665 2663 .
3695 2613 3781 2663 vel

2187 2623 2400 2664 verSum
2426 2652 2442 2676 ,
2474 2611 2558 2664 vel
2600 2619 2892 2677 mutatum,
2936 2611 3018 2666 vel
3062 2611 3286 2664 alterius
3314 2611 3630 2666 substantia:
3651 2653 3665 2676 ,
3695 2613 3783 2670 vel

2188 2693 2254 2734 ex
2287 2681 2451 2735 nihilo
2480 2679 2699 2751 factum,
2732 2682 2815 2737 vel
2836 2680 2975 2751 quod
2999 2680 3168 2751 luerit
3193 2690 3405 2750 tempus
3426 2681 3640 2749 quando
3669 2697 3783 2738 non

2190 2750 2694 2830 eyat,apathem_ate
2740 2750 3234 2830 damncchclesia
3257 2751 3556 2830 catholica.
3594 2751 3776 2830 Suili-

2190 2821 2336 2874 ciunl
2387 2821 2488 2875 ista
2537 2823 2732 2886 cuivis,
2787 2822 2993 2876 tametsi
3030 2837 3195 2891 pauca
3225 2821 3368 2887 sint;
3411 2823 3584 2877 omnia
3627 2825 3781 2880 enim

2190 2891 2857 2962 tractarelimpossibile;
2884 2892 3168 2947 docentem
3212 2894 3356 2947 enim
3384 2909 3473 2948 me
3517 2893 3784 2949 deﬁceret

2190 2971 2422 3030 tempus.
2452 2961 2636 3032 Neque
2665 2963 2834 3032 ipsum
2868 2963 3121 3017 mundum
3150 2962 3340 3030 opinor
3366 2979 3564 3032 capere
3588 2965 3783 3028 libros,

2189 3034 2280 3101 qui
2311 3032 2615 3088 scribuntur
2643 3051 2656 3086 :
2691 3047 2790 3087 nos
2817 3042 2995 3089 autem
3028 3033 3227 3102 indigni
3253 3033 3342 3102 qui
3372 3043 3572 3089 tantam
3604 3051 3670 3090 ex
3695 3051 3784 3090 sa-

2188 3103 2295 3158 cris
2320 3103 2610 3170 Scripturis
2639 3104 2917 3158 utilitatem
2946 3118 3294 3173 assequamur
3314 3145 3328 3170 ,
3365 3105 3658 3160 adoremus
3683 3107 3782 3162 Pa.

2191 3182 2327 3247 trem
2353 3185 2408 3247 et
2440 3173 2629 3247 Filium
2659 3173 3001 3247 et_Spiritu_m
3029 3182 3298 3247 sanctum,
3328 3177 3416 3230 cui
3441 3176 3703 3247 sitgloris
3730 3185 3779 3228 et

2189 3243 2473 3315 imperium
2501 3246 2554 3300 in
2580 3244 2775 3300 saecula
2802 3245 3146 3301 saeculorum.
3178 3244 3372 3301 Amen.

2603 3394 2620 3426 Ι
