  <div class='ocr_page' id='page_1' title='image "/cluster/home/n/w/nwhite01/storage/ocr_20150623/48/hvd.32044015471535/012.png"; bbox 0 0 4010 6290; ppageno 0'>
   <div class='ocr_carea' id='block_1_1' title="bbox 251 247 1834 356">
    <p class='ocr_par' dir='ltr' id='par_1_1' title="bbox 251 247 1834 356">
     <span class='ocr_line' id='line_1_1' title="bbox 251 247 1834 356; baseline 0.003 -7"><span class='ocrx_word' id='word_1_1' title='bbox 251 287 329 349; x_wconf 79' lang='lat'><strong>15</strong></span> <span class='ocrx_word' id='word_1_2' title='bbox 1024 247 1044 262; x_wconf 57' lang='grc'>’</span> <span class='ocrx_word' id='word_1_3' title='bbox 1276 275 1284 284; x_wconf 85' lang='grc'><em>’</em></span> <span class='ocrx_word' id='word_1_4' title='bbox 1317 299 1644 356; x_wconf 61' lang='lat' dir='ltr'><strong>causam]</strong></span> <span class='ocrx_word' id='word_1_5' title='bbox 1685 299 1834 355; x_wconf 55' lang='lat' dir='ltr'><strong>eam</strong></span> 
     </span>
    </p>
   </div>
   <div class='ocr_carea' id='block_1_2' title="bbox 1952 247 3535 356">
    <p class='ocr_par' dir='ltr' id='par_1_2' title="bbox 1953 291 3535 356">
     <span class='ocr_line' id='line_1_2' title="bbox 1953 291 3535 356; baseline 0.003 -4"><span class='ocrx_word' id='word_1_6' title='bbox 1953 298 2049 354; x_wconf 81' lang='grc' dir='ltr'><strong>ΗΟ</strong></span> <span class='ocrx_word' id='word_1_7' title='bbox 2089 295 2502 354; x_wconf 74' lang='lat' dir='ltr'><strong>GENERALIS.</strong></span> <span class='ocrx_word' id='word_1_8' title='bbox 3452 291 3535 356; x_wconf 69' lang='grc' dir='ltr'><strong>’ίό</strong></span> 
     </span>
    </p>
   </div>
   <div class='ocr_carea' id='block_1_3' title="bbox 249 409 3533 496">
    <p class='ocr_par' dir='ltr' id='par_1_3' title="bbox 249 409 3533 496">
     <span class='ocr_line' id='line_1_3' title="bbox 249 409 3533 496; baseline 0.002 -23"><span class='ocrx_word' id='word_1_9' title='bbox 249 423 289 496; x_wconf 84' lang='lat'><strong>&#39;_</strong></span> <span class='ocrx_word' id='word_1_10' title='bbox 338 409 714 496; x_wconf 85' lang='lat' dir='ltr'><strong>Cum_ergo</strong></span> <span class='ocrx_word' id='word_1_11' title='bbox 749 417 880 474; x_wconf 90' lang='lat' dir='ltr'><strong>toto</strong></span> <span class='ocrx_word' id='word_1_12' title='bbox 919 415 1221 494; x_wconf 88' lang='lat' dir='ltr'><strong>temporis</strong></span> <span class='ocrx_word' id='word_1_13' title='bbox 1258 419 1466 493; x_wconf 86' lang='lat' dir='ltr'><strong>spatio</strong></span> <span class='ocrx_word' id='word_1_14' title='bbox 1504 417 1672 496; x_wconf 90' lang='lat' dir='ltr'><strong>quod</strong></span> <span class='ocrx_word' id='word_1_15' title='bbox 1727 418 2086 479; x_wconf 83' lang='lat' dir='ltr'><strong>intercessit</strong></span> <span class='ocrx_word' id='word_1_16' title='bbox 2120 419 2200 478; x_wconf 89' lang='lat' dir='ltr'><strong>ab</strong></span> <span class='ocrx_word' id='word_1_17' title='bbox 2235 433 2407 478; x_wconf 89' lang='lat' dir='ltr'><strong>anno</strong></span> <span class='ocrx_word' id='word_1_18' title='bbox 2441 414 2557 473; x_wconf 76' lang='grc' dir='ltr'><strong>ῐι19</strong></span> <span class='ocrx_word' id='word_1_19' title='bbox 2589 411 2664 476; x_wconf 88' lang='lat' dir='ltr'><strong>ad</strong></span> <span class='ocrx_word' id='word_1_20' title='bbox 2700 412 2818 473; x_wconf 65' lang='grc'><strong>430</strong></span> <span class='ocrx_word' id='word_1_21' title='bbox 2847 456 2864 488; x_wconf 90' lang='grc'><em>,</em></span> <span class='ocrx_word' id='word_1_22' title='bbox 2910 429 3043 496; x_wconf 82' lang='lat' dir='ltr'><strong>quo</strong></span> <span class='ocrx_word' id='word_1_23' title='bbox 3085 414 3215 496; x_wconf 82' lang='lat' dir='ltr'><strong>vita</strong></span> <span class='ocrx_word' id='word_1_24' title='bbox 3250 419 3533 482; x_wconf 78' lang='lat' dir='ltr'><strong>excessit</strong></span> 
     </span>
    </p>
   </div>
   <div class='ocr_carea' id='block_1_4' title="bbox 259 491 3533 632">
    <p class='ocr_par' dir='ltr' id='par_1_4' title="bbox 259 491 3533 632">
     <span class='ocr_line' id='line_1_4' title="bbox 259 491 3533 632; baseline 0.002 -79"><span class='ocrx_word' id='word_1_25' title='bbox 259 491 698 569; x_wconf 70' lang='lat' dir='ltr'><strong>Augustinus,</strong></span> <span class='ocrx_word' id='word_1_26' title='bbox 730 496 971 555; x_wconf 81' lang='lat' dir='ltr'><strong>Pascha</strong></span> <span class='ocrx_word' id='word_1_27' title='bbox 1000 491 1123 555; x_wconf 86' lang='lat' dir='ltr'><strong>non</strong></span> <span class='ocrx_word' id='word_1_28' title='bbox 1158 491 1447 558; x_wconf 87' lang='lat' dir='ltr'><strong>inciderit</strong></span> <span class='ocrx_word' id='word_1_29' title='bbox 1483 491 1544 556; x_wconf 78' lang='lat' dir='ltr'><strong>in</strong></span> <span class='ocrx_word' id='word_1_30' title='bbox 1582 516 1859 557; x_wconf 88' lang='lat' dir='ltr'><strong>mensem</strong></span> <span class='ocrx_word' id='word_1_31' title='bbox 1893 497 2224 566; x_wconf 83' lang='lat' dir='ltr'><strong>Martium,</strong></span> <span class='ocrx_word' id='word_1_32' title='bbox 2261 502 2685 576; x_wconf 64' lang='lat' dir='ltr'><strong>prieterquam</strong></span> <span class='ocrx_word' id='word_1_33' title='bbox 2718 510 2872 553; x_wconf 91' lang='lat' dir='ltr'><strong>ann.</strong></span> <span class='ocrx_word' id='word_1_34' title='bbox 2910 491 3051 564; x_wconf 59' lang='lat' dir='ltr'><strong>A22,</strong></span> <span class='ocrx_word' id='word_1_35' title='bbox 3085 511 3162 556; x_wconf 90' lang='lat' dir='ltr'><strong>eo</strong></span> <span class='ocrx_word' id='word_1_36' title='bbox 3185 495 3326 632; x_wconf 53' lang='lat' dir='ltr'><strong>ipso</strong></span> <span class='ocrx_word' id='word_1_37' title='bbox 3356 513 3533 560; x_wconf 81' lang='lat' dir='ltr'><strong>anno</strong></span> 
     </span>
     <span class='ocr_line' id='line_1_5' title="bbox 259 571 3530 632; baseline 0 0"><span class='ocrx_word' id='word_1_38' title='bbox 259 571 425 632; x_wconf 75' lang='lat' dir='ltr'><strong>liber</strong></span> <span class='ocrx_word' id='word_1_39' title='bbox 461 575 567 630; x_wconf 86' lang='lat' dir='ltr'><strong>ille</strong></span> <span class='ocrx_word' id='word_1_40' title='bbox 599 571 722 632; x_wconf 83' lang='lat' dir='ltr'><strong>dici</strong></span> <span class='ocrx_word' id='word_1_41' title='bbox 757 575 940 632; x_wconf 85' lang='lat' dir='ltr'><strong>debet</strong></span> <span class='ocrx_word' id='word_1_42' title='bbox 980 577 1253 632; x_wconf 85' lang='lat' dir='ltr'><strong>scriotus</strong></span> <span class='ocrx_word' id='word_1_43' title='bbox 1287 598 1303 632; x_wconf 88' lang='lat'><strong>:</strong></span> <span class='ocrx_word' id='word_1_44' title='bbox 1336 595 1542 632; x_wconf 86' lang='lat' dir='ltr'><strong>nenue</strong></span> <span class='ocrx_word' id='word_1_45' title='bbox 1577 577 1746 632; x_wconf 87' lang='lat' dir='ltr'><strong>enim</strong></span> <span class='ocrx_word' id='word_1_46' title='bbox 1787 578 1948 632; x_wconf 90' lang='lat' dir='ltr'><strong>ratio</strong></span> <span class='ocrx_word' id='word_1_47' title='bbox 2002 579 2265 632; x_wconf 87' lang='lat' dir='ltr'><strong>natitur.</strong></span> <span class='ocrx_word' id='word_1_48' title='bbox 2319 582 2384 632; x_wconf 91' lang='lat' dir='ltr'><strong>ut</strong></span> <span class='ocrx_word' id='word_1_49' title='bbox 2441 573 2773 632; x_wconf 88' lang='lat' dir='ltr'><strong>reiiciatur</strong></span> <span class='ocrx_word' id='word_1_50' title='bbox 2802 571 2882 632; x_wconf 86' lang='lat' dir='ltr'><strong>ad</strong></span> <span class='ocrx_word' id='word_1_51' title='bbox 2929 589 3173 632; x_wconf 87' lang='lat' dir='ltr'><strong>annum</strong></span> <span class='ocrx_word' id='word_1_52' title='bbox 3249 573 3369 632; x_wconf 84' lang='lat'><strong>30.</strong></span> <span class='ocrx_word' id='word_1_53' title='bbox 3410 577 3530 632; x_wconf 91' lang='lat' dir='ltr'><strong>nisi</strong></span> 
     </span>
    </p>
   </div>
   <div class='ocr_carea' id='block_1_5' title="bbox 256 571 3530 653">
    <p class='ocr_par' dir='ltr' id='par_1_5' title="bbox 256 571 3530 653">
     <span class='ocr_line' id='line_1_6' title="bbox 256 571 3530 653; baseline 0.001 -19"><span class='ocrx_word' id='word_1_54' title='bbox 256 571 425 653; x_wconf 54' lang='lat' dir='ltr'><strong>libfr</strong></span> <span class='ocrx_word' id='word_1_55' title='bbox 461 575 567 630; x_wconf 85' lang='lat' dir='ltr'><strong>ille</strong></span> <span class='ocrx_word' id='word_1_56' title='bbox 599 571 722 634; x_wconf 90' lang='lat' dir='ltr'><strong>dici</strong></span> <span class='ocrx_word' id='word_1_57' title='bbox 757 575 940 633; x_wconf 86' lang='lat' dir='ltr'><strong>debet</strong></span> <span class='ocrx_word' id='word_1_58' title='bbox 980 577 1253 652; x_wconf 88' lang='lat' dir='ltr'><strong>scriptus</strong></span> <span class='ocrx_word' id='word_1_59' title='bbox 1287 598 1303 637; x_wconf 89' lang='lat'><strong>:</strong></span> <span class='ocrx_word' id='word_1_60' title='bbox 1336 595 1542 653; x_wconf 87' lang='lat' dir='ltr'><strong>neque</strong></span> <span class='ocrx_word' id='word_1_61' title='bbox 1577 577 1746 634; x_wconf 87' lang='lat' dir='ltr'><strong>enim</strong></span> <span class='ocrx_word' id='word_1_62' title='bbox 1787 578 1948 636; x_wconf 93' lang='lat' dir='ltr'><strong>ratio</strong></span> <span class='ocrx_word' id='word_1_63' title='bbox 2002 571 2278 653; x_wconf 55' lang='lat' dir='ltr'><strong>patitur;</strong></span> <span class='ocrx_word' id='word_1_64' title='bbox 2319 582 2384 634; x_wconf 90' lang='lat' dir='ltr'><strong>ut</strong></span> <span class='ocrx_word' id='word_1_65' title='bbox 2441 573 2773 651; x_wconf 87' lang='lat' dir='ltr'><strong>rejiciatur</strong></span> <span class='ocrx_word' id='word_1_66' title='bbox 2802 571 2882 634; x_wconf 88' lang='lat' dir='ltr'><strong>ad</strong></span> <span class='ocrx_word' id='word_1_67' title='bbox 2929 589 3173 634; x_wconf 87' lang='lat' dir='ltr'><strong>annum</strong></span> <span class='ocrx_word' id='word_1_68' title='bbox 3210 571 3328 634; x_wconf 52' lang='lat' dir='ltr'><strong>R30</strong></span> <span class='ocrx_word' id='word_1_69' title='bbox 3353 622 3369 652; x_wconf 93' lang='lat'><strong>,</strong></span> <span class='ocrx_word' id='word_1_70' title='bbox 3410 577 3530 638; x_wconf 92' lang='lat' dir='ltr'><strong>nisi</strong></span> 
     </span>
    </p>
   </div>
   <div class='ocr_carea' id='block_1_6' title="bbox 250 649 3532 732">
    <p class='ocr_par' dir='ltr' id='par_1_6' title="bbox 250 649 3532 732">
     <span class='ocr_line' id='line_1_7' title="bbox 250 649 3532 732; baseline 0.002 -22"><span class='ocrx_word' id='word_1_71' title='bbox 250 649 604 712; x_wconf 66' lang='lat' dir='ltr'><strong>differatur</strong></span> <span class='ocrx_word' id='word_1_72' title='bbox 652 653 846 714; x_wconf 88' lang='lat' dir='ltr'><strong>simul</strong></span> <span class='ocrx_word' id='word_1_73' title='bbox 881 655 958 714; x_wconf 86' lang='lat' dir='ltr'><strong>ad</strong></span> <span class='ocrx_word' id='word_1_74' title='bbox 1012 649 1293 716; x_wconf 85' lang='lat' dir='ltr'><strong>mensem</strong></span> <span class='ocrx_word' id='word_1_75' title='bbox 1351 649 1716 732; x_wconf 80' lang='lat' dir='ltr'><strong>proximum</strong></span> <span class='ocrx_word' id='word_1_76' title='bbox 1750 655 1949 715; x_wconf 85' lang='lat' dir='ltr'><strong>ohitui</strong></span> <span class='ocrx_word' id='word_1_77' title='bbox 1990 649 2358 732; x_wconf 71' lang='lat' dir='ltr'><strong>Augustini.</strong></span> <span class='ocrx_word' id='word_1_78' title='bbox 2393 649 2611 714; x_wconf 81' lang='lat' dir='ltr'><strong>Tradit</strong></span> <span class='ocrx_word' id='word_1_79' title='bbox 2659 653 2827 732; x_wconf 85' lang='lat' dir='ltr'><strong>enim</strong></span> <span class='ocrx_word' id='word_1_80' title='bbox 2888 659 3149 732; x_wconf 75' lang='lat' dir='ltr'><strong>sanctus</strong></span> <span class='ocrx_word' id='word_1_81' title='bbox 3203 649 3426 715; x_wconf 84' lang='lat' dir='ltr'><strong>doctor</strong></span> <span class='ocrx_word' id='word_1_82' title='bbox 3461 675 3532 717; x_wconf 88' lang='lat' dir='ltr'><strong>se</strong></span> 
     </span>
    </p>
   </div>
   <div class='ocr_carea' id='block_1_7' title="bbox 263 728 3533 811">
    <p class='ocr_par' dir='ltr' id='par_1_7' title="bbox 263 728 3533 811">
     <span class='ocr_line' id='line_1_8' title="bbox 263 728 3533 811; baseline 0.002 -23"><span class='ocrx_word' id='word_1_83' title='bbox 263 738 402 808; x_wconf 85' lang='lat' dir='ltr'><strong>post</strong></span> <span class='ocrx_word' id='word_1_84' title='bbox 438 738 568 791; x_wconf 85' lang='lat' dir='ltr'><strong>tres</strong></span> <span class='ocrx_word' id='word_1_85' title='bbox 601 733 828 792; x_wconf 88' lang='lat' dir='ltr'><strong>saltem</strong></span> <span class='ocrx_word' id='word_1_86' title='bbox 875 751 908 792; x_wconf 89' lang='lat' dir='ltr'><strong>a</strong></span> <span class='ocrx_word' id='word_1_87' title='bbox 950 733 1256 794; x_wconf 84' lang='lat' dir='ltr'><strong>Paschate</strong></span> <span class='ocrx_word' id='word_1_88' title='bbox 1288 728 1534 794; x_wconf 79' lang='lat' dir='ltr'><strong>menses</strong></span> <span class='ocrx_word' id='word_1_89' title='bbox 1572 735 1977 811; x_wconf 90' lang='lat' dir='ltr'><strong>respondisse</strong></span> <span class='ocrx_word' id='word_1_90' title='bbox 2008 728 2310 807; x_wconf 70' lang='lat' dir='ltr'><strong>Dulcitio,</strong></span> <span class='ocrx_word' id='word_1_91' title='bbox 2343 739 2404 792; x_wconf 90' lang='lat' dir='ltr'><strong>et</strong></span> <span class='ocrx_word' id='word_1_92' title='bbox 2450 731 2848 811; x_wconf 88' lang='lat' dir='ltr'><strong>proinde_vel</strong></span> <span class='ocrx_word' id='word_1_93' title='bbox 2873 728 3060 811; x_wconf 49' lang='lat' dir='ltr'><strong>,ulio</strong></span> <span class='ocrx_word' id='word_1_94' title='bbox 3093 733 3393 802; x_wconf 88' lang='lat' dir='ltr'><strong>ineunte,</strong></span> <span class='ocrx_word' id='word_1_95' title='bbox 3427 737 3533 795; x_wconf 80' lang='lat' dir='ltr'><strong>vel</strong></span> 
     </span>
    </p>
   </div>
   <div class='ocr_carea' id='block_1_8' title="bbox 261 808 3533 891">
    <p class='ocr_par' dir='ltr' id='par_1_8' title="bbox 261 808 3533 891">
     <span class='ocr_line' id='line_1_9' title="bbox 261 808 3533 891; baseline 0.001 -21"><span class='ocrx_word' id='word_1_96' title='bbox 261 818 549 870; x_wconf 82' lang='lat' dir='ltr'><strong>exeunte</strong></span> <span class='ocrx_word' id='word_1_97' title='bbox 588 811 803 872; x_wconf 85' lang='lat' dir='ltr'><strong>Junio.</strong></span> <span class='ocrx_word' id='word_1_98' title='bbox 837 812 1194 888; x_wconf 89' lang='lat' dir='ltr'><strong>Utrumque</strong></span> <span class='ocrx_word' id='word_1_99' title='bbox 1229 823 1444 880; x_wconf 87' lang='lat' dir='ltr'><strong>autem</strong></span> <span class='ocrx_word' id='word_1_100' title='bbox 1496 808 1716 891; x_wconf 84' lang='lat' dir='ltr'><strong>procul</strong></span> <span class='ocrx_word' id='word_1_101' title='bbox 1751 815 1930 873; x_wconf 86' lang='lat' dir='ltr'><strong>abest</strong></span> <span class='ocrx_word' id='word_1_102' title='bbox 1966 828 1999 891; x_wconf 70' lang='grc' dir='ltr'><strong>ξι</strong></span> <span class='ocrx_word' id='word_1_103' title='bbox 2037 831 2186 872; x_wconf 82' lang='lat' dir='ltr'><strong>vero</strong></span> <span class='ocrx_word' id='word_1_104' title='bbox 2219 832 2234 871; x_wconf 86' lang='lat'><strong>:</strong></span> <span class='ocrx_word' id='word_1_105' title='bbox 2269 829 2416 872; x_wconf 87' lang='lat' dir='ltr'><strong>nam</strong></span> <span class='ocrx_word' id='word_1_106' title='bbox 2453 808 2742 891; x_wconf 31' lang='lat' dir='ltr'><strong>&#39;libri‘ad</strong></span> <span class='ocrx_word' id='word_1_107' title='bbox 2781 810 3121 891; x_wconf 83' lang='lat' dir='ltr'><strong>Dulcitium</strong></span> <span class='ocrx_word' id='word_1_108' title='bbox 3176 813 3417 891; x_wconf 84' lang='lat' dir='ltr'><strong>mentio</strong></span> <span class='ocrx_word' id='word_1_109' title='bbox 3458 815 3533 875; x_wconf 82' lang='lat' dir='ltr'><strong>ﬁt</strong></span> 
     </span>
    </p>
   </div>
   <div class='ocr_carea' id='block_1_9' title="bbox 259 887 3534 969">
    <p class='ocr_par' dir='ltr' id='par_1_9' title="bbox 259 887 3534 969">
     <span class='ocr_line' id='line_1_10' title="bbox 259 887 3534 969; baseline 0.002 -20"><span class='ocrx_word' id='word_1_110' title='bbox 259 891 324 969; x_wconf 88' lang='lat' dir='ltr'><strong>in</strong></span> <span class='ocrx_word' id='word_1_111' title='bbox 368 891 922 969; x_wconf 76' lang='lat' dir='ltr'><strong>Retractationum</strong></span> <span class='ocrx_word' id='word_1_112' title='bbox 957 887 1121 952; x_wconf 90' lang='lat' dir='ltr'><strong>libro</strong></span> <span class='ocrx_word' id='word_1_113' title='bbox 1156 893 1435 952; x_wconf 84' lang='lat' dir='ltr'><strong>secundo</strong></span> <span class='ocrx_word' id='word_1_114' title='bbox 1481 887 1628 952; x_wconf 84' lang='lat' dir='ltr'><strong>ante</strong></span> <span class='ocrx_word' id='word_1_115' title='bbox 1681 909 1924 950; x_wconf 89' lang='lat' dir='ltr'><strong>annum</strong></span> <span class='ocrx_word' id='word_1_116' title='bbox 1964 889 2082 952; x_wconf 68' lang='lat' dir='ltr'><strong>h28</strong></span> <span class='ocrx_word' id='word_1_117' title='bbox 2117 892 2414 952; x_wconf 86' lang='lat' dir='ltr'><strong>absoluto</strong></span> <span class='ocrx_word' id='word_1_118' title='bbox 2442 931 2459 963; x_wconf 90' lang='lat'><strong>,</strong></span> <span class='ocrx_word' id='word_1_119' title='bbox 2502 897 2562 950; x_wconf 90' lang='lat' dir='ltr'><strong>et</strong></span> <span class='ocrx_word' id='word_1_120' title='bbox 2595 889 2805 968; x_wconf 85' lang='lat' dir='ltr'><strong>Hippo</strong></span> <span class='ocrx_word' id='word_1_121' title='bbox 2836 889 3072 969; x_wconf 77' lang='lat' dir='ltr'><strong>Regius</strong></span> <span class='ocrx_word' id='word_1_122' title='bbox 3115 887 3534 954; x_wconf 81' lang='lat' dir='ltr'><strong>obsidebatur</strong></span> 
     </span>
    </p>
   </div>
   <div class='ocr_carea' id='block_1_10' title="bbox 261 967 2416 1049">
    <p class='ocr_par' dir='ltr' id='par_1_10' title="bbox 261 967 2416 1049">
     <span class='ocr_line' id='line_1_11' title="bbox 261 967 2416 1049; baseline -0.001 -18"><span class='ocrx_word' id='word_1_123' title='bbox 261 968 391 1049; x_wconf 65' lang='lat' dir='ltr'><strong>iam</strong></span> <span class='ocrx_word' id='word_1_124' title='bbox 445 967 590 1028; x_wconf 87' lang='lat' dir='ltr'><strong>inde</strong></span> <span class='ocrx_word' id='word_1_125' title='bbox 623 987 659 1030; x_wconf 91' lang='lat' dir='ltr'><strong>a</strong></span> <span class='ocrx_word' id='word_1_126' title='bbox 695 972 897 1030; x_wconf 89' lang='lat' dir='ltr'><strong>tribus</strong></span> <span class='ocrx_word' id='word_1_127' title='bbox 935 973 1284 1040; x_wconf 87' lang='lat' dir='ltr'><strong>mensibus,</strong></span> <span class='ocrx_word' id='word_1_128' title='bbox 1316 976 1570 1043; x_wconf 86' lang='lat' dir='ltr'><strong>quando</strong></span> <span class='ocrx_word' id='word_1_129' title='bbox 1605 971 1998 1049; x_wconf 80' lang='lat' dir='ltr'><strong>Augustinus</strong></span> <span class='ocrx_word' id='word_1_130' title='bbox 2027 970 2190 1030; x_wconf 88' lang='lat' dir='ltr'><strong>diem</strong></span> <span class='ocrx_word' id='word_1_131' title='bbox 2237 972 2416 1030; x_wconf 88' lang='lat' dir='ltr'><strong>obiit.</strong></span> 
     </span>
    </p>
   </div>
   <div class='ocr_carea' id='block_1_11' title="bbox 343 1047 3534 1128">
    <p class='ocr_par' dir='ltr' id='par_1_11' title="bbox 343 1047 3534 1128">
     <span class='ocr_line' id='line_1_12' title="bbox 343 1047 3534 1128; baseline 0.001 -20"><span class='ocrx_word' id='word_1_132' title='bbox 343 1047 490 1108; x_wconf 88' lang='lat' dir='ltr'><strong>Jam</strong></span> <span class='ocrx_word' id='word_1_133' title='bbox 531 1067 685 1109; x_wconf 85' lang='lat' dir='ltr'><strong>vero</strong></span> <span class='ocrx_word' id='word_1_134' title='bbox 720 1051 770 1110; x_wconf 90' lang='lat' dir='ltr'><strong>si</strong></span> <span class='ocrx_word' id='word_1_135' title='bbox 804 1050 964 1109; x_wconf 86' lang='lat' dir='ltr'><strong>liber</strong></span> <span class='ocrx_word' id='word_1_136' title='bbox 992 1050 1065 1110; x_wconf 92' lang='lat' dir='ltr'><strong>de</strong></span> <span class='ocrx_word' id='word_1_137' title='bbox 1102 1059 1244 1112; x_wconf 89' lang='lat' dir='ltr'><strong>octo</strong></span> <span class='ocrx_word' id='word_1_138' title='bbox 1280 1047 1742 1128; x_wconf 69' lang='lat' dir='ltr'><strong>qurestionibus</strong></span> <span class='ocrx_word' id='word_1_139' title='bbox 1803 1069 1877 1110; x_wconf 92' lang='lat' dir='ltr'><strong>eo</strong></span> <span class='ocrx_word' id='word_1_140' title='bbox 1921 1068 2051 1127; x_wconf 92' lang='lat' dir='ltr'><strong>quo</strong></span> <span class='ocrx_word' id='word_1_141' title='bbox 2112 1050 2393 1128; x_wconf 85' lang='lat' dir='ltr'><strong>diximus</strong></span> <span class='ocrx_word' id='word_1_142' title='bbox 2445 1052 2728 1123; x_wconf 88' lang='lat' dir='ltr'><strong>tempore</strong></span> <span class='ocrx_word' id='word_1_143' title='bbox 2777 1049 3051 1128; x_wconf 82' lang='lat' dir='ltr'><strong>scriptus</strong></span> <span class='ocrx_word' id='word_1_144' title='bbox 3103 1050 3226 1122; x_wconf 90' lang='lat' dir='ltr'><strong>sit,</strong></span> <span class='ocrx_word' id='word_1_145' title='bbox 3263 1049 3408 1114; x_wconf 87' lang='lat' dir='ltr'><strong>data</strong></span> <span class='ocrx_word' id='word_1_146' title='bbox 3437 1058 3534 1113; x_wconf 84' lang='lat' dir='ltr'><strong>est</strong></span> 
     </span>
    </p>
   </div>
   <div class='ocr_carea' id='block_1_12' title="bbox 263 1127 3532 1209">
    <p class='ocr_par' dir='ltr' id='par_1_12' title="bbox 263 1127 3532 1209">
     <span class='ocr_line' id='line_1_13' title="bbox 263 1127 3532 1209; baseline 0.001 -22"><span class='ocrx_word' id='word_1_147' title='bbox 263 1127 498 1206; x_wconf 88' lang='lat' dir='ltr'><strong>procul</strong></span> <span class='ocrx_word' id='word_1_148' title='bbox 532 1128 732 1189; x_wconf 87' lang='lat' dir='ltr'><strong>dubio</strong></span> <span class='ocrx_word' id='word_1_149' title='bbox 767 1131 848 1188; x_wconf 88' lang='lat' dir='ltr'><strong>ab</strong></span> <span class='ocrx_word' id='word_1_150' title='bbox 879 1131 1239 1209; x_wconf 75' lang='lat' dir='ltr'><strong>Augustino</strong></span> <span class='ocrx_word' id='word_1_151' title='bbox 1264 1127 1340 1191; x_wconf 79' lang='lat' dir='ltr'><strong>ad</strong></span> <span class='ocrx_word' id='word_1_152' title='bbox 1377 1131 1652 1190; x_wconf 78' lang='lat' dir='ltr'><strong>Marium</strong></span> <span class='ocrx_word' id='word_1_153' title='bbox 1683 1130 2100 1190; x_wconf 86' lang='lat' dir='ltr'><strong>Mercatorem</strong></span> <span class='ocrx_word' id='word_1_154' title='bbox 2133 1127 2401 1209; x_wconf 89' lang='lat' dir='ltr'><strong>epistola</strong></span> <span class='ocrx_word' id='word_1_155' title='bbox 2433 1128 2682 1209; x_wconf 81' lang='lat' dir='ltr'><strong>aliquot</strong></span> <span class='ocrx_word' id='word_1_156' title='bbox 2715 1137 2860 1188; x_wconf 85' lang='lat' dir='ltr'><strong>ante</strong></span> <span class='ocrx_word' id='word_1_157' title='bbox 2891 1127 3105 1196; x_wconf 81' lang='lat' dir='ltr'><strong>annis,</strong></span> <span class='ocrx_word' id='word_1_158' title='bbox 3138 1130 3248 1202; x_wconf 81' lang='lat' dir='ltr'><strong>et,</strong></span> <span class='ocrx_word' id='word_1_159' title='bbox 3284 1138 3353 1192; x_wconf 90' lang='lat' dir='ltr'><strong>ut</strong></span> <span class='ocrx_word' id='word_1_160' title='bbox 3387 1134 3532 1209; x_wconf 80' lang='lat' dir='ltr'><strong>api-—</strong></span> 
     </span>
    </p>
   </div>
   <div class='ocr_carea' id='block_1_13' title="bbox 265 1205 3537 1288">
    <p class='ocr_par' dir='ltr' id='par_1_13' title="bbox 265 1205 3537 1288">
     <span class='ocr_line' id='line_1_14' title="bbox 265 1205 3537 1288; baseline 0.002 -22"><span class='ocrx_word' id='word_1_161' title='bbox 265 1205 413 1288; x_wconf 74' lang='lat' dir='ltr'><strong>nor,</strong></span> <span class='ocrx_word' id='word_1_162' title='bbox 447 1209 668 1267; x_wconf 85' lang='lat' dir='ltr'><strong>statim</strong></span> <span class='ocrx_word' id='word_1_163' title='bbox 702 1215 896 1283; x_wconf 87' lang='lat' dir='ltr'><strong>atque</strong></span> <span class='ocrx_word' id='word_1_164' title='bbox 924 1205 1234 1288; x_wconf 83' lang='lat' dir='ltr'><strong>_ZOsimus</strong></span> <span class='ocrx_word' id='word_1_165' title='bbox 1272 1211 1415 1268; x_wconf 84' lang='lat' dir='ltr'><strong>tulit</strong></span> <span class='ocrx_word' id='word_1_166' title='bbox 1447 1212 1827 1288; x_wconf 85' lang='lat' dir='ltr'><strong>sententiam</strong></span> <span class='ocrx_word' id='word_1_167' title='bbox 1881 1209 1944 1270; x_wconf 90' lang='lat' dir='ltr'><strong>in</strong></span> <span class='ocrx_word' id='word_1_168' title='bbox 1984 1205 2346 1288; x_wconf 67' lang='lat' dir='ltr'><strong>Coalestium</strong></span> <span class='ocrx_word' id='word_1_169' title='bbox 2382 1227 2456 1269; x_wconf 90' lang='lat' dir='ltr'><strong>ac</strong></span> <span class='ocrx_word' id='word_1_170' title='bbox 2503 1205 2854 1285; x_wconf 78' lang='lat' dir='ltr'><strong>Pelagium,</strong></span> <span class='ocrx_word' id='word_1_171' title='bbox 2887 1215 3083 1286; x_wconf 86' lang='lat' dir='ltr'><strong>atque</strong></span> <span class='ocrx_word' id='word_1_172' title='bbox 3131 1210 3218 1270; x_wconf 86' lang='lat' dir='ltr'><strong>ita</strong></span> <span class='ocrx_word' id='word_1_173' title='bbox 3258 1205 3537 1288; x_wconf 78' lang='lat' dir='ltr'><strong>pertinet</strong></span> 
     </span>
    </p>
   </div>
   <div class='ocr_carea' id='block_1_14' title="bbox 265 1281 2676 1366">
    <p class='ocr_par' dir='ltr' id='par_1_14' title="bbox 265 1281 2676 1366">
     <span class='ocr_line' id='line_1_15' title="bbox 265 1281 2676 1366; baseline -0.001 -19"><span class='ocrx_word' id='word_1_174' title='bbox 265 1286 338 1347; x_wconf 86' lang='lat' dir='ltr'><strong>ad</strong></span> <span class='ocrx_word' id='word_1_175' title='bbox 369 1304 625 1347; x_wconf 88' lang='lat' dir='ltr'><strong>annum</strong></span> <span class='ocrx_word' id='word_1_176' title='bbox 663 1281 888 1348; x_wconf 82' lang='lat' dir='ltr'><strong>saltem</strong></span> <span class='ocrx_word' id='word_1_177' title='bbox 919 1286 1060 1362; x_wconf 73' lang='lat' dir='ltr'><strong>M8,</strong></span> <span class='ocrx_word' id='word_1_178' title='bbox 1093 1306 1222 1366; x_wconf 86' lang='lat' dir='ltr'><strong>quo</strong></span> <span class='ocrx_word' id='word_1_179' title='bbox 1255 1290 1468 1348; x_wconf 84' lang='lat' dir='ltr'><strong>vivere</strong></span> <span class='ocrx_word' id='word_1_180' title='bbox 1501 1286 1683 1347; x_wconf 79' lang='lat' dir='ltr'><strong>desiit</strong></span> <span class='ocrx_word' id='word_1_181' title='bbox 1718 1286 2006 1348; x_wconf 83' lang='lat' dir='ltr'><strong>Zosimus</strong></span> <span class='ocrx_word' id='word_1_182' title='bbox 2051 1307 2108 1347; x_wconf 79' lang='grc' dir='ltr'><strong>ιι</strong></span> <span class='ocrx_word' id='word_1_183' title='bbox 2137 1287 2264 1349; x_wconf 85' lang='lat' dir='ltr'><strong>kal.</strong></span> <span class='ocrx_word' id='word_1_184' title='bbox 2298 1281 2561 1348; x_wconf 85' lang='lat' dir='ltr'><strong>Januar.</strong></span> <span class='ocrx_word' id='word_1_185' title='bbox 2659 1281 2676 1298; x_wconf 46' lang='grc' dir='ltr'><strong>τ</strong></span> 
     </span>
    </p>
   </div>
   <div class='ocr_carea' id='block_1_15' title="bbox 340 1366 3531 1443">
    <p class='ocr_par' dir='ltr' id='par_1_15' title="bbox 340 1366 3531 1443">
     <span class='ocr_line' id='line_1_16' title="bbox 340 1366 3531 1443; baseline 0.002 -18"><span class='ocrx_word' id='word_1_186' title='bbox 340 1367 438 1427; x_wconf 84' lang='lat' dir='ltr'><strong>Ea</strong></span> <span class='ocrx_word' id='word_1_187' title='bbox 489 1384 685 1443; x_wconf 88' lang='lat' dir='ltr'><strong>porro</strong></span> <span class='ocrx_word' id='word_1_188' title='bbox 725 1375 1096 1442; x_wconf 85' lang='lat' dir='ltr'><strong>tempestate</strong></span> <span class='ocrx_word' id='word_1_189' title='bbox 1135 1368 1351 1428; x_wconf 85' lang='lat' dir='ltr'><strong>debuit</strong></span> <span class='ocrx_word' id='word_1_190' title='bbox 1397 1369 1640 1430; x_wconf 87' lang='lat' dir='ltr'><strong>Marius</strong></span> <span class='ocrx_word' id='word_1_191' title='bbox 1700 1368 2074 1427; x_wconf 90' lang='lat' dir='ltr'><strong>nonnullius</strong></span> <span class='ocrx_word' id='word_1_192' title='bbox 2108 1386 2248 1429; x_wconf 85' lang='lat' dir='ltr'><strong>esse</strong></span> <span class='ocrx_word' id='word_1_193' title='bbox 2287 1368 2590 1436; x_wconf 77' lang='lat' dir='ltr'><strong>nominis,</strong></span> <span class='ocrx_word' id='word_1_194' title='bbox 2624 1370 2693 1426; x_wconf 90' lang='lat' dir='ltr'><strong>ut</strong></span> <span class='ocrx_word' id='word_1_195' title='bbox 2739 1366 2848 1442; x_wconf 86' lang='lat' dir='ltr'><strong>qui</strong></span> <span class='ocrx_word' id='word_1_196' title='bbox 2881 1367 2956 1426; x_wconf 90' lang='lat' dir='ltr'><strong>de</strong></span> <span class='ocrx_word' id='word_1_197' title='bbox 2987 1369 3178 1428; x_wconf 88' lang='lat' dir='ltr'><strong>rebus</strong></span> <span class='ocrx_word' id='word_1_198' title='bbox 3230 1370 3531 1432; x_wconf 79' lang='lat' dir='ltr'><strong>maximis</strong></span> 
     </span>
    </p>
   </div>
   <div class='ocr_carea' id='block_1_16' title="bbox 269 1446 3535 1526">
    <p class='ocr_par' dir='ltr' id='par_1_16' title="bbox 269 1446 3535 1526">
     <span class='ocr_line' id='line_1_17' title="bbox 269 1446 3535 1526; baseline 0 -18"><span class='ocrx_word' id='word_1_199' title='bbox 269 1446 766 1508; x_wconf 84' lang='lat' dir='ltr'><strong>celeberrimum</strong></span> <span class='ocrx_word' id='word_1_200' title='bbox 797 1447 989 1507; x_wconf 88' lang='lat' dir='ltr'><strong>totius</strong></span> <span class='ocrx_word' id='word_1_201' title='bbox 1031 1447 1205 1506; x_wconf 89' lang='lat' dir='ltr'><strong>orbis</strong></span> <span class='ocrx_word' id='word_1_202' title='bbox 1238 1449 1621 1526; x_wconf 74' lang='lat' dir='ltr'><strong>episcopum</strong></span> <span class='ocrx_word' id='word_1_203' title='bbox 1649 1492 1664 1517; x_wconf 94' lang='lat'><strong>,</strong></span> <span class='ocrx_word' id='word_1_204' title='bbox 1699 1449 2392 1524; x_wconf 86' lang='lat' dir='ltr'><strong>occupatissimumque</strong></span> <span class='ocrx_word' id='word_1_205' title='bbox 2444 1447 2918 1523; x_wconf 79' lang='lat' dir='ltr'><strong>interrogaret,</strong></span> <span class='ocrx_word' id='word_1_206' title='bbox 2972 1465 3088 1508; x_wconf 89' lang='lat' dir='ltr'><strong>nec</strong></span> <span class='ocrx_word' id='word_1_207' title='bbox 3145 1465 3535 1525; x_wconf 76' lang='lat' dir='ltr'><strong>reSponsum</strong></span> 
     </span>
    </p>
   </div>
   <div class='ocr_carea' id='block_1_17' title="bbox 270 1525 3536 1607">
    <p class='ocr_par' dir='ltr' id='par_1_17' title="bbox 270 1525 3536 1607">
     <span class='ocr_line' id='line_1_18' title="bbox 270 1525 3536 1607; baseline 0.001 -21"><span class='ocrx_word' id='word_1_208' title='bbox 270 1533 635 1607; x_wconf 77' lang='lat' dir='ltr'><strong>mereretur</strong></span> <span class='ocrx_word' id='word_1_209' title='bbox 669 1533 917 1607; x_wconf 84' lang='lat' dir='ltr'><strong>tantum</strong></span> <span class='ocrx_word' id='word_1_210' title='bbox 950 1569 966 1595; x_wconf 93' lang='lat'><strong>,</strong></span> <span class='ocrx_word' id='word_1_211' title='bbox 999 1533 1060 1585; x_wconf 88' lang='lat' dir='ltr'><strong>et</strong></span> <span class='ocrx_word' id='word_1_212' title='bbox 1097 1525 1262 1607; x_wconf 77' lang='lat' dir='ltr'><strong>illud</strong></span> <span class='ocrx_word' id='word_1_213' title='bbox 1289 1525 1541 1602; x_wconf 85' lang='lat' dir='ltr'><strong>quidem</strong></span> <span class='ocrx_word' id='word_1_214' title='bbox 1581 1534 1707 1607; x_wconf 87' lang='lat' dir='ltr'><strong>tam</strong></span> <span class='ocrx_word' id='word_1_215' title='bbox 1739 1527 2266 1607; x_wconf 87' lang='lat' dir='ltr'><strong>elaboratum,_ut</strong></span> <span class='ocrx_word' id='word_1_216' title='bbox 2293 1529 2371 1607; x_wconf 87' lang='lat' dir='ltr'><strong>ab</strong></span> <span class='ocrx_word' id='word_1_217' title='bbox 2395 1526 2664 1604; x_wconf 79' lang='lat' dir='ltr'><strong>ipsumet</strong></span> <span class='ocrx_word' id='word_1_218' title='bbox 2700 1529 3088 1606; x_wconf 80' lang='lat' dir='ltr'><strong>Augustino,</strong></span> <span class='ocrx_word' id='word_1_219' title='bbox 3126 1529 3320 1588; x_wconf 82' lang='lat' dir='ltr'><strong>veluti</strong></span> <span class='ocrx_word' id='word_1_220' title='bbox 3361 1547 3536 1607; x_wconf 73' lang='lat' dir='ltr'><strong>prte-</strong></span> 
     </span>
    </p>
   </div>
   <div class='ocr_carea' id='block_1_18' title="bbox 277 1604 3539 1684">
    <p class='ocr_par' dir='ltr' id='par_1_18' title="bbox 277 1604 3539 1684">
     <span class='ocr_line' id='line_1_19' title="bbox 277 1604 3539 1684; baseline 0 -18"><span class='ocrx_word' id='word_1_221' title='bbox 277 1606 556 1683; x_wconf 82' lang='lat' dir='ltr'><strong>judicata</strong></span> <span class='ocrx_word' id='word_1_222' title='bbox 592 1605 668 1664; x_wconf 92' lang='lat' dir='ltr'><strong>de</strong></span> <span class='ocrx_word' id='word_1_223' title='bbox 696 1604 1160 1676; x_wconf 67' lang='lat' dir='ltr'><strong>quaestionibus</strong></span> <span class='ocrx_word' id='word_1_224' title='bbox 1190 1605 1328 1664; x_wconf 82' lang='lat' dir='ltr'><strong>ﬁdei</strong></span> <span class='ocrx_word' id='word_1_225' title='bbox 1359 1605 1697 1679; x_wconf 80' lang='lat' dir='ltr'><strong>sententia,</strong></span> <span class='ocrx_word' id='word_1_226' title='bbox 1733 1607 2060 1679; x_wconf 83' lang='lat' dir='ltr'><strong>laudetur;</strong></span> <span class='ocrx_word' id='word_1_227' title='bbox 2094 1604 2201 1664; x_wconf 89' lang='lat' dir='ltr'><strong>sed</strong></span> <span class='ocrx_word' id='word_1_228' title='bbox 2239 1606 2428 1664; x_wconf 89' lang='lat' dir='ltr'><strong>etiam</strong></span> <span class='ocrx_word' id='word_1_229' title='bbox 2472 1604 2822 1681; x_wconf 73' lang='lat' dir='ltr'><strong>rogaretur</strong></span> <span class='ocrx_word' id='word_1_230' title='bbox 2846 1607 3152 1672; x_wconf 78' lang='lat' dir='ltr'><strong>vicissim,</strong></span> <span class='ocrx_word' id='word_1_231' title='bbox 3192 1618 3262 1667; x_wconf 88' lang='lat' dir='ltr'><strong>ut</strong></span> <span class='ocrx_word' id='word_1_232' title='bbox 3299 1604 3539 1684; x_wconf 74' lang='lat' dir='ltr'><strong>siquid</strong></span> 
     </span>
    </p>
   </div>
   <div class='ocr_carea' id='block_1_19' title="bbox 278 1684 3535 1764">
    <p class='ocr_par' dir='ltr' id='par_1_19' title="bbox 278 1684 3535 1764">
     <span class='ocr_line' id='line_1_20' title="bbox 278 1684 3535 1764; baseline 0.001 -20"><span class='ocrx_word' id='word_1_233' title='bbox 278 1687 674 1764; x_wconf 71' lang='lat' dir='ltr'><strong>excogitaret</strong></span> <span class='ocrx_word' id='word_1_234' title='bbox 703 1685 1166 1764; x_wconf 67' lang='lat' dir='ltr'><strong>dequaastione</strong></span> <span class='ocrx_word' id='word_1_235' title='bbox 1193 1731 1209 1757; x_wconf 90' lang='lat'><strong>,</strong></span> <span class='ocrx_word' id='word_1_236' title='bbox 1241 1685 1496 1743; x_wconf 84' lang='lat' dir='ltr'><strong>doceret.</strong></span> <span class='ocrx_word' id='word_1_237' title='bbox 1531 1685 1828 1746; x_wconf 63' lang='lat' dir='ltr'><strong>Ecclesia:</strong></span> <span class='ocrx_word' id='word_1_238' title='bbox 1879 1688 2277 1764; x_wconf 88' lang='lat' dir='ltr'><strong>magistrum.</strong></span> <span class='ocrx_word' id='word_1_239' title='bbox 2317 1684 2473 1764; x_wconf 85' lang='lat' dir='ltr'><strong>Sunt</strong></span> <span class='ocrx_word' id='word_1_240' title='bbox 2507 1686 2676 1744; x_wconf 89' lang='lat' dir='ltr'><strong>enim</strong></span> <span class='ocrx_word' id='word_1_241' title='bbox 2717 1685 2848 1744; x_wconf 68' lang='lat' dir='ltr'><strong>haec</strong></span> <span class='ocrx_word' id='word_1_242' title='bbox 2899 1686 3242 1764; x_wconf 87' lang='lat' dir='ltr'><strong>Augustini</strong></span> <span class='ocrx_word' id='word_1_243' title='bbox 3286 1693 3480 1748; x_wconf 84' lang='lat' dir='ltr'><strong>verba</strong></span> <span class='ocrx_word' id='word_1_244' title='bbox 3519 1711 3535 1750; x_wconf 91' lang='lat'><strong>:</strong></span> 
     </span>
    </p>
   </div>
   <div class='ocr_carea' id='block_1_20' title="bbox 290 1763 3540 1842">
    <p class='ocr_par' dir='ltr' id='par_1_20' title="bbox 290 1763 3540 1842">
     <span class='ocr_line' id='line_1_21' title="bbox 290 1763 3540 1842; baseline 0.001 -18"><span class='ocrx_word' id='word_1_245' title='bbox 290 1765 352 1825; x_wconf 82' lang='lat' dir='ltr'><strong>Si</strong></span> <span class='ocrx_word' id='word_1_246' title='bbox 384 1763 528 1842; x_wconf 81' lang='lat' dir='ltr'><strong>quid</strong></span> <span class='ocrx_word' id='word_1_247' title='bbox 556 1763 706 1824; x_wconf 84' lang='lat' dir='ltr'><strong>hinc</strong></span> <span class='ocrx_word' id='word_1_248' title='bbox 737 1763 1086 1824; x_wconf 85' lang='lat' dir='ltr'><strong>absolutum</strong></span> <span class='ocrx_word' id='word_1_249' title='bbox 1134 1783 1204 1825; x_wconf 90' lang='lat' dir='ltr'><strong>ac</strong></span> <span class='ocrx_word' id='word_1_250' title='bbox 1253 1764 1571 1842; x_wconf 77' lang='lat' dir='ltr'><strong>deﬁnitum</strong></span> <span class='ocrx_word' id='word_1_251' title='bbox 1600 1763 2031 1841; x_wconf 75' lang='lat' dir='ltr'><strong>disputatione</strong></span> <span class='ocrx_word' id='word_1_252' title='bbox 2079 1763 2448 1825; x_wconf 72' lang='lat' dir='ltr'><strong>rationabili</strong></span> <span class='ocrx_word' id='word_1_253' title='bbox 2482 1774 2665 1840; x_wconf 81' lang='lat' dir='ltr'><strong>atque</strong></span> <span class='ocrx_word' id='word_1_254' title='bbox 2705 1765 2982 1842; x_wconf 76' lang='lat' dir='ltr'><strong>perfecta</strong></span> <span class='ocrx_word' id='word_1_255' title='bbox 3016 1763 3111 1826; x_wconf 70' lang='grc' dir='ltr'><strong>υει</strong></span> <span class='ocrx_word' id='word_1_256' title='bbox 3151 1765 3412 1832; x_wconf 72' lang='lat' dir='ltr'><strong>audisti.</strong></span> <span class='ocrx_word' id='word_1_257' title='bbox 3445 1770 3540 1829; x_wconf 80' lang='lat' dir='ltr'><strong>vel</strong></span> 
     </span>
    </p>
   </div>
   <div class='ocr_carea' id='block_1_21' title="bbox 292 1843 3542 1922">
    <p class='ocr_par' dir='ltr' id='par_1_21' title="bbox 292 1843 3542 1922">
     <span class='ocr_line' id='line_1_22' title="bbox 292 1843 3542 1922; baseline 0.001 -20"><span class='ocrx_word' id='word_1_258' title='bbox 292 1845 510 1922; x_wconf 70' lang='lat' dir='ltr'><strong>legisti.</strong></span> <span class='ocrx_word' id='word_1_259' title='bbox 560 1845 658 1904; x_wconf 79' lang='lat' dir='ltr'><strong>vel</strong></span> <span class='ocrx_word' id='word_1_260' title='bbox 696 1845 879 1904; x_wconf 81' lang='lat' dir='ltr'><strong>etiam</strong></span> <span class='ocrx_word' id='word_1_261' title='bbox 914 1843 1113 1903; x_wconf 83' lang='lat' dir='ltr'><strong>adhuc</strong></span> <span class='ocrx_word' id='word_1_262' title='bbox 1147 1844 1399 1914; x_wconf 75' lang='lat' dir='ltr'><strong>aiidire,</strong></span> <span class='ocrx_word' id='word_1_263' title='bbox 1452 1853 1558 1902; x_wconf 84' lang='lat' dir='ltr'><strong>aut</strong></span> <span class='ocrx_word' id='word_1_264' title='bbox 1597 1845 1799 1921; x_wconf 79' lang='lat' dir='ltr'><strong>legere</strong></span> <span class='ocrx_word' id='word_1_265' title='bbox 1826 1888 1841 1912; x_wconf 92' lang='lat'><strong>,</strong></span> <span class='ocrx_word' id='word_1_266' title='bbox 1872 1853 1983 1902; x_wconf 85' lang='lat' dir='ltr'><strong>aut</strong></span> <span class='ocrx_word' id='word_1_267' title='bbox 2021 1843 2382 1919; x_wconf 75' lang='lat' dir='ltr'><strong>excogitare</strong></span> <span class='ocrx_word' id='word_1_268' title='bbox 2403 1843 2722 1922; x_wconf 80' lang='lat' dir='ltr'><strong>potueris,</strong></span> <span class='ocrx_word' id='word_1_269' title='bbox 2754 1853 2895 1918; x_wconf 87' lang='lat' dir='ltr'><strong>peto</strong></span> <span class='ocrx_word' id='word_1_270' title='bbox 2929 1844 3077 1904; x_wconf 86' lang='lat' dir='ltr'><strong>mihi</strong></span> <span class='ocrx_word' id='word_1_271' title='bbox 3125 1845 3370 1905; x_wconf 81' lang='lat' dir='ltr'><strong>mittere</strong></span> <span class='ocrx_word' id='word_1_272' title='bbox 3412 1866 3542 1907; x_wconf 82' lang='lat' dir='ltr'><strong>non</strong></span> 
     </span>
    </p>
   </div>
   <div class='ocr_carea' id='block_1_22' title="bbox 282 1921 3288 2004">
    <p class='ocr_par' dir='ltr' id='par_1_22' title="bbox 282 1921 3288 2004">
     <span class='ocr_line' id='line_1_23' title="bbox 282 1921 3288 2004; baseline 0.002 -24"><span class='ocrx_word' id='word_1_273' title='bbox 282 1921 552 2004; x_wconf 70' lang='lat' dir='ltr'><strong>graveris</strong></span> <span class='ocrx_word' id='word_1_274' title='bbox 586 1945 609 2004; x_wconf 76' lang='lat'><strong>_:</strong></span> <span class='ocrx_word' id='word_1_275' title='bbox 643 1941 751 2000; x_wconf 87' lang='lat' dir='ltr'><strong>ego</strong></span> <span class='ocrx_word' id='word_1_276' title='bbox 786 1922 968 1996; x_wconf 75' lang='lat' dir='ltr'><strong>enim,</strong></span> <span class='ocrx_word' id='word_1_277' title='bbox 994 1923 1161 2002; x_wconf 83' lang='lat' dir='ltr'><strong>quod</strong></span> <span class='ocrx_word' id='word_1_278' title='bbox 1189 1923 1602 2004; x_wconf 76' lang='lat' dir='ltr'><strong>conﬁtentium</strong></span> <span class='ocrx_word' id='word_1_279' title='bbox 1633 1933 1714 1981; x_wconf 83' lang='lat' dir='ltr'><strong>est</strong></span> <span class='ocrx_word' id='word_1_280' title='bbox 1756 1924 2050 2004; x_wconf 77' lang='lat' dir='ltr'><strong>charitati</strong></span> <span class='ocrx_word' id='word_1_281' title='bbox 2079 1932 2216 1988; x_wconf 77' lang='lat' dir='ltr'><strong>tute.</strong></span> <span class='ocrx_word' id='word_1_282' title='bbox 2249 1923 2399 2004; x_wconf 81' lang='lat' dir='ltr'><strong>plus</strong></span> <span class='ocrx_word' id='word_1_283' title='bbox 2415 1939 2548 2004; x_wconf 77' lang='lat' dir='ltr'><strong>uiuo</strong></span> <span class='ocrx_word' id='word_1_284' title='bbox 2586 1921 2818 2004; x_wconf 64' lang='lat' dir='ltr'><strong>discere</strong></span> <span class='ocrx_word' id='word_1_285' title='bbox 2840 1940 3025 2004; x_wconf 62' lang='lat' dir='ltr'><strong>auom</strong></span> <span class='ocrx_word' id='word_1_286' title='bbox 3051 1923 3288 2004; x_wconf 74' lang='lat' dir='ltr'><strong>(locere.</strong></span> 
     </span>
    </p>
   </div>
   <div class='ocr_carea' id='block_1_23' title="bbox 347 1999 3546 2078">
    <p class='ocr_par' dir='ltr' id='par_1_23' title="bbox 347 1999 3546 2078">
     <span class='ocr_line' id='line_1_24' title="bbox 347 1999 3546 2078; baseline 0.002 -16"><span class='ocrx_word' id='word_1_287' title='bbox 347 1999 716 2063; x_wconf 85' lang='lat' dir='ltr'><strong>Secundum</strong></span> <span class='ocrx_word' id='word_1_288' title='bbox 779 2020 965 2070; x_wconf 76' lang='lat' dir='ltr'><strong>vero,</strong></span> <span class='ocrx_word' id='word_1_289' title='bbox 1004 1999 1172 2078; x_wconf 81' lang='lat' dir='ltr'><strong>quod</strong></span> <span class='ocrx_word' id='word_1_290' title='bbox 1228 1999 1803 2061; x_wconf 81' lang='lat' dir='ltr'><strong>Commonitorium</strong></span> <span class='ocrx_word' id='word_1_291' title='bbox 1845 2003 2162 2063; x_wconf 86' lang='lat' dir='ltr'><strong>Mercator</strong></span> <span class='ocrx_word' id='word_1_292' title='bbox 2190 2002 2550 2061; x_wconf 83' lang='lat' dir='ltr'><strong>Theodosio</strong></span> <span class='ocrx_word' id='word_1_293' title='bbox 2581 2017 2756 2062; x_wconf 87' lang='lat' dir='ltr'><strong>anno</strong></span> <span class='ocrx_word' id='word_1_294' title='bbox 2788 1999 2906 2061; x_wconf 75' lang='grc' dir='ltr'><strong>ἰιὲὶθ</strong></span> <span class='ocrx_word' id='word_1_295' title='bbox 2947 2003 3295 2076; x_wconf 89' lang='lat' dir='ltr'><strong>obtulerit,</strong></span> <span class='ocrx_word' id='word_1_296' title='bbox 3328 2010 3546 2069; x_wconf 83' lang='lat' dir='ltr'><strong>mani-</strong></span> 
     </span>
    </p>
   </div>
   <div class='ocr_carea' id='block_1_24' title="bbox 281 2081 3542 2160">
    <p class='ocr_par' dir='ltr' id='par_1_24' title="bbox 281 2081 3542 2160">
     <span class='ocr_line' id='line_1_25' title="bbox 281 2081 3542 2160; baseline 0.001 -18"><span class='ocrx_word' id='word_1_297' title='bbox 281 2081 424 2142; x_wconf 79' lang='lat' dir='ltr'><strong>ieste</strong></span> <span class='ocrx_word' id='word_1_298' title='bbox 457 2089 717 2142; x_wconf 89' lang='lat' dir='ltr'><strong>constat</strong></span> <span class='ocrx_word' id='word_1_299' title='bbox 750 2100 828 2141; x_wconf 77' lang='lat' dir='ltr'><strong>ex</strong></span> <span class='ocrx_word' id='word_1_300' title='bbox 881 2083 1021 2158; x_wconf 83' lang='lat' dir='ltr'><strong>ipso</strong></span> <span class='ocrx_word' id='word_1_301' title='bbox 1059 2082 1241 2143; x_wconf 92' lang='lat' dir='ltr'><strong>titulo</strong></span> <span class='ocrx_word' id='word_1_302' title='bbox 1275 2103 1290 2142; x_wconf 91' lang='lat'><strong>:</strong></span> <span class='ocrx_word' id='word_1_303' title='bbox 1337 2083 1705 2160; x_wconf 73' lang='lat' dir='ltr'><strong>Exemplum</strong></span> <span class='ocrx_word' id='word_1_304' title='bbox 1743 2081 2227 2143; x_wconf 75' lang='lat' dir='ltr'><strong>Commonitorii</strong></span> <span class='ocrx_word' id='word_1_305' title='bbox 2261 2082 2428 2160; x_wconf 83' lang='lat' dir='ltr'><strong>quod</strong></span> <span class='ocrx_word' id='word_1_306' title='bbox 2473 2098 2661 2157; x_wconf 82' lang='lat' dir='ltr'><strong>super</strong></span> <span class='ocrx_word' id='word_1_307' title='bbox 2710 2083 2957 2142; x_wconf 78' lang='lat' dir='ltr'><strong>nomine</strong></span> <span class='ocrx_word' id='word_1_308' title='bbox 3000 2083 3265 2145; x_wconf 66' lang='lat' dir='ltr'><strong>Cocles-(ii</strong></span> <span class='ocrx_word' id='word_1_309' title='bbox 3319 2085 3542 2150; x_wconf 72' lang='lat' dir='ltr'><strong>Greece</strong></span> 
     </span>
    </p>
   </div>
   <div class='ocr_carea' id='block_1_25' title="bbox 279 2161 3546 2241">
    <p class='ocr_par' dir='ltr' id='par_1_25' title="bbox 279 2161 3546 2241">
     <span class='ocr_line' id='line_1_26' title="bbox 279 2161 3546 2241; baseline 0.002 -22"><span class='ocrx_word' id='word_1_310' title='bbox 279 2179 551 2221; x_wconf 71' lang='lat' dir='ltr'><strong>sermone</strong></span> <span class='ocrx_word' id='word_1_311' title='bbox 583 2182 619 2220; x_wconf 82' lang='grc' dir='ltr'><strong>α</strong></span> <span class='ocrx_word' id='word_1_312' title='bbox 648 2162 1006 2222; x_wconf 81' lang='lat' dir='ltr'><strong>Mercatore</strong></span> <span class='ocrx_word' id='word_1_313' title='bbox 1041 2161 1258 2221; x_wconf 83' lang='lat' dir='ltr'><strong>(latum</strong></span> <span class='ocrx_word' id='word_1_314' title='bbox 1293 2169 1380 2220; x_wconf 84' lang='lat' dir='ltr'><strong>est</strong></span> <span class='ocrx_word' id='word_1_315' title='bbox 1402 2207 1418 2235; x_wconf 96' lang='lat'><strong>,</strong></span> <span class='ocrx_word' id='word_1_316' title='bbox 1466 2181 1593 2220; x_wconf 80' lang='lat' dir='ltr'><strong>non</strong></span> <span class='ocrx_word' id='word_1_317' title='bbox 1630 2163 1825 2220; x_wconf 83' lang='lat' dir='ltr'><strong>solum</strong></span> <span class='ocrx_word' id='word_1_318' title='bbox 1852 2161 2148 2241; x_wconf 70' lang='lat' dir='ltr'><strong>Ecclesiae</strong></span> <span class='ocrx_word' id='word_1_319' title='bbox 2192 2161 2938 2241; x_wconf 66' lang='lat' dir='ltr'><strong>Constantiaopolitana&#39;,</strong></span> <span class='ocrx_word' id='word_1_320' title='bbox 2972 2165 3076 2222; x_wconf 78' lang='lat' dir='ltr'><strong>sed</strong></span> <span class='ocrx_word' id='word_1_321' title='bbox 3103 2166 3287 2223; x_wconf 83' lang='lat' dir='ltr'><strong>etiam</strong></span> <span class='ocrx_word' id='word_1_322' title='bbox 3318 2167 3546 2241; x_wconf 77' lang='lat' dir='ltr'><strong>pluri-</strong></span> 
     </span>
    </p>
   </div>
   <div class='ocr_carea' id='block_1_26' title="bbox 273 2239 3544 2320">
    <p class='ocr_par' dir='ltr' id='par_1_26' title="bbox 273 2239 3544 2320">
     <span class='ocr_line' id='line_1_27' title="bbox 273 2239 3544 2320; baseline 0 -20"><span class='ocrx_word' id='word_1_323' title='bbox 273 2243 379 2300; x_wconf 86' lang='lat' dir='ltr'><strong>mis</strong></span> <span class='ocrx_word' id='word_1_324' title='bbox 414 2241 918 2320; x_wconf 75' lang='lat' dir='ltr'><strong>religiosissimis</strong></span> <span class='ocrx_word' id='word_1_325' title='bbox 949 2241 1102 2302; x_wconf 84' lang='lat' dir='ltr'><strong>viris</strong></span> <span class='ocrx_word' id='word_1_326' title='bbox 1138 2263 1154 2300; x_wconf 89' lang='lat'><em>:</em></span> <span class='ocrx_word' id='word_1_327' title='bbox 1195 2241 1467 2300; x_wconf 81' lang='lat' dir='ltr'><strong>oblatum</strong></span> <span class='ocrx_word' id='word_1_328' title='bbox 1510 2259 1749 2319; x_wconf 76' lang='lat' dir='ltr'><strong>quoque</strong></span> <span class='ocrx_word' id='word_1_329' title='bbox 1796 2239 2078 2318; x_wconf 79' lang='lat' dir='ltr'><strong>piissimc</strong></span> <span class='ocrx_word' id='word_1_330' title='bbox 2127 2241 2404 2320; x_wconf 77' lang='lat' dir='ltr'><strong>principi</strong></span> <span class='ocrx_word' id='word_1_331' title='bbox 2453 2239 2788 2320; x_wconf 75' lang='lat' dir='ltr'><strong>Theodosio</strong></span> <span class='ocrx_word' id='word_1_332' title='bbox 2836 2260 3067 2318; x_wconf 81' lang='lat' dir='ltr'><strong>semper</strong></span> <span class='ocrx_word' id='word_1_333' title='bbox 3103 2239 3404 2319; x_wconf 77' lang='lat' dir='ltr'><strong>augusto,</strong></span> <span class='ocrx_word' id='word_1_334' title='bbox 3448 2248 3544 2308; x_wconf 77' lang='lat' dir='ltr'><strong>id-</strong></span> 
     </span>
    </p>
   </div>
   <div class='ocr_carea' id='block_1_27' title="bbox 273 2319 3542 2399">
    <p class='ocr_par' dir='ltr' id='par_1_27' title="bbox 273 2319 3542 2399">
     <span class='ocr_line' id='line_1_28' title="bbox 273 2319 3542 2399; baseline 0.001 -22"><span class='ocrx_word' id='word_1_335' title='bbox 273 2324 473 2398; x_wconf 82' lang='lat' dir='ltr'><strong>ipsum</strong></span> <span class='ocrx_word' id='word_1_336' title='bbox 522 2339 603 2380; x_wconf 70' lang='lat' dir='ltr'><strong>er</strong></span> <span class='ocrx_word' id='word_1_337' title='bbox 647 2319 864 2382; x_wconf 65' lang='lat' dir='ltr'><strong>Greece</strong></span> <span class='ocrx_word' id='word_1_338' title='bbox 900 2321 965 2382; x_wconf 83' lang='lat' dir='ltr'><strong>in</strong></span> <span class='ocrx_word' id='word_1_339' title='bbox 997 2321 1286 2381; x_wconf 84' lang='lat' dir='ltr'><strong>Latinum</strong></span> <span class='ocrx_word' id='word_1_340' title='bbox 1330 2322 1700 2380; x_wconf 74' lang='lat' dir='ltr'><strong>trrmslatum</strong></span> <span class='ocrx_word' id='word_1_341' title='bbox 1734 2339 1842 2399; x_wconf 81' lang='lat' dir='ltr'><strong>per</strong></span> <span class='ocrx_word' id='word_1_342' title='bbox 1873 2319 2141 2379; x_wconf 81' lang='lat' dir='ltr'><strong>emndcm</strong></span> <span class='ocrx_word' id='word_1_343' title='bbox 2174 2321 2450 2380; x_wconf 77' lang='lat' dir='ltr'><strong>Marium</strong></span> <span class='ocrx_word' id='word_1_344' title='bbox 2483 2319 2932 2388; x_wconf 73' lang='lat' dir='ltr'><strong>Mercatorem,</strong></span> <span class='ocrx_word' id='word_1_345' title='bbox 2983 2321 3219 2382; x_wconf 80' lang='lat' dir='ltr'><strong>Christi</strong></span> <span class='ocrx_word' id='word_1_346' title='bbox 3262 2342 3542 2397; x_wconf 78' lang='lat' dir='ltr'><strong>servum,</strong></span> 
     </span>
    </p>
   </div>
   <div class='ocr_carea' id='block_1_28' title="bbox 273 2399 3541 2479">
    <p class='ocr_par' dir='ltr' id='par_1_28' title="bbox 273 2399 3541 2479">
     <span class='ocr_line' id='line_1_29' title="bbox 273 2399 3541 2479; baseline -0 -20"><span class='ocrx_word' id='word_1_347' title='bbox 273 2401 611 2460; x_wconf 78' lang='lat' dir='ltr'><strong>consulatu</strong></span> <span class='ocrx_word' id='word_1_348' title='bbox 663 2400 986 2462; x_wconf 79' lang='lat' dir='ltr'><strong>Florentii</strong></span> <span class='ocrx_word' id='word_1_349' title='bbox 1026 2407 1081 2458; x_wconf 81' lang='lat' dir='ltr'><strong>et</strong></span> <span class='ocrx_word' id='word_1_350' title='bbox 1131 2400 1416 2479; x_wconf 77' lang='lat' dir='ltr'><strong>Dionysii</strong></span> <span class='ocrx_word' id='word_1_351' title='bbox 1460 2402 1588 2459; x_wconf 52' lang='lat' dir='ltr'><strong>l&#39;l&quot;.</strong></span> <span class='ocrx_word' id='word_1_352' title='bbox 1627 2401 1780 2471; x_wconf 83' lang='lat' dir='ltr'><strong>CC.,</strong></span> <span class='ocrx_word' id='word_1_353' title='bbox 1828 2418 1940 2478; x_wconf 83' lang='lat' dir='ltr'><strong>per</strong></span> <span class='ocrx_word' id='word_1_354' title='bbox 1983 2400 2149 2478; x_wconf 82' lang='lat' dir='ltr'><strong>quod</strong></span> <span class='ocrx_word' id='word_1_355' title='bbox 2195 2399 2752 2459; x_wconf 85' lang='lat' dir='ltr'><strong>Commonitorium</strong></span> <span class='ocrx_word' id='word_1_356' title='bbox 2807 2401 3060 2476; x_wconf 77' lang='lat' dir='ltr'><strong>cognito</strong></span> <span class='ocrx_word' id='word_1_357' title='bbox 3117 2403 3541 2478; x_wconf 56' lang='lat' dir='ltr'><strong>funestissima</strong></span> 
     </span>
    </p>
   </div>
   <div class='ocr_carea' id='block_1_29' title="bbox 271 2479 3546 2558">
    <p class='ocr_par' dir='ltr' id='par_1_29' title="bbox 271 2479 3546 2558">
     <span class='ocr_line' id='line_1_30' title="bbox 271 2479 3546 2558; baseline 0.001 -20"><span class='ocrx_word' id='word_1_358' title='bbox 271 2497 510 2551; x_wconf 79' lang='lat' dir='ltr'><strong>errore,</strong></span> <span class='ocrx_word' id='word_1_359' title='bbox 543 2480 860 2558; x_wconf 77' lang='lat' dir='ltr'><strong>imperiali</strong></span> <span class='ocrx_word' id='word_1_360' title='bbox 887 2487 1220 2557; x_wconf 72' lang='lat' dir='ltr'><strong>praecepto,</strong></span> <span class='ocrx_word' id='word_1_361' title='bbox 1257 2489 1376 2538; x_wconf 84' lang='lat' dir='ltr'><strong>tam</strong></span> <span class='ocrx_word' id='word_1_362' title='bbox 1422 2480 1725 2540; x_wconf 79' lang='lat' dir='ltr'><strong>Julianus</strong></span> <span class='ocrx_word' id='word_1_363' title='bbox 1754 2480 2037 2558; x_wconf 76' lang='lat' dir='ltr'><strong>(le/ensor</strong></span> <span class='ocrx_word' id='word_1_364' title='bbox 2078 2490 2130 2537; x_wconf 84' lang='lat' dir='ltr'><strong>et</strong></span> <span class='ocrx_word' id='word_1_365' title='bbox 2175 2496 2406 2556; x_wconf 75' lang='lat' dir='ltr'><strong>sequax</strong></span> <span class='ocrx_word' id='word_1_366' title='bbox 2443 2479 2596 2556; x_wconf 81' lang='lat' dir='ltr'><strong>ejus,</strong></span> <span class='ocrx_word' id='word_1_367' title='bbox 2629 2496 2764 2538; x_wconf 84' lang='lat' dir='ltr'><strong>cum</strong></span> <span class='ocrx_word' id='word_1_368' title='bbox 2800 2481 3034 2538; x_wconf 68' lang='lat' dir='ltr'><strong>ueteris</strong></span> <span class='ocrx_word' id='word_1_369' title='bbox 3077 2482 3266 2539; x_wconf 70' lang='lat' dir='ltr'><strong>SOCIiS</strong></span> <span class='ocrx_word' id='word_1_370' title='bbox 3303 2491 3361 2540; x_wconf 81' lang='lat' dir='ltr'><strong>et</strong></span> <span class='ocrx_word' id='word_1_371' title='bbox 3385 2501 3546 2558; x_wconf 80' lang='lat' dir='ltr'><strong>par—</strong></span> 
     </span>
    </p>
   </div>
   <div class='ocr_carea' id='block_1_30' title="bbox 274 2558 3548 2641">
    <p class='ocr_par' dir='ltr' id='par_1_30' title="bbox 274 2558 3548 2641">
     <span class='ocr_line' id='line_1_31' title="bbox 274 2558 3548 2641; baseline 0.001 -23"><span class='ocrx_word' id='word_1_372' title='bbox 274 2559 578 2641; x_wconf 54' lang='lat' dir='ltr'><strong>ticipibus</strong></span> <span class='ocrx_word' id='word_1_373' title='bbox 607 2561 760 2627; x_wconf 82' lang='lat' dir='ltr'><strong>suis,</strong></span> <span class='ocrx_word' id='word_1_374' title='bbox 793 2578 974 2638; x_wconf 83' lang='lat' dir='ltr'><strong>quam</strong></span> <span class='ocrx_word' id='word_1_375' title='bbox 1014 2569 1226 2636; x_wconf 72' lang='lat' dir='ltr'><strong>postea</strong></span> <span class='ocrx_word' id='word_1_376' title='bbox 1257 2559 1575 2641; x_wconf 57' lang='lat' dir='ltr'><strong>Ccelastius</strong></span> <span class='ocrx_word' id='word_1_377' title='bbox 1604 2559 1674 2641; x_wconf 83' lang='lat' dir='ltr'><strong>de</strong></span> <span class='ocrx_word' id='word_1_378' title='bbox 1711 2559 2422 2641; x_wconf 79' lang='lat' dir='ltr'><strong>Constantiaopolitana</strong></span> <span class='ocrx_word' id='word_1_379' title='bbox 2463 2558 2898 2641; x_wconf 66' lang='lat' dir='ltr'><strong>ut&#39;betletrusi,</strong></span> <span class='ocrx_word' id='word_1_380' title='bbox 2938 2559 3004 2641; x_wconf 66' lang='lat' dir='ltr'><strong>iri</strong></span> <span class='ocrx_word' id='word_1_381' title='bbox 3033 2562 3270 2637; x_wconf 77' lang='lat' dir='ltr'><strong>synodo</strong></span> <span class='ocrx_word' id='word_1_382' title='bbox 3307 2579 3548 2641; x_wconf 79' lang='lat' dir='ltr'><strong>quoque</strong></span> 
     </span>
    </p>
   </div>
   <div class='ocr_carea' id='block_1_31' title="bbox 270 2637 3547 2718">
    <p class='ocr_par' dir='ltr' id='par_1_31' title="bbox 270 2637 3547 2718">
     <span class='ocr_line' id='line_1_32' title="bbox 270 2637 3547 2718; baseline 0.002 -22"><span class='ocrx_word' id='word_1_383' title='bbox 270 2637 650 2718; x_wconf 60' lang='lat' dir='ltr'><strong>Ephesiensi</strong></span> <span class='ocrx_word' id='word_1_384' title='bbox 685 2637 1094 2718; x_wconf 60' lang='lat' dir='ltr'><strong>ducentorum</strong></span> <span class='ocrx_word' id='word_1_385' title='bbox 1140 2640 1537 2716; x_wconf 58' lang='lat' dir='ltr'><strong>svptuaginta</strong></span> <span class='ocrx_word' id='word_1_386' title='bbox 1573 2640 1840 2718; x_wconf 84' lang='lat' dir='ltr'><strong>quinque</strong></span> <span class='ocrx_word' id='word_1_387' title='bbox 1895 2639 2326 2718; x_wconf 83' lang='lat' dir='ltr'><strong>episcoporum</strong></span> <span class='ocrx_word' id='word_1_388' title='bbox 2369 2638 2676 2718; x_wconf 68' lang='lat' dir='ltr'><strong>sententia</strong></span> <span class='ocrx_word' id='word_1_389' title='bbox 2710 2639 3106 2712; x_wconf 76' lang='lat' dir='ltr'><strong>postmodum</strong></span> <span class='ocrx_word' id='word_1_390' title='bbox 3151 2641 3214 2696; x_wconf 84' lang='lat' dir='ltr'><strong>in</strong></span> <span class='ocrx_word' id='word_1_391' title='bbox 3249 2637 3547 2717; x_wconf 66' lang='lat' dir='ltr'><strong>pra&#39;xenti</strong></span> 
     </span>
    </p>
   </div>
   <div class='ocr_carea' id='block_1_32' title="bbox 274 2716 3542 2797">
    <p class='ocr_par' dir='ltr' id='par_1_32' title="bbox 274 2716 3542 2797">
     <span class='ocr_line' id='line_1_33' title="bbox 274 2716 3542 2797; baseline 0 -20"><span class='ocrx_word' id='word_1_392' title='bbox 274 2716 564 2778; x_wconf 75' lang='lat' dir='ltr'><strong>damnati</strong></span> <span class='ocrx_word' id='word_1_393' title='bbox 595 2729 761 2797; x_wconf 82' lang='lat' dir='ltr'><strong>sunt.</strong></span> <span class='ocrx_word' id='word_1_394' title='bbox 792 2717 1030 2778; x_wconf 72' lang='lat' dir='ltr'><strong>Habuit</strong></span> <span class='ocrx_word' id='word_1_395' title='bbox 1067 2726 1302 2782; x_wconf 85' lang='lat' dir='ltr'><strong>autem,</strong></span> <span class='ocrx_word' id='word_1_396' title='bbox 1341 2729 1405 2779; x_wconf 87' lang='lat' dir='ltr'><strong>ut</strong></span> <span class='ocrx_word' id='word_1_397' title='bbox 1437 2719 1573 2777; x_wconf 77' lang='lat' dir='ltr'><strong>fasti</strong></span> <span class='ocrx_word' id='word_1_398' title='bbox 1608 2716 1859 2796; x_wconf 79' lang='lat' dir='ltr'><strong>docent,</strong></span> <span class='ocrx_word' id='word_1_399' title='bbox 1893 2736 2101 2777; x_wconf 90' lang='lat' dir='ltr'><strong>annus</strong></span> <span class='ocrx_word' id='word_1_400' title='bbox 2132 2717 2582 2797; x_wconf 60' lang='lat' dir='ltr'><strong>hi9_consules</strong></span> <span class='ocrx_word' id='word_1_401' title='bbox 2616 2717 3010 2797; x_wconf 73' lang='lat' dir='ltr'><strong>Florentium</strong></span> <span class='ocrx_word' id='word_1_402' title='bbox 3049 2726 3107 2797; x_wconf 79' lang='lat' dir='ltr'><strong>et</strong></span> <span class='ocrx_word' id='word_1_403' title='bbox 3136 2716 3542 2797; x_wconf 78' lang='lat' dir='ltr'><strong>Dionysium.</strong></span> 
     </span>
    </p>
   </div>
   <div class='ocr_carea' id='block_1_33' title="bbox 361 2794 3545 2872">
    <p class='ocr_par' dir='ltr' id='par_1_33' title="bbox 361 2794 3545 2872">
     <span class='ocr_line' id='line_1_34' title="bbox 361 2794 3545 2872; baseline 0 -16"><span class='ocrx_word' id='word_1_404' title='bbox 361 2799 680 2866; x_wconf 80' lang='lat' dir='ltr'><strong>Tertium,</strong></span> <span class='ocrx_word' id='word_1_405' title='bbox 711 2796 766 2855; x_wconf 90' lang='lat' dir='ltr'><strong>id</strong></span> <span class='ocrx_word' id='word_1_406' title='bbox 795 2805 908 2866; x_wconf 85' lang='lat' dir='ltr'><strong>est,</strong></span> <span class='ocrx_word' id='word_1_407' title='bbox 939 2803 1183 2872; x_wconf 86' lang='lat' dir='ltr'><strong>tempus</strong></span> <span class='ocrx_word' id='word_1_408' title='bbox 1218 2815 1346 2871; x_wconf 88' lang='lat' dir='ltr'><strong>quo</strong></span> <span class='ocrx_word' id='word_1_409' title='bbox 1397 2799 1794 2872; x_wconf 86' lang='lat' dir='ltr'><strong>conscriptus</strong></span> <span class='ocrx_word' id='word_1_410' title='bbox 1824 2794 1914 2857; x_wconf 83' lang='lat' dir='ltr'><strong>est</strong></span> <span class='ocrx_word' id='word_1_411' title='bbox 1963 2797 2121 2855; x_wconf 87' lang='lat' dir='ltr'><strong>liber</strong></span> <span class='ocrx_word' id='word_1_412' title='bbox 2157 2794 2687 2856; x_wconf 82' lang='lat' dir='ltr'><strong>Subuotationum</strong></span> <span class='ocrx_word' id='word_1_413' title='bbox 2732 2794 2800 2853; x_wconf 86' lang='lat' dir='ltr'><strong>in</strong></span> <span class='ocrx_word' id='word_1_414' title='bbox 2835 2794 3016 2854; x_wconf 83' lang='lat' dir='ltr'><strong>verba</strong></span> <span class='ocrx_word' id='word_1_415' title='bbox 3041 2794 3321 2863; x_wconf 57' lang='lat' dir='ltr'><strong>Iuliani;</strong></span> <span class='ocrx_word' id='word_1_416' title='bbox 3351 2819 3429 2860; x_wconf 81' lang='lat' dir='ltr'><strong>ex</strong></span> <span class='ocrx_word' id='word_1_417' title='bbox 3469 2817 3545 2862; x_wconf 80' lang='lat' dir='ltr'><strong>eo</strong></span> 
     </span>
    </p>
   </div>
   <div class='ocr_carea' id='block_1_34' title="bbox 285 2875 3547 2954">
    <p class='ocr_par' dir='ltr' id='par_1_34' title="bbox 285 2875 3547 2954">
     <span class='ocr_line' id='line_1_35' title="bbox 285 2875 3547 2954; baseline 0 -19"><span class='ocrx_word' id='word_1_418' title='bbox 285 2875 484 2936; x_wconf 76' lang='lat' dir='ltr'><strong>facile</strong></span> <span class='ocrx_word' id='word_1_419' title='bbox 521 2878 843 2953; x_wconf 80' lang='lat' dir='ltr'><strong>colligitur,</strong></span> <span class='ocrx_word' id='word_1_420' title='bbox 874 2876 1044 2954; x_wconf 73' lang='lat' dir='ltr'><strong>qmd</strong></span> <span class='ocrx_word' id='word_1_421' title='bbox 1084 2878 1143 2935; x_wconf 91' lang='lat' dir='ltr'><strong>in</strong></span> <span class='ocrx_word' id='word_1_422' title='bbox 1186 2876 1549 2953; x_wconf 67' lang='lat' dir='ltr'><strong>praefatione</strong></span> <span class='ocrx_word' id='word_1_423' title='bbox 1589 2878 1926 2951; x_wconf 69' lang='lat' dir='ltr'><strong>Augustini</strong></span> <span class='ocrx_word' id='word_1_424' title='bbox 1966 2876 2200 2934; x_wconf 85' lang='lat' dir='ltr'><strong>mentio</strong></span> <span class='ocrx_word' id='word_1_425' title='bbox 2246 2875 2352 2954; x_wconf 9' lang='lat' dir='ltr'><strong>ligat</strong></span> <span class='ocrx_word' id='word_1_426' title='bbox 2387 2875 2577 2933; x_wconf 86' lang='lat' dir='ltr'><strong>veluti</strong></span> <span class='ocrx_word' id='word_1_427' title='bbox 2613 2876 2735 2935; x_wconf 89' lang='lat' dir='ltr'><strong>vita</strong></span> <span class='ocrx_word' id='word_1_428' title='bbox 2775 2875 2992 2934; x_wconf 74' lang='lat' dir='ltr'><strong>iuncti.</strong></span> <span class='ocrx_word' id='word_1_429' title='bbox 3032 2893 3157 2935; x_wconf 86' lang='lat' dir='ltr'><strong>non</strong></span> <span class='ocrx_word' id='word_1_430' title='bbox 3189 2876 3298 2936; x_wconf 77' lang='lat' dir='ltr'><strong>iiut</strong></span> <span class='ocrx_word' id='word_1_431' title='bbox 3331 2888 3547 2941; x_wconf 80' lang='lat' dir='ltr'><strong>autem</strong></span> 
     </span>
    </p>
   </div>
   <div class='ocr_carea' id='block_1_35' title="bbox 278 2953 3548 3031">
    <p class='ocr_par' dir='ltr' id='par_1_35' title="bbox 278 2953 3548 3031">
     <span class='ocr_line' id='line_1_36' title="bbox 278 2953 3548 3031; baseline 0.001 -17"><span class='ocrx_word' id='word_1_432' title='bbox 278 2957 543 3015; x_wconf 86' lang='lat' dir='ltr'><strong>concilii</strong></span> <span class='ocrx_word' id='word_1_433' title='bbox 580 2953 1065 3031; x_wconf 81' lang='lat' dir='ltr'><strong>Ephesini,cum</strong></span> <span class='ocrx_word' id='word_1_434' title='bbox 1101 2966 1306 3016; x_wconf 89' lang='lat' dir='ltr'><strong>tamen</strong></span> <span class='ocrx_word' id='word_1_435' title='bbox 1340 2958 1613 3015; x_wconf 78' lang='lat' dir='ltr'><strong>maxime</strong></span> <span class='ocrx_word' id='word_1_436' title='bbox 1641 2957 2052 3030; x_wconf 78' lang='lat' dir='ltr'><strong>Oportuisset,</strong></span> <span class='ocrx_word' id='word_1_437' title='bbox 2078 2956 2124 3013; x_wconf 67' lang='lat' dir='ltr'><strong>si</strong></span> <span class='ocrx_word' id='word_1_438' title='bbox 2159 2953 2342 3012; x_wconf 87' lang='lat' dir='ltr'><strong>modo</strong></span> <span class='ocrx_word' id='word_1_439' title='bbox 2377 2972 2483 3029; x_wconf 87' lang='lat' dir='ltr'><strong>per</strong></span> <span class='ocrx_word' id='word_1_440' title='bbox 2516 2955 2848 3012; x_wconf 82' lang='lat' dir='ltr'><strong>veritatem</strong></span> <span class='ocrx_word' id='word_1_441' title='bbox 2880 2954 3189 3025; x_wconf 88' lang='lat' dir='ltr'><strong>licuisset,</strong></span> <span class='ocrx_word' id='word_1_442' title='bbox 3228 2957 3548 3031; x_wconf 87' lang='lat' dir='ltr'><strong>siquidem</strong></span> 
     </span>
    </p>
   </div>
   <div class='ocr_carea' id='block_1_36' title="bbox 271 3034 3549 3114">
    <p class='ocr_par' dir='ltr' id='par_1_36' title="bbox 271 3034 3549 3114">
     <span class='ocr_line' id='line_1_37' title="bbox 271 3034 3549 3114; baseline 0.001 -22"><span class='ocrx_word' id='word_1_443' title='bbox 271 3034 339 3114; x_wconf 88' lang='lat' dir='ltr'><strong>in</strong></span> <span class='ocrx_word' id='word_1_444' title='bbox 367 3053 445 3093; x_wconf 86' lang='lat' dir='ltr'><strong>co</strong></span> <span class='ocrx_word' id='word_1_445' title='bbox 471 3035 758 3094; x_wconf 67' lang='lat' dir='ltr'><strong>Jutianu~</strong></span> <span class='ocrx_word' id='word_1_446' title='bbox 783 3054 929 3097; x_wconf 89' lang='lat' dir='ltr'><strong>cum</strong></span> <span class='ocrx_word' id='word_1_447' title='bbox 957 3038 1084 3095; x_wconf 88' lang='lat' dir='ltr'><strong>suis</strong></span> <span class='ocrx_word' id='word_1_448' title='bbox 1115 3037 1449 3093; x_wconf 88' lang='lat' dir='ltr'><strong>damnatus</strong></span> <span class='ocrx_word' id='word_1_449' title='bbox 1477 3043 1594 3094; x_wconf 77' lang='lat' dir='ltr'><strong>est.</strong></span> <span class='ocrx_word' id='word_1_450' title='bbox 1627 3035 1758 3095; x_wconf 86' lang='lat' dir='ltr'><strong>Hoc</strong></span> <span class='ocrx_word' id='word_1_451' title='bbox 1794 3037 1982 3112; x_wconf 85' lang='lat' dir='ltr'><strong>igitur</strong></span> <span class='ocrx_word' id='word_1_452' title='bbox 2007 3035 2601 3114; x_wconf 62' lang='lat' dir='ltr'><strong>opuselaboratuin</strong></span> <span class='ocrx_word' id='word_1_453' title='bbox 2625 3040 2718 3092; x_wconf 88' lang='lat' dir='ltr'><strong>est</strong></span> <span class='ocrx_word' id='word_1_454' title='bbox 2751 3041 3032 3114; x_wconf 74' lang='lat' dir='ltr'><strong>tenipnre</strong></span> <span class='ocrx_word' id='word_1_455' title='bbox 3057 3036 3306 3114; x_wconf 79' lang='lat' dir='ltr'><strong>concilii</strong></span> <span class='ocrx_word' id='word_1_456' title='bbox 3337 3038 3549 3114; x_wconf 77' lang='lat' dir='ltr'><strong>Ephe-</strong></span> 
     </span>
    </p>
   </div>
   <div class='ocr_carea' id='block_1_37' title="bbox 269 3109 3552 3194">
    <p class='ocr_par' dir='ltr' id='par_1_37' title="bbox 269 3109 3552 3194">
     <span class='ocr_line' id='line_1_38' title="bbox 269 3109 3552 3194; baseline 0 -21"><span class='ocrx_word' id='word_1_457' title='bbox 269 3113 419 3180; x_wconf 82' lang='lat' dir='ltr'><strong>sini,</strong></span> <span class='ocrx_word' id='word_1_458' title='bbox 460 3123 524 3172; x_wconf 91' lang='lat' dir='ltr'><strong>ut</strong></span> <span class='ocrx_word' id='word_1_459' title='bbox 560 3116 621 3173; x_wconf 94' lang='lat' dir='ltr'><strong>in</strong></span> <span class='ocrx_word' id='word_1_460' title='bbox 663 3120 826 3174; x_wconf 86' lang='lat' dir='ltr'><strong>notis</strong></span> <span class='ocrx_word' id='word_1_461' title='bbox 863 3119 1059 3175; x_wconf 78' lang='lat' dir='ltr'><strong>iusius</strong></span> <span class='ocrx_word' id='word_1_462' title='bbox 1107 3116 1650 3174; x_wconf 78' lang='lat' dir='ltr'><strong>demonstrabitur</strong></span> <span class='ocrx_word' id='word_1_463' title='bbox 1686 3135 1700 3173; x_wconf 89' lang='lat'><strong>:</strong></span> <span class='ocrx_word' id='word_1_464' title='bbox 1738 3109 1886 3174; x_wconf 81' lang='lat' dir='ltr'><strong>tunc</strong></span> <span class='ocrx_word' id='word_1_465' title='bbox 1933 3109 2099 3172; x_wconf 83' lang='lat' dir='ltr'><strong>enim</strong></span> <span class='ocrx_word' id='word_1_466' title='bbox 2133 3113 2450 3194; x_wconf 81' lang='lat' dir='ltr'><strong>Mercator</strong></span> <span class='ocrx_word' id='word_1_467' title='bbox 2490 3130 2525 3171; x_wconf 89' lang='lat' dir='ltr'><strong>a</strong></span> <span class='ocrx_word' id='word_1_468' title='bbox 2573 3112 2835 3194; x_wconf 83' lang='lat' dir='ltr'><strong>Bassula</strong></span> <span class='ocrx_word' id='word_1_469' title='bbox 2884 3109 3178 3174; x_wconf 66' lang='lat' dir='ltr'><strong>Ecclesiae</strong></span> <span class='ocrx_word' id='word_1_470' title='bbox 3207 3109 3552 3194; x_wconf 77' lang='lat' dir='ltr'><strong>Carthagi-</strong></span> 
     </span>
    </p>
   </div>
   <div class='ocr_carea' id='block_1_38' title="bbox 267 3193 3549 3272">
    <p class='ocr_par' dir='ltr' id='par_1_38' title="bbox 267 3193 3549 3272">
     <span class='ocr_line' id='line_1_39' title="bbox 267 3193 3549 3272; baseline 0.002 -21"><span class='ocrx_word' id='word_1_471' title='bbox 267 3196 493 3253; x_wconf 84' lang='lat' dir='ltr'><strong>nensis</strong></span> <span class='ocrx_word' id='word_1_472' title='bbox 524 3195 798 3254; x_wconf 81' lang='lat' dir='ltr'><strong>diacono</strong></span> <span class='ocrx_word' id='word_1_473' title='bbox 829 3195 1167 3272; x_wconf 83' lang='lat' dir='ltr'><strong>Augustini</strong></span> <span class='ocrx_word' id='word_1_474' title='bbox 1198 3195 1568 3271; x_wconf 84' lang='lat' dir='ltr'><strong>Julianique</strong></span> <span class='ocrx_word' id='word_1_475' title='bbox 1599 3195 1869 3252; x_wconf 73' lang='lat' dir='ltr'><strong>ll&#39;llelllll</strong></span> <span class='ocrx_word' id='word_1_476' title='bbox 1900 3210 2060 3269; x_wconf 83' lang='lat' dir='ltr'><strong>Opus</strong></span> <span class='ocrx_word' id='word_1_477' title='bbox 2095 3197 2358 3268; x_wconf 78' lang='lat' dir='ltr'><strong>accepit.</strong></span> <span class='ocrx_word' id='word_1_478' title='bbox 2398 3193 2673 3272; x_wconf 78' lang='lat' dir='ltr'><strong>Contigit.</strong></span> <span class='ocrx_word' id='word_1_479' title='bbox 2716 3198 2927 3272; x_wconf 71' lang='lat' dir='ltr'><strong>autem</strong></span> <span class='ocrx_word' id='word_1_480' title='bbox 2978 3210 3150 3252; x_wconf 85' lang='lat' dir='ltr'><strong>mors</strong></span> <span class='ocrx_word' id='word_1_481' title='bbox 3202 3193 3549 3272; x_wconf 80' lang='lat' dir='ltr'><strong>Augustini</strong></span> 
     </span>
    </p>
   </div>
   <div class='ocr_carea' id='block_1_39' title="bbox 269 3269 3030 3350">
    <p class='ocr_par' dir='ltr' id='par_1_39' title="bbox 269 3269 3030 3350">
     <span class='ocr_line' id='line_1_40' title="bbox 269 3269 3030 3350; baseline -0.001 -18"><span class='ocrx_word' id='word_1_482' title='bbox 269 3287 421 3332; x_wconf 86' lang='lat' dir='ltr'><strong>ann.</strong></span> <span class='ocrx_word' id='word_1_483' title='bbox 458 3272 580 3332; x_wconf 55' lang='lat'><strong>1530</strong></span> <span class='ocrx_word' id='word_1_484' title='bbox 621 3293 648 3332; x_wconf 95' lang='lat' dir='ltr'><strong>v</strong></span> <span class='ocrx_word' id='word_1_485' title='bbox 684 3272 810 3334; x_wconf 89' lang='lat' dir='ltr'><strong>kal.</strong></span> <span class='ocrx_word' id='word_1_486' title='bbox 841 3269 1156 3350; x_wconf 74' lang='lat' dir='ltr'><strong>Septemb.</strong></span> <span class='ocrx_word' id='word_1_487' title='bbox 1197 3276 1420 3332; x_wconf 82' lang='lat' dir='ltr'><strong>Datum</strong></span> <span class='ocrx_word' id='word_1_488' title='bbox 1457 3269 1728 3332; x_wconf 85' lang='lat' dir='ltr'><strong>concilio</strong></span> <span class='ocrx_word' id='word_1_489' title='bbox 1764 3273 2010 3332; x_wconf 88' lang='lat' dir='ltr'><strong>initium</strong></span> <span class='ocrx_word' id='word_1_490' title='bbox 2036 3289 2208 3332; x_wconf 90' lang='lat' dir='ltr'><strong>anno</strong></span> <span class='ocrx_word' id='word_1_491' title='bbox 2235 3276 2543 3347; x_wconf 64' lang='lat' dir='ltr'><strong>sequi-nte</strong></span> <span class='ocrx_word' id='word_1_492' title='bbox 2574 3289 2612 3329; x_wconf 66' lang='grc' dir='ltr'><strong>Χ</strong></span> <span class='ocrx_word' id='word_1_493' title='bbox 2644 3269 2771 3330; x_wconf 89' lang='lat' dir='ltr'><strong>kal.</strong></span> <span class='ocrx_word' id='word_1_494' title='bbox 2801 3270 3030 3331; x_wconf 82' lang='lat' dir='ltr'><strong>Julias.</strong></span> 
     </span>
    </p>
   </div>
   <div class='ocr_carea' id='block_1_40' title="bbox 343 3351 3546 3430">
    <p class='ocr_par' dir='ltr' id='par_1_40' title="bbox 343 3351 3546 3430">
     <span class='ocr_line' id='line_1_41' title="bbox 343 3351 3546 3430; baseline 0.002 -20"><span class='ocrx_word' id='word_1_495' title='bbox 343 3351 664 3424; x_wconf 86' lang='lat' dir='ltr'><strong>Quartum</strong></span> <span class='ocrx_word' id='word_1_496' title='bbox 702 3355 921 3414; x_wconf 87' lang='lat' dir='ltr'><strong>eadem</strong></span> <span class='ocrx_word' id='word_1_497' title='bbox 958 3355 1204 3413; x_wconf 86' lang='lat' dir='ltr'><strong>ratione</strong></span> <span class='ocrx_word' id='word_1_498' title='bbox 1244 3353 1496 3430; x_wconf 86' lang='lat' dir='ltr'><strong>probari</strong></span> <span class='ocrx_word' id='word_1_499' title='bbox 1533 3355 1756 3428; x_wconf 77' lang='lat' dir='ltr'><strong>potest.</strong></span> <span class='ocrx_word' id='word_1_500' title='bbox 1798 3371 1924 3428; x_wconf 87' lang='lat' dir='ltr'><strong>quo</strong></span> <span class='ocrx_word' id='word_1_501' title='bbox 1959 3359 2238 3429; x_wconf 86' lang='lat' dir='ltr'><strong>tempore</strong></span> <span class='ocrx_word' id='word_1_502' title='bbox 2275 3351 2511 3410; x_wconf 75' lang='lat' dir='ltr'><strong>scilicet</strong></span> <span class='ocrx_word' id='word_1_503' title='bbox 2547 3351 3080 3409; x_wconf 84' lang='lat' dir='ltr'><strong>contradictiones</strong></span> <span class='ocrx_word' id='word_1_504' title='bbox 3120 3368 3153 3408; x_wconf 90' lang='lat' dir='ltr'><strong>a</strong></span> <span class='ocrx_word' id='word_1_505' title='bbox 3190 3352 3546 3417; x_wconf 85' lang='lat' dir='ltr'><strong>Mercatore</strong></span> 
     </span>
    </p>
   </div>
   <div class='ocr_carea' id='block_1_41' title="bbox 275 3429 3545 3509">
    <p class='ocr_par' dir='ltr' id='par_1_41' title="bbox 275 3429 3545 3509">
     <span class='ocr_line' id='line_1_42' title="bbox 275 3429 3545 3509; baseline 0.001 -19"><span class='ocrx_word' id='word_1_506' title='bbox 275 3434 524 3509; x_wconf 60' lang='lat' dir='ltr'><strong>scriptae</strong></span> <span class='ocrx_word' id='word_1_507' title='bbox 551 3435 680 3493; x_wconf 88' lang='lat' dir='ltr'><strong>sint</strong></span> <span class='ocrx_word' id='word_1_508' title='bbox 715 3435 1023 3494; x_wconf 84' lang='lat' dir='ltr'><strong>adversus</strong></span> <span class='ocrx_word' id='word_1_509' title='bbox 1055 3429 1282 3508; x_wconf 83' lang='lat' dir='ltr'><strong>impios</strong></span> <span class='ocrx_word' id='word_1_510' title='bbox 1334 3433 1602 3494; x_wconf 82' lang='lat' dir='ltr'><strong>Nestorii</strong></span> <span class='ocrx_word' id='word_1_511' title='bbox 1641 3433 2228 3491; x_wconf 65' lang='lat' dir='ltr'><strong>anathematisiuos.</strong></span> <span class='ocrx_word' id='word_1_512' title='bbox 2270 3430 2600 3489; x_wconf 82' lang='lat' dir='ltr'><strong>Nestorius</strong></span> <span class='ocrx_word' id='word_1_513' title='bbox 2631 3429 2916 3504; x_wconf 87' lang='lat' dir='ltr'><strong>enim,ut</strong></span> <span class='ocrx_word' id='word_1_514' title='bbox 2947 3438 3195 3490; x_wconf 84' lang='lat' dir='ltr'><strong>constat</strong></span> <span class='ocrx_word' id='word_1_515' title='bbox 3244 3451 3322 3492; x_wconf 85' lang='lat' dir='ltr'><strong>ex</strong></span> <span class='ocrx_word' id='word_1_516' title='bbox 3361 3435 3545 3496; x_wconf 91' lang='lat' dir='ltr'><strong>titulo</strong></span> 
     </span>
    </p>
   </div>
   <div class='ocr_carea' id='block_1_42' title="bbox 278 3510 3546 3589">
    <p class='ocr_par' dir='ltr' id='par_1_42' title="bbox 278 3510 3546 3589">
     <span class='ocr_line' id='line_1_43' title="bbox 278 3510 3546 3589; baseline 0.002 -21"><span class='ocrx_word' id='word_1_517' title='bbox 278 3510 627 3589; x_wconf 80' lang='lat' dir='ltr'><strong>duodecimi</strong></span> <span class='ocrx_word' id='word_1_518' title='bbox 666 3515 1004 3582; x_wconf 88' lang='lat' dir='ltr'><strong>sermonis,</strong></span> <span class='ocrx_word' id='word_1_519' title='bbox 1034 3530 1088 3571; x_wconf 79' lang='lat' dir='ltr'><strong>vi</strong></span> <span class='ocrx_word' id='word_1_520' title='bbox 1124 3514 1202 3571; x_wconf 88' lang='lat' dir='ltr'><strong>id.</strong></span> <span class='ocrx_word' id='word_1_521' title='bbox 1230 3512 1618 3581; x_wconf 83' lang='lat' dir='ltr'><strong>Decembris,</strong></span> <span class='ocrx_word' id='word_1_522' title='bbox 1641 3511 1998 3571; x_wconf 85' lang='lat' dir='ltr'><strong>Theodosio</strong></span> <span class='ocrx_word' id='word_1_523' title='bbox 2027 3527 2143 3568; x_wconf 79' lang='lat' dir='ltr'><strong>xm</strong></span> <span class='ocrx_word' id='word_1_524' title='bbox 2169 3515 2225 3569; x_wconf 89' lang='lat' dir='ltr'><strong>et</strong></span> <span class='ocrx_word' id='word_1_525' title='bbox 2247 3510 2697 3570; x_wconf 88' lang='lat' dir='ltr'><strong>Valentiniano</strong></span> <span class='ocrx_word' id='word_1_526' title='bbox 2735 3525 2802 3567; x_wconf 88' lang='grc' dir='ltr'><strong>ιιι</strong></span> <span class='ocrx_word' id='word_1_527' title='bbox 2829 3512 2958 3589; x_wconf 81' lang='lat' dir='ltr'><strong>AA.</strong></span> <span class='ocrx_word' id='word_1_528' title='bbox 2985 3510 3102 3572; x_wconf 88' lang='lat' dir='ltr'><strong>CC.</strong></span> <span class='ocrx_word' id='word_1_529' title='bbox 3135 3515 3379 3589; x_wconf 87' lang='lat' dir='ltr'><strong>accepit</strong></span> <span class='ocrx_word' id='word_1_530' title='bbox 3401 3533 3546 3576; x_wconf 87' lang='lat' dir='ltr'><strong>cum</strong></span> 
     </span>
    </p>
   </div>
   <div class='ocr_carea' id='block_1_43' title="bbox 273 3587 3550 3670">
    <p class='ocr_par' dir='ltr' id='par_1_43' title="bbox 273 3587 3550 3670">
     <span class='ocr_line' id='line_1_44' title="bbox 273 3587 3550 3670; baseline 0.001 -24"><span class='ocrx_word' id='word_1_531' title='bbox 273 3587 496 3670; x_wconf 77' lang='lat' dir='ltr'><strong>litteris</strong></span> <span class='ocrx_word' id='word_1_532' title='bbox 535 3592 761 3670; x_wconf 80' lang='lat' dir='ltr'><strong>Cyrilli</strong></span> <span class='ocrx_word' id='word_1_533' title='bbox 820 3593 1387 3650; x_wconf 87' lang='lat' dir='ltr'><strong>anathemalismos</strong></span> <span class='ocrx_word' id='word_1_534' title='bbox 1438 3591 1767 3649; x_wconf 79' lang='lat' dir='ltr'><strong>duodecim</strong></span> <span class='ocrx_word' id='word_1_535' title='bbox 1836 3590 2212 3670; x_wconf 79' lang='lat' dir='ltr'><strong>eatholieos,</strong></span> <span class='ocrx_word' id='word_1_536' title='bbox 2273 3590 2719 3670; x_wconf 79' lang='lat' dir='ltr'><strong>quibussnos</strong></span> <span class='ocrx_word' id='word_1_537' title='bbox 2771 3587 3028 3670; x_wconf 79' lang='lat' dir='ltr'><strong>totidem</strong></span> <span class='ocrx_word' id='word_1_538' title='bbox 3084 3587 3416 3668; x_wconf 85' lang='lat' dir='ltr'><strong>opposint,</strong></span> <span class='ocrx_word' id='word_1_539' title='bbox 3479 3602 3550 3654; x_wconf 87' lang='lat' dir='ltr'><strong>ut</strong></span> 
     </span>
    </p>
   </div>
   <div class='ocr_carea' id='block_1_44' title="bbox 276 3665 3549 3749">
    <p class='ocr_par' dir='ltr' id='par_1_44' title="bbox 276 3665 3549 3749">
     <span class='ocr_line' id='line_1_45' title="bbox 276 3665 3549 3749; baseline 0.002 -24"><span class='ocrx_word' id='word_1_540' title='bbox 276 3667 454 3729; x_wconf 86' lang='lat' dir='ltr'><strong>docet</strong></span> <span class='ocrx_word' id='word_1_541' title='bbox 486 3665 714 3730; x_wconf 74' lang='lat' dir='ltr'><strong>titulus</strong></span> <span class='ocrx_word' id='word_1_542' title='bbox 741 3671 1342 3737; x_wconf 68' lang='lat' dir='ltr'><strong>contradictioiium,</strong></span> <span class='ocrx_word' id='word_1_543' title='bbox 1378 3688 1538 3746; x_wconf 65' lang='lat' dir='ltr'><strong>quas</strong></span> <span class='ocrx_word' id='word_1_544' title='bbox 1572 3670 1888 3730; x_wconf 84' lang='lat' dir='ltr'><strong>Mercator</strong></span> <span class='ocrx_word' id='word_1_545' title='bbox 1924 3669 2199 3746; x_wconf 83' lang='lat' dir='ltr'><strong>scripsit,</strong></span> <span class='ocrx_word' id='word_1_546' title='bbox 2241 3669 2470 3749; x_wconf 77' lang='lat' dir='ltr'><strong>procul</strong></span> <span class='ocrx_word' id='word_1_547' title='bbox 2503 3667 2694 3726; x_wconf 83' lang='lat' dir='ltr'><strong>dubio</strong></span> <span class='ocrx_word' id='word_1_548' title='bbox 2726 3675 2872 3726; x_wconf 85' lang='lat' dir='ltr'><strong>ante</strong></span> <span class='ocrx_word' id='word_1_549' title='bbox 2896 3665 3549 3749; x_wconf 81' lang='lat' dir='ltr'><strong>Nestoriidepositio-</strong></span> 
     </span>
    </p>
   </div>
   <div class='ocr_carea' id='block_1_45' title="bbox 277 3747 3550 3828">
    <p class='ocr_par' dir='ltr' id='par_1_45' title="bbox 277 3747 3550 3828">
     <span class='ocr_line' id='line_1_46' title="bbox 277 3747 3550 3828; baseline 0.001 -22"><span class='ocrx_word' id='word_1_550' title='bbox 277 3764 450 3823; x_wconf 87' lang='lat' dir='ltr'><strong>nem;</strong></span> <span class='ocrx_word' id='word_1_551' title='bbox 493 3751 570 3810; x_wconf 89' lang='lat' dir='ltr'><strong>de</strong></span> <span class='ocrx_word' id='word_1_552' title='bbox 595 3766 724 3827; x_wconf 85' lang='lat' dir='ltr'><strong>qua</strong></span> <span class='ocrx_word' id='word_1_553' title='bbox 753 3751 1061 3828; x_wconf 81' lang='lat' dir='ltr'><strong>siquidem</strong></span> <span class='ocrx_word' id='word_1_554' title='bbox 1094 3751 1308 3809; x_wconf 89' lang='lat' dir='ltr'><strong>nullus</strong></span> <span class='ocrx_word' id='word_1_555' title='bbox 1343 3768 1549 3809; x_wconf 86' lang='lat' dir='ltr'><strong>sermo</strong></span> <span class='ocrx_word' id='word_1_556' title='bbox 1582 3750 1670 3817; x_wconf 86' lang='lat' dir='ltr'><strong>tit,</strong></span> <span class='ocrx_word' id='word_1_557' title='bbox 1703 3767 1843 3809; x_wconf 88' lang='lat' dir='ltr'><strong>cum</strong></span> <span class='ocrx_word' id='word_1_558' title='bbox 1877 3757 2081 3809; x_wconf 85' lang='lat' dir='ltr'><strong>tamen</strong></span> <span class='ocrx_word' id='word_1_559' title='bbox 2117 3748 2279 3821; x_wconf 81' lang='lat' dir='ltr'><strong>ﬁeri,</strong></span> <span class='ocrx_word' id='word_1_560' title='bbox 2313 3749 2360 3806; x_wconf 93' lang='lat' dir='ltr'><strong>si</strong></span> <span class='ocrx_word' id='word_1_561' title='bbox 2397 3747 2487 3828; x_wconf 74' lang='lat' dir='ltr'><strong>ias</strong></span> <span class='ocrx_word' id='word_1_562' title='bbox 2528 3748 2773 3828; x_wconf 79' lang='lat' dir='ltr'><strong>fuisset,</strong></span> <span class='ocrx_word' id='word_1_563' title='bbox 2805 3749 3087 3828; x_wconf 80' lang='lat' dir='ltr'><strong>exigeret</strong></span> <span class='ocrx_word' id='word_1_564' title='bbox 3118 3747 3348 3826; x_wconf 72' lang='lat' dir='ltr'><strong>saepius</strong></span> <span class='ocrx_word' id='word_1_565' title='bbox 3383 3755 3550 3828; x_wconf 59' lang='grc' dir='ltr'><strong>ἰωῇ-ε</strong></span> 
     </span>
    </p>
   </div>
   <div class='ocr_carea' id='block_1_46' title="bbox 275 3827 3549 3908">
    <p class='ocr_par' dir='ltr' id='par_1_46' title="bbox 275 3827 3549 3908">
     <span class='ocr_line' id='line_1_47' title="bbox 275 3827 3549 3908; baseline 0.002 -23"><span class='ocrx_word' id='word_1_566' title='bbox 275 3843 385 3908; x_wconf 85' lang='lat' dir='ltr'><strong>pus</strong></span> <span class='ocrx_word' id='word_1_567' title='bbox 423 3837 486 3888; x_wconf 90' lang='lat' dir='ltr'><strong>et</strong></span> <span class='ocrx_word' id='word_1_568' title='bbox 521 3831 726 3890; x_wconf 90' lang='lat' dir='ltr'><strong>locus.</strong></span> <span class='ocrx_word' id='word_1_569' title='bbox 764 3827 902 3889; x_wconf 83' lang='lat' dir='ltr'><strong>Hoc</strong></span> <span class='ocrx_word' id='word_1_570' title='bbox 929 3833 1118 3908; x_wconf 84' lang='lat' dir='ltr'><strong>igitur</strong></span> <span class='ocrx_word' id='word_1_571' title='bbox 1151 3847 1312 3908; x_wconf 82' lang='lat' dir='ltr'><strong>Opus</strong></span> <span class='ocrx_word' id='word_1_572' title='bbox 1342 3845 1510 3887; x_wconf 89' lang='lat' dir='ltr'><strong>anno</strong></span> <span class='ocrx_word' id='word_1_573' title='bbox 1551 3828 1690 3896; x_wconf 64' lang='lat' dir='ltr'><strong>ltili,</strong></span> <span class='ocrx_word' id='word_1_574' title='bbox 1736 3837 1883 3888; x_wconf 89' lang='lat' dir='ltr'><strong>ante</strong></span> <span class='ocrx_word' id='word_1_575' title='bbox 1920 3829 2255 3888; x_wconf 69' lang='lat' dir='ltr'><strong>concilium</strong></span> <span class='ocrx_word' id='word_1_576' title='bbox 2287 3827 2678 3895; x_wconf 89' lang='lat' dir='ltr'><strong>inchoatum,</strong></span> <span class='ocrx_word' id='word_1_577' title='bbox 2723 3827 3120 3908; x_wconf 83' lang='lat' dir='ltr'><strong>elaboratum</strong></span> <span class='ocrx_word' id='word_1_578' title='bbox 3148 3836 3244 3888; x_wconf 88' lang='lat' dir='ltr'><strong>est</strong></span> <span class='ocrx_word' id='word_1_579' title='bbox 3277 3847 3293 3887; x_wconf 93' lang='lat'><strong>:</strong></span> <span class='ocrx_word' id='word_1_580' title='bbox 3335 3829 3549 3893; x_wconf 83' lang='lat' dir='ltr'><strong>anuus</strong></span> 
     </span>
    </p>
   </div>
   <div class='ocr_carea' id='block_1_47' title="bbox 274 3905 3174 3985">
    <p class='ocr_par' dir='ltr' id='par_1_47' title="bbox 274 3905 3174 3985">
     <span class='ocr_line' id='line_1_48' title="bbox 274 3905 3174 3985; baseline 0 -21"><span class='ocrx_word' id='word_1_581' title='bbox 274 3906 440 3965; x_wconf 85' lang='lat' dir='ltr'><strong>enim</strong></span> <span class='ocrx_word' id='word_1_582' title='bbox 479 3911 590 3985; x_wconf 89' lang='lat' dir='ltr'><strong>qui</strong></span> <span class='ocrx_word' id='word_1_583' title='bbox 632 3905 972 3968; x_wconf 83' lang='lat' dir='ltr'><strong>consulatu</strong></span> <span class='ocrx_word' id='word_1_584' title='bbox 1001 3905 1339 3970; x_wconf 79' lang='lat' dir='ltr'><strong>Theodosii</strong></span> <span class='ocrx_word' id='word_1_585' title='bbox 1373 3925 1490 3967; x_wconf 77' lang='lat' dir='ltr'><strong>xm</strong></span> <span class='ocrx_word' id='word_1_586' title='bbox 1526 3915 1583 3967; x_wconf 90' lang='lat' dir='ltr'><strong>et</strong></span> <span class='ocrx_word' id='word_1_587' title='bbox 1613 3908 2039 3968; x_wconf 41' lang='lat' dir='ltr'><strong>\J’atentiniani</strong></span> <span class='ocrx_word' id='word_1_588' title='bbox 2077 3925 2141 3966; x_wconf 92' lang='grc' dir='ltr'><strong>ιιι</strong></span> <span class='ocrx_word' id='word_1_589' title='bbox 2177 3910 2614 3984; x_wconf 82' lang='lat' dir='ltr'><strong>consignatur,</strong></span> <span class='ocrx_word' id='word_1_590' title='bbox 2644 3913 2734 3965; x_wconf 85' lang='lat' dir='ltr'><strong>est</strong></span> <span class='ocrx_word' id='word_1_591' title='bbox 2763 3906 2992 3965; x_wconf 84' lang='lat' dir='ltr'><strong>Christi</strong></span> <span class='ocrx_word' id='word_1_592' title='bbox 3037 3905 3174 3966; x_wconf 71' lang='lat'><strong>1-30.</strong></span> 
     </span>
    </p>
   </div>
   <div class='ocr_carea' id='block_1_48' title="bbox 345 3985 3544 4068">
    <p class='ocr_par' dir='ltr' id='par_1_48' title="bbox 345 3985 3544 4068">
     <span class='ocr_line' id='line_1_49' title="bbox 345 3985 3544 4068; baseline 0.003 -24"><span class='ocrx_word' id='word_1_593' title='bbox 345 3987 661 4060; x_wconf 85' lang='lat' dir='ltr'><strong>Quintum</strong></span> <span class='ocrx_word' id='word_1_594' title='bbox 700 3988 775 4051; x_wconf 89' lang='lat' dir='ltr'><strong>de</strong></span> <span class='ocrx_word' id='word_1_595' title='bbox 833 3996 1112 4068; x_wconf 87' lang='lat' dir='ltr'><strong>tempore</strong></span> <span class='ocrx_word' id='word_1_596' title='bbox 1171 4006 1300 4063; x_wconf 89' lang='lat' dir='ltr'><strong>quo</strong></span> <span class='ocrx_word' id='word_1_597' title='bbox 1349 3987 1666 4047; x_wconf 85' lang='lat' dir='ltr'><strong>Mercator</strong></span> <span class='ocrx_word' id='word_1_598' title='bbox 1712 3988 2019 4048; x_wconf 86' lang='lat' dir='ltr'><strong>adversus</strong></span> <span class='ocrx_word' id='word_1_599' title='bbox 2053 3986 2850 4068; x_wconf 62' lang='lat' dir='ltr'><strong>&#39;l‘heodoretumscripsit,</strong></span> <span class='ocrx_word' id='word_1_600' title='bbox 2884 3985 3141 4068; x_wconf 82' lang='lat' dir='ltr'><strong>liquido</strong></span> <span class='ocrx_word' id='word_1_601' title='bbox 3181 3990 3374 4068; x_wconf 79' lang='lat' dir='ltr'><strong>patet,</strong></span> <span class='ocrx_word' id='word_1_602' title='bbox 3416 4008 3544 4052; x_wconf 87' lang='lat' dir='ltr'><strong>non</strong></span> 
     </span>
    </p>
   </div>
   <div class='ocr_carea' id='block_1_49' title="bbox 274 4064 3549 4141">
    <p class='ocr_par' dir='ltr' id='par_1_49' title="bbox 274 4064 3549 4141">
     <span class='ocr_line' id='line_1_50' title="bbox 274 4064 3549 4141; baseline 0 -17"><span class='ocrx_word' id='word_1_603' title='bbox 274 4069 523 4127; x_wconf 87' lang='lat' dir='ltr'><strong>tantum</strong></span> <span class='ocrx_word' id='word_1_604' title='bbox 558 4085 642 4128; x_wconf 77' lang='lat' dir='ltr'><strong>ex</strong></span> <span class='ocrx_word' id='word_1_605' title='bbox 675 4064 1057 4129; x_wconf 78' lang='lat' dir='ltr'><strong>refutatione</strong></span> <span class='ocrx_word' id='word_1_606' title='bbox 1085 4068 1476 4127; x_wconf 67' lang='lat' dir='ltr'><strong>Nestoriaua:</strong></span> <span class='ocrx_word' id='word_1_607' title='bbox 1510 4067 1791 4140; x_wconf 65' lang='lat' dir='ltr'><strong>haeresis,</strong></span> <span class='ocrx_word' id='word_1_608' title='bbox 1830 4067 1932 4125; x_wconf 87' lang='lat' dir='ltr'><strong>ubi</strong></span> <span class='ocrx_word' id='word_1_609' title='bbox 1973 4067 2210 4124; x_wconf 87' lang='lat' dir='ltr'><strong>mentio</strong></span> <span class='ocrx_word' id='word_1_610' title='bbox 2247 4083 2506 4141; x_wconf 87' lang='lat' dir='ltr'><strong>quoque</strong></span> <span class='ocrx_word' id='word_1_611' title='bbox 2539 4064 2602 4122; x_wconf 84' lang='lat' dir='ltr'><strong>lit</strong></span> <span class='ocrx_word' id='word_1_612' title='bbox 2633 4064 3083 4141; x_wconf 69' lang='lat' dir='ltr'><strong>liutychianaa;</strong></span> <span class='ocrx_word' id='word_1_613' title='bbox 3117 4064 3224 4126; x_wconf 77' lang='lat' dir='ltr'><strong>sed</strong></span> <span class='ocrx_word' id='word_1_614' title='bbox 3252 4064 3439 4128; x_wconf 82' lang='lat' dir='ltr'><strong>etiam</strong></span> <span class='ocrx_word' id='word_1_615' title='bbox 3465 4087 3549 4131; x_wconf 73' lang='lat' dir='ltr'><strong>ex</strong></span> 
     </span>
    </p>
   </div>
   <div class='ocr_carea' id='block_1_50' title="bbox 277 4145 3550 4221">
    <p class='ocr_par' dir='ltr' id='par_1_50' title="bbox 277 4145 3550 4221">
     <span class='ocr_line' id='line_1_51' title="bbox 277 4145 3550 4221; baseline 0.001 -18"><span class='ocrx_word' id='word_1_616' title='bbox 277 4145 369 4205; x_wconf 88' lang='lat' dir='ltr'><strong>his</strong></span> <span class='ocrx_word' id='word_1_617' title='bbox 403 4148 624 4208; x_wconf 77' lang='lat' dir='ltr'><strong>verbis</strong></span> <span class='ocrx_word' id='word_1_618' title='bbox 655 4147 816 4206; x_wconf 89' lang='lat' dir='ltr'><strong>tituli</strong></span> <span class='ocrx_word' id='word_1_619' title='bbox 852 4150 1158 4207; x_wconf 83' lang='lat' dir='ltr'><strong>adversus</strong></span> <span class='ocrx_word' id='word_1_620' title='bbox 1191 4146 1657 4206; x_wconf 87' lang='lat' dir='ltr'><strong>&#39;l‘heodorelum</strong></span> <span class='ocrx_word' id='word_1_621' title='bbox 1698 4169 1711 4208; x_wconf 90' lang='lat'><strong>:</strong></span> <span class='ocrx_word' id='word_1_622' title='bbox 1755 4148 1911 4206; x_wconf 86' lang='lat' dir='ltr'><strong>Item</strong></span> <span class='ocrx_word' id='word_1_623' title='bbox 1968 4163 2046 4204; x_wconf 75' lang='lat' dir='ltr'><strong>ex</strong></span> <span class='ocrx_word' id='word_1_624' title='bbox 2089 4146 2271 4220; x_wconf 80' lang='lat' dir='ltr'><strong>gestis</strong></span> <span class='ocrx_word' id='word_1_625' title='bbox 2311 4161 2442 4221; x_wconf 72' lang='lat' dir='ltr'><strong>qum</strong></span> <span class='ocrx_word' id='word_1_626' title='bbox 2476 4152 2698 4203; x_wconf 86' lang='lat' dir='ltr'><strong>contra</strong></span> <span class='ocrx_word' id='word_1_627' title='bbox 2744 4145 3052 4203; x_wconf 80' lang='lat' dir='ltr'><strong>Domuum</strong></span> <span class='ocrx_word' id='word_1_628' title='bbox 3095 4146 3550 4208; x_wconf 82' lang='lat' dir='ltr'><strong>Antiochenum</strong></span> 
     </span>
    </p>
   </div>
   <div class='ocr_carea' id='block_1_51' title="bbox 277 4221 3549 4305">
    <p class='ocr_par' dir='ltr' id='par_1_51' title="bbox 277 4221 3549 4305">
     <span class='ocr_line' id='line_1_52' title="bbox 277 4221 3549 4305; baseline 0.001 -23"><span class='ocrx_word' id='word_1_629' title='bbox 277 4227 635 4305; x_wconf 78' lang='lat' dir='ltr'><strong>episcopum</strong></span> <span class='ocrx_word' id='word_1_630' title='bbox 671 4227 1027 4302; x_wconf 82' lang='lat' dir='ltr'><strong>conscripta</strong></span> <span class='ocrx_word' id='word_1_631' title='bbox 1062 4235 1238 4294; x_wconf 85' lang='lat' dir='ltr'><strong>sunt,</strong></span> <span class='ocrx_word' id='word_1_632' title='bbox 1273 4227 1335 4285; x_wconf 85' lang='lat' dir='ltr'><strong>in</strong></span> <span class='ocrx_word' id='word_1_633' title='bbox 1371 4227 1592 4304; x_wconf 77' lang='lat' dir='ltr'><strong>quibus</strong></span> <span class='ocrx_word' id='word_1_634' title='bbox 1626 4234 1959 4285; x_wconf 79' lang='lat' dir='ltr'><strong>accusatur</strong></span> <span class='ocrx_word' id='word_1_635' title='bbox 2011 4225 2164 4284; x_wconf 77' lang='lat' dir='ltr'><strong>idem</strong></span> <span class='ocrx_word' id='word_1_636' title='bbox 2211 4224 2514 4305; x_wconf 73' lang='lat' dir='ltr'><strong>Domnus,</strong></span> <span class='ocrx_word' id='word_1_637' title='bbox 2552 4221 2720 4300; x_wconf 82' lang='lat' dir='ltr'><strong>quod</strong></span> <span class='ocrx_word' id='word_1_638' title='bbox 2767 4240 2832 4280; x_wconf 87' lang='lat' dir='ltr'><strong>eo</strong></span> <span class='ocrx_word' id='word_1_639' title='bbox 2886 4233 3187 4305; x_wconf 62' lang='lat' dir='ltr'><strong>praesente</strong></span> <span class='ocrx_word' id='word_1_640' title='bbox 3216 4226 3427 4302; x_wconf 82' lang='lat' dir='ltr'><strong>palam.</strong></span> <span class='ocrx_word' id='word_1_641' title='bbox 3481 4229 3549 4288; x_wconf 79' lang='lat' dir='ltr'><strong>in</strong></span> 
     </span>
    </p>
   </div>
   <div class='ocr_carea' id='block_1_52' title="bbox 280 4301 3551 4383">
    <p class='ocr_par' dir='ltr' id='par_1_52' title="bbox 280 4301 3551 4383">
     <span class='ocr_line' id='line_1_53' title="bbox 280 4301 3551 4383; baseline 0 -18"><span class='ocrx_word' id='word_1_642' title='bbox 280 4301 568 4365; x_wconf 69' lang='lat' dir='ltr'><strong>Ecclesia</strong></span> <span class='ocrx_word' id='word_1_643' title='bbox 626 4324 813 4365; x_wconf 85' lang='lat' dir='ltr'><strong>ausus</strong></span> <span class='ocrx_word' id='word_1_644' title='bbox 874 4310 955 4366; x_wconf 86' lang='lat' dir='ltr'><strong>sit</strong></span> <span class='ocrx_word' id='word_1_645' title='bbox 1002 4301 1480 4383; x_wconf 70' lang='lat' dir='ltr'><strong>nefandissinius</strong></span> <span class='ocrx_word' id='word_1_646' title='bbox 1530 4305 1976 4378; x_wconf 83' lang='lat' dir='ltr'><strong>Theodoretus,</strong></span> <span class='ocrx_word' id='word_1_647' title='bbox 2039 4312 2179 4383; x_wconf 80' lang='lat' dir='ltr'><strong>post</strong></span> <span class='ocrx_word' id='word_1_648' title='bbox 2242 4301 2476 4383; x_wconf 77' lang='lat' dir='ltr'><strong>obitum</strong></span> <span class='ocrx_word' id='word_1_649' title='bbox 2524 4307 2750 4360; x_wconf 66' lang='lat' dir='ltr'><strong>sanctas</strong></span> <span class='ocrx_word' id='word_1_650' title='bbox 2803 4301 3266 4383; x_wconf 53' lang='lat' dir='ltr'><strong>recordationis</strong></span> <span class='ocrx_word' id='word_1_651' title='bbox 3317 4305 3551 4383; x_wconf 77' lang='lat' dir='ltr'><strong>Cyrilli</strong></span> 
     </span>
    </p>
   </div>
   <div class='ocr_carea' id='block_1_53' title="bbox 287 4379 3552 4464">
    <p class='ocr_par' dir='ltr' id='par_1_53' title="bbox 287 4379 3552 4464">
     <span class='ocr_line' id='line_1_54' title="bbox 287 4379 3552 4464; baseline 0.001 -20"><span class='ocrx_word' id='word_1_652' title='bbox 287 4385 704 4446; x_wconf 75' lang='lat' dir='ltr'><strong>Alexandrini</strong></span> <span class='ocrx_word' id='word_1_653' title='bbox 735 4379 1086 4464; x_wconf 70' lang='lat' dir='ltr'><strong>pontiﬁcis,</strong></span> <span class='ocrx_word' id='word_1_654' title='bbox 1118 4385 1431 4444; x_wconf 82' lang='lat' dir='ltr'><strong>insultans</strong></span> <span class='ocrx_word' id='word_1_655' title='bbox 1481 4383 1665 4464; x_wconf 70' lang='lat' dir='ltr'><strong>beata:</strong></span> <span class='ocrx_word' id='word_1_656' title='bbox 1699 4379 2070 4464; x_wconf 76' lang='lat' dir='ltr'><strong>dormitioni</strong></span> <span class='ocrx_word' id='word_1_657' title='bbox 2114 4382 2266 4461; x_wconf 78' lang='lat' dir='ltr'><strong>ejus,</strong></span> <span class='ocrx_word' id='word_1_658' title='bbox 2301 4379 2424 4464; x_wconf 69' lang='lat' dir='ltr'><strong>ista</strong></span> <span class='ocrx_word' id='word_1_659' title='bbox 2450 4383 2760 4464; x_wconf 80' lang='lat' dir='ltr'><strong>pro/erre,</strong></span> <span class='ocrx_word' id='word_1_660' title='bbox 2799 4385 2919 4438; x_wconf 88' lang='lat' dir='ltr'><strong>etc.</strong></span> <span class='ocrx_word' id='word_1_661' title='bbox 2974 4381 3125 4464; x_wconf 61' lang='lat' dir='ltr'><strong>Haec</strong></span> <span class='ocrx_word' id='word_1_662' title='bbox 3167 4385 3335 4464; x_wconf 84' lang='lat' dir='ltr'><strong>enim</strong></span> <span class='ocrx_word' id='word_1_663' title='bbox 3370 4379 3552 4463; x_wconf 69' lang='lat' dir='ltr'><strong>gesta</strong></span> 
     </span>
    </p>
   </div>
   <div class='ocr_carea' id='block_1_54' title="bbox 291 4457 3546 4542">
    <p class='ocr_par' dir='ltr' id='par_1_54' title="bbox 291 4457 3546 4542">
     <span class='ocr_line' id='line_1_55' title="bbox 291 4457 3546 4542; baseline 0 -18"><span class='ocrx_word' id='word_1_664' title='bbox 291 4469 644 4542; x_wconf 83' lang='lat' dir='ltr'><strong>conscripta</strong></span> <span class='ocrx_word' id='word_1_665' title='bbox 677 4457 824 4526; x_wconf 80' lang='lat' dir='ltr'><strong>sunt</strong></span> <span class='ocrx_word' id='word_1_666' title='bbox 863 4457 930 4522; x_wconf 83' lang='lat' dir='ltr'><strong>iu</strong></span> <span class='ocrx_word' id='word_1_667' title='bbox 971 4465 1328 4524; x_wconf 72' lang='lat' dir='ltr'><strong>latrocinali</strong></span> <span class='ocrx_word' id='word_1_668' title='bbox 1364 4462 1788 4525; x_wconf 84' lang='lat' dir='ltr'><strong>conciliabulo</strong></span> <span class='ocrx_word' id='word_1_669' title='bbox 1837 4457 2160 4535; x_wconf 71' lang='lat' dir='ltr'><strong>Ephesiae</strong></span> <span class='ocrx_word' id='word_1_670' title='bbox 2190 4461 2495 4530; x_wconf 85' lang='lat' dir='ltr'><strong>secundo,</strong></span> <span class='ocrx_word' id='word_1_671' title='bbox 2535 4457 2596 4518; x_wconf 86' lang='lat' dir='ltr'><strong>in</strong></span> <span class='ocrx_word' id='word_1_672' title='bbox 2629 4477 2758 4536; x_wconf 86' lang='lat' dir='ltr'><strong>quo</strong></span> <span class='ocrx_word' id='word_1_673' title='bbox 2800 4457 3182 4542; x_wconf 64' lang='lat' dir='ltr'><strong>praesidente</strong></span> <span class='ocrx_word' id='word_1_674' title='bbox 3217 4457 3546 4535; x_wconf 67' lang='lat' dir='ltr'><strong>Dioscoro,</strong></span> 
     </span>
    </p>
   </div>
   <div class='ocr_carea' id='block_1_55' title="bbox 280 4539 3554 4622">
    <p class='ocr_par' dir='ltr' id='par_1_55' title="bbox 280 4539 3554 4622">
     <span class='ocr_line' id='line_1_56' title="bbox 280 4539 3554 4622; baseline -0 -20"><span class='ocrx_word' id='word_1_675' title='bbox 280 4545 419 4603; x_wconf 71' lang='lat' dir='ltr'><strong>&#39;ann.</strong></span> <span class='ocrx_word' id='word_1_676' title='bbox 456 4539 582 4604; x_wconf 68' lang='grc' dir='ltr'><strong>ἕιὶιῖ)</strong></span> <span class='ocrx_word' id='word_1_677' title='bbox 625 4545 954 4622; x_wconf 88' lang='lat' dir='ltr'><strong>depositus</strong></span> <span class='ocrx_word' id='word_1_678' title='bbox 992 4549 1086 4603; x_wconf 86' lang='lat' dir='ltr'><strong>est</strong></span> <span class='ocrx_word' id='word_1_679' title='bbox 1141 4544 1442 4610; x_wconf 85' lang='lat' dir='ltr'><strong>Domuus,</strong></span> <span class='ocrx_word' id='word_1_680' title='bbox 1484 4545 1820 4604; x_wconf 87' lang='lat' dir='ltr'><strong>damnatus</strong></span> <span class='ocrx_word' id='word_1_681' title='bbox 1863 4543 2333 4622; x_wconf 82' lang='lat' dir='ltr'><strong>&#39;l‘heodoretus,</strong></span> <span class='ocrx_word' id='word_1_682' title='bbox 2383 4546 2442 4596; x_wconf 80' lang='lat' dir='ltr'><strong>et</strong></span> <span class='ocrx_word' id='word_1_683' title='bbox 2495 4539 3233 4622; x_wconf 83' lang='lat' dir='ltr'><strong>absolutus_Eutyclies.</strong></span> <span class='ocrx_word' id='word_1_684' title='bbox 3289 4543 3554 4622; x_wconf 66' lang='lat' dir='ltr'><strong>Scripsit</strong></span> 
     </span>
    </p>
   </div>
   <div class='ocr_carea' id='block_1_56' title="bbox 279 4617 3554 4699">
    <p class='ocr_par' dir='ltr' id='par_1_56' title="bbox 279 4617 3554 4699">
     <span class='ocr_line' id='line_1_57' title="bbox 279 4617 3554 4699; baseline 0.001 -19"><span class='ocrx_word' id='word_1_685' title='bbox 279 4623 470 4699; x_wconf 85' lang='lat' dir='ltr'><strong>igitur</strong></span> <span class='ocrx_word' id='word_1_686' title='bbox 511 4617 821 4683; x_wconf 73' lang='lat' dir='ltr'><strong>adversus</strong></span> <span class='ocrx_word' id='word_1_687' title='bbox 872 4622 1340 4681; x_wconf 87' lang='lat' dir='ltr'><strong>Theodoretum</strong></span> <span class='ocrx_word' id='word_1_688' title='bbox 1387 4624 1483 4681; x_wconf 85' lang='lat' dir='ltr'><strong>vel</strong></span> <span class='ocrx_word' id='word_1_689' title='bbox 1529 4622 1747 4682; x_wconf 85' lang='lat' dir='ltr'><strong>eodem</strong></span> <span class='ocrx_word' id='word_1_690' title='bbox 1799 4639 1995 4692; x_wconf 90' lang='lat' dir='ltr'><strong>anno,</strong></span> <span class='ocrx_word' id='word_1_691' title='bbox 2044 4620 2140 4679; x_wconf 81' lang='lat' dir='ltr'><strong>vel</strong></span> <span class='ocrx_word' id='word_1_692' title='bbox 2176 4623 2504 4699; x_wconf 87' lang='lat' dir='ltr'><strong>sequente,</strong></span> <span class='ocrx_word' id='word_1_693' title='bbox 2563 4617 3077 4699; x_wconf 79' lang='lat' dir='ltr'><strong>cum_scripsisse</strong></span> <span class='ocrx_word' id='word_1_694' title='bbox 3127 4617 3446 4684; x_wconf 71' lang='lat' dir='ltr'><strong>dicendus</strong></span> <span class='ocrx_word' id='word_1_695' title='bbox 3471 4628 3554 4686; x_wconf 72' lang='lat' dir='ltr'><strong>Sit</strong></span> 
     </span>
    </p>
   </div>
   <div class='ocr_carea' id='block_1_57' title="bbox 277 4696 3550 4780">
    <p class='ocr_par' dir='ltr' id='par_1_57' title="bbox 277 4696 3550 4780">
     <span class='ocr_line' id='line_1_58' title="bbox 277 4696 3550 4780; baseline -0 -19"><span class='ocrx_word' id='word_1_696' title='bbox 277 4696 419 4780; x_wconf 57' lang='lat' dir='ltr'><strong>ante</strong></span> <span class='ocrx_word' id='word_1_697' title='bbox 453 4703 803 4764; x_wconf 86' lang='lat' dir='ltr'><strong>concilium</strong></span> <span class='ocrx_word' id='word_1_698' title='bbox 852 4704 1396 4774; x_wconf 84' lang='lat' dir='ltr'><strong>Chalcedonense,</strong></span> <span class='ocrx_word' id='word_1_699' title='bbox 1435 4720 1561 4780; x_wconf 91' lang='lat' dir='ltr'><strong>quo</strong></span> <span class='ocrx_word' id='word_1_700' title='bbox 1605 4702 2039 4760; x_wconf 80' lang='lat' dir='ltr'><strong>Theodoretus</strong></span> <span class='ocrx_word' id='word_1_701' title='bbox 2071 4707 2212 4777; x_wconf 86' lang='lat' dir='ltr'><strong>post</strong></span> <span class='ocrx_word' id='word_1_702' title='bbox 2263 4697 2628 4774; x_wconf 74' lang='lat' dir='ltr'><strong>ahjUratum</strong></span> <span class='ocrx_word' id='word_1_703' title='bbox 2675 4696 3033 4780; x_wconf 53' lang='lat' dir='ltr'><strong>Nestorium</strong></span> <span class='ocrx_word' id='word_1_704' title='bbox 3091 4708 3384 4780; x_wconf 77' lang='lat' dir='ltr'><strong>receptus</strong></span> <span class='ocrx_word' id='word_1_705' title='bbox 3433 4713 3550 4766; x_wconf 77' lang='lat' dir='ltr'><strong>est.</strong></span> 
     </span>
    </p>
   </div>
   <div class='ocr_carea' id='block_1_58' title="bbox 275 4773 3555 4862">
    <p class='ocr_par' dir='ltr' id='par_1_58' title="bbox 275 4773 3555 4862">
     <span class='ocr_line' id='line_1_59' title="bbox 275 4773 3555 4862; baseline 0.001 -22"><span class='ocrx_word' id='word_1_706' title='bbox 275 4773 494 4862; x_wconf 72' lang='lat' dir='ltr'><strong>Neque</strong></span> <span class='ocrx_word' id='word_1_707' title='bbox 531 4782 704 4841; x_wconf 90' lang='lat' dir='ltr'><strong>enim</strong></span> <span class='ocrx_word' id='word_1_708' title='bbox 737 4784 995 4858; x_wconf 85' lang='lat' dir='ltr'><strong>perinde</strong></span> <span class='ocrx_word' id='word_1_709' title='bbox 1027 4785 1260 4862; x_wconf 82' lang='lat' dir='ltr'><strong>egisset</strong></span> <span class='ocrx_word' id='word_1_710' title='bbox 1289 4773 1434 4842; x_wconf 85' lang='lat' dir='ltr'><strong>cum</strong></span> <span class='ocrx_word' id='word_1_711' title='bbox 1454 4773 1722 4841; x_wconf 77' lang='lat' dir='ltr'><strong>homine</strong></span> <span class='ocrx_word' id='word_1_712' title='bbox 1759 4783 1837 4841; x_wconf 90' lang='lat' dir='ltr'><strong>ab</strong></span> <span class='ocrx_word' id='word_1_713' title='bbox 1873 4773 2152 4840; x_wconf 73' lang='lat' dir='ltr'><strong>Ecclesia</strong></span> <span class='ocrx_word' id='word_1_714' title='bbox 2203 4773 2478 4854; x_wconf 83' lang='lat' dir='ltr'><strong>recepto,</strong></span> <span class='ocrx_word' id='word_1_715' title='bbox 2509 4782 2701 4854; x_wconf 89' lang='lat' dir='ltr'><strong>atque</strong></span> <span class='ocrx_word' id='word_1_716' title='bbox 2742 4794 2887 4837; x_wconf 88' lang='lat' dir='ltr'><strong>cum</strong></span> <span class='ocrx_word' id='word_1_717' title='bbox 2918 4773 3354 4854; x_wconf 80' lang='lat' dir='ltr'><strong>Theodoréto,</strong></span> <span class='ocrx_word' id='word_1_718' title='bbox 3394 4798 3555 4844; x_wconf 85' lang='lat' dir='ltr'><strong>cen-</strong></span> 
     </span>
    </p>
   </div>
   <div class='ocr_carea' id='block_1_59' title="bbox 275 4860 1166 4935">
    <p class='ocr_par' dir='ltr' id='par_1_59' title="bbox 275 4860 1166 4935">
     <span class='ocr_line' id='line_1_60' title="bbox 275 4860 1166 4935; baseline 0 -15"><span class='ocrx_word' id='word_1_719' title='bbox 275 4860 398 4920; x_wconf 88' lang='lat' dir='ltr'><strong>cilii</strong></span> <span class='ocrx_word' id='word_1_720' title='bbox 437 4861 745 4935; x_wconf 78' lang='lat' dir='ltr'><strong>Ephesini</strong></span> <span class='ocrx_word' id='word_1_721' title='bbox 778 4860 1166 4922; x_wconf 82' lang='lat' dir='ltr'><strong>adversario.</strong></span> 
     </span>
    </p>
   </div>
   <div class='ocr_carea' id='block_1_60' title="bbox 353 4934 3554 5020">
    <p class='ocr_par' dir='ltr' id='par_1_60' title="bbox 353 4934 3554 5020">
     <span class='ocr_line' id='line_1_61' title="bbox 353 4934 3554 5020; baseline 0.002 -21"><span class='ocrx_word' id='word_1_722' title='bbox 353 4934 649 5017; x_wconf 87' lang='lat' dir='ltr'><strong>Denique</strong></span> <span class='ocrx_word' id='word_1_723' title='bbox 692 4941 1137 5012; x_wconf 65' lang='lat' dir='ltr'><strong>Mercator-em,</strong></span> <span class='ocrx_word' id='word_1_724' title='bbox 1187 4941 1281 5001; x_wconf 87' lang='lat' dir='ltr'><strong>vel</strong></span> <span class='ocrx_word' id='word_1_725' title='bbox 1331 4959 1458 5000; x_wconf 92' lang='lat' dir='ltr'><strong>non</strong></span> <span class='ocrx_word' id='word_1_726' title='bbox 1500 4941 1864 5020; x_wconf 86' lang='lat' dir='ltr'><strong>pervenisse</strong></span> <span class='ocrx_word' id='word_1_727' title='bbox 1904 4941 1980 5001; x_wconf 90' lang='lat' dir='ltr'><strong>ad</strong></span> <span class='ocrx_word' id='word_1_728' title='bbox 2019 4954 2260 5020; x_wconf 85' lang='lat' dir='ltr'><strong>annum</strong></span> <span class='ocrx_word' id='word_1_729' title='bbox 2293 4934 2409 5020; x_wconf 67' lang='lat' dir='ltr'><strong>liiit)</strong></span> <span class='ocrx_word' id='word_1_730' title='bbox 2442 4953 2570 5013; x_wconf 91' lang='lat' dir='ltr'><strong>quo</strong></span> <span class='ocrx_word' id='word_1_731' title='bbox 2621 4936 2836 5020; x_wconf 73' lang='lat' dir='ltr'><strong>habita</strong></span> <span class='ocrx_word' id='word_1_732' title='bbox 2886 4942 2980 4998; x_wconf 89' lang='lat' dir='ltr'><strong>est</strong></span> <span class='ocrx_word' id='word_1_733' title='bbox 3015 4937 3554 5020; x_wconf 69' lang='lat' dir='ltr'><strong>Chalcedonensis</strong></span> 
     </span>
    </p>
   </div>
   <div class='ocr_carea' id='block_1_61' title="bbox 279 5017 3556 5100">
    <p class='ocr_par' dir='ltr' id='par_1_61' title="bbox 279 5017 3556 5100">
     <span class='ocr_line' id='line_1_62' title="bbox 279 5017 3556 5100; baseline 0 -21"><span class='ocrx_word' id='word_1_734' title='bbox 279 5022 559 5098; x_wconf 79' lang='lat' dir='ltr'><strong>synodus</strong></span> <span class='ocrx_word' id='word_1_735' title='bbox 607 5021 913 5100; x_wconf 80' lang='lat' dir='ltr'><strong>adversus</strong></span> <span class='ocrx_word' id='word_1_736' title='bbox 949 5021 1334 5099; x_wconf 85' lang='lat' dir='ltr'><strong>Eutychem;</strong></span> <span class='ocrx_word' id='word_1_737' title='bbox 1369 5024 1463 5080; x_wconf 90' lang='lat' dir='ltr'><strong>vel</strong></span> <span class='ocrx_word' id='word_1_738' title='bbox 1501 5017 1581 5100; x_wconf 64' lang='lat' dir='ltr'><strong>ex</strong></span> <span class='ocrx_word' id='word_1_739' title='bbox 1626 5040 1702 5082; x_wconf 88' lang='lat' dir='ltr'><strong>eo</strong></span> <span class='ocrx_word' id='word_1_740' title='bbox 1746 5028 2028 5100; x_wconf 77' lang='lat' dir='ltr'><strong>tempore</strong></span> <span class='ocrx_word' id='word_1_741' title='bbox 2065 5019 2219 5076; x_wconf 87' lang='lat' dir='ltr'><strong>nihil</strong></span> <span class='ocrx_word' id='word_1_742' title='bbox 2253 5017 2489 5100; x_wconf 77' lang='lat' dir='ltr'><strong>scripto</strong></span> <span class='ocrx_word' id='word_1_743' title='bbox 2525 5017 2887 5090; x_wconf 84' lang='lat' dir='ltr'><strong>mandasse,</strong></span> <span class='ocrx_word' id='word_1_744' title='bbox 2916 5017 3087 5093; x_wconf 87' lang='lat' dir='ltr'><strong>quod</strong></span> <span class='ocrx_word' id='word_1_745' title='bbox 3130 5019 3208 5078; x_wconf 89' lang='lat' dir='ltr'><strong>ad</strong></span> <span class='ocrx_word' id='word_1_746' title='bbox 3252 5035 3370 5079; x_wconf 89' lang='lat' dir='ltr'><strong>nos</strong></span> <span class='ocrx_word' id='word_1_747' title='bbox 3402 5042 3556 5100; x_wconf 85' lang='lat' dir='ltr'><strong>per-</strong></span> 
     </span>
    </p>
   </div>
   <div class='ocr_carea' id='block_1_62' title="bbox 279 5096 3556 5178">
    <p class='ocr_par' dir='ltr' id='par_1_62' title="bbox 279 5096 3556 5178">
     <span class='ocr_line' id='line_1_63' title="bbox 279 5096 3556 5178; baseline 0.002 -22"><span class='ocrx_word' id='word_1_748' title='bbox 279 5096 553 5170; x_wconf 78' lang='lat' dir='ltr'><strong>venerit,</strong></span> <span class='ocrx_word' id='word_1_749' title='bbox 588 5099 902 5178; x_wconf 84' lang='lat' dir='ltr'><strong>conjicere</strong></span> <span class='ocrx_word' id='word_1_750' title='bbox 943 5118 1023 5160; x_wconf 81' lang='lat' dir='ltr'><strong>ex</strong></span> <span class='ocrx_word' id='word_1_751' title='bbox 1069 5096 1143 5158; x_wconf 76' lang='lat' dir='ltr'><strong>eo</strong></span> <span class='ocrx_word' id='word_1_752' title='bbox 1193 5101 1360 5172; x_wconf 90' lang='lat' dir='ltr'><strong>licet,</strong></span> <span class='ocrx_word' id='word_1_753' title='bbox 1406 5099 1573 5177; x_wconf 87' lang='lat' dir='ltr'><strong>quod</strong></span> <span class='ocrx_word' id='word_1_754' title='bbox 1619 5103 1669 5160; x_wconf 88' lang='lat' dir='ltr'><strong>si</strong></span> <span class='ocrx_word' id='word_1_755' title='bbox 1715 5097 2182 5159; x_wconf 82' lang='lat' dir='ltr'><strong>&#39;l‘heodoretum</strong></span> <span class='ocrx_word' id='word_1_756' title='bbox 2225 5096 2584 5178; x_wconf 77' lang='lat' dir='ltr'><strong>rescivisset</strong></span> <span class='ocrx_word' id='word_1_757' title='bbox 2631 5103 2951 5175; x_wconf 87' lang='lat' dir='ltr'><strong>receptum</strong></span> <span class='ocrx_word' id='word_1_758' title='bbox 2997 5104 3243 5178; x_wconf 77' lang='lat' dir='ltr'><strong>atanla</strong></span> <span class='ocrx_word' id='word_1_759' title='bbox 3280 5096 3556 5175; x_wconf 76' lang='lat' dir='ltr'><strong>synodo,</strong></span> 
     </span>
    </p>
   </div>
   <div class='ocr_carea' id='block_1_63' title="bbox 281 5175 3557 5262">
    <p class='ocr_par' dir='ltr' id='par_1_63' title="bbox 281 5175 3557 5262">
     <span class='ocr_line' id='line_1_64' title="bbox 281 5175 3557 5262; baseline 0 -24"><span class='ocrx_word' id='word_1_760' title='bbox 281 5187 418 5262; x_wconf 83' lang='lat' dir='ltr'><strong>post</strong></span> <span class='ocrx_word' id='word_1_761' title='bbox 448 5175 753 5262; x_wconf 76' lang='lat' dir='ltr'><strong>idoneam</strong></span> <span class='ocrx_word' id='word_1_762' title='bbox 779 5179 918 5239; x_wconf 80' lang='lat' dir='ltr'><strong>ﬁdei</strong></span> <span class='ocrx_word' id='word_1_763' title='bbox 952 5197 1082 5240; x_wconf 74' lang='lat' dir='ltr'><strong>sum</strong></span> <span class='ocrx_word' id='word_1_764' title='bbox 1104 5175 1670 5262; x_wconf 84' lang='lat' dir='ltr'><strong>approbationem,</strong></span> <span class='ocrx_word' id='word_1_765' title='bbox 1709 5181 1894 5262; x_wconf 74' lang='lat' dir='ltr'><strong>aliter</strong></span> <span class='ocrx_word' id='word_1_766' title='bbox 1925 5179 2208 5262; x_wconf 75' lang='lat' dir='ltr'><strong>proiecto</strong></span> <span class='ocrx_word' id='word_1_767' title='bbox 2237 5175 2621 5262; x_wconf 76' lang='lat' dir='ltr'><strong>catholicum</strong></span> <span class='ocrx_word' id='word_1_768' title='bbox 2645 5179 3010 5262; x_wconf 79' lang='lat' dir='ltr'><strong>episcopum</strong></span> <span class='ocrx_word' id='word_1_769' title='bbox 3043 5176 3226 5239; x_wconf 83' lang='lat' dir='ltr'><strong>homo</strong></span> <span class='ocrx_word' id='word_1_770' title='bbox 3257 5182 3399 5262; x_wconf 82' lang='lat' dir='ltr'><strong>ipse</strong></span> <span class='ocrx_word' id='word_1_771' title='bbox 3435 5198 3557 5261; x_wconf 86' lang='lat' dir='ltr'><strong>ap-</strong></span> 
     </span>
    </p>
   </div>
   <div class='ocr_carea' id='block_1_64' title="bbox 283 5255 3559 5338">
    <p class='ocr_par' dir='ltr' id='par_1_64' title="bbox 283 5255 3559 5338">
     <span class='ocr_line' id='line_1_65' title="bbox 283 5255 3559 5338; baseline 0.002 -24"><span class='ocrx_word' id='word_1_772' title='bbox 283 5255 484 5331; x_wconf 78' lang='lat' dir='ltr'><strong>prime</strong></span> <span class='ocrx_word' id='word_1_773' title='bbox 519 5260 877 5320; x_wconf 86' lang='lat' dir='ltr'><strong>catholicus</strong></span> <span class='ocrx_word' id='word_1_774' title='bbox 907 5255 1315 5337; x_wconf 74' lang='lat' dir='ltr'><strong>appellasset,</strong></span> <span class='ocrx_word' id='word_1_775' title='bbox 1351 5277 1544 5338; x_wconf 89' lang='lat' dir='ltr'><strong>quam</strong></span> <span class='ocrx_word' id='word_1_776' title='bbox 1577 5260 1901 5338; x_wconf 89' lang='lat' dir='ltr'><strong>quomodo</strong></span> <span class='ocrx_word' id='word_1_777' title='bbox 1939 5258 2098 5317; x_wconf 89' lang='lat' dir='ltr'><strong>solet</strong></span> <span class='ocrx_word' id='word_1_778' title='bbox 2132 5258 2192 5314; x_wconf 89' lang='lat' dir='ltr'><strong>in</strong></span> <span class='ocrx_word' id='word_1_779' title='bbox 2220 5255 2547 5332; x_wconf 86' lang='lat' dir='ltr'><strong>opusculis</strong></span> <span class='ocrx_word' id='word_1_780' title='bbox 2577 5272 2721 5334; x_wconf 66' lang='lat' dir='ltr'><strong>quae</strong></span> <span class='ocrx_word' id='word_1_781' title='bbox 2743 5256 3079 5316; x_wconf 90' lang='lat' dir='ltr'><strong>habentur.</strong></span> <span class='ocrx_word' id='word_1_782' title='bbox 3118 5255 3440 5320; x_wconf 63' lang='lat' dir='ltr'><strong>Maeli-nus</strong></span> <span class='ocrx_word' id='word_1_783' title='bbox 3481 5255 3559 5324; x_wconf 78' lang='lat' dir='ltr'><strong>de</strong></span> 
     </span>
    </p>
   </div>
   <div class='ocr_carea' id='block_1_65' title="bbox 283 5337 1902 5415">
    <p class='ocr_par' dir='ltr' id='par_1_65' title="bbox 283 5337 1902 5415">
     <span class='ocr_line' id='line_1_66' title="bbox 283 5337 1902 5415; baseline 0.003 -22"><span class='ocrx_word' id='word_1_784' title='bbox 283 5343 566 5413; x_wconf 86' lang='lat' dir='ltr'><strong>tempore</strong></span> <span class='ocrx_word' id='word_1_785' title='bbox 604 5357 733 5415; x_wconf 89' lang='lat' dir='ltr'><strong>quo</strong></span> <span class='ocrx_word' id='word_1_786' title='bbox 771 5339 1084 5399; x_wconf 82' lang='lat' dir='ltr'><strong>Mercator</strong></span> <span class='ocrx_word' id='word_1_787' title='bbox 1112 5339 1346 5407; x_wconf 88' lang='lat' dir='ltr'><strong>lloruit,</strong></span> <span class='ocrx_word' id='word_1_788' title='bbox 1374 5337 1558 5397; x_wconf 74' lang='lat' dir='ltr'><strong>nunc</strong></span> <span class='ocrx_word' id='word_1_789' title='bbox 1589 5337 1662 5396; x_wconf 81' lang='lat' dir='ltr'><strong>de</strong></span> <span class='ocrx_word' id='word_1_790' title='bbox 1695 5347 1902 5413; x_wconf 82' lang='lat' dir='ltr'><strong>gente.</strong></span> 
     </span>
    </p>
   </div>
   <div class='ocr_carea' id='block_1_66' title="bbox 355 5413 3558 5497">
    <p class='ocr_par' dir='ltr' id='par_1_66' title="bbox 355 5413 3558 5497">
     <span class='ocr_line' id='line_1_67' title="bbox 355 5413 3558 5497; baseline 0.001 -21"><span class='ocrx_word' id='word_1_791' title='bbox 355 5415 556 5478; x_wconf 73' lang='lat' dir='ltr'><strong>Natus</strong></span> <span class='ocrx_word' id='word_1_792' title='bbox 583 5413 677 5478; x_wconf 60' lang='lat' dir='ltr'><strong>cét</strong></span> <span class='ocrx_word' id='word_1_793' title='bbox 702 5420 921 5497; x_wconf 90' lang='lat' dir='ltr'><strong>procul</strong></span> <span class='ocrx_word' id='word_1_794' title='bbox 952 5419 1144 5477; x_wconf 85' lang='lat' dir='ltr'><strong>dubio</strong></span> <span class='ocrx_word' id='word_1_795' title='bbox 1175 5420 1234 5477; x_wconf 90' lang='lat' dir='ltr'><strong>in</strong></span> <span class='ocrx_word' id='word_1_796' title='bbox 1268 5417 1606 5479; x_wconf 84' lang='lat' dir='ltr'><strong>Occidente</strong></span> <span class='ocrx_word' id='word_1_797' title='bbox 1633 5419 1795 5497; x_wconf 83' lang='lat' dir='ltr'><strong>inter</strong></span> <span class='ocrx_word' id='word_1_798' title='bbox 1821 5418 2120 5480; x_wconf 87' lang='lat' dir='ltr'><strong>Latinos:</strong></span> <span class='ocrx_word' id='word_1_799' title='bbox 2147 5433 2290 5497; x_wconf 86' lang='lat' dir='ltr'><strong>nam</strong></span> <span class='ocrx_word' id='word_1_800' title='bbox 2317 5415 2378 5497; x_wconf 90' lang='lat' dir='ltr'><strong>in</strong></span> <span class='ocrx_word' id='word_1_801' title='bbox 2407 5414 2779 5497; x_wconf 66' lang='lat' dir='ltr'><strong>praefatione</strong></span> <span class='ocrx_word' id='word_1_802' title='bbox 2813 5413 3558 5497; x_wconf 15' lang='lat' dir='ltr'><strong>ad_sermonesiNestorii</strong></span> 
     </span>
    </p>
   </div>
   <div class='ocr_carea' id='block_1_67' title="bbox 286 5495 3558 5578">
    <p class='ocr_par' dir='ltr' id='par_1_67' title="bbox 286 5495 3558 5578">
     <span class='ocr_line' id='line_1_68' title="bbox 286 5495 3558 5578; baseline 0.002 -25"><span class='ocrx_word' id='word_1_803' title='bbox 286 5497 575 5578; x_wconf 65' lang='lat' dir='ltr'><strong>testatur,</strong></span> <span class='ocrx_word' id='word_1_804' title='bbox 609 5495 1033 5578; x_wconf 18' lang='lat' dir='ltr'><strong>seinonnulla</strong></span> <span class='ocrx_word' id='word_1_805' title='bbox 1064 5497 1248 5578; x_wconf 73' lang='lat' dir='ltr'><strong>hujus</strong></span> <span class='ocrx_word' id='word_1_806' title='bbox 1295 5498 1570 5558; x_wconf 78' lang='lat' dir='ltr'><strong>lueretici</strong></span> <span class='ocrx_word' id='word_1_807' title='bbox 1607 5496 1686 5557; x_wconf 84' lang='lat' dir='ltr'><strong>ad</strong></span> <span class='ocrx_word' id='word_1_808' title='bbox 1729 5497 1959 5578; x_wconf 75' lang='lat' dir='ltr'><strong>plebem</strong></span> <span class='ocrx_word' id='word_1_809' title='bbox 2002 5495 2527 5578; x_wconf 60' lang='lat' dir='ltr'><strong>blasphemiarum</strong></span> <span class='ocrx_word' id='word_1_810' title='bbox 2566 5496 2735 5578; x_wconf 72' lang='lat' dir='ltr'><strong>dicta</strong></span> <span class='ocrx_word' id='word_1_811' title='bbox 2771 5512 2849 5553; x_wconf 74' lang='lat' dir='ltr'><strong>ex</strong></span> <span class='ocrx_word' id='word_1_812' title='bbox 2882 5495 3098 5555; x_wconf 80' lang='lat' dir='ltr'><strong>Grch</strong></span> <span class='ocrx_word' id='word_1_813' title='bbox 3131 5497 3202 5554; x_wconf 87' lang='lat' dir='ltr'><strong>in</strong></span> <span class='ocrx_word' id='word_1_814' title='bbox 3240 5496 3558 5571; x_wconf 82' lang='lat' dir='ltr'><strong>Latinum,</strong></span> 
     </span>
    </p>
   </div>
   <div class='ocr_carea' id='block_1_68' title="bbox 287 5573 3564 5657">
    <p class='ocr_par' dir='ltr' id='par_1_68' title="bbox 287 5573 3564 5657">
     <span class='ocr_line' id='line_1_69' title="bbox 287 5573 3564 5657; baseline 0.002 -25"><span class='ocrx_word' id='word_1_815' title='bbox 287 5574 520 5650; x_wconf 75' lang='lat' dir='ltr'><strong>fervore</strong></span> <span class='ocrx_word' id='word_1_816' title='bbox 542 5577 690 5657; x_wconf 78' lang='lat' dir='ltr'><strong>fidei</strong></span> <span class='ocrx_word' id='word_1_817' title='bbox 721 5578 1051 5638; x_wconf 80' lang='lat' dir='ltr'><strong>incitatum</strong></span> <span class='ocrx_word' id='word_1_818' title='bbox 1082 5573 1497 5649; x_wconf 62' lang='lat' dir='ltr'><strong>transtulisse,</strong></span> <span class='ocrx_word' id='word_1_819' title='bbox 1527 5585 1592 5636; x_wconf 86' lang='lat' dir='ltr'><strong>ut</strong></span> <span class='ocrx_word' id='word_1_820' title='bbox 1623 5597 1657 5638; x_wconf 76' lang='grc' dir='ltr'><strong><em>ο</em></strong></span> <span class='ocrx_word' id='word_1_821' title='bbox 1685 5573 1966 5654; x_wconf 72' lang='lat' dir='ltr'><strong>ﬁdelibus</strong></span> <span class='ocrx_word' id='word_1_822' title='bbox 1995 5577 2224 5653; x_wconf 73' lang='lat' dir='ltr'><strong>lingua:</strong></span> <span class='ocrx_word' id='word_1_823' title='bbox 2251 5593 2373 5633; x_wconf 78' lang='lat' dir='ltr'><strong>siue</strong></span> <span class='ocrx_word' id='word_1_824' title='bbox 2393 5573 2703 5657; x_wconf 77' lang='lat' dir='ltr'><strong>fratribus</strong></span> <span class='ocrx_word' id='word_1_825' title='bbox 2739 5585 3284 5657; x_wconf 67' lang='lat' dir='ltr'><strong>cognoscerentur,</strong></span> <span class='ocrx_word' id='word_1_826' title='bbox 3311 5583 3366 5636; x_wconf 83' lang='lat' dir='ltr'><strong>et</strong></span> <span class='ocrx_word' id='word_1_827' title='bbox 3402 5578 3564 5639; x_wconf 82' lang='lat' dir='ltr'><strong>vita-</strong></span> 
     </span>
    </p>
   </div>
   <div class='ocr_carea' id='block_1_69' title="bbox 289 5655 3565 5736">
    <p class='ocr_par' dir='ltr' id='par_1_69' title="bbox 289 5655 3565 5736">
     <span class='ocr_line' id='line_1_70' title="bbox 289 5655 3565 5736; baseline 0.003 -28"><span class='ocrx_word' id='word_1_828' title='bbox 289 5655 713 5718; x_wconf 44' lang='lat' dir='ltr'><strong>renturJFUit</strong></span> <span class='ocrx_word' id='word_1_829' title='bbox 746 5664 955 5717; x_wconf 89' lang='lat' dir='ltr'><strong>tamen</strong></span> <span class='ocrx_word' id='word_1_830' title='bbox 995 5659 1226 5719; x_wconf 64' lang='lat' dir='ltr'><strong>Graeca:</strong></span> <span class='ocrx_word' id='word_1_831' title='bbox 1261 5660 1491 5736; x_wconf 68' lang='lat' dir='ltr'><strong>linguzc</strong></span> <span class='ocrx_word' id='word_1_832' title='bbox 1539 5675 1665 5716; x_wconf 90' lang='lat' dir='ltr'><strong>non</strong></span> <span class='ocrx_word' id='word_1_833' title='bbox 1709 5659 2111 5718; x_wconf 86' lang='lat' dir='ltr'><strong>mediocriter</strong></span> <span class='ocrx_word' id='word_1_834' title='bbox 2154 5659 2418 5736; x_wconf 82' lang='lat' dir='ltr'><strong>peritus,</strong></span> <span class='ocrx_word' id='word_1_835' title='bbox 2460 5655 2698 5736; x_wconf 86' lang='lat' dir='ltr'><strong>quippe</strong></span> <span class='ocrx_word' id='word_1_836' title='bbox 2730 5657 2841 5732; x_wconf 89' lang='lat' dir='ltr'><strong>qui</strong></span> <span class='ocrx_word' id='word_1_837' title='bbox 2889 5663 2948 5716; x_wconf 89' lang='lat' dir='ltr'><strong>et</strong></span> <span class='ocrx_word' id='word_1_838' title='bbox 2980 5655 3194 5716; x_wconf 68' lang='lat' dir='ltr'><strong>Graece</strong></span> <span class='ocrx_word' id='word_1_839' title='bbox 3234 5659 3565 5734; x_wconf 83' lang='lat' dir='ltr'><strong>scripserit</strong></span> 
     </span>
    </p>
   </div>
   <div class='ocr_carea' id='block_1_70' title="bbox 290 5734 3561 5815">
    <p class='ocr_par' dir='ltr' id='par_1_70' title="bbox 290 5734 3561 5815">
     <span class='ocr_line' id='line_1_71' title="bbox 290 5734 3561 5815; baseline 0.002 -23"><span class='ocrx_word' id='word_1_840' title='bbox 290 5738 858 5797; x_wconf 76' lang='lat' dir='ltr'><strong>Commonitorium</strong></span> <span class='ocrx_word' id='word_1_841' title='bbox 913 5737 1077 5811; x_wconf 88' lang='lat' dir='ltr'><strong>quod</strong></span> <span class='ocrx_word' id='word_1_842' title='bbox 1127 5739 1204 5796; x_wconf 88' lang='lat' dir='ltr'><strong>ab</strong></span> <span class='ocrx_word' id='word_1_843' title='bbox 1246 5734 1526 5796; x_wconf 76' lang='lat' dir='ltr'><strong>Ecclesia</strong></span> <span class='ocrx_word' id='word_1_844' title='bbox 1579 5736 2287 5815; x_wconf 76' lang='lat' dir='ltr'><strong>Constantinopolitana</strong></span> <span class='ocrx_word' id='word_1_845' title='bbox 2335 5734 2602 5809; x_wconf 87' lang='lat' dir='ltr'><strong>ipsoque</strong></span> <span class='ocrx_word' id='word_1_846' title='bbox 2662 5735 3052 5815; x_wconf 85' lang='lat' dir='ltr'><strong>Imperatore</strong></span> <span class='ocrx_word' id='word_1_847' title='bbox 3101 5736 3456 5815; x_wconf 78' lang='lat' dir='ltr'><strong>legeretur,</strong></span> <span class='ocrx_word' id='word_1_848' title='bbox 3495 5745 3561 5799; x_wconf 86' lang='lat' dir='ltr'><strong>et</strong></span> 
     </span>
    </p>
   </div>
   <div class='ocr_carea' id='block_1_71' title="bbox 292 5813 3257 5894">
    <p class='ocr_par' dir='ltr' id='par_1_71' title="bbox 292 5813 3257 5894">
     <span class='ocr_line' id='line_1_72' title="bbox 292 5813 3257 5894; baseline 0 -21"><span class='ocrx_word' id='word_1_849' title='bbox 292 5831 370 5872; x_wconf 72' lang='lat' dir='ltr'><strong>ex</strong></span> <span class='ocrx_word' id='word_1_850' title='bbox 406 5815 627 5875; x_wconf 65' lang='lat' dir='ltr'><strong>Graeco</strong></span> <span class='ocrx_word' id='word_1_851' title='bbox 661 5817 1061 5878; x_wconf 87' lang='lat' dir='ltr'><strong>transtulerit</strong></span> <span class='ocrx_word' id='word_1_852' title='bbox 1091 5817 1150 5876; x_wconf 90' lang='lat' dir='ltr'><strong>in</strong></span> <span class='ocrx_word' id='word_1_853' title='bbox 1191 5817 1481 5877; x_wconf 86' lang='lat' dir='ltr'><strong>Latinum</strong></span> <span class='ocrx_word' id='word_1_854' title='bbox 1517 5819 1728 5878; x_wconf 86' lang='lat' dir='ltr'><strong>omnia</strong></span> <span class='ocrx_word' id='word_1_855' title='bbox 1767 5818 1893 5877; x_wconf 83' lang='lat' dir='ltr'><strong>fere</strong></span> <span class='ocrx_word' id='word_1_856' title='bbox 1921 5813 2114 5894; x_wconf 79' lang='lat' dir='ltr'><strong>Opera</strong></span> <span class='ocrx_word' id='word_1_857' title='bbox 2144 5813 2253 5874; x_wconf 85' lang='lat' dir='ltr'><strong>illa</strong></span> <span class='ocrx_word' id='word_1_858' title='bbox 2284 5829 2424 5889; x_wconf 69' lang='lat' dir='ltr'><strong>qua:</strong></span> <span class='ocrx_word' id='word_1_859' title='bbox 2457 5829 2627 5874; x_wconf 87' lang='lat' dir='ltr'><strong>nunc</strong></span> <span class='ocrx_word' id='word_1_860' title='bbox 2655 5814 2897 5876; x_wconf 83' lang='lat' dir='ltr'><strong>edimus</strong></span> <span class='ocrx_word' id='word_1_861' title='bbox 2934 5818 2996 5874; x_wconf 92' lang='lat' dir='ltr'><strong>in</strong></span> <span class='ocrx_word' id='word_1_862' title='bbox 3029 5816 3257 5875; x_wconf 85' lang='lat' dir='ltr'><strong>lucem.</strong></span> 
     </span>
    </p>
   </div>
  </div>
