4010 6290
251 276 314 333 Π
1284 273 1614 334 CAliNElill
1656 276 2021 334 ΡΒίΕΡᾺΤΙΟ
2063 271 2469 333 GENEBALIS.
3437 274 3506 333 l8

239 406 424 472 suam
445 389 1119 472 inv'idtamconcitart,
1157 393 1439 470 plebeios
1471 397 1731 472 milites,
1763 395 2179 458 scholasticos
2211 394 2557 467 auditores,
2591 395 3026 457 adolescentes
3058 413 3136 454 ex
3174 392 3500 455 monachis

235 469 705 550 dissolutosLet
737 467 815 530 de
847 467 1304 550 qualicumque
1340 467 1726 536 clericorum
1764 477 1950 537 turba
1999 475 2289 534 homines
2321 498 2335 536 :
2375 475 2656 550 plebeios
2693 475 2861 535 enim
2909 475 3295 544 interpretor
3336 473 3502 538 Con-

235 549 542 628 stantium
595 548 954 628 Vicanum;
1008 548 1264 625 milites,
1299 553 1632 616 Valerium
1681 555 2015 625 comitem;
2073 548 2483 616 auditoriales
2528 555 2980 619 scholasticos.
3036 554 3504 622 Mercatorem;

234 625 700 710 adolescentes.
734 633 882 710 etc..
915 625 1248 710 Jacobum,
1275 633 1655 709 'l‘imasium,
1684 637 1761 696 ad
1785 651 1948 710 quos
1979 639 2073 693 est
2105 633 2265 694 liber
2293 633 2363 693 de
2394 633 2644 696 Natura
2679 641 2738 694 et
2778 631 2997 694 Gratia
3029 630 3187 710 (Lib.
3215 649 3259 691 ιι
3291 640 3508 694 contra

235 706 388 786 Jul,
422 723 564 784 cap.
608 705 743 786 10);
775 708 1068 781 clericos,
1117 711 1455 772 Paulinum
1496 705 1835 774 diaconum
1882 712 2155 772 leestii
2204 719 2644 773 accusatorem
2681 733 2696 772 :
2733 729 2953 773 omnes
2994 705 3164 771 enim
3211 713 3313 772 isti
3366 711 3510 772 ﬁdei

234 784 446 869 studio
478 784 726 869 incensi
752 788 1127 869 Pelagianos
1161 790 1454 852 insectati
1489 799 1662 852 sunt.
1694 789 2035 869 Quidquod
2073 792 2410 860 Mercator,
2446 795 2580 853 sive
2614 792 2676 850 in
2724 791 3246 860 Commonitorio,
3282 792 3412 852 sive
3445 791 3511 850 in

231 865 852 947 §ubnotationibus,
880 875 940 928 et
966 865 1615 943 Contradictionibus,
1659 865 1854 931 immo
1881 865 1941 930 et
1984 873 2051 930 in
2090 871 2572 932 Praefationibus
2613 870 2981 932 Graecorum
3029 888 3324 947 operum,
3369 887 3516 946 quin

234 944 464 1030 Latina
519 943 689 1030 fecit,
740 946 1053 1006 rationem
1100 947 1416 1030 scribendi
1474 957 1669 1011 totam
1710 948 1962 1030 defero
2005 949 2282 1030 adhibet.
2344 948 2527 1030 Adde
2559 951 2732 1030 quod
2778 943 3510 1030 Cfcpleslii'auditorialis

235 1023 601 1116 scholastici
653 1039 892 1088 arcana
939 1041 1211 1106 quaeque
1243 1023 1457 1104 ‘novit,
1483 1030 1654 1108 quod
1705 1028 1943 1091 iudicat
1977 1029 2297 1092 societatis
2334 1023 2603 1106 aliquid,
2654 1035 2716 1090 et
2763 1027 2954 1090 ofﬁcii
2998 1028 3159 1090 forte
3215 1046 3511 1090 commu-

233 1119 517 1165 nionem.

169 1195 178 1271 λ
236 1263 249 1271 _
304 1182 532 1259 Neque
561 1184 823 1271 vero,__si
849 1184 1058 1271 laicus
1089 1194 1464 1271 perpetuum
1499 1189 1756 1271 vixerit,
1787 1187 2023 1250 idcirco
2056 1188 2253 1271 videri
2301 1188 2482 1271 debet
2515 1189 2777 1271 minoris
2815 1188 3242 1271 auctoritatis,
3283 1187 3510 1249 saltem

233 1263 290 1345 in
320 1279 399 1322 ea
439 1269 626 1340 parte
659 1263 987 1345 catholica
1024 1263 1162 1324 ﬁdei
1197 1284 1392 1342 quam
1426 1268 1882 1330 defendendam
1916 1269 2222 1345 suscepit.
2280 1269 2715 1329 Animadverti
2760 1268 2927 1327 enim
2965 1269 3341 1344 aliquando,
3391 1286 3512 1328 nec

235 1341 360 1427 sine
400 1343 1116 1427 magnaadmiratioue.
1147 1341 1371 1423 Deum,
1404 1349 1514 1424 qui
1547 1352 1721 1409 amat
1746 1349 2083 1408 humilium
2108 1341 2316 1409 'manu
2356 1349 2654 1410 resistere
2697 1347 3018 1427 superbis,
3055 1341 3258 1406 tribus
3298 1348 3504 1407 lltBl'e-
3567 1417 3586 1427 Α

235 1421 402 1481 sibus
433 1421 826 1506 Pelagianae,
860 1421 1779 1506 Nestorianaeet'Massilicnsi,
1817 1443 1960 1505 qua)
1998 1443 2127 1501 prae
2157 1429 2399 1488 caeteris
2438 1427 2756 1506 superbire
2784 1421 2822 1487 a
2862 1426 3509 1506 Patribusgaccusana

239 1500 777 1585 tur,_0pposuis_se
822 1502 1097 1585 primum
1132 1503 1331 1585 laicos
1379 1505 1698 1582 homines,
1736 1500 2026 1584 ut,'quod
2072 1508 2157 1566 ait
2195 1500 2567 1582 Apostolus,
2616 1523 2730 1585 per
2756 1504 3251 1585 contemptibilia
3284 1505 3507 1566 mundi

242 1577 649 1662 confunderet
683 1581 900 1662 fortia,
933 1589 996 1644 et
1027 1582 1332 1662 tumidam
1362 1586 1545 1660 quasi
1577 1577 1985 1646 Pharaonem
2022 1577 2369 1662 potentiam
2405 1577 2820 1647 confunderet
2857 1585 2937 1644 ab
2979 1577 3272 1644 inﬁrmis.
3323 1585 3507 1645 Certo

246 1658 601 1743 gelagianis
635 1661 880 1743 primus
909 1661 1150 1743 obstitit
1180 1658 1617 1742 Constantius,
1647 1683 1730 1726 ex
1766 1658 2160 1743 Vicano'(sic
2196 1665 2367 1743 enim
2416 1665 2756 1743 legendum
2787 1661 2906 1742 est)
2935 1664 3151 1725 Romae
3182 1665 3502 1725 habitans.

247 1737 475 1821 Erimus
509 1737 794 1800 Nestorii
845 1741 1062 1800 dolum
1112 1741 1373 1814 detexit,
1423 1737 1724 1821 cleroque
1770 1737 2068 1812 ostendit,
2115 1742 2308 1805 afﬁxa
2343 1746 2420 1806 ad
2461 1737 2743 1806 ecclesia:
2779 1737 3001 1806 valvas
3053 1745 3508 1818 obtestatione,

257 1817 542 1903 Eusebius
579 1825 733 1903 tunc
764 1821 1210 1903 temporisvel
1231 1829 1587 1901 σχολάστικος
1618 1817 1713 1890 ea;
1742 1829 1840 1903 βαᾳ

1925 1825 2020 1890 ,δος
2061 1830 2692 1895 Κωνσταντινουπὸ).εως,
2741 1832 2808 1882 ut
2848 1823 3135 1900 loquitur
3165 1817 3508 1903 Theopha4

259 1897 518 1980 _n_es;__v_el
553 1897 800 1980 rhetor,
834 1907 900 1959 ut
930 1901 1116 1960 tradit
1141 1897 1572 1977 Nice‘pliorus;
1607 1904 1702 1962 vel
1728 1897 1924 1979 judex
1959 1904 2251 1974 forensis,
2280 1910 2346 1964 ut
2373 1905 2596 1963 scribit
2629 1897 2956 1964 Leontius.
2980 1903 3289 1963 Restiterc
3315 1897 3506 1980 primi

246 1975 742 2060 Massiliensibus
782 1981 1166 2058 presbyteris
1220 1975 1362 2042 laici
1405 1984 1554 2053 duo,
1590 1975 1872 2044 Hilarius
1918 1990 1977 2044 et
2007 1984 2303 2060 Prosper,
2339 1991 2859 2060 monuerunlque
2901 1975 3332 2058 Augustinum
3363 1983 3510 2059 epi-

247 2055 406 2140 stolis
455 2074 625 2140 quas
657 2055 1056 2140 conSeque'ns
1089 2067 1239 2140 tetas
1272 2062 1357 2121 ita
1391 2063 1704 2138 suspexit,
1744 2067 1809 2122 ut
1842 2055 2402 2140 snpremis'magni
2428 2064 2647 2140 gratiae
2677 2055 2950 2123 doctoris
2985 2055 3315 2140 laboribus
3345 2055 3509 2120 con-

245 2134 516 2212 junxerit
560 2137 749 2213 quasi
807 2134 1144 2217 suppares.
1185 2134 1522 2214 Quidnam'
1547 2159 1694 2201 vero
1725 2134 1940 2203 causae
1971 2142 2073 2211 sit,
2121 2159 2235 2200 cur
2266 2134 2391 2201 non
2424 2134 2642 2201 cadem
2677 2142 2785 2201 Dei
2824 2141 3218 2217 providentia
3254 2139 3509 2200 Merca—

247 2223 423 2300 torem
445 2220 807 2300 excitatum
827 2219 1198 2300 sentiamus.
1220 2221 1328 2296 qui
1362 2220 1731 2300 inchoatum
1757 2239 1789 2281 a
1809 2221 1975 2280 laico
1999 2220 2321 2300 negotium
2347 2219 2546 2282 laicus
2573 2223 2708 2297 ipse
2727 2219 3189 2300 absolvendum
3210 2219 3508 2280 curaret?

242 2293 404 2378 Certe
433 2294 945 2378 Commonitorio
973 2315 1102 2378 suo
1120 2293 1495 2378 Pelagianos
1529 2293 2504 2378 Constanliuopoli'Ephesoque
2532 2293 2806 2375 expulit,
2842 2308 2902 2359 et
2930 2299 3322 2378 Nestorium,
3353 2315 3508 2376 par-

243 2373 332 2458 tim
366 2375 644 2458 epistola
676 2375 749 2458 in_
779 2375 1005 2458 vulgus
1037 2377 1230 2458 edita,
1263 2373 1852 2458 etcontradictione
1889 2373 2569 2440 anathematismorum
2604 2373 2970 2458 impiorum,
3003 2379 3234 2456 partim
3265 2373 3500 2438 Graecis

240 2453 682 2538 instrumentis
721 2453 948 2538 Latine
981 2453 1277 2538 cultibitis
1309 2457 1630 2519 Occidenti
1663 2460 2122 2520 exsecrandum
2157 2460 2509 2538 proposuit.

309 2534 523 2617 Atque
569 2533 720 2617 hinc
760 2533 972 2617 videre
1007 2535 1152 2597 licet
1183 2538 1405 2613 quanti
1457 2539 1584 2598 sint
1645 2540 1949 2617 momenti
1981 2533 2176 2617 operai
2225 2533 2370 2615 qua:
2416 2556 2588 2599 nunc
2638 2538 2885 2599 edimus
2926 2558 2939 2596 :
2994 2555 3140 2596 nam
3199 2553 3344 2614 quae
3381 2536 3504 2596 tria

237 2611 446 2692 solent
472 2614 818 2674 conciliare
847 2613 1031 2675 ﬁdem
1063 2611 1459 2687 auctoribus,
1489 2636 1563 2680 ea
1594 2616 1856 2678 miriﬁce
1884 2611 2333 2679 commenda-nt
2358 2618 2821 2692 Mercatorem:
2858 2617 3113 2691 scripsit
3138 2611 3503 2677 dc'Juliauo

237 2689 667 2768 leestioque
700 2703 755 2775 et
788 2693 1104 2766 Nestorio,
1135 2713 1292 2775 quae
1338 2697 1566 2774 partim
1607 2697 1780 2775 vidit,
1827 2698 2058 2775 partim
2095 2698 2288 2757 etiam
2323 2699 2536 2773 gessit.
2581 2689 2826 2773 Scripta
2879 2689 3066 2756 edidit
3103 2713 3178 2754 eo
3222 2705 3506 2775 tempore

241 2787 382 2851 quo
405 2777 660 2847 poterat
686 2772 762 2833 ab
787 2775 1083 2834 omnibus
1115 2772 1403 2835 damnari
1437 2774 1776 2850 mendacii,
1813 2772 1865 2835 si
1902 2777 2051 2851 quid
2079 2772 2360 2836 alienum
2392 2794 2427 2836 a
2453 2795 2606 2836 vero
2647 2772 2990 2835 retulisset.
3025 2775 3180 2847 Quae
3215 2774 3501 2849 scripsit,

252 2849 605 2934 ediditque,
639 2851 729 2934 ita.
771 2860 912 2934 sunt
972 2854 1244 2913 aliorum
1284 2859 1569 2916 veterum
1622 2856 1873 2934 scriptis
1903 2849 2212 2919 consona.
2248 2861 2315 2912 ut
2357 2862 2670 2932 quantum
2718 2855 2961 2914 Marius
3015 2853 3417 2934 auctoritatis
3455 2869 3509 2934 Διι

255 2929 578 3066 vetteriibqs
600 2930 838 3009 accipit,
856 2935 1105 2994 tantum
1134 2934 1410 2996 vicissim
1437 2935 1720 3009 luminis,
1743 2929 1933 2995 immo
1959 2936 2146 3013 longe
2170 2935 2337 3012 plus,
2359 2929 2640 2995 veterum
2664 2935 2956 2994 obscuris
2982 2933 3222 3010 alioqui
3250 2931 3504 3010 scriptis

255 3024 310 3066 re
341 3026 424 3066 un
477 3024 511 3066 a
548 3051 564 3066 .
1358 3059 1368 3066 .

241 3017 564 3070 retundat.
1358 3059 1368 3068 .

319 3086 502 3172 Facit
532 3088 722 3172 etiam
754 3090 842 3152 ad
865 3093 1480 3154 commendationem
1511 3094 1881 3156 Mercatoris
1917 3093 2287 3172 plurimum,
2320 3095 2487 3172 quod
2523 3093 2598 3154 de
2628 3094 2982 3170 qumstione
3018 3091 3390 3152 difﬁcillima
3425 3091 3507 3172 ah

243 3167 679 3252 ense_doccri
733 3173 1007 3247 postulet
1059 3175 1325 3250 ipsemet
1366 3175 1785 3252 Augustinus,
1831 3167 2127 3234 ut'antea
2165 3167 2398 3234 dictum
2451 3182 2567 3234 est.
2616 3167 2800 3247 Quod
2852 3173 3373 3252 attinet,iinquit,
3425 3168 3510 3228 ad

245 3247 632 3386 iurationem
660 3247 1166 3326 resurrectionis,
1216 3247 1655 3332 propter—illos
1689 3253 1797 3332 qui
1827 3253 2167 3314 creduntur
2199 3271 2327 3312 non
2359 3272 2481 3312 esse
2511 3252 2832 3320 morituri,
2863 3251 2967 3311 sed
3005 3269 3082 3310 ex
3116 3251 3228 3312 huc
3263 3258 3508 3309 morta-

269 3327 409 3385 ttatc
439 3325 524 3386 ad
555 3329 1082 3386 immortalitatem
1117 3331 1249 3386 sine
1275 3342 1470 3386 morte
1498 3332 1696 3386 media
1729 3334 2083 3386 transituri-
2120 3333 2444 3386 inauisitio
2485 3333 2848 3386 (tiliae-utier
2874 3330 3220 3386 adhibenda
3265 3339 3350 3386 est
3380 3347 3398 3386 :
3450 3336 3508 3386 et

269 3325 524 3411 itatc‘aci
555 3325 1249 3411 immortalitatemsz'ne
1275 3325 1470 3392 morte
1498 3325 2084 3399 media-transituri,
2120 3333 2444 3411 inquisitio
2485 3333 2848 3410 diligentior
2874 3330 3220 3391 adhibenda
3265 3339 3350 3411 est
3379 3347 3398 3395 ,°
3450 3336 3508 3387 et

253 3405 293 3462 si
321 3405 651 3492 guid_hinc
680 3408 1033 3492 absolutum
1063 3430 1133 3471 uc
1159 3411 1482 3492 (ie/initum
1511 3415 1864 3491 excogitare
1892 3405 2372 3492 potuerim-peto
2405 3413 2552 3474 mihi
2595 3405 2834 3473 mittere
2868 3427 2996 3472 non
3033 3409 3311 3489 graveris
3341 3429 3361 3471 :
3399 3427 3505 3487 ego

260 3484 388 3544 enim
414 3487 568 3564 plus
600 3507 736 3550 amo
773 3489 1005 3553 discere
1029 3509 1211 3570 quam
1235 3484 1473 3564 docere,
1504 3500 1623 3553 etc.

1688 3621 1941 3684 CAPUT
1985 3624 2064 3684 ll.

1351 3743 1443 3804 De
1474 3740 1759 3822 operibus
1785 3743 1986 3806 Marii
2006 3743 2405 3806 Mercatoris.

322 3883 449 3966 Etsi
484 3901 683 3962 opera
723 3902 867 3964 quae
896 3887 1206 3950 habemus
1234 3886 1513 3951 Marium
1557 3887 1976 3966 Mercatorem
2006 3888 2274 3966 probent
2307 3885 2721 3948 fortissimum
2760 3886 2952 3948 fuisse
2989 3885 3320 3948 catholicae
3368 3880 3514 3966 ﬁdei

255 3964 585 4032 vindicem.
615 3967 921 4028 adversus
946 3968 1240 4029 haeresim
1269 3969 1714 4030 leestianam
1753 3974 1813 4027 et
1854 3964 2334 4035 Nestorianam,
2367 3969 2431 4026 in
2466 3969 2540 4028 iis
2579 3975 2788 4028 tamen
2841 3969 3088 4027 videtur
3134 3968 3340 4040 potius
3375 3965 3516 4024 col-

252 4042 470 4120 legisse
531 4051 704 4106 certa
763 4047 936 4108 velut
993 4049 1418 4108 instrumenta
1467 4059 1682 4126 causa}
1724 4047 1958 4123 quibus
2013 4055 2429 4124 perageretur
2472 4048 2784 4126 judicium
2848 4064 3049 4126 quam,
3082 4046 3516 4126 elucubrasse

255 4131 574 4191 tractatus.
599 4127 766 4186 unde
804 4145 980 4187 mens
1009 4128 1317 4189 lectorum
1348 4128 1575 4202 dogma
1607 4124 1747 4186 ﬁdei
1775 4123 2148 4198 doceretur;
2178 4123 2320 4202 qua:
2350 4123 2546 4189 causa
2592 4128 2732 4194 fuit,
2769 4144 2908 4185 meo
2948 4124 3202 4200 quidem
3236 4123 3476 4200 judicio
3501 4167 3517 4191 ,

256 4219 353 4285 cur
377 4204 641 4280 scriptis
672 4206 802 4265 suis
832 4223 1061 4267 nomen
1089 4208 1299 4285 potius
1331 4206 1840 4280 Commonitorii,
1873 4205 2563 4285 Subnotaliouumque.
2592 4213 2650 4266 et
2677 4204 3296 4276 Contradictionum,
3319 4218 3514 4277 quam

258 4282 554 4344 librorum
595 4285 948 4361 imponeret
980 4305 994 4344 :
1031 4282 1283 4359 verum,
1321 4286 1438 4347 etsi
1472 4287 1658 4363 longe
1690 4286 1872 4360 plura
1902 4287 2025 4342 sint
2052 4303 2195 4360 quae
2243 4304 2321 4344 ex
2356 4282 2592 4345 Gr’ascis
2638 4285 2866 4346 Latina
2923 4285 3090 4358 fecit,
3131 4297 3516 4363 quamqua:

265 4363 510 4444 proprio
544 4363 767 4444 labore
805 4367 1199 4442 composuit,
1231 4367 1306 4426 iis
1335 4361 1727 4444 tamenquae
1757 4365 1967 4434 vertit,
2001 4365 2403 4442 praefationes
2437 4366 2785 4444 adjungere
2823 4365 3051 4424 solitus
3083 4369 3198 4435 est,
3225 4361 3514 4421 utiliores

271 4457 400 4523 saepe
427 4443 514 4504 ad
552 4443 885 4503 historiam
922 4446 1411 4506 ecclesiasticam
1441 4443 1706 4523 prolixis
1736 4444 2008 4504 aliorum
2036 4445 2432 4504 tractatibus.

373 4539 464 4582 ac
495 4523 716 4583 omnia
746 4529 1043 4600 excerpta
1091 4532 1344 4584 suntex
1377 4522 1624 4583 duobus
1662 4523 1940 4600 antiquis
1971 4524 2320 4591 codicibus,
2362 4525 2564 4583 altero
2593 4525 2929 4594 Vaticano,
2969 4523 3173 4586 altero
3208 4522 3517 4580 Bellova-

261 4603 440 4670 rensi,
482 4603 597 4678 qui
628 4603 816 4661 ambo
841 4619 960 4664 sua
982 4604 1100 4664 sibi
1131 4611 1312 4665 astate
1349 4603 1532 4664 ﬁdem
1559 4603 1902 4664 conciliant
1932 4622 1945 4660 :
1983 4603 2085 4662 ille
2113 4622 2190 4663 ex
2228 4603 2711 4679 Hidelbergensi
2749 4604 3131 4662 bibliotheca
3157 4604 3217 4661 in
3252 4600 3517 4661 Vatica-

261 4695 388 4737 nam
425 4680 806 4756 deportatus
839 4689 970 4754 est;
1019 4684 1139 4743 iste
1176 4691 1546 4744 asservatur
1585 4683 1750 4757 apud
1786 4682 2146 4742 venerabile
2189 4683 2540 4760 capitulum
2581 4683 2846 4760 insignis
2892 4681 3188 4742 Ecclesiae
3221 4679 3520 4760 Bellova-

261 4760 501 4838 tcnsis:
545 4767 817 4836 uterque
868 4763 1120 4838 Optimae
1182 4771 1370 4835 notas,
1433 4762 1539 4822 scd
1591 4761 2059 4821 Bellovacensis
2111 4757 2508 4822 emendatior
2561 4785 2573 4822 :
2628 4757 2899 4837 uterque
2953 4768 3201 4821 aetatem
3269 4757 3520 4836 praefert

261 4837 768 4919 octingentorum
805 4837 1056 4901 ciréiter
1091 4859 1433 4912 annorum,
1465 4847 1532 4899 ut
1563 4859 1640 4900 ex
1674 4842 2115 4900 characterum
2147 4843 2347 4901 forma
2389 4843 2731 4919 colligitur.
2764 4843 3120 4902 Palatinum
3153 4839 3395 4899 viderat
3425 4839 3524 4895 vir

259 4917 722 4999 eruditissimus
760 4919 964 4980 Lucas
995 4920 1415 4991 Holsteinius,
1445 4938 1524 4980 ex
1560 4938 1765 4996 coque
1791 4921 2196 4994 decerpserat
2233 4917 2716 4995 nonnulla'quze
2745 4921 2806 4978 in
2841 4921 3039 4999 ipsius
3085 4919 3322 4978 chartis
3353 4923 3522 4999 apud

254 4998 828 5076 eminentissimum
865 5001 1256 5062 cardinalem
1290 5000 1705 5060 Franciscum
1746 4999 2164 5060 Barberinum
2217 5011 2467 5076 reperta
2501 5005 2673 5067 sunt,
2721 5007 2782 5059 et
2831 4997 3022 5074 opera
3066 5000 3135 5056 lt.
3176 4999 3240 5056 Ρ.
3280 4997 3522 5056 Possini

259 5074 373 5135 huc
410 5081 814 5139 transmissa.
851 5079 1371 5140 Bellovacensem
1407 5080 1588 5138 nobis
1632 5081 1934 5138 utendum
1976 5074 2401 5140 commodavit
2433 5081 2798 5141 venerabile
2829 5079 3180 5156 capitulum
3226 5077 3532 5138 Bellova-

259 5159 464 5237 censis
505 5156 827 5237 Ecclesiae,
863 5159 1254 5237 benignitate
1280 5175 1630 5234 numquam
1663 5158 1814 5217 satis
1844 5158 2126 5219 laudata.

335 5236 532 5295 Porro
572 5235 944 5296 Mercatoris
982 5235 1200 5314 opera,
1237 5255 1382 5315 quae
1418 5239 1480 5296 in
1533 5244 1804 5313 utroque
1851 5238 2066 5296 codice
2104 5240 2538 5309 continentur,
2588 5239 2674 5299 ita
2728 5239 3122 5316 perturbate,
3156 5245 3528 5312 temercque

267 5329 480 5394 sparsa
515 5323 692 5387 sunt,
727 5316 1001 5392 aliisque
1033 5319 1372 5394 permixta,
1411 5323 1477 5375 ut
1529 5316 1935 5375 doctissimus
1977 5316 2371 5378 Holsteinius
2403 5319 2740 5380 crediderit
2777 5318 2991 5377 omnia
3029 5335 3171 5390 qua:
3210 5317 3532 5378 habentur

265 5393 322 5450 in
357 5393 693 5468 Vaticano,
739 5403 798 5454 et
847 5393 1047 5474 ipsam
1085 5414 1346 5472 quoque
1390 5402 1664 5456 veterem
1706 5395 1955 5455 concilii
2005 5397 2308 5472 Ephesini
2363 5399 2724 5458 versionem
2791 5398 2980 5455 tribui
3043 5397 3274 5457 debere
3323 5395 3530 5474 eidem

269 5475 504 5554 auctori
541 5493 556 5533 :
595 5491 743 5550 qua:
771 5473 1014 5552 opinio,
1047 5476 1160 5535 etsi
1196 5477 1443 5536 laborat
1481 5475 1699 5551 aliqua
1729 5485 1931 5553 parte,
1962 5494 2105 5536 cum
2136 5477 2494 5554 symbolum
2520 5475 2833 5537 Theodori
2875 5476 3314 5554 Mopsuesteni
3341 5473 3532 5554 aliter

272 5567 300 5609 εξ
333 5551 558 5624 Mario,
597 5555 787 5613 aliter
818 5551 916 5615 ab
964 5556 1310 5632 interprete
1357 5558 1571 5614 vetere
1611 5551 1865 5614 versum
1894 5556 2010 5630 sit,
2059 5551 2186 5616 non
2235 5564 2410 5617 caret
2457 5564 2664 5615 tamen
2711 5555 2881 5612 omni
2930 5556 3141 5631 specie
3190 5553 3346 5626 teri,
3396 5553 3533 5610 sive

267 5639 517 5711 propter
545 5634 994 5694 auctoritatem
1029 5635 1183 5695 tanti
1224 5633 1366 5705 viri,
1399 5634 1532 5693 sive
1567 5634 1728 5693 alias
1757 5636 1944 5693 etiam
1975 5637 2055 5695 ob
2083 5652 2337 5706 causas,
2371 5653 2529 5711 quas
2563 5651 2681 5692 suo
2711 5635 2850 5694 loco
2883 5634 3302 5711 proferemus.

342 5709 487 5770 Haec
515 5720 734 5772 autem
769 5714 987 5774 omnia
1015 5715 1263 5775 tametsi
1302 5712 1704 5773 distributuri
1738 5713 1936 5773 simus
1971 5715 2192 5774 ordine
2227 5709 2406 5774 duas'
2429 5715 2491 5772 in
2539 5720 2787 5790 partes,
2826 5709 2954 5774 visa
2988 5722 3137 5774 sunt
3169 5725 3379 5772 tamen
3418 5727 3534 5770 re-

267 5791 708 5869 praesentanda
739 5810 814 5855 ΩΟ
839 5810 968 5872 quo
995 5799 1144 5856 sunt
1175 5792 1384 5869 ηιοόο,
1424 5794 1616 5854 immo
1652 5799 1716 5851 ct
1748 5810 1891 5850 cum
1929 5795 2062 5848 suis
2095 5795 2317 5870 titulis,
2367 5810 2441 5855 ac
2476 5793 2706 5870 verbis,
2736 5794 2968 5871 quibus
3009 5793 3265 5855 singula
3303 5790 3397 5851 vel
3431 5790 3541 5851 in-
