4010 6290
463 289 526 354 δι
1287 291 1352 354 IN
1392 295 1625 355 OPERA
1665 297 1856 354 MAR”
1897 299 2338 358 MEllCATOHlS
2379 299 2917 360 PROLEGOMENA.
3663 299 3741 362 39

467 414 735 481 leestii
771 411 848 477 ad
883 432 1104 477 omnes
1141 416 1312 478 misit
1353 416 1526 477 orbis
1563 416 1897 494 episcopos
1924 460 1939 483 .
1993 417 2055 476 in
2088 431 2216 494 qua
2254 417 2558 476 nimirum
2599 417 3097 478 continebantur
3127 412 3343 479 omnia
3375 413 3585 495 capita
3617 432 3736 478 ac-

465 495 810 556 cusationis
839 541 856 573 ,
903 496 1248 576 omnisque,
1289 512 1482 576 causa
1529 502 1657 576 tam
1683 495 1948 576 ‘Pelagii
2005 513 2200 576 quam
2233 496 2510 576 leestii
2539 539 2556 566 ,
2594 497 2800 576 tradit
2854 497 3098 576 primus
3131 495 3486 576 Mercator;
3531 497 3726 576 tradit

466 576 656 636 etiam
709 576 973 637 missam
1009 572 1154 636 esse
1177 575 1256 636 ad
1291 573 1648 636 Orientales
1682 572 2042 654 Ecclesias,
2068 574 2322 654 JEgypti
2353 573 2670 636 dioecesim
2695 621 2712 648 ,
2745 575 3362 652 Constantinopolim
3389 619 3405 647 ,
3433 585 3494 637 et
3521 575 3732 652 Thes-3

465 654 813 733 salonicam
834 701 851 730 ,
883 660 1075 732 atque
1099 653 1605 730 Hierosolymam
1629 699 1646 727 ,
1669 653 1827 714 adde
1857 660 1918 713 et
1943 653 2393 732 Carthaginem
2416 700 2431 722 ,
2464 661 2535 715 ut
2563 655 2620 716 ei
2652 657 2733 714 ab
2762 653 3412 733 omnibusepiscOpis
3447 655 3735 717 subscri-

462 731 746 813 beretur,
776 731 1106 813 propo’sita
1139 733 1640 794 detrectantibus
1669 733 2086 811 depositionis
2114 731 2300 813 ptena
2323 755 2341 807 ;
2368 735 2536 809 quod
2569 733 2834 796 mirifice
2865 731 3192 796 historiam
3225 735 3526 813 illustrat.

459 824 491 852 ν
541 812 699 874 Nam
752 811 1051 874 hinc—tria
1079 813 1552 890 intelliguntur,
1586 830 1730 889 qua:
1766 813 2054 890 alioquin
2083 812 2519 874 difficultatem
2550 820 2795 875 creant.
2841 814 3158 884 Primum,
3189 830 3333 890 quae
3366 811 3735 877 dicerentur

380 913 422 970 εξ
463 892 531 951 in
561 892 720 953 orbe
751 893 1043 953 Romano
1092 887 1366 968 majores
1391 887 1726 966 Ecclesia);
1763 887 2072 968 alterum,
2121 910 2264 968 quae
2301 893 2738 954 scriberentur
2773 893 2852 954 ad
2887 908 3110 953 omnes
3141 887 3314 954 orbis
3346 893 3680 970 episcopos
3708 937 3730 968 ,

371 967 408 1050 sf.
459 973 837 1034 transmissa
871 971 1066 1032 fuisse
1092 967 1409 1049 majorum
1443 971 1879 1036 Ecclesiarum
1911 967 2335 1050 antistitibus,
2370 977 2440 1031 ut
2466 971 3105 1032 communicarcntur
3133 967 3455 1032 minorum
3487 968 3735 1050 prtesu-

459 1051 665 1131 libus;
702 1057 1091 1131 postremum
1117 1095 1133 1123 ,
1164 1048 1496 1129 epistolam
1525 1049 1794 1111 Honorii
1825 1051 2229 1131 imperatoris
2263 1048 2341 1111 ad
2374 1051 2706 1112 Aurelium
2742 1051 3340 1131 Carthaginensem,
3373 1048 3502 1111 non
3529 1051 3731 1113 fuisse

383 1139 404 1196 j;
461 1130 870 1223 mbpdatum,
917 1135 988 1189 ut
1037 1131 1174 1210 ipse
1205 1131 1508 1192 Aurelius
1554 1131 1746 1191 totius
1785 1130 1960 1191 orbis
1992 1130 2328 1210 episcOpos
2377 1131 2785 1193 subscribere
2833 1135 3129 1205 curaret,
3186 1130 3296 1192 sed
3353 1136 3601 1193 tantum
3662 1137 3734 1193 ut

458 1208 985 1353 Arggggtgssunt
1026 1291 1297 1353 concilia
1335 1289 1462 1352 duo
1513 1291 1589 1370 in,
1610 1306 1806 1351 causa
1854 1289 2377 1370 Pelagianorum,
2414 1290 2723 1352 hactenus
2761 1289 3044 1352 inaudita
3081 1309 3096 1349 :
3130 1307 3328 1351 unum
3374 1290 3733 1352 Antiochia)

457 1370 578 1449 sub
609 1369 976 1449 Theodoto,
1032 1372 1136 1433 cui
1188 1371 1482 1448 Praylius
1535 1369 2155 1449 Hierosolymitanus
2211 1369 2534 1439 interfuit;
2587 1371 2862 1430 alterum
2917 1371 2982 1430 in
3019 1370 3279 1444 Cilicia,
3326 1371 3390 1430 in
3447 1388 3577 1447 quo
3611 1370 3730 1430 fuit

392 1452 420 1520 ·ἶ
457 1447 831 1530 Theodorus
869 1447 1381 1530 Mopsuestenus.
1436 1449 1791 1530 Utrumque
1826 1447 1999 1530 nunc
2035 1450 2427 1530 primu_m_ex
2456 1449 2660 1510 Mario
2688 1449 3042 1513 Mercatore
3074 1450 3451 1529 iunolescit,
3483 1457 3543 1512 et
3570 1450 3727 1510 illud

455 1527 708 1604 quidem
745 1545 899 1592 ann.
930 1525 1047 1591 M7
1072 1531 1363 1592 habitum
1398 1536 1492 1590 est
1520 1575 1536 1605 ,
1573 1528 1729 1590 illud
1763 1545 1919 1590 ann.
1950 1528 2205 1590 circiter
2232 1525 2374 1588 Ws.

1222 1655 1250 1720 §
1280 1653 1343 1706 ll.
1376 1653 1641 1718 Spectmen
1677 1665 1847 1704 eorum
1869 1664 1979 1715 quae
2002 1653 2252 1716 pertinent
2270 1651 2329 1701 ad
2353 1651 2580 1701 bteresim
2603 1650 2957 1703 Nestorianam.

532 1755 706 1818 Inter
732 1777 882 1832 eos,
925 1761 1035 1837 qui
1083 1763 1293 1838 partes
1331 1764 1600 1838 egerunt
1633 1759 1694 1819 in
1747 1774 1944 1820 causa
1989 1758 2400 1838 Nestoriana,
2435 1757 2723 1817 meminit
2764 1758 3009 1819 Marius
3051 1759 3370 1821 Mercator
3414 1759 3728 1836 Nestorii,

455 1835 771 1900 Theodori
808 1835 1240 1918 Mopsuesteni
1268 1883 1284 1914 ,
1344 1837 1724 1901 Theodoreti
1762 1844 1823 1898 et
1851 1838 2137 1918 Eutherii
2172 1837 2479 1918 stantium
2515 1845 2739 1918 contra
2775 1839 2960 1900 fidem
2993 1839 3413 1909 catholicam;
3446 1858 3559 1917 pro
3604 1835 3728 1901 fide

457 1933 608 1975 vero
644 1916 958 1981 catholica
982 1967 998 1992 ,
1034 1920 1294 1998 Cyrilli,
1341 1917 2255 1998 PatrumqueEphesinorum
2284 1961 2301 1986 ,
2334 1916 2437 1998 Vde
2492 1917 2728 1995 quibus
2783 1918 2984 1980 multa
3014 1917 3221 1992 docet,
3260 1935 3407 1997 qum
3445 1916 3506 1980 in
3554 1919 3728 1981 hunc

458 2012 661 2073 usque
689 1997 854 2058 diem
881 2043 896 2069 ,
937 2000 1034 2058 vel
1063 1997 1304 2061 incerta
1334 1998 1633 2070 fuerunt,
1672 1997 1769 2059 vel
1803 2000 2055 2076 penitus
2089 1997 2436 2073 incognita.

538 2077 742 2155 Ignoti
776 2083 957 2139 erant
986 2079 1260 2139 Nestorii
1293 2095 1646 2159 sermones,
1669 2075 1838 2159 quos
1867 2077 2210 2159 Latinitate
2235 2092 2274 2137 a
2297 2093 2366 2136 se
2389 2076 2658 2139 donatos
2688 2075 2948 2140 exhibet
2975 2076 3322 2154 Mercator,
3355 2079 3727 2159 quibusque

456 2159 661 2216 totum
707 2159 804 2218 sui
834 2161 1069 2219 erroris
1104 2161 1276 2219 virus
1317 2157 1743 2219 beeresiarcha
1780 2157 2060 2218 inclusit.

534 2235 776 2313 Ignotae
809 2254 1069 2316 quoque
1109 2238 1364 2300 fuerant
1396 2237 1538 2299 dure
1589 2237 1876 2313 epistola:
1906 2235 2175 2298 Nestorii
2204 2281 2220 2313 ,
2261 2252 2390 2298 una
2448 2235 2526 2299 ad
2573 2236 2938 2299 leestium
3000 2237 3366 2302 haareticum
3399 2286 3416 2314 ,
3466 2238 3544 2300 de
3596 2255 3729 2315 qua

455 2313 688 2375 dictum
722 2313 1061 2394 superius;
1092 2321 1292 2379 altera
1331 2317 1407 2377 ad
1437 2323 1727 2377 sanctum
1760 2317 2170 2379 Caelestinum
2205 2331 2433 2392 papam
2455 2359 2471 2387 ,
2525 2317 2675 2378 data
2722 2316 2916 2394 paulo
2965 2326 3112 2379 ante
3141 2313 3434 2394 acceptas
3465 2313 3729 2380 denun-

455 2395 740 2476 tiationis
796 2397 1061 2458 litteras.
1098 2399 1186 2459 Ea
1239 2413 1391 2476 vero
1440 2396 1629 2474 longe
1665 2395 1918 2476 diversa
1948 2399 2044 2457 est
2074 2412 2108 2456 a
2161 2396 2484 2476 prioribus
2529 2397 2673 2457 aliis
2709 2396 2997 2472 duabus,
3045 2415 3206 2476 quas
3263 2395 3602 2462 Nestorius
3647 2395 3730 2461 ad

457 2475 748 2556 eumdem
783 2477 1071 2553 scripsit,
1101 2477 1331 2556 partim
1360 2475 1434 2556 de
1468 2493 1663 2537 causa
1695 2475 2218 2556 Pelagianorum,
2260 2475 2490 2553 partim
2521 2476 2596 2536 de
2617 2492 2765 2556 sua.

533 2554 842 2637 Ignotum
866 2564 1000 2618 erat
1034 2553 1293 2637 pariter,
1327 2554 1557 2637 quibus
1593 2574 1670 2616 ex
1699 2554 1975 2637 Nestorii
2031 2554 2208 2637 libris
2243 2560 2569 2637 _ex_cerpta
2608 2553 2912 2637 fuissent,
2951 2577 3097 2637 quae
3134 2559 3230 2619 vel
3283 2560 3512 2620 Petrus
3545 2565 3734 2619 nota-

456 2634 698 2717 riorum
754 2633 1152 2717 primicerius
1207 2633 1436 2696 obtulit
1485 2634 1849 2717 damnanda
1904 2635 2198 2717 Patribus
2243 2633 2642 2717 Ephesinis,
2679 2633 3088 2717 vel‘sanctus
3117 2637 3398 2717 Cyrillus
3448 2641 3513 2699 in
3548 2637 3732 2698 libris

455 2713 1406 2855 q‘pitnqueﬁconti'adictiouum,
1463 2731 1578 2776 seu
1632 2714 1698 2775 in
1741 2721 1948 2794 ἐλέγχῳ
1995 2714 2249 2776 refellit.
2310 2713 2537 2776 Libros
2595 2715 2885 2793 singulos
2940 2713 3404 2798 sermonesque
3437 2717 3736 2780 nominat

455 2810 487 2854 e
535 2814 546 2852 l
582 2812 705 2855 uue
793 2811 936 2855 erca
967 2813 1065 2855 or.

454 2795 705 2857 editque
727 2795 1065 2857 Mercator.

509 2812 1322 2954 Ρὲξὲξὲθξξῗὲτίέηοωω
1350 2921 1368 2953 ,
1418 2876 1563 2953 quis
1594 2875 1754 2937 foret
1785 2880 2091 2938 tractatus
2121 2873 2227 2936 ille
2258 2872 2512 2954 pestifer
2537 2874 2811 2935 Nestorii
2841 2922 2857 2952 ,
2905 2895 3096 2954 quem
3153 2877 3502 2940 Cassianus
3541 2877 3734 2938 libris

457 2961 698 3036 septem
727 2953 1282 3036 de_lncarnatione
1305 3001 1320 3025 ,
1352 2960 1414 3016 ct
1443 2955 1794 3034 praesertim
1817 2957 2119 3036 septimo3
2149 2954 2361 3036 allatis
2393 2953 2754 3036 insignibus
2789 2953 3162 3034 fragmentis
3182 3004 3200 3033 ,
3231 2957 3487 3019 refutat.
3517 2957 3725 3017 Docet

457 3032 774 3116 Mercator
812 3034 982 3096 hunc
1035 3051 1175 3097 esse
1212 3032 1486 3114 primum
1520 3032 1916 3108 sermonem,
1950 3035 2058 3113 qui
2085 3032 2162 3096 de
2195 3035 2485 3114 virgineo
2515 3032 2704 3112 partu
2739 3032 3134 3112 inscribitur,
3163 3032 3398 3116 quique
3428 3036 3726 3098 omnium

455 3113 789 3175 turbarum
824 3115 1029 3192 prima
1073 3113 1270 3178 causa
1313 3116 1579 3177 exstitit.

536 3193 664 3255 Nec
695 3193 906 3274 minus
939 3195 1379 3274 ignorabatur,
1412 3195 1556 3272 quis
1611 3195 1719 3258 ille
1769 3195 2042 3258 Nestorii
2079 3195 2242 3255 liber
2269 3193 2346 3256 de
2380 3192 2872 3274 lncarnatione.
2909 3195 3095 3274 cujus
3132 3196 3419 3258 meminit
3446 3196 3730 3257 Genna-

455 3273 596 3335 dius
625 3295 640 3346 ;
675 3291 819 3351 quae
853 3272 1115 3337 homilia
1146 3275 1220 3336 de
1247 3274 1696 3338 lncarnationc
1723 3321 1740 3350 ,
1787 3277 1864 3336 de
1891 3291 2019 3353 qua
2060 3277 2449 3335 mentionem
2483 3272 2770 3353 fecerunt
2801 3272 3224 3353 Theophanes
3249 3320 3266 3348 ,
3298 3277 3624 3338 Cedrenus
3666 3281 3736 3336 et

454 3353 1077 3434 Nicephorus;7qum
1136 3354 1470 3416 horrendas
1526 3373 1749 3432 nugae.
1788 3352 1951 3434 quas
1981 3362 2294 3416 memorat
2349 3359 2572 3413 auctor
2603 3352 2888 3426 epistolae
2951 3352 3028 3416 ad
3065 3355 3432 3434 Sporatium
3474 3355 3739 3434 tributa)

458 3433 882 3514 Theodoreto.
917 3433 1016 3494 Ex
1047 3435 1404 3497 Mercatore
1429 3440 1677 3496 constat
1709 3432 1878 3497 hunc
1904 3434 2115 3513 ipsum
2142 3452 2281 3497 esse
2309 3435 2583 3513 primum
2613 3448 2975 3495 sermonem
2997 3479 3013 3511 ,
3041 3432 3224 3514 cujus
3257 3434 3517 3497 initium
3546 3432 3736 3495 duci-

457 3519 562 3573 tur
588 3515 670 3573 ab
701 3513 795 3572 his
827 3514 1035 3574 verbis
1075 3534 1090 3574 :
1129 3515 1436 3574 Doctrina
1462 3514 1737 3593 pictatis,
1769 3522 1886 3577 etc.

541 3593 1012 3655 Dubitaverunt
1037 3594 1345 3655 hactenus
1379 3593 1655 3674 eruditi,
1687 3611 1812 3672 qua
1854 3596 2192 3660 occasione
2239 3595 2501 3656 Proclus
2531 3595 2844 3657 celebrem
2888 3594 3065 3655 illam
3097 3594 3737 3674 panegyricamora-

459 3672 1105 3754 tionemsigeeorégov
1155 3673 1480 3754 habuisset
1533 3675 1596 3733 in
1648 3673 1966 3754 Ecclesia,
2011 3674 2387 3754 praesidente
2417 3675 2749 3754 Nestorio,
2788 3677 2879 3754 ut_
2911 3674 3145 3735 habent
3201 3672 3506 3735 auctores
3553 3673 3736 3732 illius

458 3752 790 3829 temporis.
837 3752 1175 3813 Manifeste
1208 3752 1530 3830 colligitur
1559 3771 1641 3812 ex
1671 3751 2068 3829 Mercatore,
2128 3755 2406 3815 habitam
2454 3754 2531 3816 ad
2582 3751 2996 3814 refellendum
3031 3754 3307 3830 primum
3358 3769 3734 3813 sermonem

465 3832 774 3905 Nestorii,
812 3833 988 3912 etab
1023 3831 1240 3893 eodem
1302 3833 1643 3893 refutatum
1701 3835 2125 3912 extemporali
2184 3835 2476 3896 oratione
2519 3834 2794 3910 aliisque
2825 3837 3047 3911 postea
3079 3833 3528 3906 sermonibus,
3582 3847 3738 3911 qua)

461 3913 707 3988 integra
743 3911 1129 3973 exhibentur
1162 3928 1198 3972 a
1233 3912 1459 3972 Mario.

445 4003 449 4036 1
510 4071 513 4072 ί
542 3991 820 4051 Dubium
874 3997 1059 4072 erat,
1085 3992 1137 4052 si
1171 3996 1380 4072 tamen
1418 4009 1546 4052 non
1579 3991 1865 4071 ignotum
1896 3992 2148 4072 penitus
2176 4036 2192 4063 ,
2231 3991 2413 4070 cujus
2443 3994 2757 4072 sermonis
2785 4008 2823 4053 a
2849 3992 3142 4072 Nestorio
3171 3991 3379 4072 habiti
3419 3991 3739 4072 memine-

463 4071 551 4131 rit
579 4075 843 4132 sanctus
871 4069 1149 4149 Cyrillns
1177 4073 1239 4131 in
1267 4071 1493 4150 litteris
1516 4073 1592 4134 ad
1610 4069 2473 4150 'clericos'Cunstantinopoli
2499 4071 2844 4133 existentes
2863 4115 2879 4142 ,
2905 4071 3218 4150 cujusque
3246 4071 3504 4131 initium
3535 4070 3741 4131 fuisse

465 4150 688 4210 scribit
720 4166 734 4206 :
769 4150 1193 4212 Contumelias
1220 4151 1287 4210 in
1317 4170 1407 4210 me
1438 4149 1870 4211 haereticorum
1896 4196 1913 4226 ,
1959 4158 2105 4223 etc.,
2149 4149 2505 4212 clarissime
2540 4157 2808 4230 apparet
2833 4169 2913 4230 ex
2964 4149 3318 4211 Mercatore
3353 4167 3497 4211 esse
3533 4149 3744 4228 septi-

467 4247 640 4290 mum
667 4230 937 4291 Nestorii
967 4247 1366 4302 sermonem,
1397 4248 1526 4308 quo
1558 4230 1774 4291 nullus
1798 4276 1816 4306 ,
1853 4235 1966 4292 aut
2014 4230 2408 4306 pestilentior
2439 4235 2566 4302 est,
2599 4235 2709 4288 aut
2747 4229 3081 4302 prolixior.
3113 4231 3394 4308 Apparet
3432 4246 3741 4307 quoque,

465 4308 584 4368 has
621 4309 868 4369 litteras
903 4326 1030 4368 non
1059 4310 1136 4370 ad
1172 4310 1437 4371 clericos
1465 4309 2209 4386 ConstantinOpolitanos
2245 4311 2482 4369 mutuis
2511 4308 2671 4367 odiis
2703 4308 3077 4368 dissidentes
3102 4352 3118 4382 ,
3145 4317 3215 4367 ut
3247 4309 3439 4369 habet
3473 4308 3743 4386 vulgata

463 4387 693 4460 editio,
727 4388 834 4448 sed
871 4389 947 4448 ad
980 4405 1130 4448 suos
1160 4388 1715 4464 Constantinopoli
1748 4407 1848 4450 res
1889 4387 2340 4450 Alexandrinae
2367 4386 2667 4448 Ecclesiae
2698 4392 3139 4464 procurantes,
3177 4386 3372 4448 fuisse
3403 4386 3606 4447 datas.

547 4467 669 4526 Vix
700 4485 775 4528 ac
807 4469 1026 4546 neivix
1061 4467 1314 4544 quidem
1371 4468 1729 4546 intelligere
1780 4469 1950 4527 ullus
2005 4474 2290 4544 poterat,
2330 4465 2494 4546 quid
2547 4466 3020 4546 TiheopcAmptus
3050 4483 3329 4546 unusex
3366 4467 3689 4546 episcopis
3713 4511 3738 4545 ,

463 4546 575 4624 qui
605 4546 848 4606 litteras
879 4542 1382 4607 denuntiatnrias
1415 4542 1706 4606 Nestorio
1734 4542 2283 4624 Constantinopoli
2309 4545 2409 4604 die
2439 4544 2757 4624 dominico
2781 4542 3126 4615 dederunt,
3158 4545 3232 4604 ad
3259 4546 3478 4605 Patres
3508 4542 3736 4624 Epheé

407 4661 418 4674 α
464 4622 639 4687 sinos
678 4626 964 4686 retulerit
989 4673 1004 4698 ,
1039 4643 1180 4686 cum
1216 4624 1415 4696 dixit,
1454 4625 1662 4702 ipsum
1718 4630 1860 4700 post
1891 4622 2180 4699 acceptas
2214 4625 2459 4684 litteras
2490 4622 2738 4702 publice
2781 4639 2894 4698 pro
2929 4624 3235 4685 concione
3287 4622 3745 4701 cadam—qum

462 4714 647 4791 ante,
683 4712 746 4791 et
775 4705 871 4791 his
901 4704 1104 4791 multo
1129 4704 1442 4766 deteriora
1475 4700 1771 4791 dogmata
1815 4703 2273 4791 proposuisse;
2323 4703 2380 4761 id
2415 4718 2564 4791 vero
2611 4700 2760 4791 facit
2785 4705 3078 4791 apertum
3114 4703 3459 4791 Mercator,
3509 4700 3740 4765 relatis

466 4779 926 4863 posterioribus
956 4783 1205 4844 duobus
1245 4779 1677 4863 sermonibus.
1714 4779 1876 4858 quos
1895 4781 2308 4863 blasphemiis
2343 4781 2603 4863 refertos
2659 4779 2880 4839 habuit
2931 4779 3145 4863 furens
3185 4781 3546 4860 Nestorius,
3575 4800 3743 4862 par-

387 4873 404 4939 j'
465 4858 573 4925 tim
603 4864 702 4924 die
733 4863 1018 4931 sabbati,
1053 4881 1195 4940 quae
1220 4864 1292 4922 13
1321 4862 1708 4940 Decembris,
1745 4861 1974 4936 partim
2005 4861 2104 4920 die
2125 4860 2436 4921 dominica
2475 4864 2779 4940 sequente
2800 4903 2815 4927 ,
2847 4858 3174 4940 ann._!t30.

378 4938 396 5000 si
545 4945 680 5005 Non
713 4949 849 5004 erat
879 4938 1224 5003 obscurum
1278 4939 1532 5020 quidem
1568 4940 2133 5002 anathematismos
2165 4958 2313 5001 suos
2352 4939 2710 5022 Nestorium
2760 4938 3133 5022 opposuisse
3165 4942 3496 5022 catholicis
3529 4959 3564 5022 a
3598 4943 3737 5022 Cy-

378 5069 389 5075 .
468 5024 614 5085 rillo
641 5023 940 5101 scriptis;
978 5022 1086 5082 sed
1133 5017 1366 5082 latebat
1415 5037 1544 5097 quo
1575 5027 1858 5101 tempore
1902 5036 2011 5079 eos
2043 5019 2506 5101 composuisset
2541 5039 2557 5077 τ
2593 5034 2869 5101 cumque
2902 5017 3120 5077 Latine
3157 5025 3404 5101 Ignitum
3444 5017 3738 5081 habean-

399 5167 404 5171 ,
467 5112 599 5174 tnr,
663 5095 1070 5165 nesciebatur
1103 5118 1234 5178 quo
1282 5095 1627 5177 interprete
1673 5097 1753 5160 ad
1787 5116 1900 5158 nos
1933 5095 2395 5178 pervenissent.
2428 5096 2781 5178 Utrumque
2810 5095 3127 5178 Mercator
3156 5095 3375 5174 docet;
3412 5116 3521 5159 eos
3559 5103 3739 5161 enim

469 5200 596 5242 non
625 5190 872 5244 tantum
903 5184 1041 5256 ipse
1071 5174 1526 5256 interpretatus
1555 5182 1649 5237 est
1674 5222 1690 5251 ,
1719 5178 1823 5238 sed
1849 5179 2039 5238 etiam
2071 5177 2320 5257 prolixa
2344 5183 2406 5235 et
2427 5175 2675 5236 erudita
2698 5174 3197 5237 contradictione
3231 5178 3502 5255 refellit,
3532 5187 3739 5257 atque

457 5263 595 5324 haec
623 5262 696 5323 de
733 5263 1022 5321 Nestorio
1049 5277 1249 5338 pauca
1278 5276 1358 5338 ex
1388 5257 1677 5335 pluribus
1714 5275 1856 5336 qua:
1891 5259 2054 5316 notis
2086 5256 2518 5316 continentur.

539 5341 764 5414 Quoad
793 5331 1200 5399 Theodorum
1231 5331 1752 5416 Mopsuestenuni
1775 5382 1790 5406 ,
1835 5343 2062 5414 praeter
2099 5341 2398 5416 excerpta
2444 5351 2526 5392 ex
2573 5333 2858 5416 quinque
2890 5331 3069 5416 libris
3089 5335 3407 5416 adversus
3435 5341 3740 5400 sanctum

459 5411 890 5500 Augustinum
915 5464 932 5495 ,
961 5420 1039 5500 de
1071 5418 1306 5500 quibus
1338 5411 1529 5500 antea
1563 5417 1797 5500 dictum
1836 5411 1998 5500 est,_
2019 5415 2217 5500 multa
2252 5411 2512 5500 quoq-ue
2563 5429 2641 5470 ex
2664 5411 2881 5500 _libris
2907 5412 3270 5500 quindecim
3295 5413 3372 5475 de
3392 5415 3698 5500 [Incama

459 5489 631 5563 tione
679 5489 931 5561 diversa
983 5499 1065 5560 ab
1092 5489 1199 5556 "iis
1240 5512 1385 5573 qum
1442 5495 1506 5556 in
1552 5497 1774 5572 quinta
1803 5489 2045 5572 synodo
2088 5497 2155 5573 et
2202 5489 2370 5569 apud
2411 5489 2794 5573 Facundum
2826 5490 3355 5573 Hermianensem
3381 5489 3473 5573 fac
3503 5495 3686 5555 Leon

460 5580 618 5641 tium
643 5578 1096 5642 scholasticum
1142 5568 1482 5646 habentur,
1522 5568 1693 5635 nunc
1725 5568 2008 5651 primum,
2029 5568 2308 5651 eduntUr
2340 5586 2420 5651 ex
2451 5568 2821 5651 collectione
2844 5569 3242 5651 Mercatoris.
3277 5571 3478 5650 Cujus
3528 5575 3739 5635 etiam

463 5658 831 5721 testimonio
862 5655 1244 5731 defenditur,
1298 5654 1604 5716 adversus
1653 5647 1935 5731 Facundi
1966 5649 2450 5731 Hermianeusis
2501 5647 2924 5731 calumniam,
2962 5649 3188 5731 quinta
3225 5647 3551 5728 synodus,
3579 5670 3737 5728 quas

457 5739 795 5803 Theodoro
833 5726 1280 5813 Mopsuesteno
1316 5727 2331 5813 symbolumimpium__attribuit
2372 5726 2541 5813 :Jhoc
2568 5727 3156 5813 enimsymbolum,
3203 5726 3335 5792 nan
3385 5726 3646 5796 tantum
3697 5750 3740 5806 ο

458 5818 678 5896 Ωτωοο
704 5820 765 5881 in
794 5804 1088 5882 Latinum
1109 5804 1458 5892 transtulit,
1491 5813 1596 5878 sed
1623 5804 2098 5875 etiam'erudita
2119 5823 2234 5869 con
2248 5805 2551 5869 futationc
2585 5805 2808 5869 evertit
2833 5804 3170 5869 Mercator.
