4010 6290
236 218 310 275 53
1268 214 1603 282 GARNER“
1631 214 2010 283 PWA'HO
2042 214 2454 282 GENERALIS.
3430 223 3504 282 54

308 333 474 409 Qua:
498 338 715 417 autem
744 334 934 417 fuerit
985 333 1364 397 Theodoreti
1415 338 1569 401 fides
1616 346 1770 417 ante
1801 340 2147 401 concilium
2181 336 2700 402 Chalcedonense
2749 339 3142 402 contentiose
3194 337 3500 417 disputa-

228 420 362 476 tum
395 423 493 474 est
525 432 565 476 a
592 415 824 497 doctis,
856 417 1162 492 multique
1194 433 1337 477 cum
1366 416 1707 495 Agobardo
1743 420 2115 479 maluerunt
2144 419 2481 495 benignius
2532 420 2822 492 credere,
2852 438 2964 496 pro
2999 419 3261 481 veritate
3292 415 3499 497 ipsum

228 500 461 555 contra
509 495 838 556 veritatem
875 512 1191 573 pugnasse
1219 538 1235 567 ,
1284 498 1629 573 verbisque
1679 497 1890 572 potius
1931 514 2122 573 quam
2173 498 2525 573 sententia,
2569 507 2680 558 aut
2712 495 3006 559 Nestorio
3060 495 3497 569 consensisse,

228 515 461 555 contra
509 515 838 556 veritatem
921 515 1235 572 ugnasse,
1284 515 1629 573 verntsque
1679 515 1890 572 pouns
1931 515 2122 573 quam
2173 515 2525 573 sententia,
2569 515 2680 558 aut
2715 515 3006 559 th‘SlOl‘lO
3060 515 3497 569 consensisse,

228 582 340 656 aut
371 574 757 656 dissensisse
784 591 819 635 a
848 515 1117 656 ἕδη-1110(
1143 574 1845 656 AtMercatorprolatis
1875 574 1939 656 in
1971 575 2403 635 testimonium
2427 576 2872 639 instrumentis
2892 622 2908 648 ,
2936 595 3080 656 quas
3112 578 3289 655 prius
3316 587 3503 640 erant

230 654 488 731 ignota,
518 652 850 715 hominem
878 653 1267 715 Nestorianec
1315 653 1576 731 haeresis
1604 654 1956 725 convincit,
1993 671 2119 713 non
2152 661 2415 715 retenta}
2454 661 2698 715 tantum
2750 658 2811 716 in
2864 652 3129 730 animo,
3168 657 3273 718 sed
3306 659 3498 719 etiam

231 730 441 810 palam
473 731 781 811 professa:
818 750 1017 813 usque
1047 732 1122 791 ad
1169 730 1578 813 annuni‘li'ﬂ;
1604 732 1937 813 excerpsit
1975 732 2147 792 enim
2176 731 2451 811 plurima
2481 751 2564 795 ex
2593 734 2772 796 libris
2802 737 3089 813 quinque
3115 780 3131 807 ,
3178 754 3340 813 quos
3389 737 3501 798 ad-

233 827 459 871 versus
478 810 787 891 sanctum
814 810 1125 890 Cyrillum
1199 810 1674 891 conciliumque
1705 811 2102 887 Ephesinum
2134 810 2526 891 cumposuit;
2561 813 2753 873 immo
2805 810 2869 875 et
2904 810 3214 891 epistolas
3247 819 3499 877 concio-

228 907 523 966 numque
555 889 913 969 fragmenta
950 891 1199 962 retulit,
1232 908 1376 968 quin
1409 889 1793 950 Theodoreti
1830 896 2134 965 patronos
2165 890 2494 951 manifeste
2520 892 2869 953 confutcnt.
2906 889 3055 956 Haec
3086 896 3147 954 in
3186 895 3355 957 hunc
3383 914 3498 958 us—

226 987 355 1047 que
386 970 555 1029 diem
604 971 821 1048 ignota
858 970 1105 1049 penitus
1138 970 1497 1047 snppeditat
1526 969 1869 1049 Mercator,
1897 986 2139 1049 exiquo
2173 986 2344 1049 nunc
2372 969 2646 1048 primum
2684 974 2742 1031 in
2774 972 2979 1035 lucem
3011 973 3309 1034 eduntur.

308 1050 495 1132 Nunc
524 1047 719 1132 etiam
748 1047 1022 1132 primum
1069 1048 1441 1132 Mercatoris
1464 1065 1582 1125 ope
1611 1092 1627 1121 ,
1657 1047 2386 1132 EutheriiANestoriante
2415 1051 2780 1132 partisgnon
2832 1053 3131 1132 ignobilis
3162 1055 3494 1117 sectatoris

229 1145 444 1188 sermo
481 1126 765 1208 legitur,’
800 1129 1060 1189 mutilus
1115 1128 1219 1188 ille
1250 1127 1621 1204 quidem,et
1654 1144 1799 1187 cum
1826 1126 2229 1205 praefatione,
2280 1144 2425 1204 quas
2454 1128 2638 1204 quasi
2691 1126 2896 1208 capite
2925 1133 3169 1195 minuta
3207 1140 3331 1206 est;
3367 1154 3494 1195 non

164 1218 167 1221 '
228 1207 742 1291 contemnendus
767 1213 975 1291 tamen
999 1252 1015 1280 ,
1036 1224 1183 1291 cum
1210 1225 1291 1291 ex_
1315 1224 1392 1291 (ξς)
1419 1214 1635 1291 aperte
1663 1212 2328 1291 cognoscaturauctor
2355 1207 2798 1291 operisillius,
2824 1213 2989 1287 quod
3018 1212 3235 1289 viginti
3256 1222 3495 1291 septem

228 1286 402 1369 libris
444 1288 820 1369 distinctum
848 1287 1248 1347 Theodoreto
1274 1286 1577 1369 tribuitur
1623 1302 1660 1346 a
1684 1286 1960 1369 Δξπηι-(ξῑὶο,
2010 1286 2679 1369 cujusquevigiatiet
2712 1286 2875 1369 unus
2907 1290 3048 1350 libri
3080 1286 3494 1369 reperiuntur

230 1368 292 1428 in
322 1365 616 1427 secundo
646 1374 816 1426 tomo
843 1383 1110 1444 operum
1159 1366 1360 1427 sancti
1389 1365 1745 1427 Athanasii.
1782 1364 1941 1445 Nam
1975 1371 2048 1445 ut
2098 1381 2203 1425 sex
2259 1366 2506 1442 priores
2540 1366 2682 1427 libri
2720 1368 2846 1427 sint
2884 1364 3301 1445 Theodoreti,
3327 1380 3498 1434 certe

233 1447 685 1523 aliipcrtinent
716 1446 792 1507 ad
823 1442 1200 1506 Eutherium
1229 1464 1244 1504 :
1270 1461 1488 1506 omnes
1517 1445 1687 1505 enim
1715 1443 2008 1504 eumdem
2033 1442 2617 1523 habereauctorem
2647 1447 3030 1509 demonstrat
3067 1451 3262 1510 series
3287 1442 3499 1511 libro-

234 1522 403 1600 rum,
439 1542 786 1603 nexusque
814 1526 1090 1586 aliorum
1112 1542 1192 1584 ex
1219 1526 1363 1586 aliis
1392 1544 1411 1599 ;
1437 1540 1511 1586 ea
1543 1542 1689 1585 vero
1720 1524 1979 1601 notitia,
2010 1540 2205 1602 quam
2254 1522 2398 1585 fecit
2430 1524 2768 1599 Mercator,
2798 1526 2956 1587 nihil
2992 1528 3121 1590 fere
3154 1528 3371 1591 utilius
3401 1535 3498 1593 est

237 1607 305 1667 ad
341 1606 682 1665 historiam
718 1605 971 1665 illorum
1010 1612 1391 1683 temporum.

311 1685 447 1766 lam
490 1702 645 1766 vero
670 1685 927 1766 Patrum
954 1682 1185 1762 Ephesi
1218 1689 1756 1766 congregatorum
1789 1699 2100 1766 numer_us
2129 1682 2288 1766 ,‘qui
2326 1688 2518 1766 antea
2551 1686 2772 1746 varius
2798 1702 2834 1747 a
2872 1687 3068 1749 variis
3096 1690 3494 1766 auctoribus,

246 1764 359 1826 levi
385 1764 602 1841 potius
633 1763 1035 1843 conjectura,
1068 1780 1263 1840 quam
1292 1762 1604 1842 probabili
1634 1764 1919 1840 ratione,
1952 1762 2362 1835 afferebatur,
2403 1763 2657 1827 deﬁnite
2685 1766 2918 1827 dicitur
2955 1784 3081 1828 non
3110 1785 3236 1829 uno
3267 1772 3329 1829 in
3361 1762 3499 1831 loco

257 1861 288 1905 a
313 1844 656 1905 Mercatore
693 1844 889 1904 fuisse
914 1859 1210 1905 cccxxrv.

320 1924 525 2001 Cyrilli
568 1923 876 2003 epistola,
913 1939 1059 2000 quis
1107 1924 1170 1982 in
1203 1923 1480 2003 vulgatis
1509 1923 1898 2003 editionibus
1932 1923 2186 1985 concilii
2238 1920 2545 2000 Ephesini
2582 1924 2818 2002 scripta
2865 1924 3096 1988 dicitur
3126 1928 3202 1988 ad
3234 1928 3502 1990 clericos

240 2002 981 2082 ConstantinOpolitanos
1037 2002 1274 2062 mutuis
1313 2005 1479 2082 inter
1519 2022 1587 2063 se
1632 2002 1907 2064 dissidiis
1961 2009 2354 2081 pugnantes,
2392 2003 2579 2082 apud
2614 2005 3034 2066 Mercatorem
3084 2006 3275 2068 habet
3332 2010 3503 2071 hunc

240 2083 478 2142 titulum
518 2102 534 2141 :
570 2081 809 2159 συν-ειη
839 2081 1264 2163 Alexandrini
1293 2081 1566 2163 episcopi
1590 2083 1671 2143 ad
1702 2101 1848 2142 suos
1897 2083 2150 2145 clericos
2196 2081 2574 2144 constitutos
2616 2083 3185 2163 Constantinopoli.
3219 2087 3308 2148 Ea
3347 2105 3497 2147 vero

242 2169 409 2239 prout
438 2178 478 2223 a
553 2163 916 2223 Mercatore
953 2162 1294 2239 interprete
1326 2160 1630 2238 affertur,
1668 2163 1899 2222 mirum
1927 2169 2242 2239 quantum
2288 2180 2323 2224 a
2362 2164 2638 2241 vulgatis
2664 2208 2679 2236 ,
2720 2168 2850 2223 tum
2901 2160 3131 2225 Graécis
3161 2209 3177 2237 ,
3217 2173 3347 2225 tum
3387 2168 3503 2227 La-

238 2241 371 2301 tinis
404 2241 803 2302 editionibus
830 2242 1086 2321 dive-~11
1132 2248 1262 2314 est,
1295 2246 1357 2302 et
1406 2260 1481 2304 ea
1518 2243 1839 2318 continet,
1874 2259 2020 2318 qum
2049 2241 2230 2301 [idem
2263 2242 2398 2318 ipsa
2437 2245 2556 2303 sibi
2599 2260 2710 2321 per
2744 2261 2811 2305 se
2843 2243 3117 2321 faciant,
3175 2254 3234 2305 et
3282 2247 3503 2309 Graaca

232 2322 662 2401 corruptionis
712 2319 1135 2391 convincunt,
1171 2328 1231 2380 et
1268 2322 1553 2401 historia)
1605 2337 1845 2384 arcana
1880 2323 2081 2382 multa
2118 2321 2419 2401 mysteria
2459 2319 2864 2397 patefaciant.

301 2403 514 2484 A_tque
543 2400 679 2484 huic
707 2408 862 2461 sunt
892 2416 1094 2484 pauca
1127 2402 1392 2484 omnino
1418 2400 1491 2484 de
1529 2400 1819 2477 plurimis
1868 2416 2014 2476 qua;
2044 2400 2214 2484 sine_
2232 2400 2573 2484 ratiocinio
2621 2403 2866 2484 et_sola
2913 2401 3043 2464 fere
3101 2404 3498 2484 inspectione

226 2480 846 2560 accipereprimum
906 2480 1053 2540 licet
1113 2496 1150 2539 a
1205 2478 1599 2553 Mercatore;
1632 2496 1775 2558 qua:
1830 2497 1982 2539 vero
2037 2479 2745 2560 concluduntur-certis
2784 2478 3505 2560 argumentis,elsinec

222 2575 429 2637 pauca
459 2556 652 2619 etiam
684 2560 1007 2633 existunt,
1035 2574 1151 2619 nec
1192 2574 1420 2635 parum
1452 2556 1663 2627 utilia.
1695 2560 1890 2619 immo
1936 2559 2299 2619 necessaria
2322 2604 2337 2630 ,
2370 2556 2448 2618 ad
2478 2556 2924 2621 illustrandain
2963 2563 3292 2623 historiam
3316 2607 3332 2635 ,
3368 2581 3495 2625 non

221 2636 588 2720 debuerunt
626 2646 856 2720 tamen
894 2640 957 2698 in
997 2638 1167 2700 hunc
1216 2638 1426 2699 locum
1457 2638 1684 2701 referri
1710 2684 1726 2714 ,
1778 2637 1888 2700 sed
1924 2638 1989 2698 in
2035 2638 2550 2712 observationes,
2602 2658 2681 2701 ne
2715 2640 3030 2717 prolixius
3065 2643 3502 2720 prtefaremur,

221 2734 426 2794 quam
455 2719 628 2796 leges
663 2718 1056 2795 permittunt.
3026 2786 3027 2789 η

310 2797 407 2857 De
441 2798 993 2858 observationibus
1020 2814 1204 2867 vero,
1227 2797 1564 2859 'monitum
1598 2803 1658 2858 te
1688 2797 1915 2867 velim,
1972 2797 2198 2864 lector.
2232 2796 2611 2874 priusquam
2646 2797 2895 2874 praafari
2948 2799 3209 2872 desino,
3263 2818 3373 2862 eas
3407 2820 3507 2863 me

224 2874 585 2959 historicas
621 2876 744 2959 fere
782 2881 1027 2959 tantum
1054 2920 1069 2945 ,
1108 2882 1219 2959 aut
1254 2878 1698 2957 philologicas,
1751 2875 1921 2959 quod
1953 2874 2087 2959 jam
2138 2878 2269 2937 dixi
2299 2920 2314 2946 ,
2351 2878 2449 2959 _de
2487 2877 2802 2936 industria
2858 2878 3079 2939 fecisse
3118 2901 3133 2939 :
3168 2892 3507 2959 prepterea

223 2953 411 3031 quod
434 2955 581 3017 ﬁdei
614 2957 929 3034 dogmata,
967 2956 1043 3016 de
1070 2953 1301 3033 quibus
1333 2953 1547 3036 agitu'r
1583 2959 1643 3016 in
1676 2953 1978 3036 cperibus
2025 2956 2398 3017 Mercatoris
2424 2999 2441 3028 ,
2468 2963 2530 3015 et
2563 2975 2674 3031 per
2700 2976 2765 3016 se
2800 2973 3001 3033 pauca
3035 2953 3225 3027 sunt,
3260 2953 3316 3019 et
3352 2960 3504 3019 mihi

220 3036 553 3115 videntur,
591 3037 686 3095 vel
718 3037 956 3097 nullam
985 3080 998 3106 ,
1049 3038 1144 3097 vel
1175 3039 1475 3113 exiguam
1504 3036 1940 3115 difficultatem
1973 3036 2098 3115 pati
2130 3078 2147 3108 ,
2180 3040 2320 3112 post
2353 3042 2443 3095 tot
2472 3038 2819 3111 prmsertim
2852 3037 3149 3098 Ecclesiae
3176 3038 3497 3099 definitio-

220 3132 336 3174 nes
387 3114 855 3192 doctorumque
910 3117 1193 3175 virorum
1239 3117 1699 3193 expositiones.
1764 3114 2267 3175 Observationes
2312 3120 2526 3176 autem
2567 3114 2883 3177 voluimus
2920 3133 3061 3177 esse
3094 3117 3455 3195 ltujusmodi
3486 3160 3504 3192 ,

218 3200 283 3253 ut
323 3210 473 3270 qua:
496 3203 646 3254 sunt
672 3197 842 3271 apud
873 3195 1291 3260 Mercatorem
1312 3240 1328 3267 ,
1362 3212 1437 3257 ea
1466 3196 1556 3257 sic
1586 3196 2007 3271 scriptoribus
2046 3195 2313 3268 receptis
2336 3195 2785 3255 auctoritatem
2811 3196 3186 3267 concilient,
3215 3206 3284 3257 ut
3313 3200 3507 3259 simul

221 3273 299 3332 ab
329 3274 491 3350 ipsis
544 3274 824 3335 vicissim
860 3273 1045 3334 ﬁdem
1081 3281 1495 3346 rnutuentur;
1527 3276 1914 3336 contulimus
1959 3274 2129 3333 enim
2166 3274 2528 3335 Marianum
2563 3273 2714 3347 hoc,
2747 3282 3341 3352 quantumcumque
3370 3286 3504 3352 est,

222 3370 377 3429 cpus
403 3370 558 3414 cum
588 3355 895 3414 omnibus
930 3354 1214 3433 ejusdem
1238 3361 1349 3415 aut
1378 3354 1600 3416 vicina:
1626 3354 1833 3416 astatis
1874 3355 2248 3414 auctoribus
2270 3396 2285 3424 ,
2311 3361 2372 3414 et
2402 3354 2488 3413 ita
2518 3354 3160 3433 quidemlaboriuse,
3193 3363 3258 3414 ut
3294 3356 3507 3418 nullus

228 3434 282 3490 in
327 3449 537 3515 causa
590 3431 979 3515 Nestoriana‘
1009 3434 1518 3511 C(elestianaque
1553 3440 1844 3495 versatus
1891 3434 2007 3509 sit,
2036 3433 2145 3511 qui
2187 3450 2315 3493 non
2352 3433 2496 3511 plus
2533 3432 2729 3493 semel
2761 3431 3095 3512 diligenter
3122 3437 3505 3515 curioseque

237 3514 542 3591 perlectus
572 3513 676 3575 sit.
1226 3538 1231 3544 ’

1674 3592 1929 3657 CAPUT
1974 3593 2051 3653 V.

770 3722 1092 3800 Quomodo
1123 3721 1404 3784 venerint
1448 3720 1518 3782 in
1554 3738 1777 3781 manus
1824 3727 2077 3780 nostras
2106 3718 2307 3780 Marii
2340 3716 2716 3780 Mercatoris
2752 3736 2960 3799 opera.

291 3827 430 3887 Non
473 3826 601 3889 erit
625 3870 640 3896 ,
673 3826 929 3904 Opinor,
967 3827 1290 3905 ingratum
1319 3825 1606 3905 studioso
1639 3824 1893 3905 lectori,
1925 3823 1975 3882 si
2012 3822 2904 3905 priusquam‘imponoiinem
2935 3820 3081 3882 huic
3108 3822 3460 3899 prmfationi
3488 3869 3506 3898 ,

216 3909 436 3985 paucis
470 3899 763 3983 aperiam
794 3924 925 3984 quo
958 3899 1145 3984 pacto
1177 3922 1375 3985 Opera
1405 3904 1780 3964 Mercatoris
1821 3901 1896 3963 ad
1932 3918 2030 3961 me
2072 3900 2519 3981 pervenerint,
2551 3899 3026 3963 ctedendorum
3057 3920 3276 3963 curam
3310 3905 3509 3964 susci-

215 4004 358 4063 pere
384 3986 554 4049 mibi
580 3986 943 4065 contigerit.

244 4098 249 4105 ι
287 4068 567 4126 Miserat
597 4066 673 4126 ad
703 4060 1164 4144 PfPhilippum
1186 4064 1514 4144 Labbeum
1542 4064 1607 4123 P.
1635 4060 2231 4144 _Petrus_Possinu_s,
2258 4060 2445 4144 jussu
2469 4060 2958 4144 eminentissimi
2991 4060 3050 4122 S.
3083 4062 3156 4121 R.
3196 4060 3509 4144 E._cardig

215 4147 371 4207 nalis
432 4145 770 4207 Francisci
819 4140 1155 4206 Barberini
1192 4142 1762 4207 Commonitorium
1818 4140 2232 4216 Mercatoris,
2282 4140 2482 4216 ignoti
2543 4141 2798 4216 quidem
2859 4150 3011 4200 tunc
3044 4142 3358 4210 auctoris,
3398 4143 3506 4201 sed

208 4226 376 4304 digni
420 4230 647 4286 tamen
682 4224 798 4286 visi
851 4223 1034 4304 cujus
1085 4242 1248 4301 opus
1300 4222 1716 4304 inscrer_etur_
1743 4220 2026 4304 secundo
2083 4226 2257 4304 temo
2311 4219 2772 4304 Conciliorum,
2805 4220 2879 4279 ad
2913 4236 3066 4281 ann.
3100 4219 3330 4304 Christi
3362 4217 3502 4304 M2.

205 4298 395 4367 Hunc
429 4305 816 4365 thesaurum
844 4350 861 4379 ,
896 4298 1000 4363 ubi
1037 4298 1314 4383 primum
1342 4301 1583 4383 accepit
1617 4299 1969 4383 indefessus
1997 4298 2424 4383 conciliorum
2462 4298 3314 4383 collector,communicavit
3341 4300 3501 4383 ami-

204 4402 271 4443 ce
303 4402 575 4446 mecum
598 4427 614 4453 ,
668 4376 858 4460 quem
891 4376 1161 4443 noverat
1200 4400 1327 4442 non
1362 4380 1661 4442 mediocri
1694 4378 1903 4441 studio
1935 4378 2134 4438 teneri
2188 4376 2610 4455 conquirendi
2644 4379 2861 4438 omnia
2889 4395 3033 4456 quas
3065 4376 3145 4441 ad
3177 4377 3507 4441 historiam

203 4466 481 4526 haeresis
516 4463 879 4544 Pelagianae
914 4466 1299 4544 spectarent.

282 4545 603 4621 Dumque
652 4535 841 4604 simul
874 4535 1327 4620 gratulabundi
1359 4537 1744 4621 perlegimus
1766 4583 1784 4611 ,
1819 4538 2157 4621 aureolum
2187 4536 2477 4621 ,_ut_ips_e
2506 4535 3333 4621 appellabat,_antiquitatis
3363 4555 3507 4602 mo-

202 4615 605 4684 nomentum
627 4668 643 4699 ,
673 4615 911 4683 factum
940 4628 1035 4681 est
1064 4635 1215 4682 casu
1260 4625 1329 4679 ut
1355 4615 1637 4699 codicem
1667 4618 2179 4699 manuscriptum
2214 4616 2484 4699 insignis
2513 4616 2811 4699 Ecclesia
2834 4615 3303 4699 Bellovacensis
3335 4634 3505 4699 ape-

199 4704 533 4774 riremus,
571 4696 893 4777 simulque
922 4705 1290 4761 occurreret
1314 4698 1517 4759 oculis
1551 4697 1998 4777 nomenMarii
2039 4697 2419 4777 Mercatoris
2441 4739 2458 4767 ,
2491 4696 2800 4777 variaque
2826 4696 3133 4755 continuo
3164 4697 3504 4777 Opuscula,
3539 4752 3554 4768 ,

201 4785 405 4843 immo
473 4772 538 4843 et
594 4772 803 4859 ipsum
863 4778 1433 4842 Commonitorium
1477 4778 1679 4838 Roma
1731 4776 1996 4836 missum
2052 4774 2491 4836 evolventibus
2531 4792 2597 4835 se
2628 4772 2918 4841 offerret,
2965 4791 3095 4853 quo
3126 4776 3362 4854 gaudio
3390 4778 3500 4839 vix

196 4864 358 4924 satis
392 4862 749 4924 exulicem.

279 4882 905 5003 lIIS?)1:32:31!lfoer'tnupam
936 4956 1078 5000 cum
1103 4936 1331 4997 litteris
1359 4935 1681 4997 didicisset
1710 4934 2015 4995 Pessinus
2038 4977 2055 5001 ,
2088 4932 2577 5014 consuluitiipse
2604 4933 2975 5014 diligentius
3001 4939 3399 4997 asservatum
3430 4936 3496 4999 in

196 5022 530 5082 Vaticana
582 5019 967 5080 bibliotheca
1033 5018 1350 5090 codicem,
1401 5016 1510 5094 qui
1566 5016 1771 5075 fuerat
1820 5013 1973 5094 olim
2027 5013 2278 5094 comitis
2325 5013 2595 5094 Palatini
2640 5013 2738 5075 ad
2773 5014 3100 5088 Rhenum,
3162 5032 3241 5074 ex
3294 5032 3501 5094 coque

195 5100 535 5179 descripta
564 5100 768 5169 misit,
806 5116 949 5176 quas
979 5098 1044 5179 in
1070 5091 1507 5179 Bellovacensi
1546 5094 1857 5179 contineri
1897 5092 2322 5179 signiﬁcatum
2356 5091 2584 5179 fuerat.

279 5172 503 5242 Tan'ta
537 5184 797 5256 tamque
828 5172 1186 5237 indubitata
1216 5176 1489 5236 duorum
1522 5173 1808 5256 codicum
1849 5190 1969 5249 ope
2009 5172 2204 5256 fretus
2240 5172 2598 5256 apparabat
2626 5172 2918 5256 Labbeus
2945 5188 3215 5250 operum
3252 5174 3502 5239 Merca-

198 5262 365 5320 toris
402 5250 753 5321 editionem
781 5302 798 5333 ,
834 5258 942 5317 sed
998 5256 1223 5333 majori
1254 5272 1336 5315 ex
1387 5259 1573 5333 parte
1619 5250 1937 5333 mutilam,
1959 5269 2034 5311 ac
2064 5251 2201 5333 sine
2239 5252 2692 5333 notis;_neque
2719 5252 2886 5312 enim
2909 5258 3200 5333 poterat,
3226 5256 3499 5317 obrutus

198 5344 535 5401 immenso
572 5329 793 5398 labore
824 5329 1257 5398 Conciliorum
1296 5329 1731 5407 generalium,
1762 5337 1874 5391 aut
1925 5330 2253 5407 inquirere
2291 5347 2433 5408 quas
2463 5330 2746 5392 latebant
2775 5329 3039 5392 confuse
3067 5338 3124 5394 et
3160 5337 3459 5411 permiste
3485 5381 3502 5405 ,

198 5426 319 5481 aut
350 5419 666 5481 attentius
700 5417 1044 5477 observare
1079 5414 1332 5491 singula
1365 5412 1843 5491 quteillustrari
1880 5411 2314 5488 postulabant.

283 5501 468 5560 Mors
503 5496 770 5574 inopina
814 5494 1153 5574 consilium
1188 5488 1306 5574 viri
1342 5488 1699 5574 przevertit,
1737 5489 2075 5574 fuitquein
2108 5506 2304 5574 causa
2349 5505 2465 5574 cur
2509 5488 2858 5574 o_pus_mihi
2897 5491 3073 5574 velut
3096 5492 3382 5574 legatum
3415 5511 3497 5557 ex

200 5585 602 5641 testamento
620 5568 991 5635 'oiTerrctur.
1029 5572 1289 5648 Suscepi
1325 5588 1477 5652 vero
1506 5570 1792 5629 oblatum
1831 5586 1908 5652 eo
1939 5569 2239 5652 libentius
2271 5568 2439 5647 quod
2464 5615 2480 5642 ,
2510 5568 2656 5629 licet
2688 5569 2915 5652 impari
2955 5568 3213 5652 ingenio
3256 5577 3318 5633 et
3353 5573 3502 5635 doc-

200 5661 386 5718 trina
419 5675 626 5718 essem
654 5658 840 5732 longe
876 5653 1178 5713 inferiore
1204 5694 1218 5719 ,
1254 5650 1494 5732 majore
1528 5655 1739 5710 tamen
1781 5649 1912 5707 otio
1958 5648 2395 5732 abundabam,
2427 5666 2623 5732 quam
2667 5649 2770 5732 vir
2808 5648 3254 5729 septemdecim
3287 5667 3502 5713 εωου..

199 5740 431 5803 lorum
486 5727 1187 5814 negotiis'impeditus,
1230 5730 1527 5806 quodque
1594 5734 1881 5805 poteram
1915 5727 2271 5805 etpeditius
2307 5728 2549 5793 versari
2579 5747 2723 5789 cum
2757 5730 2820 5791 in
2874 5727 3319 5809 perquirendis
3356 5747 3508 5815 qua
