4010 6290
271 252 334 312 ιι
1470 253 1839 315 ΡΒΕΡΑΤΙΟ

1977 257 2287 316 ΝΕιιΑιιδ.
3480 266 3557 327 42

266 374 437 436 istos;
482 382 614 425 nam
647 369 749 426 etsi
779 382 887 425 non
913 376 1037 425 sunt
1059 369 1353 442 etiam'ipsi
1383 374 1654 441 morituri,
1687 384 1713 412 ιι
1736 374 1860 446 quid
1891 376 2023 432 istos
2051 377 2294 447 adjuvet,
2327 377 2546 433 omnino
2572 391 2678 434 non
2705 378 2901 445 video;
2931 393 3054 435 cum
3088 379 3211 437 talia
3239 380 3308 437 de
3332 379 3416 437 his
3442 380 3558 445 dici

263 465 501 539 possint,
536 465 713 537 qualia
744 465 811 520 de
838 465 948 519 illis
974 464 1115 520 dicta
1141 474 1267 520 sunt
1293 465 1530 533 duobus,
1562 467 1750 523 Eooch
1776 468 1982 524 scilicet
2010 480 2062 525 et
2090 471 2234 527 Elia.

330 558 384 615 4.
418 573 442 610 s
487 557 598 612 Sed
635 571 847 624 revera,
882 567 1139 629 quantum
1186 558 1253 614 ad
1290 560 1453 615 verba
1498 561 1641 615 beati
1687 561 1933 631 Apostoli
1982 566 2233 632 pertinet,
2285 566 2499 621 videtur
2541 582 2789 624 asserere
2817 567 3081 637 quosdam
3119 569 3171 623 in
3204 568 3309 625 line
3343 568 3555 639 saeculi,

265 648 593 707 adveniente
636 652 883 716 Domino,
939 665 1062 706 cum
1094 651 1266 707 futura
1311 662 1395 707 est
1425 652 1754 709 resurrectio
1793 662 2151 722 mortuorum,
2204 674 2311 713 non
2345 668 2608 727 mortuos,
2647 661 2741 716 sed
2792 661 2941 715 vivos
2975 671 3253 731 repertos,
3307 664 3359 717 in
3404 664 3556 723 illam

262 742 733 801 immortalitatem
762 758 883 808 quae
914 744 1114 799 sanctis
1141 746 1304 798 etiam
1336 747 1552 800 ctcteris
1582 745 1741 801 datur
1773 756 1997 816 repente
2026 749 2313 803 mutandos
2337 760 2392 805 et
2414 753 2569 806 simul
2598 770 2718 807 cuto
2748 753 2852 806 illis
2884 753 3191 822 rapiendos.
3224 755 3362 812 sicut
3395 756 3553 826 dicit,

257 840 308 894 in
340 836 608 894 nubibus.
637 834 747 891 Nec
771 834 970 905 aliquid
999 835 1145 891 aliud
1175 835 1305 891 mihi
1336 838 1513 891 visum
1546 848 1651 902 est,
1682 839 1938 908 quotiens
1963 839 2029 893 de
2062 838 2145 895 bis
2174 841 2357 895 verbis
2387 843 2534 897 volui
2560 845 2833 913 cogitare:
2868 844 2962 899 sed
2998 846 3188 900 vellem
3223 845 3348 901 hinc
3378 851 3554 915 ponus

256 932 438 989 audire
468 930 777 992 doctiores,
810 946 879 987 ne
905 929 1012 984 illis
1063 930 1222 985 etiam
1255 931 1344 1000 qui
1394 941 1584 999 putant
1611 932 1821 999 aliquos
1861 940 2033 987 morte
2075 948 2179 988 non
2214 935 2563 1004 prazcedente
2607 938 2903 991 vit'ilicatos
2935 938 3001 992 ad
3046 940 3203 991 vitam
3235 941 3555 998 transituros

258 1033 606 1098 perpetuam,
639 1024 823 1079 dicere
847 1024 1147 1078 inveniatur
1176 1024 1467 1093 Apostolus
1493 1041 1510 1079 :
1545 1023 1717 1081 Stulte
1736 1069 1751 1092 ,
1784 1025 1921 1093 quod
1942 1029 2162 1081 seminus
2181 1068 2195 1091 ,
2224 1043 2327 1081 non
2354 1028 2662 1095 viriﬁcatar,
2694 1030 2796 1083 nisi
2828 1032 2968 1099 prius
2993 1034 3264 1087 moriatur.

321 1121 374 1177 ὅ.
403 1137 423 1170 ι
456 1117 601 1173 Nam
629 1127 687 1173 et
714 1119 842 1172 illttd
875 1116 1018 1185 quod
1058 1118 1110 1171 in
1140 1118 1413 1187 plerisque
1457 1117 1736 1173 codicibus
1766 1119 1959 1187 legitur
1993 1136 2007 1174 :
2041 1118 2230 1174 Omnes
2257 1136 2612 1193 resurgemas;
2641 1123 2792 1189 ,uotle
2824 1125 2937 1178 lieri
2968 1130 3197 1192 poterit,
3232 1128 3333 1180 nisi
3363 1142 3555 1183 omnes

261 1215 606 1271 moriamur!
642 1213 985 1269 Besurrectio
1013 1214 1211 1283 quippe
1255 1214 1356 1267 nisi
1390 1228 1536 1267 mors
1568 1214 1931 1281 praecesserit,
1963 1215 2108 1269 nulla
2143 1226 2260 1281 est;
2291 1225 2345 1270 et
2385 1216 2524 1284 quod
2576 1220 2816 1273 nonnulli
2848 1220 3063 1277 codices
3100 1221 3335 1280 habent:
3368 1223 3555 1279 Omnes

256 1309 595 1376 dormiemus,
626 1309 797 1363 multo
838 1308 1043 1361 facilius
1087 1316 1141 1363 et
1170 1309 1407 1376 apertius
1439 1308 1491 1362 id
1524 1309 1666 1378 cogit
1696 1309 1920 1379 intelligi
1953 1328 1965 1363 :
2008 1324 2056 1366 et
2088 1312 2133 1365 si
2160 1312 2285 1377 quitl
2315 1311 2459 1365 aliud
2493 1313 2601 1366 tale
2628 1313 2678 1366 in
2723 1316 2925 1368 Sanctis
2968 1317 3119 1370 libris
3159 1317 3452 1378 invenitur,
3484 1313 3553 1369 ad

254 1403 301 1459 id
328 1404 556 1457 videtur
603 1403 908 1472 impellere,
960 1409 1017 1456 ttt
1064 1400 1239 1455 nullos
1272 1401 1552 1455 hominum
1597 1402 1974 1457 existimemus
2004 1404 2485 1469 itttmortalttatem,
2521 1405 2622 1458 nisi
2657 1421 2802 1460 mors
2835 1411 3190 1474 praecesserit,
3237 1410 3550 1477 adepturus.

258 1496 483 1553 Proinde
518 1496 612 1550 ubi
658 1495 797 1550 dixit
844 1494 1134 1561 Apostolus
1162 1511 1174 1546 :
1211 1492 1274 1546 Et
1308 1511 1401 1548 nos
1426 1496 1644 1549 viventes
1674 1496 1763 1565 qui
1789 1495 1973 1563 reliqui
2001 1514 2198 1562 sumus,
2230 1498 2284 1551 in
2311 1498 2528 1551 adventu
2561 1497 2766 1551 Domini
2812 1516 2913 1552 non
2954 1505 3316 1570 prirveniemus
3345 1520 3431 1557 cos
3461 1502 3551 1572 qui

258 1599 358 1644 ante
380 1589 755 1651 dormierunt;
778 1587 887 1658 ipse
912 1586 1046 1639 enim
1078 1585 1326 1639 Dominus
1354 1586 1405 1639 in
1427 1588 1580 1657 jussu
1606 1594 1652 1638 et
1676 1586 1726 1639 in
1758 1601 1875 1639 voce
1894 1586 2214 1660 archangeli,
2260 1599 2306 1641 et
2338 1589 2391 1641 in
2421 1590 2539 1641 tuba
2573 1587 2667 1642 Dei
2696 1589 2968 1644 descendet
2999 1592 3060 1644 de
3098 1594 3242 1657 coelo,
3278 1605 3325 1646 et
3356 1592 3552 1647 mortui

258 1683 303 1735 in
327 1678 538 1734 Christo
569 1689 836 1751 resurgent
879 1678 1069 1751 primi;
1095 1676 1280 1730 deinde
1327 1693 1418 1730 nos
1448 1677 1688 1745 viventes,
1721 1679 1808 1749 qui
1849 1680 2035 1747 reliqui
2056 1697 2253 1743 sumus,
2287 1681 2444 1733 simul
2465 1697 2581 1733 cum
2604 1680 2710 1733 illis
2737 1685 2998 1751 rapientur
3024 1685 3076 1737 in
3107 1686 3321 1739 nubibus
3353 1688 3553 1741 obviam

268 1774 442 1833 Christo
488 1779 552 1830 in
598 1792 747 1842 aera,
788 1784 837 1829 et
879 1775 952 1828 ita
997 1788 1195 1839 semper
1219 1787 1332 1825 cum
1366 1771 1593 1826 Domino
1635 1776 1826 1826 erimus
1850 1772 1894 1844 (l
1922 1772 2102 1829 Thess.
2129 1791 2201 1841 tv,
2237 1776 2362 1843 i6);
2395 1775 2588 1830 vellem
2638 1775 2703 1829 de
2749 1775 2831 1830 his
2862 1779 3064 1840 verbis,
3095 1785 3153 1831 ttt
3196 1777 3329 1844 dixi,
3360 1780 3551 1835 audire

276 1873 521 1927 doctiores
552 1890 567 1925 :
599 1871 705 1926 etsi
736 1869 865 1924 mihi
896 1872 1169 1939 potuerint
1201 1870 1314 1923 lttrc
1340 1868 1410 1922 ita
1444 1868 1664 1936 exponi,
1701 1878 1755 1921 ut
1789 1870 1839 1922 in
1866 1868 1945 1923 eis
1968 1870 2136 1938 possit
2172 1869 2395 1938 intelligi
2444 1885 2634 1925 omnes
2680 1872 2927 1925 homines
2956 1872 3043 1941 qui
3082 1874 3267 1925 vivunt
3306 1873 3387 1926 vel
3431 1882 3553 1941 post

263 1981 343 2021 nos
368 1966 573 2021 victuri
606 1974 755 2029 sunt,
803 1980 927 2020 esse
966 1964 1278 2030 morituros,
1303 1961 1331 2001 δ
1353 1965 1629 2032 corrigere
1660 1962 1801 2031 quod
1851 1962 1977 2017 ltinc
2002 1964 2297 2034 aliquando
2334 1964 2493 2017 aliter
2524 1963 2703 2026 sensi;
2734 1981 2908 2032 neque
2939 1967 3082 2018 enim
3126 1965 3386 2019 debemus
3429 1980 3552 2021 esse

260 2059 505 2114 indociles
538 2059 821 2121 doctores,
853 2066 907 2112 et
927 2065 1075 2112 certe
1098 2056 1288 2112 melius
1318 2054 1482 2109 homo
1505 2056 1796 2124 corrigitur
1827 2069 2025 2123 pravus
2046 2071 2203 2125 qttam
2236 2055 2503 2125 frangitur
2523 2055 2726 2121 durus;
2758 2072 2880 2111 cum
2912 2057 2977 2111 iis
3019 2072 3138 2126 qum
3164 2057 3552 2125 descripsimus

260 2152 317 2206 ita
336 2161 526 2207 nostra
563 2152 651 2207 vel
678 2151 908 2206 aliorum
930 2157 1250 2205 exerceatur
1271 2148 1355 2203 vel
1384 2146 1663 2203 erudiatur
1692 2144 1996 2212 inﬁrmitas,
2026 2157 2048 2185 ε
2080 2158 2137 2201 ιιι
2164 2156 2345 2202 tamen
2374 2146 2428 2199 itt
2450 2148 2531 2201 eis
2558 2146 2704 2201 nulla
2737 2148 2887 2203 velut
2909 2146 3167 2203 canonica
3190 2148 3553 2205 constituatur

254 2247 569 2301 auctoritas.

314 2344 365 2397 6.
398 2359 417 2393 ι
447 2340 508 2396 Si
541 2350 727 2395 autem
760 2340 811 2393 in
839 2338 922 2393 his
948 2336 1131 2391 verbis
1153 2333 1398 2401 Apostoli
1440 2333 1619 2389 nullus
1660 2332 1800 2386 alius
1837 2346 2029 2388 sensus
2058 2332 2260 2403 poterit
2283 2333 2533 2400 reperiri,
2569 2339 2625 2388 et
2659 2333 2761 2389 hoc
2785 2349 2907 2389 eum
2931 2334 3157 2403 intelligi
3181 2334 3415 2389 voluisse
3442 2334 3553 2390 cla-

250 2436 434 2500 ruerit,
468 2435 619 2503 quod
648 2433 905 2486 videntur
932 2432 1044 2500 ipsa
1087 2429 1249 2484 verba
1279 2430 1537 2495 clamare,
1582 2427 1631 2481 id
1662 2436 1763 2493 est,
1792 2426 1934 2497 quod
1959 2427 2119 2481 futuri
2145 2428 2253 2481 siut
2283 2429 2332 2481 itt
2366 2428 2470 2482 line
2495 2428 2674 2483 saeculi
2704 2438 2759 2483 et
2791 2428 3028 2483 secundo
3055 2429 3287 2484 adventu
3335 2428 3546 2484 Domini

250 2528 336 2600 qui
378 2545 484 2583 non
534 2529 914 2597 exspolientur
943 2541 1192 2593 corpore,
1228 2525 1320 2580 sed
1347 2523 1805 2594 superinduantur
1847 2521 2278 2587 immortalitate,
2310 2534 2364 2573 ut
2406 2521 2739 2575 absorbeatur
2763 2522 2977 2575 mortale
3003 2540 3035 2575 a
3062 2525 3208 2577 vita:
3262 2522 3385 2577 huic
3421 2538 3551 2577 sen-

251 2625 431 2677 tentia:
460 2622 654 2692 procul
687 2620 855 2677 dubio
879 2620 1185 2686 conveniet,
1216 2619 1359 2687 quod
1407 2619 1458 2671 in
1492 2618 1675 2687 regula
1723 2615 1845 2669 lidvi
1892 2617 2238 2683 cottlitemur,
2272 2627 2559 2669 venturum
2592 2617 2874 2670 Dominum
2918 2616 3283 2686 iudicaturum
3324 2621 3476 2671 viVos
3499 2623 3555 2673 et

250 2726 534 2781 mortuos;
568 2726 631 2771 ut
673 2731 779 2771 non
809 2715 897 2769 hic
924 2714 1288 2782 intelligamus
1328 2710 1482 2765 vivos
1505 2712 1704 2777 justus,
1737 2715 1984 2762 mortuos
2029 2716 2210 2761 autem
2241 2706 2490 2775 iujustos,
2515 2708 2760 2775 quamvis
2786 2704 3065 2773 jtttlicandi
3104 2711 3213 2761 sint
3257 2716 3313 2762 et
3344 2709 3470 2777 justi
3498 2715 3554 2764 et

255 2806 482 2875 iniusti;
534 2806 633 2861 sed
674 2808 841 2870 vivos,
884 2817 1021 2874 quos
1070 2801 1307 2857 nondum
1349 2800 1569 2866 exiisse,
1603 2808 1847 2854 mortuos
1872 2807 2076 2866 autem,
2108 2811 2245 2867 quos
2261 2795 2376 2866 jam
2416 2796 2618 2852 exiisse
2659 2797 2728 2852 de
2767 2797 3088 2866 corporibus
3127 2799 3388 2855 adventus
3433 2802 3553 2871 ejus

262 2900 534 2956 inveniet.

336 2992 387 3045 7.
415 3010 438 3043 ι
472 2991 607 3059 Qtue
635 2991 682 3045 si
728 2990 794 3045 ita
830 3003 952 3045 esse
976 2987 1303 3053 constiterit,
1336 2986 1426 3041 illa
1456 2986 1616 3042 verba
1658 2985 1979 3042 excutienda
2018 2992 2175 3040 erunt
2209 2984 2483 3056 quomodo
2509 2985 2589 3040 sic
2616 2984 2947 3055 accipiamus
2979 3002 2994 3040 :
3029 2984 3107 3039 Tu
3135 2987 3273 3055 quod
3302 2988 3549 3057 seminus,

251 3099 355 3137 non
394 3084 712 3153 viviﬁcatur,
755 3085 855 3139 nisi
903 3084 1046 3152 prius
1090 3083 1340 3136 moriatur
1370 3080 1411 3152 (I
1442 3078 1561 3135 Cor.
1585 3096 1678 3140 xv,
1705 3079 1825 3150 '56),
1882 3087 1937 3133 et
1982 3078 2153 3133 illud:
2200 3075 2388 3133 Omnes
2440 3093 2785 3148 resurgemus,
2820 3076 2956 3140 sive,
2994 3076 3183 3131 Omnes
3226 3075 3542 3132 dormiamus

252 3177 441 3248 (Ibid.,
468 3178 603 3249 51);
632 3188 690 3234 ut
716 3195 822 3235 non
845 3178 1199 3234 adversentur
1220 3176 1345 3232 huic
1370 3176 1658 3231 sententia:
1680 3191 1783 3245 qua
1814 3172 2035 3244 quidam
2058 3172 2355 3228 creduntur
2375 3171 2542 3229 etiam
2564 3186 2687 3227 cum
2716 3171 2829 3227 suis
2850 3170 3167 3241 corporibus
3193 3171 3245 3226 itt
3278 3179 3549 3227 aeternum

253 3288 356 3329 non
386 3282 610 3343 gustata
642 3283 820 3328 morte
843 3271 1061 3327 victuri.

315 3371 368 3429 8.
397 3390 419 3425 ι
448 3371 563 3426 Sed
587 3369 910 3427 utrumlibet
928 3367 1121 3423 horum
1149 3367 1395 3423 veracior
1414 3372 1469 3421 et
1491 3361 1853 3433 perspicacior
1876 3361 2187 3417 intellectus
2213 3360 2476 3427 inveniat,
2501 3358 2629 3430 quid
2652 3358 2717 3413 ad
2744 3372 2961 3413 causam
2987 3357 3276 3428 pertinebit
3298 3359 3553 3429 istorum,

259 3466 357 3522 sive
377 3481 583 3522 omnes
611 3464 791 3520 debita
824 3472 999 3518 morte
1022 3463 1345 3533 plectantur,
1378 3459 1494 3514 sive
1522 3458 1793 3525 aliquibus
1824 3456 1894 3512 ab
1919 3456 2019 3512 hac
2045 3455 2290 3526 exceptis
2316 3454 2628 3510 conditione
2650 3452 2941 3524 parcatur?
2970 3467 3090 3506 cum
3114 3460 3295 3508 tamen
3338 3460 3556 3510 constet

261 3576 348 3618 non
378 3561 569 3615 solum
596 3569 829 3615 mortem
860 3559 1076 3623 animae,
1117 3571 1305 3611 verum
1350 3556 1510 3610 etiam
1548 3554 1816 3623 corporis,
1844 3562 2156 3608 secuturam
2189 3567 2298 3606 non
2330 3550 2517 3614 fuisse,
2551 3550 2594 3603 si
2636 3556 2915 3618 peccatum
2942 3563 3048 3601 non
3083 3546 3473 3618 praecessisset.
3504 3557 3558 3604 et

255 3656 432 3725 gratiae
466 3653 809 3709 mirabiliore
837 3652 1034 3708 virtute
1059 3650 1234 3720 iustos
1260 3664 1290 3704 a
1319 3656 1492 3703 morte
1521 3646 1587 3702 ad
1621 3657 1885 3703 teternam
1908 3644 2299 3702 beatitudinem
2323 3643 2667 3708 reviviscere,
2690 3657 2851 3712 quam
2882 3642 2934 3696 in
2956 3640 3146 3695 mortis
3168 3641 3558 3711 experientiam

261 3762 359 3803 non
384 3746 606 3801 venire.

321 3838 372 3893 9.
407 3856 427 3889 s
462 3837 597 3893 Haec
626 3843 848 3906 propter
874 3834 1017 3899 illos,
1046 3832 1115 3888 de
1142 3831 1339 3902 quibus
1360 3830 1493 3886 mihi
1526 3829 1813 3899 scripsisti,
1848 3828 1980 3883 satis
2002 3828 2146 3884 dicta
2170 3830 2279 3886 sint
2304 3846 2320 3888 ;
2349 3826 2595 3900 quamvis
2616 3841 2711 3883 eos
2732 3825 2844 3898 jam
2869 3841 2976 3881 non
3008 3826 3313 3884 existimem
3349 3826 3555 3897 dicere,

254 3934 464 3990 etiamsi
496 3947 607 3985 non
642 3938 923 3997 peccasset
948 3928 1141 3992 Adam,
1173 3926 1343 3982 fuisse
1364 3936 1544 3982 tamen
1567 3939 1797 3995 corpore
1819 3924 2163 3979 moriturum.

320 4027 407 4083 10.
444 4044 467 4078 s
499 4023 775 4081 Craterum
806 4022 949 4089 quod
986 4022 1180 4076 attinet
1207 4021 1272 4074 ad
1318 4021 1670 4087 qttwstionetn
1701 4019 2141 4082 resurremionis,
2170 4025 2388 4087 propter
2417 4017 2536 4072 illos
2560 4016 2650 4085 qui
2678 4014 2973 4071 creduntur
3000 4031 3106 4068 non
3130 4030 3252 4070 esse
3283 4016 3555 4083 morituri,

251 4122 337 4175 sed
368 4136 439 4175 ex
475 4120 579 4173 hac
608 4119 933 4172 mortalitate
962 4116 1028 4169 ad
1078 4115 1536 4170 immortalitatem
1565 4116 1683 4169 sine
1722 4124 1895 4167 morte
1924 4112 2098 4166 media
2135 4111 2443 4177 transituri,
2478 4111 2759 4179 inquisitio
2784 4109 3071 4171 diligenter
3091 4109 3395 4161 adhibenda
3433 4119 3555 4174 est;

251 4223 301 4268 et
324 4211 350 4251 ⁴
374 4216 422 4267 si
454 4212 589 4281 quid
624 4212 753 4266 hinc
789 4210 1095 4264 absolutum
1126 4224 1191 4262 ac
1216 4207 1497 4262 deﬁnitum
1530 4206 1895 4275 disputatione
1934 4206 2239 4259 rationabili
2270 4216 2431 4273 atque
2463 4203 2721 4269 perfecta,
2747 4201 2828 4255 vel
2858 4200 3075 4265 audisti,
3120 4199 3205 4253 vel
3247 4202 3446 4268 legisti,
3474 4199 3560 4257 vel

249 4344 364 4383 cum
414 4325 702 4379 ducitisset
750 4324 1132 4395 Hieronymum
1181 4333 1231 4377 et
1281 4321 1619 4395 Ambrosium
1669 4334 1854 4395 mnum
1884 4322 1932 4380 Α
1960 4317 2162 4395 Magna:
2194 4317 2435 4395 profecto
2462 4316 2552 4368 ille
2583 4312 2915 4395 auctoritatis
2942 4322 3024 4366 e~t
3050 4350 3066 4376 ,
3113 4321 3424 4395 et_quaut:t_-
3466 4317 3559 4368 vix

252 4413 499 4468 pugnare
536 4397 815 4468 (populari
851 4392 1034 4449 errore
1071 4393 1565 4468 Atllilrnsilllll‘tilxll
1595 4392 1856 4468 ptjtthla-

250 4463 645 4535 rio‘tliacoriot,
681 4468 806 4537 quid
848 4468 1025 4521 verius
1064 4466 1135 4521 sit
1159 4508 1173 4532 ,
1215 4464 1436 4519 ltoutaui
1474 4463 1656 4532 jutltcii
1700 4474 1859 4531 negat

250 4556 365 4594 esse
394 4539 660 4593 tte-linire.

316 4612 339 4635 ⁸
372 4612 704 4678 Pelagianos
731 4607 937 4663 scilicet
959 4648 974 4670 ,
1016 4606 1084 4659 de
1122 4606 1312 4674 quibus
1353 4605 1515 4674 paulo
1556 4613 1674 4678 post
1702 4622 1724 4678 :7

252 4676 582 4742 utrumlibet,
615 4682 804 4747 inquit,
831 4679 1014 4733 harant
1033 4679 1261 4731 ueracior
1281 4685 1329 4730 et
1352 4677 1691 4747 perspicacior
1711 4676 1862 4729 intel-

251 4753 419 4807 lectus
450 4753 700 4810 inveniat,
731 4760 836 4804 υιο.
926 4778 931 4783 -

322 4825 352 4863 δ
389 4825 509 4877 Non
543 4820 762 4875 tllt'ltlilli
796 4836 880 4875 tne
912 4821 1090 4888 legere
1118 4819 1256 4887 apud
1287 4818 1641 4889 AogttSIinum
1667 4826 1859 4871 tracta-

254 4904 364 4949 tam
394 4895 527 4948 alibi
575 4894 713 4946 hanc
750 4891 1100 4963 quaestionem
1142 4906 1298 4961 qtatn
1341 4894 1391 4943 itt
1434 4890 1569 4963 libro
1607 4891 1862 4956 vige~ittto

254 4967 321 5020 de
345 4969 584 5018 (Iivitate
607 4963 702 5017 Dei
722 4981 737 5025 ;
760 4961 923 5031 quate
946 4979 1051 5015 non
1074 4963 1261 5015 tlubito
1286 4977 1412 5030 qutu
1436 4961 1498 5012 ad
1528 4961 1664 5013 hunc
1689 4963 1860 5031 locum

251 5047 508 5105 spectent
540 5039 701 5087 verba
730 5029 848 5098 ...⁷η
880 5049 1022 5089 nunc
1051 5034 1270 5105 veniunt
1307 5029 1370 5085 atl
1416 5048 1660 5105 citatneu.
1697 5029 1855 5085 Cotu-

252 5102 441 5172 posuit
469 5118 652 5161 autem
684 5106 1012 5175 Augustinus
1046 5106 1209 5160 lihros
1239 5103 1307 5175 ἓξ
1337 5105 1401 5157 tle
1433 5102 1591 5175 init.
1625 5120 1727 5175 uolt
1759 5115 1864 5175 uno

253 5188 509 5243 tempore
532 5220 547 5241 ,
591 5188 647 5229 ttt
688 5173 800 5246 ipse
837 5178 998 5231 docet
1034 5173 1314 5246 (Samae
1343 5176 1405 5229 de
1448 5173 1597 5227 Verh.
1629 5173 1861 5241 Apost.),

253 5252 350 5304 Sed
386 5247 662 5304 inchoavit
695 5261 808 5317 post
844 5248 1196 5303 vastationem
1230 5245 1389 5303 U~bis
1414 5249 1482 5298 alt
1514 5249 1764 5317 Alartco.
1810 5250 1866 5317 tit

203 5352 211 5381 .-
254 5323 619 5385 responderet
648 5316 865 5388 paganis
890 5334 1073 5374 casum
1104 5320 1286 5373 natiue
1318 5316 1672 5388 trihueutiltm
1716 5316 1865 5388 chri-

199 5390 213 5428 ί
254 5395 453 5446 etiame
483 5392 645 5454 ﬁdei;
673 5387 901 5446 absolvit
930 5407 1056 5446 vero
1082 5400 1205 5445 ante
1252 5396 1481 5443 mortem
1529 5387 1577 5442 Μ
1599 5387 1823 5440 ιτσεΙΙιηί
1846 5426 1861 5454 ,

254 5464 326 5533 ad
359 5480 525 5533 quem
558 5461 704 5533 misit
735 5470 903 5516 totum
936 5478 1070 5533 opus
1097 5480 1109 5515 :
1143 5471 1444 5533 composuit
1468 5458 1714 5533 i4i||lP_il_b
1736 5473 1862 5511 ann.

176 5530 189 5554 ³
256 5528 761 5589 ιη’νθειθιὶοηριη
797 5528 989 5588 Ιιοιηιέ
1008 5528 1320 5599 conseculo,
1353 5530 1418 5584 ad
1447 5546 1571 5583 anu.
1615 5528 1721 5584 415
1758 5543 1866 5599 quo

259 5603 619 5661 Harcelliuus
646 5606 716 5661 ab
746 5606 1044 5660 lleraeliani
1078 5605 1308 5661 factione
1333 5616 1508 5657 crrsus
1536 5611 1636 5656 εει.

343 5688 368 5717 α
401 5677 580 5734 Locus
612 5676 851 5747 profecto
879 5677 1093 5741 dignus,
1121 5678 1208 5747 qui
1240 5675 1611 5731 consideretur
1641 5672 1707 5728 ab
1740 5687 1868 5747 ont-

267 5750 464 5813 nibus.
511 5742 625 5805 sed
660 5749 727 5804 ab
765 5750 829 5803 iis
868 5742 1167 5816 praesertim
1206 5749 1294 5818 qui
1340 5749 1689 5818 Augustinum
1733 5742 1868 5818 ipsis

275 5836 417 5887 rene
438 5835 717 5878 sacrarum
743 5821 1039 5876 litterarum
1061 5816 1412 5889 scriptoribus
1434 5832 1619 5883 parem
1646 5816 1864 5870 iaciunt.

566 5915 837 5976 Ρλτιοι.
890 5908 1169 5973 XLVIII.

1958 4390 2095 4442 alter
2131 4383 2390 4451 quilibet;
2433 4396 2481 4438 at
2525 4388 2745 4438 minoris
2784 4400 2932 4438 certe
2973 4398 3131 4449 qutm
3177 4383 3555 4449 Evangt-ltunt,

1960 4458 2184 4513 minoris
2236 4475 2392 4527 quam
2443 4460 2676 4511 Ecclesia
2721 4456 2989 4523 setlcsmte
3030 4457 3322 4522 apo-toltca
3352 4501 3366 4516 ,
3405 4471 3562 4515 cuius

1961 4543 2223 4586 sententia
2261 4531 2396 4581 litt'ri
2430 4531 2550 4583 ltte.
2578 4528 3058 4591 COIIIPIIIiOtte~l|lIt€
3090 4529 3155 4576 tle
3203 4528 3304 4579 litle
3347 4532 3563 4592 st-rtpqt

1962 4603 2096 4669 ips»,
2136 4604 2312 4653 verbis
2341 4616 2471 4651 altl‘O
2499 4598 2783 4651 exaraudis
2810 4616 2820 4647 :
2865 4600 2899 4649 Α
2938 4612 3068 4649 -Εῡε
3098 4611 3425 4652 Αοοδτοιισι
3457 4612 3560 4651 tta-

1961 4688 2179 4728 SCBII'TA
2212 4684 2511 4734 \‘BNERUNT,
2544 4685 2710 4724 (Ἀθ-Α
2742 4683 2921 4722 ιιίκιτΑ
2957 4683 3075 4720 EST.

2034 4743 2060 4781 ἀ
2095 4746 2167 4797 Et
2204 4744 2279 4795 Iti-
2318 4743 2494 4793 verlis
2533 4740 2865 4793 cottlet'ittttts
2909 4752 3059 4789 antt-n
3106 4752 3302 4806 quanta
3347 4741 3397 4791 iu
3446 4738 3564 4807 opi.

1964 4816 2122 4870 ηῐηιιοι
2149 4822 2295 4877 Attgu
2331 4824 2473 4867 tinus
2506 4813 2720 4865 haberet
2750 4810 3120 4868 Mer-'atorent,
3156 4830 3181 4858 :t
3220 4826 3322 4878 quo
3349 4822 3394 4859 et
3426 4811 3565 4864 laico

1964 4891 2277 4952 cpiscopus,
2310 4895 2361 4938 et
2391 4882 2603 4949 iuniore
2635 4898 2796 4933 εριιιοςχ
2831 4882 3010 4952 doceri
3045 4881 3222 4940 vellet.
3256 4892 3302 4933 et
3334 4896 3392 4932 ezt
3436 4898 3563 4952 qut-

1963 4949 2084 5011 dettt
2143 4949 2209 5009 de
2258 4956 2589 5020 quzt-sliotte,
2631 4968 2789 5021 quam
2833 4950 2930 5004 sibi
2980 4953 3082 5003 late
3114 4960 3230 5003 etttt'
3274 4949 3563 5017 pvt'diflici-

1965 5030 2068 5084 lem
2098 5043 2144 5081 et
2182 5029 2586 5091 perobsvutuut,
2621 5036 2675 5075 ιιι
2706 5024 2973 5075 tint-tinre~
3007 5024 3188 5072 .mtlite
3219 5023 3395 5073 Vellet.

2043 5100 2235 5153 Verum
2270 5112 2320 5150 ιιι
2353 5098 2419 5151 de
2450 5112 2655 5149 stttttttta
2690 5095 2765 5147 rei
2797 5094 2885 5147 dic
2923 5108 2973 5146 m
3008 5094 3232 5157 ingenue
3264 5092 3403 5160 quod
3436 5111 3563 5147 son-

1966 5173 2061 5237 tio,
2096 5170 2277 5223 lttil'il‘i
2309 5172 2438 5221 satis
2472 5183 2574 5220 not
2612 5181 2824 5237 ρυεειιιιι
2872 5164 3008 5215 mule
3050 5176 3267 5215 s-ttt'ttts
3308 5164 3564 5231 Augusti-

1968 5259 2066 5297 ηιις
2098 5241 2285 5307 (Puer.
2321 5257 2435 5303 cap.
2463 5240 2520 5307 2)
2554 5236 2839 5293 expetierit.
2871 5255 2895 5282 ει
2929 5236 3219 5307 Mercatore
3241 5277 3256 5298 ,
3300 5246 3353 5285 ιιι
3398 5238 3460 5286 :ul
3508 5253 3565 5291 ιθ

1970 5302 2261 5367 utitteretsi
2278 5302 2401 5376 quid
2426 5328 2482 5361 ca
2504 5302 2574 5362 'de
2597 5308 2875 5375 quastione
2896 5302 3188 5355 absolutum
3209 5322 3268 5358 ac
3291 5307 3563 5369 de/imtum

1968 5375 2313 5452 disputatione
2341 5381 2584 5435 rationali
2613 5392 2762 5452 atque
2786 5378 3027 5452 perfecta.
3060 5375 3135 5427 vel
3162 5377 3461 5452 audivisset,
3492 5380 3566 5432 rrl

1968 5446 2190 5525 legisset,
2224 5456 2299 5507 rel
2326 5456 2479 5506 etiam
2510 5453 2618 5518 ipse
2647 5450 2815 5501 adhuc
2846 5446 3068 5511 audiret,
3099 5456 3188 5500 aut
3220 5448 3440 5517 legeret,
3476 5460 3566 5501 ant

1968 5528 2260 5595 excogitare
2291 5534 2477 5592 posset.
3139 5589 3172 5595 __
3307 5589 3317 5595 _
3399 5588 3411 5595 _
3582 5576 3585 5581 .

2040 5588 2231 5653 Annon
2280 5588 2637 5662 Hieronymus
2676 5604 2837 5657 super
2866 5604 2927 5644 ea
2963 5604 3023 5645 re
3052 5603 3080 5642 a
3115 5589 3351 5662 diversis
3399 5588 3565 5643 inter~

1976 5679 2192 5740 rogatos
2240 5667 2322 5723 bis
2363 5661 2985 5740 responderatiSemel
3039 5661 3252 5740 quidem
3303 5661 3566 5740 hiarcellm

1977 5732 2253 5804 Romamn,
2284 5737 2375 5791 sed
2408 5732 2622 5805 brevius
2653 5732 2849 5804 (Epist.
2885 5734 3021 5806 59);
3068 5734 3263 5806 iterum
3306 5732 3566 5806 Mitterivo

1960 5822 2030 5889 ‘et
2078 5802 2388 5865 Alexandro
2438 5802 2671 5878 Egypti
2707 5802 3020 5867 monachis.
3071 5805 3280 5860 erudita
3338 5802 3564 5869 epistola
