4010 6290
461 299 533 355 ω
1288 299 1354 356 IN
1391 299 1622 357 OPERA
1664 298 1855 356 MAR"
1898 299 2339 360 MERCATORIS
2378 300 2909 360 PROLEGOMENA.
3678 311 3750 368 ω

466 421 682 474 constet
704 412 860 472 illum
886 412 1171 486 scripsisse
1200 424 1322 486 post
1349 415 1628 471 inventum
1660 430 1855 470 nomen
1888 416 2055 489 Euty-
2084 421 2134 481 Α
2165 419 2314 473 ἱΙΙυηι
2345 420 2630 490 scripsisse
2668 431 2958 493 antequam
3004 417 3467 480 Chalcedonensis
3504 424 3747 497 synodus

466 509 810 578 chianorum,
848 509 899 564 id
931 516 1038 577 est,
1069 508 1348 580 aliquanto
1377 521 1495 579 post
1521 508 1756 563 habitam
1787 509 2055 580 synodum

467 599 1006 670 Chalcedonensem,
1061 616 1182 672 qua:
1254 599 1530 656 damnavit
1585 600 1810 670 impium
1864 600 2054 671 dogma

469 691 812 766 Eutychetis,
827 693 1176 749 manifestum
1195 701 1281 749 est
1302 695 1455 749 illum
1481 693 1765 761 scripsisse
1781 692 2058 766 aliquanto

469 797 597 858 post
626 804 826 843 annum
857 787 987 855 451,
1012 803 1121 860 quo
1149 788 1388 862 synodus
1413 787 1499 842 illa
1532 787 1712 842 habita
1743 797 1844 843 est.

545 881 762 935 Atenim
789 882 1057 937 Mercator
1078 884 1318 953 graviter
1337 881 1631 935 insectatur
1654 879 2060 936 Theodoretum

478 974 793 1045 episcopum
833 975 1148 1049 Cyrensem,
1189 991 1294 1030 non
1341 973 1582 1030 facturus
1616 974 1770 1028 haud
1817 974 1982 1030 dubie
2012 974 2058 1028 si

470 1069 782 1125 rescivisset
811 1084 936 1124 eum
966 1075 1243 1136 receptum
1273 1082 1302 1121 a
1335 1075 1480 1121 tanta
1527 1066 1734 1139 synodo
1777 1074 1899 1134 post
1941 1065 2057 1120 ido-

470 1175 630 1217 neam
676 1159 802 1214 ﬁdei
839 1175 949 1213 sua:
979 1158 1392 1229 professionem.
1424 1159 1499 1213 Ex
1524 1174 1634 1230 quo
1661 1159 1842 1228 colligi
1884 1166 2064 1228 potest

472 1252 623 1309 illum
678 1270 782 1308 non
832 1254 1150 1321 pervenisse
1202 1267 1374 1322 usqrre
1425 1252 1492 1307 ad
1566 1262 1810 1322 tempora
1865 1252 2062 1321 synodi

471 1344 938 1401 Chalcedonensis
975 1356 1068 1401 aut
1098 1358 1246 1403 certe
1275 1346 1408 1401 nihil
1441 1362 1507 1400 ex
1538 1361 1604 1400 eo
1637 1356 1881 1414 tempore
1923 1346 2063 1400 scri-

474 1441 583 1510 ptis
633 1439 918 1496 mandasse
963 1442 1104 1510 quod
1152 1441 1218 1496 ad
1272 1457 1370 1496 nos
1419 1441 1748 1510 pervenerit.
1788 1440 1880 1494 Sic
1916 1439 2063 1494 enim

469 1543 882 1605 argumentatur
906 1537 984 1590 vir
1009 1537 1377 1590 doctissimus.
1415 1535 1527 1605 Ego
1561 1549 1688 1590 vero
1719 1533 1842 1589 hinc
1870 1534 2062 1588 certis-

472 1625 610 1682 sime
647 1628 843 1698 colligo
892 1633 1238 1698 superstitem
1289 1628 1459 1682 fuisse
1503 1627 1735 1684 concilio
1774 1626 2068 1682 Chalcedo-

470 1721 626 1774 nensi
659 1721 832 1791 quod,
860 1731 920 1776 ut
967 1731 1124 1776 antea
1179 1719 1315 1784 dixi,
1352 1722 1680 1776 mentionem
1732 1719 1858 1772 iacit
1900 1717 2065 1787 Euty-

2166 511 2482 578 haberetur,
2515 522 2607 568 aut
2632 511 2677 568 si
2708 525 2892 584 postea
2923 514 3160 584 scripsit,
3193 515 3346 572 tarde
3373 516 3442 572 ad
3467 531 3591 573 eum
3620 533 3745 587 per-

2163 607 2378 662 venisse
2423 614 2576 676 gesta
2621 607 2839 679 synodi,
2874 608 3123 679 adeoque
3161 619 3497 681 compertam
3541 611 3594 668 ei
3641 627 3752 670 non

2162 697 2328 753 fuisse
2359 697 2506 752 illam
2536 697 2864 755 Theodoreti
2897 699 3323 770 susceptionem.

2233 790 2492 860 Quamvis
2541 801 2723 847 autem
2781 807 2942 848 nemo
2987 807 3232 850 veterum
3283 795 3541 853 citaverit
3584 813 3752 867 opera

2161 883 2313 939 Marii
2351 885 2690 952 Mercatoris,
2721 902 2784 941 ea
2817 895 2999 943 tamen
3049 890 3267 960 cognita
3301 890 3469 946 fuisse
3515 892 3753 963 antiqui-

2165 983 2255 1031 tus
2288 977 2418 1033 hinc
2449 978 2657 1048 liquido
2687 988 2836 1049 patet
2878 981 3018 1048 quod
3049 982 3252 1037 scholia
3295 981 3484 1055 Cyrilli
3521 985 3755 1040 Alexan-

2163 1066 2309 1122 drini
2340 1068 2408 1122 de
2456 1067 2834 1126 lncarnatioue
2867 1070 3144 1143 Uuigeniti
3175 1089 3278 1128 non
3329 1075 3551 1131 aliunde
3582 1075 3752 1131 habe-

2164 1175 2289 1214 mus
2340 1176 2500 1230 quam
2557 1177 2625 1218 ex
2674 1161 3128 1235 interpretatione
3158 1165 3500 1229 Mercatoris.
3529 1165 3756 1237 etquod

2168 1254 2473 1308 testimonia
2509 1267 2716 1324 patrum
2747 1258 2914 1312 relata
2967 1259 3019 1312 in
3048 1259 3284 1315 concilio
3332 1259 3604 1328 Ephesino
3653 1259 3758 1313 ad-

2168 1362 2358 1401 versus
2389 1347 2700 1402 Nestorium
2753 1351 3096 1418 reperirmtur
3124 1350 3285 1405 etiam
3334 1367 3401 1406 ex
3450 1351 3640 1406 eadem
3673 1353 3760 1405 in-

2168 1443 2560 1508 terpretatione
2581 1443 2633 1496 in
2655 1441 2847 1497 codice
2871 1443 3011 1500 l868
3039 1445 3381 1501 bibliotheca:
3402 1444 3755 1501 Colbertiuae.

2171 1531 2439 1587 Praeterea
2473 1533 2593 1601 ejus
2624 1535 2806 1589 verbis
2845 1535 2928 1589 usi
2960 1550 3105 1605 stepe
3149 1547 3276 1592 sunt
3318 1537 3605 1593 Facundus
3635 1538 3754 1605 epi-

2169 1639 2374 1695 scopus
2404 1625 2815 1682 Herruianensis
2846 1637 2901 1682 et
2931 1628 3181 1699 Pelagius
3205 1629 3248 1686 ll
3268 1633 3322 1685 in
3347 1631 3574 1702 epistola
3597 1630 3755 1687 tertia

2172 1717 2239 1772 ad
2269 1718 2556 1788 episcopos
2586 1718 2778 1788 istrire,
2806 1729 2860 1776 et
2883 1721 3100 1792 quidem
3125 1737 3192 1777 eo
3214 1737 3435 1794 prorsus
3459 1723 3621 1779 modo
3641 1739 3753 1794 quo

471 1810 822 1877 chianorum,
845 1814 1304 1884 Eutychianorum
1331 1813 1571 1880 inqrram,
1588 1827 1817 1880 quorum
1857 1826 2054 1864 nomen
2086 1815 2134 1876 Β
2164 1810 2564 1865 lucubrationes
2587 1811 2701 1880 ejus
2717 1825 2928 1866 exstant
2948 1814 2998 1868 in
3023 1817 3256 1884 antiquis
3277 1817 3576 1872 codicibus.
3594 1816 3752 1886 Quod

472 1906 713 1959 auditum
767 1922 872 1959 non
903 1916 987 1958 est
1037 1907 1087 1958 in
1138 1904 1378 1958 EL'Cleeid
1410 1903 1504 1958 Dei
1536 1912 1665 1957 ante
1695 1912 1935 1972 tempora
1968 1916 2062 1972 sy-

470 1997 603 2053 nodi
654 1995 1136 2052 Chalcedonensis.
1207 1995 1341 2049 Illud
1394 2009 1528 2065 ergo
1578 2010 1647 2049 ex
1700 1995 2062 2049 insectatione

471 2087 804 2145 Theodoreti
855 2099 1061 2144 tantum
1109 2089 1290 2157 colligi
1323 2103 1485 2159 posse
1533 2086 1667 2142 mihi
1702 2086 1938 2152 videtur,
1967 2094 2064 2140 aut

473 2183 830 2238 Mercatorem
874 2184 994 2248 ista,
1027 2182 1170 2252 quod
1212 2181 1372 2236 facile
1415 2179 1768 2247 crediderim,
1801 2179 2063 2235 adversus

2164 1913 2486 1972 argumento
2513 1911 2599 1958 est
2625 1903 2740 1957 illas
2767 1913 3059 1976 corruptas
3084 1906 3192 1976 jaru
3215 1916 3328 1962 tum
3354 1907 3544 1971 fuisse,
3579 1923 3756 1979 neque

2167 1994 2365 2049 mirum
2411 1993 2506 2048 uili
2548 2009 2671 2051 esse
2716 1995 2918 2054 debere
2955 1999 3100 2068 quod
3149 2013 3244 2055 eas
3287 1999 3451 2057 hodie
3495 2000 3758 2057 habemus

2165 2087 2667 2158 depravatissimas.

478 2325 3744 2352 W

475 2446 964 2536 NOTITIA
1017 2443 2432 2534 HISTORICO-LITTERARIA
2511 2448 2634 2532 IN
2695 2449 2820 2531 Μ.
2886 2449 3760 2538 MERCATOREM.

1313 2611 1411 2676 (Ex
1445 2611 1824 2662 Scbmnemanni
1848 2608 2080 2660 Biblioth.
2103 2609 2232 2660 Hist.
2257 2607 2374 2659 Litt.
2398 2607 2532 2662 Patr.
2557 2607 2662 2660 Lat.
2691 2618 2809 2660 tom.
2836 2608 2925 2673 II.)

1117 2850 1146 2920 ς
1187 2849 1230 2904 1.
1282 2847 1420 2920 Vita.

457 3007 462 3012 ,
544 2946 908 3014 Quaecumque
947 2941 1015 2997 de
1043 2943 1240 3010 patria,
1272 2917 1414 3008 loco,
1449 2939 1761 2995 conditione
1805 2945 1859 2992 et
1898 2951 2059 2991 accu-

472 3049 675 3097 ratiore
725 3040 903 3094 aetatis
956 3037 1272 3092 deﬁnitione
1331 3035 1472 3099 viri,
1518 3035 1673 3103 cujus
1727 3049 1925 3088 nomen
1974 3032 2060 3085 vix

473 3143 706 3191 exeunte
731 3133 934 3186 saecqu
963 3133 1244 3201 superiore
1285 3129 1609 3184 reviviscere
1655 3126 1849 3195 C(Ppit,
1879 3125 2063 3193 dispu—

473 3229 578 3284 tari
609 3230 807 3295 solent,
838 3226 1164 3297 coujecturis
1189 3226 1508 3286 innituntur,
1543 3221 1684 3276 haud
1713 3221 1929 3289 quidem
1965 3220 2062 3272 int-

471 3322 864 3390 probahilibus,
898 3336 996 3376 nec
1025 3331 1202 3374 tamen
1235 3319 1302 3372 ab
1338 3319 1485 3373 omni
1520 3315 1892 3373 controversia
1927 3313 2063 3368 libe-

471 3416 571 3470 ris.
588 3414 884 3471 Gai-uerius
906 3414 1050 3470 enim
1076 3430 1104 3466 e
1125 3411 1439 3481 Campania,
1464 3412 1545 3465 vel
1578 3411 1788 3480 Apulia,
1805 3409 1889 3463 vel
1908 3422 1974 3462 ex
1999 3421 2060 3460 ea

471 3521 627 3580 parte
650 3509 814 3563 Italize
842 3523 961 3578 qua:
999 3508 1065 3560 ad
1099 3507 1339 3562 Siciliam
1384 3506 1578 3574 vergit,
1611 3503 1896 3559 orirtndurn
1937 3517 2061 3556 eum

473 3603 702 3659 credidit
728 3619 741 3654 :
773 3616 878 3656 non
919 3600 1019 3656 alia
1051 3600 1118 3657 de
1149 3615 1332 3661 causa,
1366 3616 1524 3669 quam
1567 3598 1710 3668 quod
1741 3595 1978 3652 leestii
2008 3600 2065 3648 et

474 3695 698 3763 Juliani,
727 3709 954 3763 quorum
980 3695 1214 3762 primum
1237 3693 1592 3760 Campanum,
1621 3689 1783 3745 alium
1805 3688 2057 3758 Apulum,

478 3788 645 3862 fuisse
669 3789 971 3850 contendit,
991 3802 1081 3843 res
1097 3787 1425 3848 domesticas
1441 3769 1784 3855 privatasque
1812 3786 1882 3840 ita
1900 3797 2064 3836 nove-

472 3884 568 3948 rit,
591 3882 1041 3952 quemadmodum
1077 3884 1164 3935 vix
1193 3880 1350 3935 alteri
1387 3882 1566 3944 liceat,
1587 3894 1748 3948 quam
1779 3879 1866 3941 qui
1903 3875 2065 3929 fuerit

474 3977 714 4047 ejusdem
728 3975 1062 4032 autcivitatis
1075 3983 1164 4027 aut
1177 3975 1366 4029 saltem
1387 3970 2064 4042 provincize.Gi-rberouius

472 4079 701 4138 contra,
743 4069 832 4139 qui
881 4069 1073 4123 eodem
1120 4076 1364 4137 tempore
1408 4067 1675 4136 insignem
1733 4067 2062 4133 ειτίνιοτιιηι

472 4164 592 4235 ejus
613 4176 818 4234 partem
849 4164 1122 4225 tracravit,
1151 4169 1260 4212 trtrn
1287 4176 1350 4212 ex
1385 4161 1525 4230 stylo
1555 4157 1672 4226 ejus
1699 4158 1925 4224 duriori,
1954 4169 2061 4224 tum

470 4257 616 4327 quod
640 4265 756 4308 acta
779 4254 1030 4308 Ecclesio
1053 4252 1319 4306 Africanae
1335 4255 1581 4320 apprime
1601 4252 1833 4313 noverit,
1853 4266 2064 4304 eorum-

470 4363 578 4418 que
605 4347 930 4414 exemplaria
973 4344 1111 4414 apurl
1159 4359 1216 4396 se
1261 4345 1492 4397 tenuerit
1515 4388 1529 4410 ,
1563 4353 1672 4396 turn
1702 4345 1888 4405 etiam,
1925 4342 2061 4407 quod

471 4437 533 4494 S.
567 4437 844 4506 Augustini
884 4434 1312 4488 studiosissimus
1343 4433 1537 4496 fuerit,
1567 4444 1621 4487 et
1653 4444 1900 4487 strenuus
1927 4434 2057 4487 Gra-

473 4529 562 4586 ti.e
589 4527 786 4584 Chi-isti
816 4537 870 4581 et
907 4527 1051 4580 illius
1077 4524 1394 4582 insonomie
1425 4522 1703 4585 rlefen~or,
1750 4523 2060 4577 Africanum

473 4639 597 4681 esse
619 4623 873 4694 judicavit
893 4633 1052 4690 atque
1073 4622 1316 4676 eamdem
1348 4621 1450 4675 sibi
1474 4620 1714 4674 arridere
1737 4620 2106 4694 sententiam,-

2095 4667 2142 4730 Ι)

472 4717 800 4788 signiﬁcavit
844 4715 1115 4778 Balnzirrs,
1151 4713 1446 4781 infringens
1477 4711 1724 4768 Garnvrii
1769 4729 2057 4782 argumen-

475 4817 590 4862 tttm
642 4807 949 4876 Hieronymi
1001 4806 1230 4858 maxime
1277 4807 1554 4871 exemplo,
1601 4806 1725 4874 qui,
1770 4804 1893 4856 licr't
1948 4806 2061 4870 ipse

470 4900 848 4958 Stridooernis
877 4911 967 4953 aut
1011 4898 1251 4953 ῡηιιιιθι..
1279 4897 1488 4960 fuisset,
1519 4896 1665 4951 Pauli
1700 4902 1889 4967 patria,
1917 4896 2060 4952 The-

469 4991 596 5049 bani
647 5005 702 5050 et
745 4993 1032 5049 Hilarionis
1081 4992 1346 5046 P.rl;vstirri
1387 4994 1548 5044 vitam
1595 4991 1673 5044 sic
1712 4989 2060 5059 descripserit

471 5096 744 5156 tamquam
800 5089 881 5140 sui
933 5092 1147 5148 essent,
1205 5094 1262 5138 et
1302 5083 1577 5153 Vrgilantii
1638 5085 1868 5138 hoininzs
1923 5083 2060 5137 Galli

469 5190 646 5233 Ortum
678 5189 734 5233 et
766 5178 961 5232 natalia
995 5178 1073 5231 sic
1105 5181 1308 5230 noverit
1329 5218 1343 5243 ,
1371 5192 1434 5230 ac
1464 5177 1508 5230 si
1541 5177 1782 5245 ejusdem
1812 5193 1930 5231 cum
1967 5176 2058 5229 illo

467 5271 706 5326 civitatis
729 5279 785 5324 vt
813 5273 1104 5332 provincia:
1135 5268 1342 5324 fuisset.
1369 5269 1488 5336 Ipse
1511 5279 1690 5324 autem
1715 5285 1911 5323 novum
1945 5283 2058 5323 sua:

466 5377 648 5416 causa:
671 5373 1043 5431 argumentum
1070 5366 1311 5432 reperire
1333 5363 1430 5415 sibi
1462 5366 1606 5416 visus
1627 5375 1708 5416 est
1734 5364 1783 5414 iu
1808 5379 1894 5422 eo.
1913 5365 2055 5432 quod

465 5451 755 5512 Facundus
787 5454 1190 5509 Hermianensis
1221 5456 1508 5526 episcopus
1533 5454 1650 5518 eius
1678 5455 1855 5509 verbis
1891 5457 2057 5509 inter-

466 5548 594 5605 dum
633 5563 760 5603 usus
787 5547 857 5603 sit
887 5545 942 5602 in
967 5549 1361 5618 compositione
1391 5549 1648 5604 librorum
1690 5564 1912 5602 suorum
1958 5560 2055 5616 pro

467 5642 779 5699 defensione
806 5641 964 5696 trium
1006 5642 1387 5712 capitulorum.
1417 5641 1551 5698 Illud
1581 5651 1807 5714 uterque
1848 5641 2054 5698 Garue-

461 5739 580 5794 rius
619 5746 675 5794 et
715 5735 1084 5796 Gerberonius
1127 5735 1398 5803 viderunt,
1429 5751 1552 5793 eum
1582 5751 1682 5794 nec
1710 5736 2049 5793 sacerdotem

462 5845 563 5889 nec
587 5833 924 5903 epit-corium,
957 5829 1048 5890 sed
1081 5827 1276 5885 laicum
1317 5831 1592 5886 hominem
1638 5831 1824 5891 fuisse.
1853 5833 2049 5900 quippe

2167 2842 2256 2912 qui
2287 2842 2488 2896 nullam
2515 2844 2744 2914 alicujus
2769 2844 3043 2916 dignitatis
3066 2856 3249 2904 notam
3278 2849 3330 2906 in
3359 2852 3474 2907 suis
3496 2855 3760 2923 operibus

2167 2947 2338 3003 gerat,
2372 2933 2537 2989 immo
2587 2935 2778 2991 Pientii
2821 2938 3103 3008 cujusdam
3149 2923 3445 3013 presbyteri
3491 2946 3756 3000 mandatis

2169 3043 2360 3098 parere
2381 3045 2440 3084 se
2467 3039 2821 3097 protestetur,
2846 3034 2990 3088 nulla
3014 3038 3415 3092 consacerdotis
3439 3040 3518 3092 vel
3546 3039 3750 3104 fratris,

2167 3123 2261 3178 sed
2294 3123 2576 3181 dumtaXat
2620 3127 2896 3180 venerandi
2937 3129 3218 3199 presbyteri
3265 3131 3590 3187 salutatione
3621 3147 3739 3200 prae

2169 3216 2352 3270 missa.
2385 3217 2656 3273 Floruisse
2689 3219 3042 3274 Mercatorem
3071 3223 3140 3276 ab
3178 3237 3322 3276 anno
3363 3222 3581 3278 circiter
3623 3224 3755 3291 418,

2166 3324 2284 3363 cum
2321 3307 2582 3364 Garnerio
2629 3311 2814 3364 statuit
2865 3311 3136 3379 Baluzius,
3188 3314 3457 3384 siquidem
3507 3315 3574 3370 ad
3607 3315 3760 3370 illum

2166 3417 2367 3455 annum
2411 3402 2693 3458 referenda
2738 3417 2860 3458 esse
2909 3403 3156 3460 videatur
3202 3408 3435 3474 epistola
3485 3421 3646 3477 quam
3691 3407 3763 3461 ab

2164 3492 2468 3563 Augusdno
2498 3495 2739 3565 accepit;
2781 3505 2834 3548 at
2861 3507 3050 3551 eontra
3080 3497 3332 3553 eumdem
3359 3495 3577 3565 censet,
3608 3499 3764 3554 illum

2168 3604 2275 3642 non
2308 3599 2432 3644 ante
2471 3604 2670 3644 annrtm
2717 3588 2822 3646 450
2868 3589 3048 3646 vivere
3090 3601 3185 3647 aut
3229 3593 3472 3650 scribere
3509 3594 3757 3651 desiisse.

2166 3681 2298 3737 Nam
2321 3698 2442 3739 cum
2470 3683 2930 3756 Eutyi-hiauorum
2957 3687 3288 3744 mentionem
3319 3688 3502 3752 faciat,
3532 3703 3759 3756 quorum

2167 3791 2363 3830 nomen
2413 3778 2464 3830 in
2511 3776 2754 3831 Ecclesia
2804 3786 2928 3852 ante
2959 3787 3204 3849 tempora
3237 3780 3429 3851 synodi
3456 3780 3759 3836 Chalcedo-

2166 3871 2353 3924 nensis
2401 3870 2644 3924 auditum
2700 3881 2807 3923 non
2859 3870 2966 3937 sit,
3017 3871 3363 3927 manifestum
3419 3887 3540 3928 esse
3592 3872 3760 3943 cogit,

2166 3964 2454 4030 scripsisse
2482 3979 2604 4020 eum
2647 3965 2921 4034 aliquanto
2944 3975 3064 4032 post
3089 3965 3218 4030 451,
3249 3981 3354 4036 quo
3385 3964 3629 4038 synodus
3669 3965 3763 4022 illa

2170 4055 2349 4112 habita
2377 4067 2480 4111 est.
2505 4058 2614 4114 Nec
2643 4059 2864 4114 obstare
2888 4059 3163 4113 existimat
3185 4070 3589 4128 argumentum,
3617 4058 3762 4127 quod

2167 4150 2461 4204 Gai-uerius
2493 4152 2562 4205 ab
2604 4153 2961 4207 insectatione
3001 4150 3330 4206 Theodoreti
3370 4151 3606 4219 episcopi
3650 4150 3763 4222 Cy-

2167 4247 2342 4299 reusis
2374 4247 2524 4312 petit,
2555 4245 2814 4308 inferens,
2849 4262 2953 4299 non
2986 4246 3254 4301 facturum
3281 4245 3407 4299 illud
3438 4245 3602 4300 fuisse
3625 4246 3763 4301 Mcr-

2166 4347 2426 4400 catorcut,
2452 4339 2497 4391 si
2532 4338 2840 4392 rescivisset
2865 4354 2990 4392 eum
3016 4346 3290 4407 receptum
3313 4353 3342 4392 a
3369 4349 3512 4390 tanta
3548 4337 3761 4409 synodo

2169 4442 2286 4497 post
2315 4429 2561 4483 idoneam
2593 4430 2716 4484 lidci
2748 4447 2858 4484 stlte
2887 4429 3312 4506 professionem,
3352 4429 3584 4500 indeque
3607 4431 3762 4486 colli~

2166 4537 2318 4588 gens.
2354 4536 2476 4574 eum
2509 4537 2614 4575 non
2653 4523 2966 4588 pervenisse
3001 4539 3168 4591 usque
3192 4524 3255 4576 ad
3291 4534 3532 4592 tempora
3564 4523 3758 4596 synodi

2167 4613 2646 4680 Chalcedouerhis,
2670 4625 2760 4667 aut
2783 4626 2930 4669 certe
2954 4617 3083 4668 nihil
3109 4631 3174 4669 ex
3195 4631 3259 4668 eo
3282 4625 3526 4684 tempore
3543 4617 3763 4685 scriptis

2171 4710 2480 4772 mandasse,
2501 4711 2640 4777 quod
2667 4711 2728 4762 ad
2756 4724 2852 4762 nos
2876 4709 3206 4778 pervenerit.
3229 4710 3357 4775 Quae
3376 4720 3566 4764 contra
3583 4711 3762 4780 arguit

2168 4804 2443 4871 B..luzius,
2502 4819 2568 4857 ex
2620 4803 2972 4858 insectatione
3020 4804 3345 4860 Theodoreti
3407 4806 3565 4859 modo
3625 4804 3759 4859 illud

2166 4896 2360 4948 coutir-i
2410 4909 2586 4962 posse,
2622 4895 3090 4949 antlllercatorein
3138 4894 3238 4949 ista
3286 4898 3552 4951 adversus
3605 4897 3758 4952 illum

2167 4988 2478 5054 Scripsisse,
2511 4999 2798 5056 auteqnarrr
2831 4991 3288 5044 Chalcedonensis
3316 4992 3555 5060 synodus
3583 4993 3754 5047 habe-

2169 5091 2338 5143 retur,
2369 5091 2459 5133 aut
2493 5079 2538 5132 si
2571 5091 2753 5149 postea
2784 5082 3093 5146 scripserit,
3129 5081 3284 5136 tarde
3314 5080 3381 5136 ad
3409 5099 3532 5137 eum
3565 5099 3754 5150 perve-

2168 5175 2312 5229 nisse
2331 5184 2479 5244 gesta
2507 5175 2720 5244 synodi,
2745 5176 2990 5243 adeOrltte
3018 5190 3122 5228 non
3149 5186 3484 5244 compertam
3508 5178 3555 5230 ei
3583 5177 3759 5233 fuisse

2165 5269 2308 5323 illam
2337 5268 2658 5322 Theodoreti
2692 5273 3119 5338 susveptiouem.

2235 5363 2521 5427 Unci-pisse
2551 5361 2763 5416 videtur
2789 5363 3127 5416 velitationes
3149 5379 3272 5418 suas
3292 5373 3482 5420 contra
3509 5362 3756 5432 Pelagia-

2165 5468 2263 5508 nos
2295 5453 2478 5507 Roruze
2511 5465 2753 5523 tempore
2781 5453 2981 5509 Zosimi
3013 5471 3188 5525 papae,
3221 5471 3342 5512 cum
3375 5457 3609 5512 diversis
3635 5458 3756 5510 arti-

2165 5563 2373 5602 morum
2419 5547 2653 5603 motibus
2698 5548 2925 5604 istorum
2956 5549 3240 5604 sententiae
3282 5550 3752 5620 disceptabautur.

2162 5640 2330 5697 Roma
2357 5643 2519 5698 etiam
2550 5643 2718 5700 libros
2744 5659 2871 5700 suos
2895 5645 2961 5699 de
2984 5645 3174 5701 eadem
3202 5645 3394 5702 haeresi
3417 5645 3754 5715 compositos

2161 5737 2213 5792 in
2259 5736 2494 5792 Africam
2544 5739 2794 5805 misisse,
2844 5737 3148 5810 ibidemque
3193 5738 3482 5812 Augustini
3536 5739 3756 5796 litteras

2163 5831 2430 5901 recepisse
2478 5830 2746 5900 putandus
2791 5843 2888 5886 est.
2950 5831 3172 5898 Dehinc.
3225 5833 3409 5890 nescio
3452 5832 3536 5890 sui
3578 5829 3751 5902 ἱρεῖαι
