  <div class='ocr_page' id='page_1' title='image "/cluster/home/n/w/nwhite01/storage/ocr_20150623/48/hvd.32044015471535/030.png"; bbox 0 0 4010 6290; ppageno 0'>
   <div class='ocr_carea' id='block_1_1' title="bbox 1034 286 3531 350">
    <p class='ocr_par' dir='ltr' id='par_1_1' title="bbox 1034 286 3531 350">
     <span class='ocr_line' id='line_1_1' title="bbox 1034 286 3531 350; baseline -0.001 -1"><span class='ocrx_word' id='word_1_1' title='bbox 1034 288 1556 350; x_wconf 61' lang='grc' dir='ltr'><strong>ΒΕΒΞΝΕΜΑΝΝΙ</strong></span> <span class='ocrx_word' id='word_1_2' title='bbox 1595 286 1873 343; x_wconf 70' lang='grc' dir='ltr'><strong>ΝΟἸἹἸῚᾹ</strong></span> <span class='ocrx_word' id='word_1_3' title='bbox 1918 288 2753 349; x_wconf 59' lang='grc' dir='ltr'><strong>ηιετοκιοο-ιιττειιλωλ.</strong></span> <span class='ocrx_word' id='word_1_4' title='bbox 3462 292 3531 347; x_wconf 72' lang='grc'><strong>50</strong></span> 
     </span>
    </p>
   </div>
   <div class='ocr_carea' id='block_1_2' title="bbox 227 404 3168 482">
    <p class='ocr_par' dir='ltr' id='par_1_2' title="bbox 227 404 3168 482">
     <span class='ocr_line' id='line_1_2' title="bbox 227 404 3168 482; baseline -0.006 -2"><span class='ocrx_word' id='word_1_5' title='bbox 227 420 397 479; x_wconf 72' lang='lat' dir='ltr'><strong>animi</strong></span> <span class='ocrx_word' id='word_1_6' title='bbox 429 417 717 482; x_wconf 81' lang='lat' dir='ltr'><strong>instinctu,</strong></span> <span class='ocrx_word' id='word_1_7' title='bbox 745 428 814 468; x_wconf 85' lang='lat' dir='ltr'><strong>an</strong></span> <span class='ocrx_word' id='word_1_8' title='bbox 856 410 1141 481; x_wconf 78' lang='lat' dir='ltr'><strong>Augustini</strong></span> <span class='ocrx_word' id='word_1_9' title='bbox 1168 406 1417 476; x_wconf 90' lang='lat' dir='ltr'><strong>consilio,</strong></span> <span class='ocrx_word' id='word_1_10' title='bbox 1449 404 1833 463; x_wconf 84' lang='lat' dir='ltr'><strong>Constantino—</strong></span> <span class='ocrx_word' id='word_1_11' title='bbox 1858 412 1912 474; x_wconf 71' lang='grc' dir='ltr'>Α</span> <span class='ocrx_word' id='word_1_12' title='bbox 2010 404 2143 461; x_wconf 84' lang='lat' dir='ltr'><strong>VIII.</strong></span> <span class='ocrx_word' id='word_1_13' title='bbox 2178 405 2429 477; x_wconf 86' lang='lat' dir='ltr'><strong>Ejusdem</strong></span> <span class='ocrx_word' id='word_1_14' title='bbox 2453 408 2671 479; x_wconf 86' lang='lat' dir='ltr'><strong>epistola</strong></span> <span class='ocrx_word' id='word_1_15' title='bbox 2699 414 2767 463; x_wconf 86' lang='lat' dir='ltr'><strong>ad</strong></span> <span class='ocrx_word' id='word_1_16' title='bbox 2791 411 3006 466; x_wconf 85' lang='lat' dir='ltr'><strong>clericos</strong></span> <span class='ocrx_word' id='word_1_17' title='bbox 3030 428 3168 470; x_wconf 69' lang='lat' dir='ltr'><strong>suos.</strong></span> 
     </span>
    </p>
   </div>
   <div class='ocr_carea' id='block_1_3' title="bbox 226 500 1831 584">
    <p class='ocr_par' dir='ltr' id='par_1_3' title="bbox 226 500 1831 584">
     <span class='ocr_line' id='line_1_3' title="bbox 226 500 1831 584; baseline -0.009 -16"><span class='ocrx_word' id='word_1_18' title='bbox 226 513 395 584; x_wconf 88' lang='lat' dir='ltr'><strong>polim</strong></span> <span class='ocrx_word' id='word_1_19' title='bbox 428 510 610 581; x_wconf 92' lang='lat' dir='ltr'><strong>petiit,</strong></span> <span class='ocrx_word' id='word_1_20' title='bbox 639 504 1023 577; x_wconf 80' lang='lat' dir='ltr'><strong>prohibiturus</strong></span> <span class='ocrx_word' id='word_1_21' title='bbox 1070 518 1137 557; x_wconf 92' lang='lat' dir='ltr'><strong>ne</strong></span> <span class='ocrx_word' id='word_1_22' title='bbox 1182 500 1381 557; x_wconf 78' lang='lat' dir='ltr'><strong>Iuliani</strong></span> <span class='ocrx_word' id='word_1_23' title='bbox 1412 510 1467 556; x_wconf 90' lang='lat' dir='ltr'><strong>et</strong></span> <span class='ocrx_word' id='word_1_24' title='bbox 1504 500 1831 555; x_wconf 85' lang='lat' dir='ltr'><strong>asseclarum</strong></span> 
     </span>
    </p>
   </div>
   <div class='ocr_carea' id='block_1_4' title="bbox 228 599 1833 681">
    <p class='ocr_par' dir='ltr' id='par_1_4' title="bbox 228 599 1833 681">
     <span class='ocr_line' id='line_1_4' title="bbox 228 599 1833 681; baseline -0.01 -17"><span class='ocrx_word' id='word_1_25' title='bbox 228 608 364 681; x_wconf 85' lang='lat' dir='ltr'><strong>ejus,</strong></span> <span class='ocrx_word' id='word_1_26' title='bbox 389 604 491 676; x_wconf 91' lang='lat' dir='ltr'><strong>qui</strong></span> <span class='ocrx_word' id='word_1_27' title='bbox 521 602 696 658; x_wconf 79' lang='lat' dir='ltr'><strong>Roma</strong></span> <span class='ocrx_word' id='word_1_28' title='bbox 716 600 925 671; x_wconf 79' lang='lat' dir='ltr'><strong>depulsi</strong></span> <span class='ocrx_word' id='word_1_29' title='bbox 956 599 1063 654; x_wconf 88' lang='lat' dir='ltr'><strong>huc</strong></span> <span class='ocrx_word' id='word_1_30' title='bbox 1094 613 1153 653; x_wconf 90' lang='lat' dir='ltr'><strong>se</strong></span> <span class='ocrx_word' id='word_1_31' title='bbox 1177 605 1583 662; x_wconf 89' lang='lat' dir='ltr'><strong>converterant,</strong></span> <span class='ocrx_word' id='word_1_32' title='bbox 1617 608 1833 651; x_wconf 87' lang='lat' dir='ltr'><strong>errores</strong></span> 
     </span>
    </p>
   </div>
   <div class='ocr_carea' id='block_1_5' title="bbox 230 686 1834 767">
    <p class='ocr_par' dir='ltr' id='par_1_5' title="bbox 230 686 1834 767">
     <span class='ocr_line' id='line_1_5' title="bbox 230 686 1834 767; baseline -0.009 -11"><span class='ocrx_word' id='word_1_33' title='bbox 230 701 445 761; x_wconf 79' lang='lat' dir='ltr'><strong>radices</strong></span> <span class='ocrx_word' id='word_1_34' title='bbox 490 696 564 753; x_wconf 88' lang='lat' dir='ltr'><strong>ibi</strong></span> <span class='ocrx_word' id='word_1_35' title='bbox 603 704 849 767; x_wconf 78' lang='lat' dir='ltr'><strong>agerent.</strong></span> <span class='ocrx_word' id='word_1_36' title='bbox 888 692 1045 759; x_wconf 87' lang='lat' dir='ltr'><strong>Quod</strong></span> <span class='ocrx_word' id='word_1_37' title='bbox 1086 700 1387 756; x_wconf 78' lang='lat' dir='ltr'><strong>assecutus,</strong></span> <span class='ocrx_word' id='word_1_38' title='bbox 1420 689 1621 743; x_wconf 88' lang='lat' dir='ltr'><strong>tradito</strong></span> <span class='ocrx_word' id='word_1_39' title='bbox 1645 703 1695 741; x_wconf 86' lang='lat' dir='ltr'><strong>a.</strong></span> <span class='ocrx_word' id='word_1_40' title='bbox 1726 686 1834 743; x_wconf 61' lang='grc' dir='ltr'>ηρ</span> 
     </span>
    </p>
   </div>
   <div class='ocr_carea' id='block_1_6' title="bbox 230 780 1833 853">
    <p class='ocr_par' dir='ltr' id='par_1_6' title="bbox 230 780 1833 853">
     <span class='ocr_line' id='line_1_6' title="bbox 230 780 1833 853; baseline -0.012 -1"><span class='ocrx_word' id='word_1_41' title='bbox 230 791 552 853; x_wconf 75' lang='lat' dir='ltr'><strong>Theodosio</strong></span> <span class='ocrx_word' id='word_1_42' title='bbox 617 786 832 845; x_wconf 80' lang='lat' dir='ltr'><strong>Juniori</strong></span> <span class='ocrx_word' id='word_1_43' title='bbox 892 795 946 840; x_wconf 91' lang='lat' dir='ltr'><strong>et</strong></span> <span class='ocrx_word' id='word_1_44' title='bbox 1008 783 1160 839; x_wconf 85' lang='lat' dir='ltr'><strong>clero</strong></span> <span class='ocrx_word' id='word_1_45' title='bbox 1213 780 1833 850; x_wconf 81' lang='lat' dir='ltr'><strong>Constantinopolitano,</strong></span> 
     </span>
    </p>
   </div>
   <div class='ocr_carea' id='block_1_7' title="bbox 228 873 1835 948">
    <p class='ocr_par' dir='ltr' id='par_1_7' title="bbox 228 873 1835 948">
     <span class='ocr_line' id='line_1_7' title="bbox 228 873 1835 948; baseline -0.009 -4"><span class='ocrx_word' id='word_1_46' title='bbox 228 882 702 948; x_wconf 86' lang='lat' dir='ltr'><strong>Commonitorio,</strong></span> <span class='ocrx_word' id='word_1_47' title='bbox 740 894 862 935; x_wconf 79' lang='lat' dir='ltr'><strong>mox</strong></span> <span class='ocrx_word' id='word_1_48' title='bbox 890 878 1083 935; x_wconf 85' lang='lat' dir='ltr'><strong>eodem</strong></span> <span class='ocrx_word' id='word_1_49' title='bbox 1108 876 1325 933; x_wconf 77' lang='lat' dir='ltr'><strong>fervore</strong></span> <span class='ocrx_word' id='word_1_50' title='bbox 1353 875 1645 945; x_wconf 88' lang='lat' dir='ltr'><strong>itnplicavit</strong></span> <span class='ocrx_word' id='word_1_51' title='bbox 1667 890 1725 930; x_wconf 88' lang='lat' dir='ltr'><strong>se</strong></span> <span class='ocrx_word' id='word_1_52' title='bbox 1757 873 1835 929; x_wconf 89' lang='lat' dir='ltr'><strong>liti</strong></span> 
     </span>
    </p>
   </div>
   <div class='ocr_carea' id='block_1_8' title="bbox 230 966 1837 1052">
    <p class='ocr_par' dir='ltr' id='par_1_8' title="bbox 230 966 1837 1052">
     <span class='ocr_line' id='line_1_8' title="bbox 230 966 1837 1052; baseline -0.011 -17"><span class='ocrx_word' id='word_1_53' title='bbox 230 998 259 1035; x_wconf 88' lang='lat' dir='ltr'><strong>a</strong></span> <span class='ocrx_word' id='word_1_54' title='bbox 285 979 496 1052; x_wconf 73' lang='lat' dir='ltr'><strong>Cyrillo</strong></span> <span class='ocrx_word' id='word_1_55' title='bbox 523 989 715 1031; x_wconf 72' lang='lat' dir='ltr'><strong>contra</strong></span> <span class='ocrx_word' id='word_1_56' title='bbox 750 974 1057 1029; x_wconf 81' lang='lat' dir='ltr'><strong>Nestorium</strong></span> <span class='ocrx_word' id='word_1_57' title='bbox 1101 980 1298 1036; x_wconf 64' lang='lat' dir='ltr'><strong>motae,</strong></span> <span class='ocrx_word' id='word_1_58' title='bbox 1342 968 1659 1038; x_wconf 73' lang='lat' dir='ltr'><strong>colligendis</strong></span> <span class='ocrx_word' id='word_1_59' title='bbox 1688 966 1837 1020; x_wconf 87' lang='lat' dir='ltr'><strong>sitni-</strong></span> 
     </span>
    </p>
   </div>
   <div class='ocr_carea' id='block_1_9' title="bbox 234 1062 1835 1139">
    <p class='ocr_par' dir='ltr' id='par_1_9' title="bbox 234 1062 1835 1139">
     <span class='ocr_line' id='line_1_9' title="bbox 234 1062 1835 1139; baseline -0.012 -8"><span class='ocrx_word' id='word_1_60' title='bbox 234 1075 379 1135; x_wconf 72' lang='lat' dir='ltr'><strong>Iiu-r,</strong></span> <span class='ocrx_word' id='word_1_61' title='bbox 411 1086 477 1126; x_wconf 84' lang='lat' dir='ltr'><strong>ac</strong></span> <span class='ocrx_word' id='word_1_62' title='bbox 519 1073 572 1123; x_wconf 87' lang='lat' dir='ltr'><strong>in</strong></span> <span class='ocrx_word' id='word_1_63' title='bbox 622 1068 806 1139; x_wconf 77' lang='lat' dir='ltr'><strong>priore</strong></span> <span class='ocrx_word' id='word_1_64' title='bbox 852 1080 1013 1121; x_wconf 84' lang='lat' dir='ltr'><strong>causa</strong></span> <span class='ocrx_word' id='word_1_65' title='bbox 1065 1064 1287 1128; x_wconf 85' lang='lat' dir='ltr'><strong>lecerat,</strong></span> <span class='ocrx_word' id='word_1_66' title='bbox 1334 1062 1673 1131; x_wconf 73' lang='lat' dir='ltr'><strong>gravioribus</strong></span> <span class='ocrx_word' id='word_1_67' title='bbox 1723 1070 1835 1113; x_wconf 88' lang='lat' dir='ltr'><strong>tum</strong></span> 
     </span>
    </p>
   </div>
   <div class='ocr_carea' id='block_1_10' title="bbox 231 1152 1835 1226">
    <p class='ocr_par' dir='ltr' id='par_1_10' title="bbox 231 1152 1835 1226">
     <span class='ocr_line' id='line_1_10' title="bbox 231 1152 1835 1226; baseline -0.009 -7"><span class='ocrx_word' id='word_1_68' title='bbox 231 1165 619 1219; x_wconf 68' lang='lat' dir='ltr'><strong>hereticorum</strong></span> <span class='ocrx_word' id='word_1_69' title='bbox 672 1171 783 1214; x_wconf 92' lang='lat' dir='ltr'><strong>tum</strong></span> <span class='ocrx_word' id='word_1_70' title='bbox 832 1158 1257 1213; x_wconf 76' lang='lat' dir='ltr'><strong>orthndusorum</strong></span> <span class='ocrx_word' id='word_1_71' title='bbox 1308 1171 1404 1226; x_wconf 87' lang='lat' dir='ltr'><strong>per</strong></span> <span class='ocrx_word' id='word_1_72' title='bbox 1443 1154 1588 1208; x_wconf 75' lang='lat' dir='ltr'><strong>varia</strong></span> <span class='ocrx_word' id='word_1_73' title='bbox 1638 1152 1835 1221; x_wconf 88' lang='lat' dir='ltr'><strong>scripta</strong></span> 
     </span>
    </p>
   </div>
   <div class='ocr_carea' id='block_1_11' title="bbox 234 1245 1833 1327">
    <p class='ocr_par' dir='ltr' id='par_1_11' title="bbox 234 1245 1833 1327">
     <span class='ocr_line' id='line_1_11' title="bbox 234 1245 1833 1327; baseline -0.008 -18"><span class='ocrx_word' id='word_1_74' title='bbox 234 1254 604 1327; x_wconf 81' lang='lat' dir='ltr'><strong>pugnantibus</strong></span> <span class='ocrx_word' id='word_1_75' title='bbox 626 1253 787 1307; x_wconf 89' lang='lat' dir='ltr'><strong>dictis</strong></span> <span class='ocrx_word' id='word_1_76' title='bbox 814 1266 935 1305; x_wconf 86' lang='lat' dir='ltr'><strong>cum</strong></span> <span class='ocrx_word' id='word_1_77' title='bbox 969 1250 1080 1304; x_wconf 83' lang='lat' dir='ltr'><strong>suis</strong></span> <span class='ocrx_word' id='word_1_78' title='bbox 1110 1248 1281 1318; x_wconf 80' lang='lat' dir='ltr'><strong>ipsius</strong></span> <span class='ocrx_word' id='word_1_79' title='bbox 1311 1256 1495 1300; x_wconf 79' lang='lat' dir='ltr'><strong>eontra</strong></span> <span class='ocrx_word' id='word_1_80' title='bbox 1526 1245 1833 1299; x_wconf 82' lang='lat' dir='ltr'><strong>Nestorium</strong></span> 
     </span>
    </p>
   </div>
   <div class='ocr_carea' id='block_1_12' title="bbox 234 1339 1836 1418">
    <p class='ocr_par' dir='ltr' id='par_1_12' title="bbox 234 1339 1836 1418">
     <span class='ocr_line' id='line_1_12' title="bbox 234 1339 1836 1418; baseline -0.007 -12"><span class='ocrx_word' id='word_1_81' title='bbox 234 1350 592 1417; x_wconf 83' lang='lat' dir='ltr'><strong>clamoribus,</strong></span> <span class='ocrx_word' id='word_1_82' title='bbox 624 1363 654 1401; x_wconf 89' lang='lat' dir='ltr'><strong>a</strong></span> <span class='ocrx_word' id='word_1_83' title='bbox 686 1347 881 1418; x_wconf 80' lang='lat' dir='ltr'><strong>quibus</strong></span> <span class='ocrx_word' id='word_1_84' title='bbox 918 1346 1009 1400; x_wconf 76' lang='lat' dir='ltr'><strong>vix</strong></span> <span class='ocrx_word' id='word_1_85' title='bbox 1051 1352 1178 1399; x_wconf 87' lang='lat' dir='ltr'><strong>aute</strong></span> <span class='ocrx_word' id='word_1_86' title='bbox 1209 1344 1370 1398; x_wconf 82' lang='lat' dir='ltr'><strong>linem</strong></span> <span class='ocrx_word' id='word_1_87' title='bbox 1402 1342 1527 1397; x_wconf 76' lang='lat' dir='ltr'><strong>vita:</strong></span> <span class='ocrx_word' id='word_1_88' title='bbox 1559 1339 1836 1395; x_wconf 83' lang='lat' dir='ltr'><strong>destitisse</strong></span> 
     </span>
    </p>
   </div>
   <div class='ocr_carea' id='block_1_13' title="bbox 238 1440 469 1498">
    <p class='ocr_par' dir='ltr' id='par_1_13' title="bbox 238 1440 469 1498">
     <span class='ocr_line' id='line_1_13' title="bbox 238 1440 469 1498; baseline -0.009 -1"><span class='ocrx_word' id='word_1_89' title='bbox 238 1440 469 1498; x_wconf 87' lang='lat' dir='ltr'><strong>videtur.</strong></span> 
     </span>
    </p>
   </div>
   <div class='ocr_carea' id='block_1_14' title="bbox 845 1576 1243 1651">
    <p class='ocr_par' dir='ltr' id='par_1_14' title="bbox 845 1576 1243 1651">
     <span class='ocr_line' id='line_1_14' title="bbox 845 1576 1243 1651; baseline -0.013 -17"><span class='ocrx_word' id='word_1_90' title='bbox 845 1577 874 1651; x_wconf 77' lang='grc' dir='ltr'><strong>ς</strong></span> <span class='ocrx_word' id='word_1_91' title='bbox 914 1576 978 1633; x_wconf 89' lang='lat' dir='ltr'><strong>II.</strong></span> <span class='ocrx_word' id='word_1_92' title='bbox 1014 1576 1243 1649; x_wconf 87' lang='lat' dir='ltr'><strong>Scripta.</strong></span> 
     </span>
    </p>
   </div>
   <div class='ocr_carea' id='block_1_15' title="bbox 308 1712 1835 1792">
    <p class='ocr_par' dir='ltr' id='par_1_15' title="bbox 308 1712 1835 1792">
     <span class='ocr_line' id='line_1_15' title="bbox 308 1712 1835 1792; baseline -0.011 -13"><span class='ocrx_word' id='word_1_93' title='bbox 308 1725 434 1792; x_wconf 77' lang='lat' dir='ltr'><strong>Qua:</strong></span> <span class='ocrx_word' id='word_1_94' title='bbox 484 1719 655 1776; x_wconf 83' lang='lat' dir='ltr'><strong>hodie</strong></span> <span class='ocrx_word' id='word_1_95' title='bbox 699 1729 992 1785; x_wconf 79' lang='lat' dir='ltr'><strong>supersunt</strong></span> <span class='ocrx_word' id='word_1_96' title='bbox 1041 1717 1195 1772; x_wconf 74' lang='lat' dir='ltr'><strong>Marii</strong></span> <span class='ocrx_word' id='word_1_97' title='bbox 1250 1714 1564 1770; x_wconf 84' lang='lat' dir='ltr'><strong>Mercatoris</strong></span> <span class='ocrx_word' id='word_1_98' title='bbox 1611 1712 1835 1781; x_wconf 86' lang='lat' dir='ltr'><strong>scripta,</strong></span> 
     </span>
    </p>
   </div>
   <div class='ocr_carea' id='block_1_16' title="bbox 264 1806 1835 1876">
    <p class='ocr_par' dir='ltr' id='par_1_16' title="bbox 264 1806 1835 1876">
     <span class='ocr_line' id='line_1_16' title="bbox 264 1806 1835 1876; baseline -0.01 -1"><span class='ocrx_word' id='word_1_99' title='bbox 264 1821 421 1876; x_wconf 82' lang='lat' dir='ltr'><strong>omnia</strong></span> <span class='ocrx_word' id='word_1_100' title='bbox 444 1817 511 1871; x_wconf 90' lang='lat' dir='ltr'><strong>ad</strong></span> <span class='ocrx_word' id='word_1_101' title='bbox 536 1814 883 1871; x_wconf 87' lang='lat' dir='ltr'><strong>relutandam</strong></span> <span class='ocrx_word' id='word_1_102' title='bbox 906 1813 1135 1869; x_wconf 70' lang='lat' dir='ltr'><strong>hteresin</strong></span> <span class='ocrx_word' id='word_1_103' title='bbox 1158 1809 1540 1867; x_wconf 74' lang='lat' dir='ltr'><strong>CoeleStianatn</strong></span> <span class='ocrx_word' id='word_1_104' title='bbox 1571 1819 1619 1861; x_wconf 90' lang='lat' dir='ltr'><strong>et</strong></span> <span class='ocrx_word' id='word_1_105' title='bbox 1647 1806 1835 1861; x_wconf 79' lang='lat' dir='ltr'><strong>Nesto-</strong></span> 
     </span>
    </p>
   </div>
   <div class='ocr_carea' id='block_1_17' title="bbox 260 1906 1841 1977">
    <p class='ocr_par' dir='ltr' id='par_1_17' title="bbox 260 1906 1841 1977">
     <span class='ocr_line' id='line_1_17' title="bbox 260 1906 1841 1977; baseline -0.009 -8"><span class='ocrx_word' id='word_1_106' title='bbox 260 1915 441 1969; x_wconf 71' lang='lat' dir='ltr'><strong>rianam</strong></span> <span class='ocrx_word' id='word_1_107' title='bbox 473 1911 731 1966; x_wconf 88' lang='lat' dir='ltr'><strong>tendunt.</strong></span> <span class='ocrx_word' id='word_1_108' title='bbox 761 1909 895 1963; x_wconf 92' lang='lat' dir='ltr'><strong>Sunt</strong></span> <span class='ocrx_word' id='word_1_109' title='bbox 923 1917 1103 1962; x_wconf 91' lang='lat' dir='ltr'><strong>autem</strong></span> <span class='ocrx_word' id='word_1_110' title='bbox 1145 1906 1402 1977; x_wconf 83' lang='lat' dir='ltr'><strong>pleraque</strong></span> <span class='ocrx_word' id='word_1_111' title='bbox 1434 1918 1541 1957; x_wconf 88' lang='lat' dir='ltr'><strong>non</strong></span> <span class='ocrx_word' id='word_1_112' title='bbox 1576 1913 1682 1957; x_wconf 91' lang='lat' dir='ltr'><strong>tam</strong></span> <span class='ocrx_word' id='word_1_113' title='bbox 1712 1916 1841 1971; x_wconf 89' lang='lat' dir='ltr'><strong>pro-</strong></span> 
     </span>
    </p>
   </div>
   <div class='ocr_carea' id='block_1_18' title="bbox 250 1996 1837 2077">
    <p class='ocr_par' dir='ltr' id='par_1_18' title="bbox 250 1996 1837 2077">
     <span class='ocr_line' id='line_1_18' title="bbox 250 1996 1837 2077; baseline -0.008 -16"><span class='ocrx_word' id='word_1_114' title='bbox 250 2008 354 2077; x_wconf 84' lang='lat' dir='ltr'><strong>prio</strong></span> <span class='ocrx_word' id='word_1_115' title='bbox 377 2004 571 2059; x_wconf 76' lang='lat' dir='ltr'><strong>labore</strong></span> <span class='ocrx_word' id='word_1_116' title='bbox 591 2001 916 2071; x_wconf 83' lang='lat' dir='ltr'><strong>composita,</strong></span> <span class='ocrx_word' id='word_1_117' title='bbox 942 2017 1103 2072; x_wconf 86' lang='lat' dir='ltr'><strong>quam</strong></span> <span class='ocrx_word' id='word_1_118' title='bbox 1132 2016 1198 2055; x_wconf 77' lang='lat' dir='ltr'><strong>ex</strong></span> <span class='ocrx_word' id='word_1_119' title='bbox 1222 1998 1424 2055; x_wconf 65' lang='lat' dir='ltr'><strong>Graecis</strong></span> <span class='ocrx_word' id='word_1_120' title='bbox 1457 1996 1651 2053; x_wconf 85' lang='lat' dir='ltr'><strong>Latina</strong></span> <span class='ocrx_word' id='word_1_121' title='bbox 1679 1996 1837 2060; x_wconf 81' lang='lat' dir='ltr'><strong>facta,</strong></span> 
     </span>
    </p>
   </div>
   <div class='ocr_carea' id='block_1_19' title="bbox 252 2091 1837 2166">
    <p class='ocr_par' dir='ltr' id='par_1_19' title="bbox 252 2091 1837 2166">
     <span class='ocr_line' id='line_1_19' title="bbox 252 2091 1837 2166; baseline -0.008 -11"><span class='ocrx_word' id='word_1_122' title='bbox 252 2100 461 2156; x_wconf 78' lang='lat' dir='ltr'><strong>collecta</strong></span> <span class='ocrx_word' id='word_1_123' title='bbox 496 2109 553 2153; x_wconf 88' lang='lat' dir='ltr'><strong>et</strong></span> <span class='ocrx_word' id='word_1_124' title='bbox 594 2110 853 2166; x_wconf 77' lang='lat' dir='ltr'><strong>excerpta</strong></span> <span class='ocrx_word' id='word_1_125' title='bbox 889 2110 956 2150; x_wconf 73' lang='lat' dir='ltr'><strong>ex</strong></span> <span class='ocrx_word' id='word_1_126' title='bbox 991 2094 1205 2161; x_wconf 84' lang='lat' dir='ltr'><strong>scriptis</strong></span> <span class='ocrx_word' id='word_1_127' title='bbox 1233 2105 1343 2147; x_wconf 91' lang='lat' dir='ltr'><strong>tum</strong></span> <span class='ocrx_word' id='word_1_128' title='bbox 1380 2091 1837 2155; x_wconf 83' lang='lat' dir='ltr'><strong>adversariorum,</strong></span> 
     </span>
    </p>
   </div>
   <div class='ocr_carea' id='block_1_20' title="bbox 256 2186 1840 2261">
    <p class='ocr_par' dir='ltr' id='par_1_20' title="bbox 256 2186 1840 2261">
     <span class='ocr_line' id='line_1_20' title="bbox 256 2186 1840 2261; baseline -0.006 -12"><span class='ocrx_word' id='word_1_129' title='bbox 256 2204 346 2249; x_wconf 78' lang='lat' dir='ltr'><strong>tum</strong></span> <span class='ocrx_word' id='word_1_130' title='bbox 369 2206 593 2260; x_wconf 86' lang='lat' dir='ltr'><strong>eorum,</strong></span> <span class='ocrx_word' id='word_1_131' title='bbox 610 2191 705 2261; x_wconf 88' lang='lat' dir='ltr'><strong>qui</strong></span> <span class='ocrx_word' id='word_1_132' title='bbox 731 2203 827 2245; x_wconf 87' lang='lat' dir='ltr'><strong>eos</strong></span> <span class='ocrx_word' id='word_1_133' title='bbox 849 2196 1273 2259; x_wconf 74' lang='lat' dir='ltr'><strong>oppugnassent,</strong></span> <span class='ocrx_word' id='word_1_134' title='bbox 1292 2186 1458 2242; x_wconf 88' lang='lat' dir='ltr'><strong>veluti</strong></span> <span class='ocrx_word' id='word_1_135' title='bbox 1484 2188 1840 2240; x_wconf 71' lang='lat' dir='ltr'><strong>instrumenta</strong></span> 
     </span>
    </p>
   </div>
   <div class='ocr_carea' id='block_1_21' title="bbox 247 2278 1842 2359">
    <p class='ocr_par' dir='ltr' id='par_1_21' title="bbox 247 2278 1842 2359">
     <span class='ocr_line' id='line_1_21' title="bbox 247 2278 1842 2359; baseline -0.004 -18"><span class='ocrx_word' id='word_1_136' title='bbox 247 2286 483 2359; x_wconf 68' lang='lat' dir='ltr'><strong>quadam</strong></span> <span class='ocrx_word' id='word_1_137' title='bbox 537 2298 746 2352; x_wconf 67' lang='lat' dir='ltr'><strong>causae,</strong></span> <span class='ocrx_word' id='word_1_138' title='bbox 799 2283 994 2354; x_wconf 89' lang='lat' dir='ltr'><strong>quibus</strong></span> <span class='ocrx_word' id='word_1_139' title='bbox 1043 2283 1307 2348; x_wconf 89' lang='lat' dir='ltr'><strong>lectores,</strong></span> <span class='ocrx_word' id='word_1_140' title='bbox 1350 2296 1469 2352; x_wconf 74' lang='lat' dir='ltr'><strong>qute</strong></span> <span class='ocrx_word' id='word_1_141' title='bbox 1517 2292 1679 2335; x_wconf 71' lang='lat' dir='ltr'><strong>recta:</strong></span> <span class='ocrx_word' id='word_1_142' title='bbox 1717 2278 1842 2335; x_wconf 84' lang='lat' dir='ltr'><strong>ﬁdei</strong></span> 
     </span>
    </p>
   </div>
   <div class='ocr_carea' id='block_1_22' title="bbox 250 2374 1845 2446">
    <p class='ocr_par' dir='ltr' id='par_1_22' title="bbox 250 2374 1845 2446">
     <span class='ocr_line' id='line_1_22' title="bbox 250 2374 1845 2446; baseline -0.006 -10"><span class='ocrx_word' id='word_1_143' title='bbox 250 2388 445 2445; x_wconf 85' lang='lat' dir='ltr'><strong>essent,</strong></span> <span class='ocrx_word' id='word_1_144' title='bbox 477 2378 855 2433; x_wconf 85' lang='lat' dir='ltr'><strong>educerentur</strong></span> <span class='ocrx_word' id='word_1_145' title='bbox 883 2387 939 2431; x_wconf 90' lang='lat' dir='ltr'><strong>et</strong></span> <span class='ocrx_word' id='word_1_146' title='bbox 984 2376 1050 2431; x_wconf 92' lang='lat' dir='ltr'><strong>ad</strong></span> <span class='ocrx_word' id='word_1_147' title='bbox 1077 2375 1345 2446; x_wconf 84' lang='lat' dir='ltr'><strong>judicium</strong></span> <span class='ocrx_word' id='word_1_148' title='bbox 1390 2374 1457 2429; x_wconf 91' lang='lat' dir='ltr'><strong>de</strong></span> <span class='ocrx_word' id='word_1_149' title='bbox 1509 2389 1670 2444; x_wconf 87' lang='lat' dir='ltr'><strong>prave</strong></span> <span class='ocrx_word' id='word_1_150' title='bbox 1721 2388 1845 2428; x_wconf 80' lang='lat' dir='ltr'><strong>sen-</strong></span> 
     </span>
    </p>
   </div>
   <div class='ocr_carea' id='block_1_23' title="bbox 248 2465 1845 2542">
    <p class='ocr_par' dir='ltr' id='par_1_23' title="bbox 248 2465 1845 2542">
     <span class='ocr_line' id='line_1_23' title="bbox 248 2465 1845 2542; baseline -0.004 -14"><span class='ocrx_word' id='word_1_151' title='bbox 248 2474 494 2529; x_wconf 86' lang='lat' dir='ltr'><strong>tientium</strong></span> <span class='ocrx_word' id='word_1_152' title='bbox 520 2471 801 2542; x_wconf 88' lang='lat' dir='ltr'><strong>impietate</strong></span> <span class='ocrx_word' id='word_1_153' title='bbox 815 2471 1096 2526; x_wconf 81' lang='lat' dir='ltr'><strong>ferendum</strong></span> <span class='ocrx_word' id='word_1_154' title='bbox 1122 2469 1565 2524; x_wconf 81' lang='lat' dir='ltr'><strong>informarentur.</strong></span> <span class='ocrx_word' id='word_1_155' title='bbox 1585 2465 1845 2521; x_wconf 72' lang='lat' dir='ltr'><strong>Dabimus</strong></span> 
     </span>
    </p>
   </div>
   <div class='ocr_carea' id='block_1_24' title="bbox 247 2561 1845 2635">
    <p class='ocr_par' dir='ltr' id='par_1_24' title="bbox 247 2561 1845 2635">
     <span class='ocr_line' id='line_1_24' title="bbox 247 2561 1845 2635; baseline -0.004 -14"><span class='ocrx_word' id='word_1_156' title='bbox 247 2566 535 2622; x_wconf 80' lang='lat' dir='ltr'><strong>elenchum</strong></span> <span class='ocrx_word' id='word_1_157' title='bbox 560 2582 751 2621; x_wconf 82' lang='lat' dir='ltr'><strong>eorum</strong></span> <span class='ocrx_word' id='word_1_158' title='bbox 772 2565 923 2635; x_wconf 80' lang='lat' dir='ltr'><strong>juxta</strong></span> <span class='ocrx_word' id='word_1_159' title='bbox 949 2563 1241 2619; x_wconf 87' lang='lat' dir='ltr'><strong>editionem</strong></span> <span class='ocrx_word' id='word_1_160' title='bbox 1268 2563 1495 2631; x_wconf 83' lang='lat' dir='ltr'><strong>Baluzii,</strong></span> <span class='ocrx_word' id='word_1_161' title='bbox 1520 2561 1611 2634; x_wconf 90' lang='lat' dir='ltr'><strong>qui</strong></span> <span class='ocrx_word' id='word_1_162' title='bbox 1640 2561 1845 2617; x_wconf 85' lang='lat' dir='ltr'><strong>codicis</strong></span> 
     </span>
    </p>
   </div>
   <div class='ocr_carea' id='block_1_25' title="bbox 248 2657 1018 2727">
    <p class='ocr_par' dir='ltr' id='par_1_25' title="bbox 248 2657 1018 2727">
     <span class='ocr_line' id='line_1_25' title="bbox 248 2657 1018 2727; baseline -0.001 -14"><span class='ocrx_word' id='word_1_163' title='bbox 248 2657 494 2715; x_wconf 79' lang='lat' dir='ltr'><strong>Vaticani</strong></span> <span class='ocrx_word' id='word_1_164' title='bbox 524 2662 724 2715; x_wconf 88' lang='lat' dir='ltr'><strong>seriem</strong></span> <span class='ocrx_word' id='word_1_165' title='bbox 756 2659 1018 2727; x_wconf 74' lang='lat' dir='ltr'><strong>sequitur.</strong></span> 
     </span>
    </p>
   </div>
   <div class='ocr_carea' id='block_1_26' title="bbox 320 2745 1848 2817">
    <p class='ocr_par' dir='ltr' id='par_1_26' title="bbox 320 2745 1848 2817">
     <span class='ocr_line' id='line_1_26' title="bbox 320 2745 1848 2817; baseline -0.005 -10"><span class='ocrx_word' id='word_1_166' title='bbox 320 2750 367 2807; x_wconf 91' lang='lat' dir='ltr'><strong>I.</strong></span> <span class='ocrx_word' id='word_1_167' title='bbox 405 2750 865 2805; x_wconf 77' lang='lat' dir='ltr'><strong>Commonitorium</strong></span> <span class='ocrx_word' id='word_1_168' title='bbox 894 2751 1136 2804; x_wconf 85' lang='lat' dir='ltr'><strong>adversus</strong></span> <span class='ocrx_word' id='word_1_169' title='bbox 1166 2748 1402 2803; x_wconf 66' lang='lat' dir='ltr'><strong>heresim</strong></span> <span class='ocrx_word' id='word_1_170' title='bbox 1430 2745 1633 2817; x_wconf 77' lang='lat' dir='ltr'><strong>Pelagii</strong></span> <span class='ocrx_word' id='word_1_171' title='bbox 1659 2756 1708 2801; x_wconf 88' lang='lat' dir='ltr'><strong>et</strong></span> <span class='ocrx_word' id='word_1_172' title='bbox 1736 2745 1848 2800; x_wconf 75' lang='lat' dir='ltr'><strong>Cat-</strong></span> 
     </span>
    </p>
   </div>
   <div class='ocr_carea' id='block_1_27' title="bbox 262 2839 1847 2914">
    <p class='ocr_par' dir='ltr' id='par_1_27' title="bbox 262 2839 1847 2914">
     <span class='ocr_line' id='line_1_27' title="bbox 262 2839 1847 2914; baseline -0.006 -13"><span class='ocrx_word' id='word_1_173' title='bbox 262 2845 421 2905; x_wconf 74' lang='lat' dir='ltr'><strong>lestii,</strong></span> <span class='ocrx_word' id='word_1_174' title='bbox 451 2850 533 2898; x_wconf 72' lang='lat' dir='ltr'><strong>uel</strong></span> <span class='ocrx_word' id='word_1_175' title='bbox 564 2846 708 2899; x_wconf 87' lang='lat' dir='ltr'><strong>etiam</strong></span> <span class='ocrx_word' id='word_1_176' title='bbox 729 2846 914 2914; x_wconf 81' lang='lat' dir='ltr'><strong>seripla</strong></span> <span class='ocrx_word' id='word_1_177' title='bbox 942 2841 1173 2896; x_wconf 69' lang='lat' dir='ltr'><strong>Iuliani.</strong></span> <span class='ocrx_word' id='word_1_178' title='bbox 1209 2842 1376 2896; x_wconf 84' lang='lat' dir='ltr'><strong>Pletto</strong></span> <span class='ocrx_word' id='word_1_179' title='bbox 1409 2840 1567 2893; x_wconf 87' lang='lat' dir='ltr'><strong>titttlo</strong></span> <span class='ocrx_word' id='word_1_180' title='bbox 1593 2839 1847 2893; x_wconf 80' lang='lat' dir='ltr'><strong>inscribi-</strong></span> 
     </span>
    </p>
   </div>
   <div class='ocr_carea' id='block_1_28' title="bbox 263 2930 1850 2993">
    <p class='ocr_par' dir='ltr' id='par_1_28' title="bbox 263 2930 1850 2993">
     <span class='ocr_line' id='line_1_28' title="bbox 263 2930 1850 2993; baseline -0.006 0"><span class='ocrx_word' id='word_1_181' title='bbox 263 2946 399 2993; x_wconf 84' lang='lat' dir='ltr'><strong>tur:</strong></span> <span class='ocrx_word' id='word_1_182' title='bbox 431 2938 874 2991; x_wconf 80' lang='lat' dir='ltr'><strong>Commonitorium</strong></span> <span class='ocrx_word' id='word_1_183' title='bbox 916 2935 1236 2988; x_wconf 87' lang='lat' dir='ltr'><strong>lectori......</strong></span> <span class='ocrx_word' id='word_1_184' title='bbox 1280 2950 1312 2986; x_wconf 81' lang='grc' dir='ltr'><em>α</em></span> <span class='ocrx_word' id='word_1_185' title='bbox 1356 2931 1526 2985; x_wconf 84' lang='lat' dir='ltr'><strong>Mario</strong></span> <span class='ocrx_word' id='word_1_186' title='bbox 1565 2930 1850 2983; x_wconf 77' lang='lat' dir='ltr'><strong>Mercatore</strong></span> 
     </span>
    </p>
   </div>
   <div class='ocr_carea' id='block_1_29' title="bbox 252 3020 1848 3093">
    <p class='ocr_par' dir='ltr' id='par_1_29' title="bbox 252 3020 1848 3093">
     <span class='ocr_line' id='line_1_29' title="bbox 252 3020 1848 3093; baseline -0.006 -9"><span class='ocrx_word' id='word_1_187' title='bbox 252 3045 400 3084; x_wconf 69' lang='lat' dir='ltr'><strong>serto</strong></span> <span class='ocrx_word' id='word_1_188' title='bbox 425 3029 636 3082; x_wconf 73' lang='lat' dir='ltr'><strong>Christi.</strong></span> <span class='ocrx_word' id='word_1_189' title='bbox 688 3025 937 3083; x_wconf 79' lang='lat' dir='ltr'><strong>Continet</strong></span> <span class='ocrx_word' id='word_1_190' title='bbox 985 3035 1241 3093; x_wconf 78' lang='lat' dir='ltr'><strong>excerpta</strong></span> <span class='ocrx_word' id='word_1_191' title='bbox 1271 3041 1337 3080; x_wconf 79' lang='lat' dir='ltr'><strong>ex</strong></span> <span class='ocrx_word' id='word_1_192' title='bbox 1384 3023 1604 3092; x_wconf 80' lang='lat' dir='ltr'><strong>scriptis</strong></span> <span class='ocrx_word' id='word_1_193' title='bbox 1650 3020 1848 3076; x_wconf 84' lang='lat' dir='ltr'><strong>luliani</strong></span> 
     </span>
    </p>
   </div>
   <div class='ocr_carea' id='block_1_30' title="bbox 249 3118 1847 3193">
    <p class='ocr_par' dir='ltr' id='par_1_30' title="bbox 249 3118 1847 3193">
     <span class='ocr_line' id='line_1_30' title="bbox 249 3118 1847 3193; baseline -0.005 -14"><span class='ocrx_word' id='word_1_194' title='bbox 249 3124 559 3191; x_wconf 77' lang='lat' dir='ltr'><strong>sulijnuctis</strong></span> <span class='ocrx_word' id='word_1_195' title='bbox 610 3122 805 3193; x_wconf 89' lang='lat' dir='ltr'><strong>ubique</strong></span> <span class='ocrx_word' id='word_1_196' title='bbox 856 3123 968 3177; x_wconf 83' lang='lat' dir='ltr'><strong>suis</strong></span> <span class='ocrx_word' id='word_1_197' title='bbox 1024 3124 1194 3191; x_wconf 87' lang='lat' dir='ltr'><strong>ipsius</strong></span> <span class='ocrx_word' id='word_1_198' title='bbox 1256 3118 1699 3189; x_wconf 76' lang='lat' dir='ltr'><strong>rrspntisimnlms</strong></span> <span class='ocrx_word' id='word_1_199' title='bbox 1750 3132 1847 3171; x_wconf 88' lang='lat' dir='ltr'><strong>seu</strong></span> 
     </span>
    </p>
   </div>
   <div class='ocr_carea' id='block_1_31' title="bbox 2009 495 3067 568">
    <p class='ocr_par' dir='ltr' id='par_1_31' title="bbox 2009 495 3067 568">
     <span class='ocr_line' id='line_1_31' title="bbox 2009 495 3067 568; baseline 0.006 -16"><span class='ocrx_word' id='word_1_200' title='bbox 2009 496 2101 554; x_wconf 83' lang='lat' dir='ltr'><strong>IX.</strong></span> <span class='ocrx_word' id='word_1_201' title='bbox 2143 495 2403 568; x_wconf 75' lang='lat' dir='ltr'><strong>Excerpta</strong></span> <span class='ocrx_word' id='word_1_202' title='bbox 2430 514 2494 553; x_wconf 74' lang='lat' dir='ltr'><strong>ea:</strong></span> <span class='ocrx_word' id='word_1_203' title='bbox 2525 500 2787 556; x_wconf 77' lang='lat' dir='ltr'><strong>codicibus</strong></span> <span class='ocrx_word' id='word_1_204' title='bbox 2814 500 3067 558; x_wconf 81' lang='lat' dir='ltr'><strong>Nestorii.</strong></span> 
     </span>
    </p>
   </div>
   <div class='ocr_carea' id='block_1_32' title="bbox 2013 589 3535 659">
    <p class='ocr_par' dir='ltr' id='par_1_32' title="bbox 2013 589 3535 659">
     <span class='ocr_line' id='line_1_32' title="bbox 2013 589 3535 659; baseline 0.007 -13"><span class='ocrx_word' id='word_1_205' title='bbox 2013 590 2080 647; x_wconf 86' lang='lat' dir='ltr'><strong>X.</strong></span> <span class='ocrx_word' id='word_1_206' title='bbox 2121 589 2354 647; x_wconf 87' lang='lat' dir='ltr'><strong>Nestorii</strong></span> <span class='ocrx_word' id='word_1_207' title='bbox 2381 590 2658 649; x_wconf 74' lang='lat' dir='ltr'><strong>Sermones</strong></span> <span class='ocrx_word' id='word_1_208' title='bbox 2696 592 2781 648; x_wconf 82' lang='lat' dir='ltr'><strong>IV</strong></span> <span class='ocrx_word' id='word_1_209' title='bbox 2810 593 3055 652; x_wconf 78' lang='lat' dir='ltr'><strong>adversus</strong></span> <span class='ocrx_word' id='word_1_210' title='bbox 3092 594 3333 655; x_wconf 59' lang='lat' dir='ltr'><strong>heresim</strong></span> <span class='ocrx_word' id='word_1_211' title='bbox 3372 595 3535 659; x_wconf 72' lang='lat' dir='ltr'><strong>Pela-</strong></span> 
     </span>
    </p>
   </div>
   <div class='ocr_carea' id='block_1_33' title="bbox 1936 686 2165 757">
    <p class='ocr_par' dir='ltr' id='par_1_33' title="bbox 1936 686 2165 757">
     <span class='ocr_line' id='line_1_33' title="bbox 1936 686 2165 757; baseline 0.004 -19"><span class='ocrx_word' id='word_1_212' title='bbox 1936 686 2165 757; x_wconf 86' lang='lat' dir='ltr'><strong>gianant.</strong></span> 
     </span>
    </p>
   </div>
   <div class='ocr_carea' id='block_1_34' title="bbox 2014 783 3077 856">
    <p class='ocr_par' dir='ltr' id='par_1_34' title="bbox 2014 783 3077 856">
     <span class='ocr_line' id='line_1_34' title="bbox 2014 783 3077 856; baseline 0.004 -17"><span class='ocrx_word' id='word_1_213' title='bbox 2014 784 2102 839; x_wconf 85' lang='lat' dir='ltr'><strong>XI.</strong></span> <span class='ocrx_word' id='word_1_214' title='bbox 2148 783 2394 856; x_wconf 78' lang='lat' dir='ltr'><strong>Ejusdem</strong></span> <span class='ocrx_word' id='word_1_215' title='bbox 2421 786 2639 854; x_wconf 87' lang='lat' dir='ltr'><strong>epistola</strong></span> <span class='ocrx_word' id='word_1_216' title='bbox 2668 786 2737 842; x_wconf 87' lang='lat' dir='ltr'><strong>ad</strong></span> <span class='ocrx_word' id='word_1_217' title='bbox 2763 786 3077 843; x_wconf 72' lang='lat' dir='ltr'><strong>Calestium.</strong></span> 
     </span>
    </p>
   </div>
   <div class='ocr_carea' id='block_1_35' title="bbox 2010 878 3527 954">
    <p class='ocr_par' dir='ltr' id='par_1_35' title="bbox 2010 878 3527 954">
     <span class='ocr_line' id='line_1_35' title="bbox 2010 878 3527 954; baseline 0.005 -21"><span class='ocrx_word' id='word_1_218' title='bbox 2010 879 2127 934; x_wconf 87' lang='lat' dir='ltr'><strong>XII.</strong></span> <span class='ocrx_word' id='word_1_219' title='bbox 2158 878 2462 934; x_wconf 81' lang='lat' dir='ltr'><strong>Mercatoris</strong></span> <span class='ocrx_word' id='word_1_220' title='bbox 2501 880 2959 937; x_wconf 80' lang='lat' dir='ltr'><strong>Commonitorium</strong></span> <span class='ocrx_word' id='word_1_221' title='bbox 2990 900 3144 954; x_wconf 83' lang='lat' dir='ltr'><strong>super</strong></span> <span class='ocrx_word' id='word_1_222' title='bbox 3180 885 3385 940; x_wconf 81' lang='lat' dir='ltr'><strong>nomine</strong></span> <span class='ocrx_word' id='word_1_223' title='bbox 3410 882 3527 942; x_wconf 72' lang='lat' dir='ltr'><strong>Cm-</strong></span> 
     </span>
    </p>
   </div>
   <div class='ocr_carea' id='block_1_36' title="bbox 1940 971 3533 1049">
    <p class='ocr_par' dir='ltr' id='par_1_36' title="bbox 1940 971 3533 1049">
     <span class='ocr_line' id='line_1_36' title="bbox 1940 971 3533 1049; baseline 0.005 -25"><span class='ocrx_word' id='word_1_224' title='bbox 1940 971 2094 1027; x_wconf 88' lang='lat' dir='ltr'><strong>lestii.</strong></span> <span class='ocrx_word' id='word_1_225' title='bbox 2122 973 2331 1043; x_wconf 83' lang='lat' dir='ltr'><strong>Integer</strong></span> <span class='ocrx_word' id='word_1_226' title='bbox 2360 975 2543 1028; x_wconf 89' lang='lat' dir='ltr'><strong>titulus</strong></span> <span class='ocrx_word' id='word_1_227' title='bbox 2569 994 2580 1027; x_wconf 83' lang='lat'><strong>:</strong></span> <span class='ocrx_word' id='word_1_228' title='bbox 2616 974 2923 1047; x_wconf 73' lang='lat' dir='ltr'><strong>Exemplum</strong></span> <span class='ocrx_word' id='word_1_229' title='bbox 2951 980 3349 1041; x_wconf 88' lang='lat' dir='ltr'><strong>commonitorii,</strong></span> <span class='ocrx_word' id='word_1_230' title='bbox 3390 979 3533 1049; x_wconf 87' lang='lat' dir='ltr'><strong>quod</strong></span> 
     </span>
    </p>
   </div>
   <div class='ocr_carea' id='block_1_37' title="bbox 1939 1064 3536 1137">
    <p class='ocr_par' dir='ltr' id='par_1_37' title="bbox 1939 1064 3536 1137">
     <span class='ocr_line' id='line_1_37' title="bbox 1939 1064 3536 1137; baseline 0.003 -17"><span class='ocrx_word' id='word_1_231' title='bbox 1939 1083 2091 1137; x_wconf 85' lang='lat' dir='ltr'><strong>super</strong></span> <span class='ocrx_word' id='word_1_232' title='bbox 2119 1068 2325 1121; x_wconf 85' lang='lat' dir='ltr'><strong>nomine</strong></span> <span class='ocrx_word' id='word_1_233' title='bbox 2355 1064 2573 1121; x_wconf 72' lang='lat' dir='ltr'><strong>Caelestii</strong></span> <span class='ocrx_word' id='word_1_234' title='bbox 2603 1066 2785 1123; x_wconf 72' lang='lat' dir='ltr'><strong>erco</strong></span> <span class='ocrx_word' id='word_1_235' title='bbox 2811 1086 3042 1124; x_wconf 80' lang='lat' dir='ltr'><strong>sermone</strong></span> <span class='ocrx_word' id='word_1_236' title='bbox 3067 1089 3096 1124; x_wconf 91' lang='lat' dir='ltr'><strong>a</strong></span> <span class='ocrx_word' id='word_1_237' title='bbox 3123 1070 3410 1126; x_wconf 77' lang='lat' dir='ltr'><strong>Mercatore</strong></span> <span class='ocrx_word' id='word_1_238' title='bbox 3438 1074 3536 1126; x_wconf 84' lang='lat' dir='ltr'><strong>da-</strong></span> 
     </span>
    </p>
   </div>
   <div class='ocr_carea' id='block_1_38' title="bbox 1942 1158 3535 1232">
    <p class='ocr_par' dir='ltr' id='par_1_38' title="bbox 1942 1158 3535 1232">
     <span class='ocr_line' id='line_1_38' title="bbox 1942 1158 3535 1232; baseline 0.003 -19"><span class='ocrx_word' id='word_1_239' title='bbox 1942 1172 2047 1213; x_wconf 90' lang='lat' dir='ltr'><strong>tum</strong></span> <span class='ocrx_word' id='word_1_240' title='bbox 2077 1171 2171 1222; x_wconf 92' lang='lat' dir='ltr'><strong>est,</strong></span> <span class='ocrx_word' id='word_1_241' title='bbox 2208 1175 2309 1212; x_wconf 89' lang='lat' dir='ltr'><strong>non</strong></span> <span class='ocrx_word' id='word_1_242' title='bbox 2331 1160 2496 1213; x_wconf 86' lang='lat' dir='ltr'><strong>solum</strong></span> <span class='ocrx_word' id='word_1_243' title='bbox 2534 1158 2778 1214; x_wconf 67' lang='lat' dir='ltr'><strong>Ecclesia:</strong></span> <span class='ocrx_word' id='word_1_244' title='bbox 2802 1160 3412 1232; x_wconf 71' lang='lat' dir='ltr'><strong>ConstantinOpolitanw,</strong></span> <span class='ocrx_word' id='word_1_245' title='bbox 3445 1163 3535 1217; x_wconf 86' lang='lat' dir='ltr'><strong>sed</strong></span> 
     </span>
    </p>
   </div>
   <div class='ocr_carea' id='block_1_39' title="bbox 1940 1255 3541 1331">
    <p class='ocr_par' dir='ltr' id='par_1_39' title="bbox 1940 1255 3541 1331">
     <span class='ocr_line' id='line_1_39' title="bbox 1940 1255 3541 1331; baseline 0.005 -22"><span class='ocrx_word' id='word_1_246' title='bbox 1940 1256 2091 1309; x_wconf 88' lang='lat' dir='ltr'><strong>etiam</strong></span> <span class='ocrx_word' id='word_1_247' title='bbox 2137 1255 2372 1322; x_wconf 83' lang='lat' dir='ltr'><strong>plurimis</strong></span> <span class='ocrx_word' id='word_1_248' title='bbox 2417 1256 2815 1325; x_wconf 80' lang='lat' dir='ltr'><strong>religiosissimis</strong></span> <span class='ocrx_word' id='word_1_249' title='bbox 2864 1259 3017 1326; x_wconf 85' lang='lat' dir='ltr'><strong>viris;</strong></span> <span class='ocrx_word' id='word_1_250' title='bbox 3064 1259 3291 1314; x_wconf 84' lang='lat' dir='ltr'><strong>oblatum</strong></span> <span class='ocrx_word' id='word_1_251' title='bbox 3339 1278 3541 1331; x_wconf 80' lang='lat' dir='ltr'><strong>quoque</strong></span> 
     </span>
    </p>
   </div>
   <div class='ocr_carea' id='block_1_40' title="bbox 1942 1347 3539 1425">
    <p class='ocr_par' dir='ltr' id='par_1_40' title="bbox 1942 1347 3539 1425">
     <span class='ocr_line' id='line_1_40' title="bbox 1942 1347 3539 1425; baseline 0.005 -27"><span class='ocrx_word' id='word_1_252' title='bbox 1942 1348 2169 1419; x_wconf 72' lang='lat' dir='ltr'><strong>piissimo</strong></span> <span class='ocrx_word' id='word_1_253' title='bbox 2202 1349 2421 1417; x_wconf 85' lang='lat' dir='ltr'><strong>principi</strong></span> <span class='ocrx_word' id='word_1_254' title='bbox 2451 1347 2742 1404; x_wconf 83' lang='lat' dir='ltr'><strong>Theodosio</strong></span> <span class='ocrx_word' id='word_1_255' title='bbox 2773 1366 2969 1422; x_wconf 86' lang='lat' dir='ltr'><strong>semper</strong></span> <span class='ocrx_word' id='word_1_256' title='bbox 2998 1365 3251 1424; x_wconf 84' lang='lat' dir='ltr'><strong>augusto;</strong></span> <span class='ocrx_word' id='word_1_257' title='bbox 3290 1354 3343 1405; x_wconf 87' lang='lat' dir='ltr'><strong>id</strong></span> <span class='ocrx_word' id='word_1_258' title='bbox 3368 1356 3539 1425; x_wconf 77' lang='lat' dir='ltr'><strong>ipsum</strong></span> 
     </span>
    </p>
   </div>
   <div class='ocr_carea' id='block_1_41' title="bbox 1941 1438 3533 1515">
    <p class='ocr_par' dir='ltr' id='par_1_41' title="bbox 1941 1438 3533 1515">
     <span class='ocr_line' id='line_1_41' title="bbox 1941 1438 3533 1515; baseline 0.004 -20"><span class='ocrx_word' id='word_1_259' title='bbox 1941 1457 2004 1495; x_wconf 79' lang='lat' dir='ltr'><strong>ex</strong></span> <span class='ocrx_word' id='word_1_260' title='bbox 2026 1438 2208 1495; x_wconf 66' lang='lat' dir='ltr'><strong>Cresco</strong></span> <span class='ocrx_word' id='word_1_261' title='bbox 2234 1443 2284 1495; x_wconf 90' lang='lat' dir='ltr'><strong>in</strong></span> <span class='ocrx_word' id='word_1_262' title='bbox 2317 1442 2556 1495; x_wconf 86' lang='lat' dir='ltr'><strong>Latinum</strong></span> <span class='ocrx_word' id='word_1_263' title='bbox 2586 1444 2894 1497; x_wconf 90' lang='lat' dir='ltr'><strong>translatum</strong></span> <span class='ocrx_word' id='word_1_264' title='bbox 2926 1460 3014 1515; x_wconf 88' lang='lat' dir='ltr'><strong>per</strong></span> <span class='ocrx_word' id='word_1_265' title='bbox 3041 1448 3271 1499; x_wconf 86' lang='lat' dir='ltr'><strong>eumdem</strong></span> <span class='ocrx_word' id='word_1_266' title='bbox 3300 1445 3533 1501; x_wconf 78' lang='lat' dir='ltr'><strong>Marium</strong></span> 
     </span>
    </p>
   </div>
   <div class='ocr_carea' id='block_1_42' title="bbox 1943 1534 3538 1601">
    <p class='ocr_par' dir='ltr' id='par_1_42' title="bbox 1943 1534 3538 1601">
     <span class='ocr_line' id='line_1_42' title="bbox 1943 1534 3538 1601; baseline 0.004 -13"><span class='ocrx_word' id='word_1_267' title='bbox 1943 1534 2283 1589; x_wconf 74' lang='lat' dir='ltr'><strong>Mercatorem</strong></span> <span class='ocrx_word' id='word_1_268' title='bbox 2314 1534 2505 1589; x_wconf 79' lang='lat' dir='ltr'><strong>Christi</strong></span> <span class='ocrx_word' id='word_1_269' title='bbox 2538 1552 2765 1601; x_wconf 79' lang='lat' dir='ltr'><strong>seruum,</strong></span> <span class='ocrx_word' id='word_1_270' title='bbox 2797 1537 2853 1590; x_wconf 89' lang='lat' dir='ltr'><strong>in</strong></span> <span class='ocrx_word' id='word_1_271' title='bbox 2892 1539 3163 1591; x_wconf 86' lang='lat' dir='ltr'><strong>consulatu</strong></span> <span class='ocrx_word' id='word_1_272' title='bbox 3204 1537 3459 1593; x_wconf 82' lang='lat' dir='ltr'><strong>Florentii</strong></span> <span class='ocrx_word' id='word_1_273' title='bbox 3484 1549 3538 1594; x_wconf 88' lang='lat' dir='ltr'><strong>et</strong></span> 
     </span>
    </p>
   </div>
   <div class='ocr_carea' id='block_1_43' title="bbox 1947 1628 3539 1703">
    <p class='ocr_par' dir='ltr' id='par_1_43' title="bbox 1947 1628 3539 1703">
     <span class='ocr_line' id='line_1_43' title="bbox 1947 1628 3539 1703; baseline 0.004 -22"><span class='ocrx_word' id='word_1_274' title='bbox 1947 1628 2182 1701; x_wconf 78' lang='lat' dir='ltr'><strong>Dionysii</strong></span> <span class='ocrx_word' id='word_1_275' title='bbox 2227 1630 2345 1686; x_wconf 83' lang='grc' dir='ltr'><strong>νγ.</strong></span> <span class='ocrx_word' id='word_1_276' title='bbox 2392 1630 2520 1698; x_wconf 86' lang='lat' dir='ltr'><strong>CC.;</strong></span> <span class='ocrx_word' id='word_1_277' title='bbox 2562 1649 2651 1703; x_wconf 87' lang='lat' dir='ltr'><strong>per</strong></span> <span class='ocrx_word' id='word_1_278' title='bbox 2672 1632 2811 1701; x_wconf 89' lang='lat' dir='ltr'><strong>quod</strong></span> <span class='ocrx_word' id='word_1_279' title='bbox 2841 1629 3297 1686; x_wconf 86' lang='lat' dir='ltr'><strong>Commonitorium</strong></span> <span class='ocrx_word' id='word_1_280' title='bbox 3332 1632 3539 1703; x_wconf 85' lang='lat' dir='ltr'><strong>cognito</strong></span> 
     </span>
    </p>
   </div>
   <div class='ocr_carea' id='block_1_44' title="bbox 1946 1724 3531 1798">
    <p class='ocr_par' dir='ltr' id='par_1_44' title="bbox 1946 1724 3531 1798">
     <span class='ocr_line' id='line_1_44' title="bbox 1946 1724 3531 1798; baseline 0.002 -21"><span class='ocrx_word' id='word_1_281' title='bbox 1946 1726 2288 1795; x_wconf 76' lang='lat' dir='ltr'><strong>funestissima</strong></span> <span class='ocrx_word' id='word_1_282' title='bbox 2316 1742 2510 1793; x_wconf 89' lang='lat' dir='ltr'><strong>errore,</strong></span> <span class='ocrx_word' id='word_1_283' title='bbox 2549 1724 2805 1798; x_wconf 85' lang='lat' dir='ltr'><strong>imperiali</strong></span> <span class='ocrx_word' id='word_1_284' title='bbox 2836 1736 3110 1797; x_wconf 65' lang='lat' dir='ltr'><strong>praeepto,</strong></span> <span class='ocrx_word' id='word_1_285' title='bbox 3152 1736 3257 1780; x_wconf 90' lang='lat' dir='ltr'><strong>tam</strong></span> <span class='ocrx_word' id='word_1_286' title='bbox 3282 1725 3531 1781; x_wconf 81' lang='lat' dir='ltr'><strong>Julianus</strong></span> 
     </span>
    </p>
   </div>
   <div class='ocr_carea' id='block_1_45' title="bbox 1868 1817 3540 1888">
    <p class='ocr_par' dir='ltr' id='par_1_45' title="bbox 1868 1817 3540 1888">
     <span class='ocr_line' id='line_1_45' title="bbox 1868 1817 3540 1888; baseline 0 -17"><span class='ocrx_word' id='word_1_287' title='bbox 1868 1820 1915 1881; x_wconf 85' lang='grc' dir='ltr'><strong>Β</strong></span> <span class='ocrx_word' id='word_1_288' title='bbox 1942 1820 2202 1888; x_wconf 75' lang='lat' dir='ltr'><strong>delensor,</strong></span> <span class='ocrx_word' id='word_1_289' title='bbox 2230 1828 2275 1871; x_wconf 81' lang='lat' dir='ltr'><strong>et</strong></span> <span class='ocrx_word' id='word_1_290' title='bbox 2300 1834 2490 1887; x_wconf 74' lang='lat' dir='ltr'><strong>sequax</strong></span> <span class='ocrx_word' id='word_1_291' title='bbox 2517 1823 2652 1888; x_wconf 78' lang='lat' dir='ltr'><strong>ejus,</strong></span> <span class='ocrx_word' id='word_1_292' title='bbox 2677 1836 2792 1872; x_wconf 88' lang='lat' dir='ltr'><strong>cum</strong></span> <span class='ocrx_word' id='word_1_293' title='bbox 2820 1820 3017 1873; x_wconf 66' lang='lat' dir='ltr'><strong>ceteris</strong></span> <span class='ocrx_word' id='word_1_294' title='bbox 3038 1819 3191 1873; x_wconf 87' lang='lat' dir='ltr'><strong>sociis</strong></span> <span class='ocrx_word' id='word_1_295' title='bbox 3230 1829 3278 1873; x_wconf 91' lang='lat' dir='ltr'><strong>et</strong></span> <span class='ocrx_word' id='word_1_296' title='bbox 3323 1817 3540 1887; x_wconf 80' lang='lat' dir='ltr'><strong>partici-</strong></span> 
     </span>
    </p>
   </div>
   <div class='ocr_carea' id='block_1_46' title="bbox 1944 1910 3542 1986">
    <p class='ocr_par' dir='ltr' id='par_1_46' title="bbox 1944 1910 3542 1986">
     <span class='ocr_line' id='line_1_46' title="bbox 1944 1910 3542 1986; baseline 0 -22"><span class='ocrx_word' id='word_1_297' title='bbox 1944 1914 2093 1986; x_wconf 83' lang='lat' dir='ltr'><strong>pibus</strong></span> <span class='ocrx_word' id='word_1_298' title='bbox 2126 1914 2257 1981; x_wconf 86' lang='lat' dir='ltr'><strong>suis,</strong></span> <span class='ocrx_word' id='word_1_299' title='bbox 2287 1931 2438 1984; x_wconf 87' lang='lat' dir='ltr'><strong>quant</strong></span> <span class='ocrx_word' id='word_1_300' title='bbox 2473 1924 2647 1982; x_wconf 78' lang='lat' dir='ltr'><strong>postea</strong></span> <span class='ocrx_word' id='word_1_301' title='bbox 2682 1914 2816 1969; x_wconf 82' lang='lat' dir='ltr'><strong>idem</strong></span> <span class='ocrx_word' id='word_1_302' title='bbox 2846 1911 3131 1972; x_wconf 65' lang='lat' dir='ltr'><strong>Calestius.</strong></span> <span class='ocrx_word' id='word_1_303' title='bbox 3159 1912 3223 1966; x_wconf 88' lang='lat' dir='ltr'><strong>de</strong></span> <span class='ocrx_word' id='word_1_304' title='bbox 3245 1910 3542 1967; x_wconf 85' lang='lat' dir='ltr'><strong>Constanti-</strong></span> 
     </span>
    </p>
   </div>
   <div class='ocr_carea' id='block_1_47' title="bbox 1942 2007 3544 2083">
    <p class='ocr_par' dir='ltr' id='par_1_47' title="bbox 1942 2007 3544 2083">
     <span class='ocr_line' id='line_1_47' title="bbox 1942 2007 3544 2083; baseline 0.001 -20"><span class='ocrx_word' id='word_1_305' title='bbox 1942 2010 2244 2081; x_wconf 87' lang='lat' dir='ltr'><strong>n0politana</strong></span> <span class='ocrx_word' id='word_1_306' title='bbox 2275 2011 2396 2064; x_wconf 86' lang='lat' dir='ltr'><strong>urbe</strong></span> <span class='ocrx_word' id='word_1_307' title='bbox 2434 2012 2630 2064; x_wconf 80' lang='lat' dir='ltr'><strong>detrusi</strong></span> <span class='ocrx_word' id='word_1_308' title='bbox 2668 2013 2721 2065; x_wconf 88' lang='lat' dir='ltr'><strong>in</strong></span> <span class='ocrx_word' id='word_1_309' title='bbox 2768 2013 2965 2083; x_wconf 80' lang='lat' dir='ltr'><strong>synodo</strong></span> <span class='ocrx_word' id='word_1_310' title='bbox 2994 2027 3195 2081; x_wconf 85' lang='lat' dir='ltr'><strong>quoque</strong></span> <span class='ocrx_word' id='word_1_311' title='bbox 3230 2007 3544 2078; x_wconf 78' lang='lat' dir='ltr'><strong>Ephesiensi</strong></span> 
     </span>
    </p>
   </div>
   <div class='ocr_carea' id='block_1_48' title="bbox 1944 2100 3544 2177">
    <p class='ocr_par' dir='ltr' id='par_1_48' title="bbox 1944 2100 3544 2177">
     <span class='ocr_line' id='line_1_48' title="bbox 1944 2100 3544 2177; baseline -0.001 -20"><span class='ocrx_word' id='word_1_312' title='bbox 1944 2105 2278 2159; x_wconf 87' lang='lat' dir='ltr'><strong>ducentorum</strong></span> <span class='ocrx_word' id='word_1_313' title='bbox 2302 2106 2630 2177; x_wconf 86' lang='lat' dir='ltr'><strong>septuaginta</strong></span> <span class='ocrx_word' id='word_1_314' title='bbox 2656 2106 2881 2175; x_wconf 88' lang='lat' dir='ltr'><strong>quinque</strong></span> <span class='ocrx_word' id='word_1_315' title='bbox 2906 2104 3260 2175; x_wconf 86' lang='lat' dir='ltr'><strong>episcoporum</strong></span> <span class='ocrx_word' id='word_1_316' title='bbox 3288 2100 3544 2155; x_wconf 75' lang='lat' dir='ltr'><strong>sententia</strong></span> 
     </span>
    </p>
   </div>
   <div class='ocr_carea' id='block_1_49' title="bbox 1944 2198 3545 2270">
    <p class='ocr_par' dir='ltr' id='par_1_49' title="bbox 1944 2198 3545 2270">
     <span class='ocr_line' id='line_1_49' title="bbox 1944 2198 3545 2270; baseline -0.002 -19"><span class='ocrx_word' id='word_1_317' title='bbox 1944 2198 2269 2270; x_wconf 84' lang='lat' dir='ltr'><strong>postmodum</strong></span> <span class='ocrx_word' id='word_1_318' title='bbox 2300 2200 2351 2251; x_wconf 91' lang='lat' dir='ltr'><strong>in</strong></span> <span class='ocrx_word' id='word_1_319' title='bbox 2383 2198 2620 2268; x_wconf 60' lang='lat' dir='ltr'><strong>praesenti</strong></span> <span class='ocrx_word' id='word_1_320' title='bbox 2648 2198 2883 2250; x_wconf 85' lang='lat' dir='ltr'><strong>damnati</strong></span> <span class='ocrx_word' id='word_1_321' title='bbox 2909 2207 3049 2251; x_wconf 88' lang='lat' dir='ltr'><strong>sunt.</strong></span> <span class='ocrx_word' id='word_1_322' title='bbox 3077 2202 3264 2250; x_wconf 82' lang='lat' dir='ltr'><strong>Annus</strong></span> <span class='ocrx_word' id='word_1_323' title='bbox 3295 2209 3389 2264; x_wconf 87' lang='lat' dir='ltr'><strong>per</strong></span> <span class='ocrx_word' id='word_1_324' title='bbox 3411 2209 3545 2248; x_wconf 85' lang='lat' dir='ltr'><strong>con-</strong></span> 
     </span>
    </p>
   </div>
   <div class='ocr_carea' id='block_1_50' title="bbox 1946 2286 3545 2360">
    <p class='ocr_par' dir='ltr' id='par_1_50' title="bbox 1946 2286 3545 2360">
     <span class='ocr_line' id='line_1_50' title="bbox 1946 2286 3545 2360; baseline -0.002 -17"><span class='ocrx_word' id='word_1_325' title='bbox 1946 2291 2091 2344; x_wconf 80' lang='lat' dir='ltr'><strong>sules</strong></span> <span class='ocrx_word' id='word_1_326' title='bbox 2140 2289 2225 2344; x_wconf 82' lang='lat' dir='ltr'><strong>hic</strong></span> <span class='ocrx_word' id='word_1_327' title='bbox 2252 2290 2561 2360; x_wconf 75' lang='lat' dir='ltr'><strong>designatus</strong></span> <span class='ocrx_word' id='word_1_328' title='bbox 2587 2298 2673 2344; x_wconf 91' lang='lat' dir='ltr'><strong>est</strong></span> <span class='ocrx_word' id='word_1_329' title='bbox 2722 2288 2847 2351; x_wconf 66' lang='lat'><strong>499,</strong></span> <span class='ocrx_word' id='word_1_330' title='bbox 2883 2304 2991 2357; x_wconf 79' lang='lat' dir='ltr'><strong>quo</strong></span> <span class='ocrx_word' id='word_1_331' title='bbox 3023 2289 3257 2359; x_wconf 91' lang='lat' dir='ltr'><strong>primum</strong></span> <span class='ocrx_word' id='word_1_332' title='bbox 3301 2286 3545 2340; x_wconf 88' lang='lat' dir='ltr'><strong>oblatum</strong></span> 
     </span>
    </p>
   </div>
   <div class='ocr_carea' id='block_1_51' title="bbox 1946 2374 3539 2450">
    <p class='ocr_par' dir='ltr' id='par_1_51' title="bbox 1946 2374 3539 2450">
     <span class='ocr_line' id='line_1_51' title="bbox 1946 2374 3539 2450; baseline -0.003 -15"><span class='ocrx_word' id='word_1_333' title='bbox 1946 2382 2046 2437; x_wconf 86' lang='lat' dir='ltr'><strong>luit</strong></span> <span class='ocrx_word' id='word_1_334' title='bbox 2069 2381 2396 2447; x_wconf 82' lang='lat' dir='ltr'><strong>Theodosio,</strong></span> <span class='ocrx_word' id='word_1_335' title='bbox 2421 2382 2596 2437; x_wconf 81' lang='lat' dir='ltr'><strong>serius</strong></span> <span class='ocrx_word' id='word_1_336' title='bbox 2619 2393 2821 2446; x_wconf 84' lang='lat' dir='ltr'><strong>autem,</strong></span> <span class='ocrx_word' id='word_1_337' title='bbox 2847 2392 2969 2450; x_wconf 90' lang='lat' dir='ltr'><strong>post</strong></span> <span class='ocrx_word' id='word_1_338' title='bbox 2996 2380 3324 2435; x_wconf 86' lang='lat' dir='ltr'><strong>celebratam</strong></span> <span class='ocrx_word' id='word_1_339' title='bbox 3356 2392 3407 2430; x_wconf 89' lang='lat' dir='ltr'><strong>a.</strong></span> <span class='ocrx_word' id='word_1_340' title='bbox 3437 2374 3539 2431; x_wconf 75' lang='grc'><strong>431</strong></span> 
     </span>
    </p>
   </div>
   <div class='ocr_carea' id='block_1_52' title="bbox 1948 2474 3539 2547">
    <p class='ocr_par' dir='ltr' id='par_1_52' title="bbox 1948 2474 3539 2547">
     <span class='ocr_line' id='line_1_52' title="bbox 1948 2474 3539 2547; baseline -0.003 -18"><span class='ocrx_word' id='word_1_341' title='bbox 1948 2474 2212 2547; x_wconf 86' lang='lat' dir='ltr'><strong>synodum</strong></span> <span class='ocrx_word' id='word_1_342' title='bbox 2239 2474 2593 2544; x_wconf 83' lang='lat' dir='ltr'><strong>Ephesinam,</strong></span> <span class='ocrx_word' id='word_1_343' title='bbox 2619 2475 2671 2529; x_wconf 93' lang='lat' dir='ltr'><strong>in</strong></span> <span class='ocrx_word' id='word_1_344' title='bbox 2695 2474 2948 2529; x_wconf 85' lang='lat' dir='ltr'><strong>Latinum</strong></span> <span class='ocrx_word' id='word_1_345' title='bbox 2969 2486 3289 2529; x_wconf 91' lang='lat' dir='ltr'><strong>conversum</strong></span> <span class='ocrx_word' id='word_1_346' title='bbox 3313 2480 3539 2526; x_wconf 82' lang='lat' dir='ltr'><strong>censent</strong></span> 
     </span>
    </p>
   </div>
   <div class='ocr_carea' id='block_1_53' title="bbox 1948 2568 2611 2625">
    <p class='ocr_par' dir='ltr' id='par_1_53' title="bbox 1948 2568 2611 2625">
     <span class='ocr_line' id='line_1_53' title="bbox 1948 2568 2611 2625; baseline -0.003 0"><span class='ocrx_word' id='word_1_347' title='bbox 1948 2570 2239 2625; x_wconf 85' lang='lat' dir='ltr'><strong>Garnerius</strong></span> <span class='ocrx_word' id='word_1_348' title='bbox 2266 2580 2319 2623; x_wconf 88' lang='lat' dir='ltr'><strong>et</strong></span> <span class='ocrx_word' id='word_1_349' title='bbox 2347 2568 2611 2623; x_wconf 86' lang='lat' dir='ltr'><strong>Norisius.</strong></span> 
     </span>
    </p>
   </div>
   <div class='ocr_carea' id='block_1_54' title="bbox 2023 2656 3538 2732">
    <p class='ocr_par' dir='ltr' id='par_1_54' title="bbox 2023 2656 3538 2732">
     <span class='ocr_line' id='line_1_54' title="bbox 2023 2656 3538 2732; baseline -0.005 -17"><span class='ocrx_word' id='word_1_350' title='bbox 2023 2661 2161 2716; x_wconf 91' lang='lat' dir='ltr'><strong>XIII.</strong></span> <span class='ocrx_word' id='word_1_351' title='bbox 2190 2660 2420 2715; x_wconf 88' lang='lat' dir='ltr'><strong>Nestorii</strong></span> <span class='ocrx_word' id='word_1_352' title='bbox 2447 2660 2878 2732; x_wconf 79' lang='lat' dir='ltr'><strong>blasphemiarum</strong></span> <span class='ocrx_word' id='word_1_353' title='bbox 2916 2659 3168 2729; x_wconf 84' lang='lat' dir='ltr'><strong>capitula,</strong></span> <span class='ocrx_word' id='word_1_354' title='bbox 3215 2657 3397 2727; x_wconf 82' lang='lat' dir='ltr'><strong>quibus</strong></span> <span class='ocrx_word' id='word_1_355' title='bbox 3447 2656 3538 2709; x_wconf 84' lang='lat' dir='ltr'><strong>lit—</strong></span> 
     </span>
    </p>
   </div>
   <div class='ocr_carea' id='block_1_55' title="bbox 1950 2746 3541 2817">
    <p class='ocr_par' dir='ltr' id='par_1_55' title="bbox 1950 2746 3541 2817">
     <span class='ocr_line' id='line_1_55' title="bbox 1950 2746 3541 2817; baseline -0.007 -8"><span class='ocrx_word' id='word_1_356' title='bbox 1950 2757 2069 2809; x_wconf 86' lang='lat' dir='ltr'><strong>teris</strong></span> <span class='ocrx_word' id='word_1_357' title='bbox 2096 2756 2165 2807; x_wconf 90' lang='lat' dir='ltr'><strong>ad</strong></span> <span class='ocrx_word' id='word_1_358' title='bbox 2188 2771 2241 2808; x_wconf 88' lang='lat' dir='ltr'><strong>se</strong></span> <span class='ocrx_word' id='word_1_359' title='bbox 2270 2755 2436 2807; x_wconf 86' lang='lat' dir='ltr'><strong>missis</strong></span> <span class='ocrx_word' id='word_1_360' title='bbox 2457 2770 2489 2805; x_wconf 91' lang='lat' dir='ltr'><strong>a</strong></span> <span class='ocrx_word' id='word_1_361' title='bbox 2517 2754 2706 2806; x_wconf 86' lang='lat' dir='ltr'><strong>sanctis</strong></span> <span class='ocrx_word' id='word_1_362' title='bbox 2736 2751 3006 2806; x_wconf 71' lang='lat' dir='ltr'><strong>Caelestino</strong></span> <span class='ocrx_word' id='word_1_363' title='bbox 3052 2750 3230 2803; x_wconf 70' lang='lat' dir='ltr'><strong>Romae</strong></span> <span class='ocrx_word' id='word_1_364' title='bbox 3260 2749 3399 2801; x_wconf 89' lang='lat' dir='ltr'><strong>urbis</strong></span> <span class='ocrx_word' id='word_1_365' title='bbox 3428 2746 3541 2817; x_wconf 71' lang='lat' dir='ltr'><strong>epi-</strong></span> 
     </span>
    </p>
   </div>
   <div class='ocr_carea' id='block_1_56' title="bbox 1951 2842 3550 2919">
    <p class='ocr_par' dir='ltr' id='par_1_56' title="bbox 1951 2842 3550 2919">
     <span class='ocr_line' id='line_1_56' title="bbox 1951 2842 3550 2919; baseline -0.008 -17"><span class='ocrx_word' id='word_1_366' title='bbox 1951 2866 2124 2919; x_wconf 88' lang='lat' dir='ltr'><strong>scopo,</strong></span> <span class='ocrx_word' id='word_1_367' title='bbox 2149 2860 2196 2902; x_wconf 90' lang='lat' dir='ltr'><strong>et</strong></span> <span class='ocrx_word' id='word_1_368' title='bbox 2219 2846 2416 2918; x_wconf 80' lang='lat' dir='ltr'><strong>Cyrillo</strong></span> <span class='ocrx_word' id='word_1_369' title='bbox 2448 2848 2804 2901; x_wconf 78' lang='lat' dir='ltr'><strong>Alexandrino</strong></span> <span class='ocrx_word' id='word_1_370' title='bbox 2847 2844 3172 2905; x_wconf 86' lang='lat' dir='ltr'><strong>contradicit,</strong></span> <span class='ocrx_word' id='word_1_371' title='bbox 3208 2852 3256 2896; x_wconf 93' lang='lat' dir='ltr'><strong>et</strong></span> <span class='ocrx_word' id='word_1_372' title='bbox 3296 2842 3550 2906; x_wconf 82' lang='lat' dir='ltr'><strong>disputa-</strong></span> 
     </span>
    </p>
   </div>
   <div class='ocr_carea' id='block_1_57' title="bbox 1953 2930 3552 3010">
    <p class='ocr_par' dir='ltr' id='par_1_57' title="bbox 1953 2930 3552 3010">
     <span class='ocr_line' id='line_1_57' title="bbox 1953 2930 3552 3010; baseline -0.006 -15"><span class='ocrx_word' id='word_1_373' title='bbox 1953 2941 2173 2995; x_wconf 86' lang='lat' dir='ltr'><strong>tionibus</strong></span> <span class='ocrx_word' id='word_1_374' title='bbox 2217 2940 2527 2993; x_wconf 85' lang='lat' dir='ltr'><strong>brevissimis</strong></span> <span class='ocrx_word' id='word_1_375' title='bbox 2577 2938 2962 3010; x_wconf 86' lang='lat' dir='ltr'><strong>respondendo,</strong></span> <span class='ocrx_word' id='word_1_376' title='bbox 3014 2934 3284 2989; x_wconf 73' lang='lat' dir='ltr'><strong>duodecim</strong></span> <span class='ocrx_word' id='word_1_377' title='bbox 3318 2930 3552 3001; x_wconf 75' lang='lat' dir='ltr'><strong>capitula</strong></span> 
     </span>
    </p>
   </div>
   <div class='ocr_carea' id='block_1_58' title="bbox 1954 3028 3551 3103">
    <p class='ocr_par' dir='ltr' id='par_1_58' title="bbox 1954 3028 3551 3103">
     <span class='ocr_line' id='line_1_58' title="bbox 1954 3028 3551 3103; baseline -0.003 -18"><span class='ocrx_word' id='word_1_378' title='bbox 1954 3033 2097 3103; x_wconf 83' lang='lat' dir='ltr'><strong>fidei,</strong></span> <span class='ocrx_word' id='word_1_379' title='bbox 2128 3048 2244 3103; x_wconf 76' lang='lat' dir='ltr'><strong>quc</strong></span> <span class='ocrx_word' id='word_1_380' title='bbox 2262 3034 2330 3085; x_wconf 89' lang='lat' dir='ltr'><strong>ad</strong></span> <span class='ocrx_word' id='word_1_381' title='bbox 2355 3049 2408 3087; x_wconf 90' lang='lat' dir='ltr'><strong>se</strong></span> <span class='ocrx_word' id='word_1_382' title='bbox 2427 3034 2583 3085; x_wconf 88' lang='lat' dir='ltr'><strong>missa</strong></span> <span class='ocrx_word' id='word_1_383' title='bbox 2607 3033 2809 3101; x_wconf 74' lang='lat' dir='ltr'><strong>fuerant</strong></span> <span class='ocrx_word' id='word_1_384' title='bbox 2828 3030 3040 3101; x_wconf 78' lang='lat' dir='ltr'><strong>refellit,</strong></span> <span class='ocrx_word' id='word_1_385' title='bbox 3064 3028 3253 3083; x_wconf 86' lang='lat' dir='ltr'><strong>Latine</strong></span> <span class='ocrx_word' id='word_1_386' title='bbox 3279 3036 3551 3081; x_wconf 65' lang='lat' dir='ltr'><strong>conversa</strong></span> 
     </span>
    </p>
   </div>
   <div class='ocr_carea' id='block_1_59' title="bbox 1955 3117 3549 3183">
    <p class='ocr_par' dir='ltr' id='par_1_59' title="bbox 1955 3117 3549 3183">
     <span class='ocr_line' id='line_1_59' title="bbox 1955 3117 3549 3183; baseline -0.006 0"><span class='ocrx_word' id='word_1_387' title='bbox 1955 3140 2005 3183; x_wconf 89' lang='lat' dir='ltr'><strong>et</strong></span> <span class='ocrx_word' id='word_1_388' title='bbox 2034 3128 2135 3180; x_wconf 91' lang='lat' dir='ltr'><strong>sub</strong></span> <span class='ocrx_word' id='word_1_389' title='bbox 2163 3128 2380 3181; x_wconf 88' lang='lat' dir='ltr'><strong>nomine</strong></span> <span class='ocrx_word' id='word_1_390' title='bbox 2428 3125 2688 3181; x_wconf 82' lang='lat' dir='ltr'><strong>Catholici</strong></span> <span class='ocrx_word' id='word_1_391' title='bbox 2728 3141 2756 3178; x_wconf 86' lang='lat' dir='ltr'><strong>a</strong></span> <span class='ocrx_word' id='word_1_392' title='bbox 2800 3125 3099 3179; x_wconf 74' lang='lat' dir='ltr'><strong>Mercatore</strong></span> <span class='ocrx_word' id='word_1_393' title='bbox 3133 3120 3385 3176; x_wconf 77' lang='lat' dir='ltr'><strong>refutata.</strong></span> <span class='ocrx_word' id='word_1_394' title='bbox 3415 3117 3549 3175; x_wconf 83' lang='lat' dir='ltr'><strong>Gar-</strong></span> 
     </span>
    </p>
   </div>
   <div class='ocr_carea' id='block_1_60' title="bbox 251 3209 3261 3285">
    <p class='ocr_par' dir='ltr' id='par_1_60' title="bbox 251 3209 3261 3285">
     <span class='ocr_line' id='line_1_60' title="bbox 251 3209 3261 3285; baseline -0.001 -12"><span class='ocrx_word' id='word_1_395' title='bbox 251 3217 737 3274; x_wconf 82' lang='lat' dir='ltr'><strong>Subnotationibus.</strong></span> <span class='ocrx_word' id='word_1_396' title='bbox 773 3218 893 3272; x_wconf 89' lang='lat' dir='ltr'><strong>Scr.</strong></span> <span class='ocrx_word' id='word_1_397' title='bbox 934 3216 1117 3285; x_wconf 60' lang='lat' dir='ltr'><strong>judice</strong></span> <span class='ocrx_word' id='word_1_398' title='bbox 1146 3214 1411 3270; x_wconf 78' lang='lat' dir='ltr'><strong>Garneriu</strong></span> <span class='ocrx_word' id='word_1_399' title='bbox 1445 3232 1495 3266; x_wconf 78' lang='lat' dir='ltr'><strong>a.</strong></span> <span class='ocrx_word' id='word_1_400' title='bbox 1542 3212 1669 3268; x_wconf 59' lang='lat'><strong>‘31.</strong></span> <span class='ocrx_word' id='word_1_401' title='bbox 1699 3211 1843 3266; x_wconf 79' lang='lat' dir='ltr'><strong>Idelll</strong></span> <span class='ocrx_word' id='word_1_402' title='bbox 1873 3209 1917 3271; x_wconf 83' lang='lat' dir='ltr'><strong>C</strong></span> <span class='ocrx_word' id='word_1_403' title='bbox 1953 3220 2136 3274; x_wconf 84' lang='lat' dir='ltr'><strong>neritts</strong></span> <span class='ocrx_word' id='word_1_404' title='bbox 2164 3219 2290 3273; x_wconf 87' lang='lat' dir='ltr'><strong>huic</strong></span> <span class='ocrx_word' id='word_1_405' title='bbox 2320 3220 2457 3271; x_wconf 84' lang='lat' dir='ltr'><strong>libro</strong></span> <span class='ocrx_word' id='word_1_406' title='bbox 2487 3221 2726 3285; x_wconf 71' lang='lat' dir='ltr'><strong>assignat</strong></span> <span class='ocrx_word' id='word_1_407' title='bbox 2751 3216 2957 3271; x_wconf 85' lang='lat' dir='ltr'><strong>ittitittttt</strong></span> <span class='ocrx_word' id='word_1_408' title='bbox 2991 3219 3112 3270; x_wconf 90' lang='lat' dir='ltr'><strong>anni</strong></span> <span class='ocrx_word' id='word_1_409' title='bbox 3133 3215 3261 3271; x_wconf 71' lang='grc'><strong>451.</strong></span> 
     </span>
    </p>
   </div>
   <div class='ocr_carea' id='block_1_61' title="bbox 250 3306 1852 3377">
    <p class='ocr_par' dir='ltr' id='par_1_61' title="bbox 250 3306 1852 3377">
     <span class='ocr_line' id='line_1_61' title="bbox 250 3306 1852 3377; baseline -0.004 -12"><span class='ocrx_word' id='word_1_410' title='bbox 250 3325 376 3365; x_wconf 85' lang='lat' dir='ltr'><strong>vero</strong></span> <span class='ocrx_word' id='word_1_411' title='bbox 403 3309 707 3365; x_wconf 59' lang='lat' dir='ltr'><strong>Gmnerius</strong></span> <span class='ocrx_word' id='word_1_412' title='bbox 736 3310 947 3363; x_wconf 84' lang='lat' dir='ltr'><strong>titulum</strong></span> <span class='ocrx_word' id='word_1_413' title='bbox 975 3308 1098 3363; x_wconf 84' lang='lat' dir='ltr'><strong>huic</strong></span> <span class='ocrx_word' id='word_1_414' title='bbox 1118 3309 1267 3377; x_wconf 88' lang='lat' dir='ltr'><strong>operi</strong></span> <span class='ocrx_word' id='word_1_415' title='bbox 1294 3306 1441 3370; x_wconf 82' lang='lat' dir='ltr'><strong>fecit,</strong></span> <span class='ocrx_word' id='word_1_416' title='bbox 1466 3306 1618 3359; x_wconf 85' lang='lat' dir='ltr'><strong>Liber</strong></span> <span class='ocrx_word' id='word_1_417' title='bbox 1642 3306 1852 3359; x_wconf 86' lang='lat' dir='ltr'><strong>Subno-</strong></span> 
     </span>
    </p>
   </div>
   <div class='ocr_carea' id='block_1_62' title="bbox 253 3400 1853 3473">
    <p class='ocr_par' dir='ltr' id='par_1_62' title="bbox 253 3400 1853 3473">
     <span class='ocr_line' id='line_1_62' title="bbox 253 3400 1853 3473; baseline -0.003 -16"><span class='ocrx_word' id='word_1_418' title='bbox 253 3411 506 3459; x_wconf 88' lang='lat' dir='ltr'><strong>tationnm</strong></span> <span class='ocrx_word' id='word_1_419' title='bbox 557 3404 627 3457; x_wconf 88' lang='lat' dir='ltr'><strong>ad</strong></span> <span class='ocrx_word' id='word_1_420' title='bbox 680 3404 940 3458; x_wconf 87' lang='lat' dir='ltr'><strong>Pientium</strong></span> <span class='ocrx_word' id='word_1_421' title='bbox 996 3403 1370 3473; x_wconf 84' lang='lat' dir='ltr'><strong>presbyterum,</strong></span> <span class='ocrx_word' id='word_1_422' title='bbox 1430 3417 1587 3471; x_wconf 89' lang='lat' dir='ltr'><strong>quem</strong></span> <span class='ocrx_word' id='word_1_423' title='bbox 1642 3400 1853 3454; x_wconf 84' lang='lat' dir='ltr'><strong>duabus</strong></span> 
     </span>
    </p>
   </div>
   <div class='ocr_carea' id='block_1_63' title="bbox 264 3495 1848 3569">
    <p class='ocr_par' dir='ltr' id='par_1_63' title="bbox 264 3495 1848 3569">
     <span class='ocr_line' id='line_1_63' title="bbox 264 3495 1848 3569; baseline -0.003 -16"><span class='ocrx_word' id='word_1_424' title='bbox 264 3500 495 3569; x_wconf 84' lang='lat' dir='ltr'><strong>partibus</strong></span> <span class='ocrx_word' id='word_1_425' title='bbox 527 3510 787 3555; x_wconf 85' lang='lat' dir='ltr'><strong>constare</strong></span> <span class='ocrx_word' id='word_1_426' title='bbox 816 3497 1086 3554; x_wconf 79' lang='lat' dir='ltr'><strong>existimat</strong></span> <span class='ocrx_word' id='word_1_427' title='bbox 1109 3540 1124 3558; x_wconf 82' lang='lat'><strong>.</strong></span> <span class='ocrx_word' id='word_1_428' title='bbox 1149 3499 1338 3561; x_wconf 79' lang='lat' dir='ltr'><strong>altera,</strong></span> <span class='ocrx_word' id='word_1_429' title='bbox 1364 3512 1481 3566; x_wconf 68' lang='lat' dir='ltr'><strong>quae</strong></span> <span class='ocrx_word' id='word_1_430' title='bbox 1515 3495 1848 3565; x_wconf 67' lang='lat' dir='ltr'><strong>praelationis</strong></span> 
     </span>
    </p>
   </div>
   <div class='ocr_carea' id='block_1_64' title="bbox 260 3589 1849 3658">
    <p class='ocr_par' dir='ltr' id='par_1_64' title="bbox 260 3589 1849 3658">
     <span class='ocr_line' id='line_1_64' title="bbox 260 3589 1849 3658; baseline -0.004 -11"><span class='ocrx_word' id='word_1_431' title='bbox 260 3592 364 3649; x_wconf 87' lang='lat' dir='ltr'><strong>loco</strong></span> <span class='ocrx_word' id='word_1_432' title='bbox 410 3594 509 3658; x_wconf 85' lang='lat' dir='ltr'><strong>sit,</strong></span> <span class='ocrx_word' id='word_1_433' title='bbox 567 3593 787 3647; x_wconf 86' lang='lat' dir='ltr'><strong>nomine</strong></span> <span class='ocrx_word' id='word_1_434' title='bbox 833 3591 1242 3652; x_wconf 86' lang='lat' dir='ltr'><strong>Commonitorii,</strong></span> <span class='ocrx_word' id='word_1_435' title='bbox 1297 3590 1489 3653; x_wconf 90' lang='lat' dir='ltr'><strong>altera,</strong></span> <span class='ocrx_word' id='word_1_436' title='bbox 1544 3603 1645 3655; x_wconf 87' lang='lat' dir='ltr'><strong>qua</strong></span> <span class='ocrx_word' id='word_1_437' title='bbox 1678 3589 1849 3656; x_wconf 90' lang='lat' dir='ltr'><strong>ipsum</strong></span> 
     </span>
    </p>
   </div>
   <div class='ocr_carea' id='block_1_65' title="bbox 255 3681 1853 3758">
    <p class='ocr_par' dir='ltr' id='par_1_65' title="bbox 255 3681 1853 3758">
     <span class='ocr_line' id='line_1_65' title="bbox 255 3681 1853 3758; baseline -0.006 -15"><span class='ocrx_word' id='word_1_438' title='bbox 255 3704 381 3758; x_wconf 86' lang='lat' dir='ltr'><strong>opus</strong></span> <span class='ocrx_word' id='word_1_439' title='bbox 408 3687 938 3757; x_wconf 86' lang='lat' dir='ltr'><strong>comprehendatur,</strong></span> <span class='ocrx_word' id='word_1_440' title='bbox 963 3685 1120 3740; x_wconf 90' lang='lat' dir='ltr'><strong>titulo</strong></span> <span class='ocrx_word' id='word_1_441' title='bbox 1152 3683 1586 3739; x_wconf 79' lang='lat' dir='ltr'><strong>Subnotationum</strong></span> <span class='ocrx_word' id='word_1_442' title='bbox 1614 3682 1681 3734; x_wconf 91' lang='lat' dir='ltr'><strong>ad</strong></span> <span class='ocrx_word' id='word_1_443' title='bbox 1703 3681 1853 3735; x_wconf 79' lang='lat' dir='ltr'><strong>verba</strong></span> 
     </span>
    </p>
   </div>
   <div class='ocr_carea' id='block_1_66' title="bbox 256 3776 1850 3851">
    <p class='ocr_par' dir='ltr' id='par_1_66' title="bbox 256 3776 1850 3851">
     <span class='ocr_line' id='line_1_66' title="bbox 256 3776 1850 3851; baseline -0.003 -18"><span class='ocrx_word' id='word_1_444' title='bbox 256 3778 454 3835; x_wconf 71' lang='lat' dir='ltr'><strong>Iuliani</strong></span> <span class='ocrx_word' id='word_1_445' title='bbox 482 3798 499 3836; x_wconf 91' lang='lat'><strong><em>:</em></strong></span> <span class='ocrx_word' id='word_1_446' title='bbox 524 3782 646 3836; x_wconf 61' lang='lat' dir='ltr'><strong>hac</strong></span> <span class='ocrx_word' id='word_1_447' title='bbox 686 3796 849 3851; x_wconf 91' lang='lat' dir='ltr'><strong>porro</strong></span> <span class='ocrx_word' id='word_1_448' title='bbox 882 3781 1202 3849; x_wconf 84' lang='lat' dir='ltr'><strong>dispertitos</strong></span> <span class='ocrx_word' id='word_1_449' title='bbox 1242 3794 1322 3833; x_wconf 79' lang='lat' dir='ltr'><strong>eSt</strong></span> <span class='ocrx_word' id='word_1_450' title='bbox 1352 3778 1651 3832; x_wconf 86' lang='lat' dir='ltr'><strong>Garnerius</strong></span> <span class='ocrx_word' id='word_1_451' title='bbox 1675 3776 1727 3830; x_wconf 94' lang='lat' dir='ltr'><strong>in</strong></span> <span class='ocrx_word' id='word_1_452' title='bbox 1753 3792 1850 3829; x_wconf 91' lang='lat' dir='ltr'><strong>no-</strong></span> 
     </span>
    </p>
   </div>
   <div class='ocr_carea' id='block_1_67' title="bbox 255 3867 1853 3947">
    <p class='ocr_par' dir='ltr' id='par_1_67' title="bbox 255 3867 1853 3947">
     <span class='ocr_line' id='line_1_67' title="bbox 255 3867 1853 3947; baseline -0.006 -18"><span class='ocrx_word' id='word_1_453' title='bbox 255 3892 360 3929; x_wconf 74' lang='lat' dir='ltr'><strong>rem</strong></span> <span class='ocrx_word' id='word_1_454' title='bbox 387 3876 592 3947; x_wconf 83' lang='lat' dir='ltr'><strong>capita,</strong></span> <span class='ocrx_word' id='word_1_455' title='bbox 621 3885 734 3929; x_wconf 92' lang='lat' dir='ltr'><strong>octo</strong></span> <span class='ocrx_word' id='word_1_456' title='bbox 760 3873 1120 3943; x_wconf 78' lang='lat' dir='ltr'><strong>nempejuxta</strong></span> <span class='ocrx_word' id='word_1_457' title='bbox 1144 3880 1396 3940; x_wconf 82' lang='lat' dir='ltr'><strong>excerpta</strong></span> <span class='ocrx_word' id='word_1_458' title='bbox 1425 3886 1540 3939; x_wconf 82' lang='lat' dir='ltr'><strong>quae</strong></span> <span class='ocrx_word' id='word_1_459' title='bbox 1564 3886 1629 3924; x_wconf 81' lang='lat' dir='ltr'><strong>ex</strong></span> <span class='ocrx_word' id='word_1_460' title='bbox 1657 3867 1853 3923; x_wconf 80' lang='lat' dir='ltr'><strong>Iuliani</strong></span> 
     </span>
    </p>
   </div>
   <div class='ocr_carea' id='block_1_68' title="bbox 252 3960 1853 4033">
    <p class='ocr_par' dir='ltr' id='par_1_68' title="bbox 252 3960 1853 4033">
     <span class='ocr_line' id='line_1_68' title="bbox 252 3960 1853 4033; baseline -0.006 -10"><span class='ocrx_word' id='word_1_461' title='bbox 252 3967 403 4024; x_wconf 88' lang='lat' dir='ltr'><strong>libris</strong></span> <span class='ocrx_word' id='word_1_462' title='bbox 445 3966 811 4023; x_wconf 79' lang='lat' dir='ltr'><strong>examinanda</strong></span> <span class='ocrx_word' id='word_1_463' title='bbox 858 3966 1124 4021; x_wconf 77' lang='lat' dir='ltr'><strong>Mercator</strong></span> <span class='ocrx_word' id='word_1_464' title='bbox 1163 3965 1264 4019; x_wconf 89' lang='lat' dir='ltr'><strong>sibi</strong></span> <span class='ocrx_word' id='word_1_465' title='bbox 1310 3962 1653 4033; x_wconf 78' lang='lat' dir='ltr'><strong>proposuerit</strong></span> <span class='ocrx_word' id='word_1_466' title='bbox 1687 3978 1698 4013; x_wconf 91' lang='lat'>:</span> <span class='ocrx_word' id='word_1_467' title='bbox 1729 3960 1853 4014; x_wconf 85' lang='lat' dir='ltr'><strong>toti-</strong></span> 
     </span>
    </p>
   </div>
   <div class='ocr_carea' id='block_1_69' title="bbox 250 4056 1851 4126">
    <p class='ocr_par' dir='ltr' id='par_1_69' title="bbox 250 4056 1851 4126">
     <span class='ocr_line' id='line_1_69' title="bbox 250 4056 1851 4126; baseline -0.004 -10"><span class='ocrx_word' id='word_1_468' title='bbox 250 4061 366 4117; x_wconf 81' lang='lat' dir='ltr'><strong>dem</strong></span> <span class='ocrx_word' id='word_1_469' title='bbox 407 4062 564 4117; x_wconf 89' lang='lat' dir='ltr'><strong>enim</strong></span> <span class='ocrx_word' id='word_1_470' title='bbox 601 4069 879 4123; x_wconf 86' lang='lat' dir='ltr'><strong>numerat,</strong></span> <span class='ocrx_word' id='word_1_471' title='bbox 911 4075 1069 4115; x_wconf 87' lang='lat' dir='ltr'><strong>secus</strong></span> <span class='ocrx_word' id='word_1_472' title='bbox 1101 4074 1164 4113; x_wconf 89' lang='lat' dir='ltr'><strong>ac</strong></span> <span class='ocrx_word' id='word_1_473' title='bbox 1208 4058 1490 4121; x_wconf 71' lang='lat' dir='ltr'><strong>B..luzius,</strong></span> <span class='ocrx_word' id='word_1_474' title='bbox 1523 4056 1611 4126; x_wconf 86' lang='lat' dir='ltr'><strong>qui</strong></span> <span class='ocrx_word' id='word_1_475' title='bbox 1645 4063 1851 4124; x_wconf 88' lang='lat' dir='ltr'><strong>septem</strong></span> 
     </span>
    </p>
   </div>
   <div class='ocr_carea' id='block_1_70' title="bbox 249 4147 1851 4225">
    <p class='ocr_par' dir='ltr' id='par_1_70' title="bbox 249 4147 1851 4225">
     <span class='ocr_line' id='line_1_70' title="bbox 249 4147 1851 4225; baseline -0.006 -15"><span class='ocrx_word' id='word_1_476' title='bbox 249 4165 462 4211; x_wconf 81' lang='lat' dir='ltr'><strong>tantum</strong></span> <span class='ocrx_word' id='word_1_477' title='bbox 497 4164 753 4225; x_wconf 82' lang='lat' dir='ltr'><strong>excerpta</strong></span> <span class='ocrx_word' id='word_1_478' title='bbox 783 4155 1037 4209; x_wconf 68' lang='lat' dir='ltr'><strong>distincte</strong></span> <span class='ocrx_word' id='word_1_479' title='bbox 1068 4151 1240 4223; x_wconf 86' lang='lat' dir='ltr'><strong>ponit,</strong></span> <span class='ocrx_word' id='word_1_480' title='bbox 1268 4161 1319 4204; x_wconf 91' lang='lat' dir='ltr'><strong>et</strong></span> <span class='ocrx_word' id='word_1_481' title='bbox 1358 4160 1510 4203; x_wconf 82' lang='lat' dir='ltr'><strong>sexto</strong></span> <span class='ocrx_word' id='word_1_482' title='bbox 1536 4147 1851 4218; x_wconf 83' lang='lat' dir='ltr'><strong>complecti-</strong></span> 
     </span>
    </p>
   </div>
   <div class='ocr_carea' id='block_1_71' title="bbox 248 4241 1855 4320">
    <p class='ocr_par' dir='ltr' id='par_1_71' title="bbox 248 4241 1855 4320">
     <span class='ocr_line' id='line_1_71' title="bbox 248 4241 1855 4320; baseline -0.006 -16"><span class='ocrx_word' id='word_1_483' title='bbox 248 4260 353 4319; x_wconf 89' lang='lat' dir='ltr'><strong>tur,</strong></span> <span class='ocrx_word' id='word_1_484' title='bbox 375 4265 511 4320; x_wconf 65' lang='lat' dir='ltr'><strong>quse</strong></span> <span class='ocrx_word' id='word_1_485' title='bbox 532 4248 675 4315; x_wconf 88' lang='lat' dir='ltr'><strong>apud</strong></span> <span class='ocrx_word' id='word_1_486' title='bbox 706 4246 1025 4302; x_wconf 88' lang='lat' dir='ltr'><strong>Garnerium</strong></span> <span class='ocrx_word' id='word_1_487' title='bbox 1050 4256 1209 4315; x_wconf 87' lang='lat' dir='ltr'><strong>caput</strong></span> <span class='ocrx_word' id='word_1_488' title='bbox 1233 4244 1265 4297; x_wconf 86' lang='lat'><strong>6</strong></span> <span class='ocrx_word' id='word_1_489' title='bbox 1288 4251 1343 4297; x_wconf 88' lang='lat' dir='ltr'><strong>et</strong></span> <span class='ocrx_word' id='word_1_490' title='bbox 1366 4243 1397 4296; x_wconf 82' lang='lat'><strong>7</strong></span> <span class='ocrx_word' id='word_1_491' title='bbox 1422 4241 1690 4305; x_wconf 79' lang='lat' dir='ltr'><strong>efﬁciunt;</strong></span> <span class='ocrx_word' id='word_1_492' title='bbox 1718 4256 1855 4294; x_wconf 87' lang='lat' dir='ltr'><strong>nono</strong></span> 
     </span>
    </p>
   </div>
   <div class='ocr_carea' id='block_1_72' title="bbox 246 4336 1854 4410">
    <p class='ocr_par' dir='ltr' id='par_1_72' title="bbox 246 4336 1854 4410">
     <span class='ocr_line' id='line_1_72' title="bbox 246 4336 1854 4410; baseline -0.005 -13"><span class='ocrx_word' id='word_1_493' title='bbox 246 4356 462 4407; x_wconf 86' lang='lat' dir='ltr'><strong>autem,</strong></span> <span class='ocrx_word' id='word_1_494' title='bbox 488 4342 632 4409; x_wconf 85' lang='lat' dir='ltr'><strong>quod</strong></span> <span class='ocrx_word' id='word_1_495' title='bbox 661 4342 851 4410; x_wconf 76' lang='lat' dir='ltr'><strong>incipit</strong></span> <span class='ocrx_word' id='word_1_496' title='bbox 882 4356 911 4394; x_wconf 92' lang='lat' dir='ltr'><strong>a</strong></span> <span class='ocrx_word' id='word_1_497' title='bbox 938 4340 1143 4405; x_wconf 84' lang='lat' dir='ltr'><strong>verbis,</strong></span> <span class='ocrx_word' id='word_1_498' title='bbox 1172 4337 1344 4391; x_wconf 81' lang='lat' dir='ltr'><strong>Habes</strong></span> <span class='ocrx_word' id='word_1_499' title='bbox 1375 4344 1428 4390; x_wconf 90' lang='lat' dir='ltr'><strong>ut</strong></span> <span class='ocrx_word' id='word_1_500' title='bbox 1458 4336 1631 4398; x_wconf 90' lang='lat' dir='ltr'><strong>credo,</strong></span> <span class='ocrx_word' id='word_1_501' title='bbox 1663 4336 1854 4405; x_wconf 85' lang='lat' dir='ltr'><strong>pagina</strong></span> 
     </span>
    </p>
   </div>
   <div class='ocr_carea' id='block_1_73' title="bbox 245 4430 1855 4502">
    <p class='ocr_par' dir='ltr' id='par_1_73' title="bbox 245 4430 1855 4502">
     <span class='ocr_line' id='line_1_73' title="bbox 245 4430 1855 4502; baseline -0.009 -7"><span class='ocrx_word' id='word_1_502' title='bbox 245 4436 310 4494; x_wconf 76' lang='lat'><strong>50</strong></span> <span class='ocrx_word' id='word_1_503' title='bbox 332 4439 430 4494; x_wconf 87' lang='lat' dir='ltr'><strong>ed.</strong></span> <span class='ocrx_word' id='word_1_504' title='bbox 463 4436 653 4491; x_wconf 74' lang='lat' dir='ltr'><strong>leuz.</strong></span> <span class='ocrx_word' id='word_1_505' title='bbox 687 4435 1117 4489; x_wconf 89' lang='lat' dir='ltr'><strong>Retractationent</strong></span> <span class='ocrx_word' id='word_1_506' title='bbox 1148 4430 1444 4502; x_wconf 73' lang='lat' dir='ltr'><strong>quwstionis</strong></span> <span class='ocrx_word' id='word_1_507' title='bbox 1482 4430 1544 4481; x_wconf 87' lang='lat' dir='ltr'><strong>de</strong></span> <span class='ocrx_word' id='word_1_508' title='bbox 1570 4438 1727 4481; x_wconf 90' lang='lat' dir='ltr'><strong>morte</strong></span> <span class='ocrx_word' id='word_1_509' title='bbox 1768 4442 1855 4495; x_wconf 87' lang='lat' dir='ltr'><strong>per</strong></span> 
     </span>
    </p>
   </div>
   <div class='ocr_carea' id='block_1_74' title="bbox 246 4517 1855 4597">
    <p class='ocr_par' dir='ltr' id='par_1_74' title="bbox 246 4517 1855 4597">
     <span class='ocr_line' id='line_1_74' title="bbox 246 4517 1855 4597; baseline -0.007 -14"><span class='ocrx_word' id='word_1_510' title='bbox 246 4538 529 4597; x_wconf 83' lang='lat' dir='ltr'><strong>peccatum</strong></span> <span class='ocrx_word' id='word_1_511' title='bbox 558 4528 612 4580; x_wconf 90' lang='lat' dir='ltr'><strong>in</strong></span> <span class='ocrx_word' id='word_1_512' title='bbox 642 4526 892 4579; x_wconf 85' lang='lat' dir='ltr'><strong>mundum</strong></span> <span class='ocrx_word' id='word_1_513' title='bbox 918 4526 1149 4596; x_wconf 86' lang='lat' dir='ltr'><strong>ingressa</strong></span> <span class='ocrx_word' id='word_1_514' title='bbox 1176 4520 1445 4576; x_wconf 86' lang='lat' dir='ltr'><strong>contineri</strong></span> <span class='ocrx_word' id='word_1_515' title='bbox 1473 4519 1679 4573; x_wconf 87' lang='lat' dir='ltr'><strong>scribit.</strong></span> <span class='ocrx_word' id='word_1_516' title='bbox 1702 4517 1855 4572; x_wconf 57' lang='lat' dir='ltr'><strong>lusu-</strong></span> 
     </span>
    </p>
   </div>
   <div class='ocr_carea' id='block_1_75' title="bbox 2024 3307 3551 3383">
    <p class='ocr_par' dir='ltr' id='par_1_75' title="bbox 2024 3307 3551 3383">
     <span class='ocr_line' id='line_1_75' title="bbox 2024 3307 3551 3383; baseline -0.005 -16"><span class='ocrx_word' id='word_1_517' title='bbox 2024 3312 2167 3367; x_wconf 85' lang='lat' dir='ltr'><strong>XIV.</strong></span> <span class='ocrx_word' id='word_1_518' title='bbox 2202 3312 2448 3383; x_wconf 85' lang='lat' dir='ltr'><strong>Synodus</strong></span> <span class='ocrx_word' id='word_1_519' title='bbox 2476 3311 2769 3383; x_wconf 88' lang='lat' dir='ltr'><strong>Ephesiana</strong></span> <span class='ocrx_word' id='word_1_520' title='bbox 2799 3314 3043 3364; x_wconf 81' lang='lat' dir='ltr'><strong>adversus</strong></span> <span class='ocrx_word' id='word_1_521' title='bbox 3082 3307 3391 3363; x_wconf 84' lang='lat' dir='ltr'><strong>Nestorium</strong></span> <span class='ocrx_word' id='word_1_522' title='bbox 3428 3308 3465 3361; x_wconf 90' lang='lat' dir='ltr'><strong>i.</strong></span> <span class='ocrx_word' id='word_1_523' title='bbox 3496 3321 3551 3367; x_wconf 82' lang='grc' dir='ltr'><strong>ο.</strong></span> 
     </span>
    </p>
   </div>
   <div class='ocr_carea' id='block_1_76' title="bbox 1953 3400 3556 3473">
    <p class='ocr_par' dir='ltr' id='par_1_76' title="bbox 1953 3400 3556 3473">
     <span class='ocr_line' id='line_1_76' title="bbox 1953 3400 3556 3473; baseline -0.001 -16"><span class='ocrx_word' id='word_1_524' title='bbox 1953 3402 2217 3472; x_wconf 76' lang='lat' dir='ltr'><strong>Excerpta</strong></span> <span class='ocrx_word' id='word_1_525' title='bbox 2236 3421 2298 3458; x_wconf 75' lang='lat' dir='ltr'><strong>ex</strong></span> <span class='ocrx_word' id='word_1_526' title='bbox 2323 3406 2451 3457; x_wconf 88' lang='lat' dir='ltr'><strong>actis</strong></span> <span class='ocrx_word' id='word_1_527' title='bbox 2480 3404 2682 3473; x_wconf 84' lang='lat' dir='ltr'><strong>Synodi</strong></span> <span class='ocrx_word' id='word_1_528' title='bbox 2731 3403 2888 3472; x_wconf 84' lang='lat' dir='ltr'><strong>hujus</strong></span> <span class='ocrx_word' id='word_1_529' title='bbox 2911 3444 2925 3467; x_wconf 93' lang='lat'><strong>,</strong></span> <span class='ocrx_word' id='word_1_530' title='bbox 2956 3416 3080 3471; x_wconf 64' lang='lat' dir='ltr'><strong>qua:</strong></span> <span class='ocrx_word' id='word_1_531' title='bbox 3120 3414 3310 3456; x_wconf 87' lang='lat' dir='ltr'><strong>contra</strong></span> <span class='ocrx_word' id='word_1_532' title='bbox 3363 3400 3556 3456; x_wconf 70' lang='lat' dir='ltr'><strong>Nesto-</strong></span> 
     </span>
    </p>
   </div>
   <div class='ocr_carea' id='block_1_77' title="bbox 1953 3494 3557 3565">
    <p class='ocr_par' dir='ltr' id='par_1_77' title="bbox 1953 3494 3557 3565">
     <span class='ocr_line' id='line_1_77' title="bbox 1953 3494 3557 3565; baseline -0.001 -14"><span class='ocrx_word' id='word_1_533' title='bbox 1953 3497 2090 3551; x_wconf 90' lang='lat' dir='ltr'><strong>rium</strong></span> <span class='ocrx_word' id='word_1_534' title='bbox 2127 3498 2361 3551; x_wconf 84' lang='lat' dir='ltr'><strong>maxime</strong></span> <span class='ocrx_word' id='word_1_535' title='bbox 2396 3495 2579 3550; x_wconf 87' lang='lat' dir='ltr'><strong>lacere</strong></span> <span class='ocrx_word' id='word_1_536' title='bbox 2605 3496 2939 3549; x_wconf 80' lang='lat' dir='ltr'><strong>viderentur.</strong></span> <span class='ocrx_word' id='word_1_537' title='bbox 2974 3494 3274 3550; x_wconf 78' lang='lat' dir='ltr'><strong>Garnerius</strong></span> <span class='ocrx_word' id='word_1_538' title='bbox 3301 3509 3361 3548; x_wconf 83' lang='lat' dir='ltr'><strong>ea</strong></span> <span class='ocrx_word' id='word_1_539' title='bbox 3396 3495 3557 3565; x_wconf 79' lang='lat' dir='ltr'><strong>plane</strong></span> 
     </span>
    </p>
   </div>
   <div class='ocr_carea' id='block_1_78' title="bbox 1954 3587 3557 3657">
    <p class='ocr_par' dir='ltr' id='par_1_78' title="bbox 1954 3587 3557 3657">
     <span class='ocr_line' id='line_1_78' title="bbox 1954 3587 3557 3657; baseline -0.001 -14"><span class='ocrx_word' id='word_1_540' title='bbox 1954 3589 2154 3654; x_wconf 88' lang='lat' dir='ltr'><strong>omisit,</strong></span> <span class='ocrx_word' id='word_1_541' title='bbox 2186 3589 2279 3642; x_wconf 89' lang='lat' dir='ltr'><strong>sed</strong></span> <span class='ocrx_word' id='word_1_542' title='bbox 2322 3590 2699 3655; x_wconf 82' lang='lat' dir='ltr'><strong>compensavit</strong></span> <span class='ocrx_word' id='word_1_543' title='bbox 2735 3587 3147 3657; x_wconf 76' lang='lat' dir='ltr'><strong>quodammodo</strong></span> <span class='ocrx_word' id='word_1_544' title='bbox 3179 3594 3430 3643; x_wconf 85' lang='lat' dir='ltr'><strong>accurata</strong></span> <span class='ocrx_word' id='word_1_545' title='bbox 3464 3601 3557 3642; x_wconf 80' lang='lat' dir='ltr'><strong>re-</strong></span> 
     </span>
    </p>
   </div>
   <div class='ocr_carea' id='block_1_79' title="bbox 1956 3681 3553 3751">
    <p class='ocr_par' dir='ltr' id='par_1_79' title="bbox 1956 3681 3553 3751">
     <span class='ocr_line' id='line_1_79' title="bbox 1956 3681 3553 3751; baseline -0.001 -13"><span class='ocrx_word' id='word_1_546' title='bbox 1956 3699 2072 3739; x_wconf 89' lang='lat' dir='ltr'><strong>rum</strong></span> <span class='ocrx_word' id='word_1_547' title='bbox 2103 3682 2331 3738; x_wconf 79' lang='lat' dir='ltr'><strong>Ncstorii</strong></span> <span class='ocrx_word' id='word_1_548' title='bbox 2377 3699 2471 3751; x_wconf 87' lang='lat' dir='ltr'><strong>per</strong></span> <span class='ocrx_word' id='word_1_549' title='bbox 2495 3698 2667 3737; x_wconf 84' lang='lat' dir='ltr'><strong>annos</strong></span> <span class='ocrx_word' id='word_1_550' title='bbox 2695 3693 2841 3747; x_wconf 92' lang='lat' dir='ltr'><strong>octo,</strong></span> <span class='ocrx_word' id='word_1_551' title='bbox 2870 3683 2939 3738; x_wconf 90' lang='lat' dir='ltr'><strong>ab</strong></span> <span class='ocrx_word' id='word_1_552' title='bbox 2968 3681 3312 3738; x_wconf 89' lang='lat' dir='ltr'><strong>ordinatione</strong></span> <span class='ocrx_word' id='word_1_553' title='bbox 3336 3681 3553 3737; x_wconf 78' lang='lat' dir='ltr'><strong>scilicet</strong></span> 
     </span>
    </p>
   </div>
   <div class='ocr_carea' id='block_1_80' title="bbox 1956 3783 3557 3855">
    <p class='ocr_par' dir='ltr' id='par_1_80' title="bbox 1956 3783 3557 3855">
     <span class='ocr_line' id='line_1_80' title="bbox 1956 3783 3557 3855; baseline 0.001 -16"><span class='ocrx_word' id='word_1_554' title='bbox 1956 3801 2125 3855; x_wconf 90' lang='lat' dir='ltr'><strong>usque</strong></span> <span class='ocrx_word' id='word_1_555' title='bbox 2140 3785 2207 3839; x_wconf 90' lang='lat' dir='ltr'><strong>ad</strong></span> <span class='ocrx_word' id='word_1_556' title='bbox 2231 3785 2661 3854; x_wconf 87' lang='lat' dir='ltr'><strong>deportationem</strong></span> <span class='ocrx_word' id='word_1_557' title='bbox 2694 3784 2835 3853; x_wconf 89' lang='lat' dir='ltr'><strong>ejus,</strong></span> <span class='ocrx_word' id='word_1_558' title='bbox 2867 3786 3238 3848; x_wconf 86' lang='lat' dir='ltr'><strong>enarratione,</strong></span> <span class='ocrx_word' id='word_1_559' title='bbox 3280 3783 3557 3853; x_wconf 76' lang='lat' dir='ltr'><strong>ductaque</strong></span> 
     </span>
    </p>
   </div>
   <div class='ocr_carea' id='block_1_81' title="bbox 1955 3886 3555 3957">
    <p class='ocr_par' dir='ltr' id='par_1_81' title="bbox 1955 3886 3555 3957">
     <span class='ocr_line' id='line_1_81' title="bbox 1955 3886 3555 3957; baseline -0.001 -14"><span class='ocrx_word' id='word_1_560' title='bbox 1955 3903 2019 3943; x_wconf 85' lang='lat' dir='ltr'><strong>ex</strong></span> <span class='ocrx_word' id='word_1_561' title='bbox 2048 3888 2235 3942; x_wconf 89' lang='lat' dir='ltr'><strong>eadem</strong></span> <span class='ocrx_word' id='word_1_562' title='bbox 2265 3903 2389 3941; x_wconf 90' lang='lat' dir='ltr'><strong>cum</strong></span> <span class='ocrx_word' id='word_1_563' title='bbox 2420 3889 2691 3942; x_wconf 86' lang='lat' dir='ltr'><strong>actionum</strong></span> <span class='ocrx_word' id='word_1_564' title='bbox 2738 3888 2981 3941; x_wconf 89' lang='lat' dir='ltr'><strong>omnium</strong></span> <span class='ocrx_word' id='word_1_565' title='bbox 3024 3886 3241 3942; x_wconf 91' lang='lat' dir='ltr'><strong>concilii</strong></span> <span class='ocrx_word' id='word_1_566' title='bbox 3272 3886 3555 3957; x_wconf 71' lang='lat' dir='ltr'><strong>Ephesini,</strong></span> 
     </span>
    </p>
   </div>
   <div class='ocr_carea' id='block_1_82' title="bbox 1959 3991 3560 4062">
    <p class='ocr_par' dir='ltr' id='par_1_82' title="bbox 1959 3991 3560 4062">
     <span class='ocr_line' id='line_1_82' title="bbox 1959 3991 3560 4062; baseline -0.001 -16"><span class='ocrx_word' id='word_1_567' title='bbox 1959 4002 2068 4046; x_wconf 92' lang='lat' dir='ltr'><strong>tum</strong></span> <span class='ocrx_word' id='word_1_568' title='bbox 2102 3992 2437 4062; x_wconf 83' lang='lat' dir='ltr'><strong>singularum</strong></span> <span class='ocrx_word' id='word_1_569' title='bbox 2472 3991 2587 4061; x_wconf 73' lang='lat' dir='ltr'><strong>ejus</strong></span> <span class='ocrx_word' id='word_1_570' title='bbox 2618 3991 2851 4060; x_wconf 86' lang='lat' dir='ltr'><strong>partium</strong></span> <span class='ocrx_word' id='word_1_571' title='bbox 2902 3991 3302 4059; x_wconf 85' lang='lat' dir='ltr'><strong>descriptione;</strong></span> <span class='ocrx_word' id='word_1_572' title='bbox 3353 3991 3403 4044; x_wconf 91' lang='lat' dir='ltr'><strong>in</strong></span> <span class='ocrx_word' id='word_1_573' title='bbox 3448 4003 3560 4059; x_wconf 78' lang='lat' dir='ltr'><strong>qua</strong></span> 
     </span>
    </p>
   </div>
   <div class='ocr_carea' id='block_1_83' title="bbox 1958 4088 3561 4163">
    <p class='ocr_par' dir='ltr' id='par_1_83' title="bbox 1958 4088 3561 4163">
     <span class='ocr_line' id='line_1_83' title="bbox 1958 4088 3561 4163; baseline -0.003 -14"><span class='ocrx_word' id='word_1_574' title='bbox 1958 4095 2125 4149; x_wconf 89' lang='lat' dir='ltr'><strong>multa</strong></span> <span class='ocrx_word' id='word_1_575' title='bbox 2145 4102 2291 4163; x_wconf 88' lang='lat' dir='ltr'><strong>sunt,</strong></span> <span class='ocrx_word' id='word_1_576' title='bbox 2316 4108 2434 4163; x_wconf 70' lang='lat' dir='ltr'><strong>qua:</strong></span> <span class='ocrx_word' id='word_1_577' title='bbox 2452 4095 2763 4162; x_wconf 82' lang='lat' dir='ltr'><strong>perturbate</strong></span> <span class='ocrx_word' id='word_1_578' title='bbox 2794 4093 2848 4147; x_wconf 91' lang='lat' dir='ltr'><strong>in</strong></span> <span class='ocrx_word' id='word_1_579' title='bbox 2875 4093 3212 4147; x_wconf 87' lang='lat' dir='ltr'><strong>editionibus</strong></span> <span class='ocrx_word' id='word_1_580' title='bbox 3234 4093 3394 4144; x_wconf 82' lang='lat' dir='ltr'><strong>etiam</strong></span> <span class='ocrx_word' id='word_1_581' title='bbox 3418 4088 3561 4158; x_wconf 79' lang='lat' dir='ltr'><strong>opti-</strong></span> 
     </span>
    </p>
   </div>
   <div class='ocr_carea' id='block_1_84' title="bbox 1958 4190 3557 4265">
    <p class='ocr_par' dir='ltr' id='par_1_84' title="bbox 1958 4190 3557 4265">
     <span class='ocr_line' id='line_1_84' title="bbox 1958 4190 3557 4265; baseline -0.002 -16"><span class='ocrx_word' id='word_1_582' title='bbox 1958 4196 2060 4249; x_wconf 88' lang='lat' dir='ltr'><strong>mis</strong></span> <span class='ocrx_word' id='word_1_583' title='bbox 2085 4195 2258 4265; x_wconf 86' lang='lat' dir='ltr'><strong>posita</strong></span> <span class='ocrx_word' id='word_1_584' title='bbox 2287 4209 2409 4249; x_wconf 84' lang='lat' dir='ltr'><strong>esse</strong></span> <span class='ocrx_word' id='word_1_585' title='bbox 2428 4192 2685 4247; x_wconf 89' lang='lat' dir='ltr'><strong>statuitet</strong></span> <span class='ocrx_word' id='word_1_586' title='bbox 2705 4194 2866 4247; x_wconf 85' lang='lat' dir='ltr'><strong>aliter</strong></span> <span class='ocrx_word' id='word_1_587' title='bbox 2894 4190 3351 4261; x_wconf 80' lang='lat' dir='ltr'><strong>collocaiijubet,</strong></span> <span class='ocrx_word' id='word_1_588' title='bbox 3384 4190 3557 4247; x_wconf 89' lang='lat' dir='ltr'><strong>multo</strong></span> 
     </span>
    </p>
   </div>
   <div class='ocr_carea' id='block_1_85' title="bbox 1959 4293 3558 4367">
    <p class='ocr_par' dir='ltr' id='par_1_85' title="bbox 1959 4293 3558 4367">
     <span class='ocr_line' id='line_1_85' title="bbox 1959 4293 3558 4367; baseline -0.001 -15"><span class='ocrx_word' id='word_1_589' title='bbox 1959 4314 2091 4355; x_wconf 86' lang='lat' dir='ltr'><strong>vero</strong></span> <span class='ocrx_word' id='word_1_590' title='bbox 2125 4298 2300 4367; x_wconf 89' lang='lat' dir='ltr'><strong>plura,</strong></span> <span class='ocrx_word' id='word_1_591' title='bbox 2331 4312 2449 4367; x_wconf 76' lang='lat' dir='ltr'><strong>quze</strong></span> <span class='ocrx_word' id='word_1_592' title='bbox 2497 4296 2699 4360; x_wconf 86' lang='lat' dir='ltr'><strong>desint,</strong></span> <span class='ocrx_word' id='word_1_593' title='bbox 2750 4309 2857 4351; x_wconf 92' lang='lat' dir='ltr'><strong>non</strong></span> <span class='ocrx_word' id='word_1_594' title='bbox 2887 4294 3065 4349; x_wconf 89' lang='lat' dir='ltr'><strong>minus</strong></span> <span class='ocrx_word' id='word_1_595' title='bbox 3093 4294 3160 4348; x_wconf 90' lang='lat' dir='ltr'><strong>ad</strong></span> <span class='ocrx_word' id='word_1_596' title='bbox 3217 4294 3323 4349; x_wconf 84' lang='lat' dir='ltr'><strong>ltoc</strong></span> <span class='ocrx_word' id='word_1_597' title='bbox 3365 4293 3558 4350; x_wconf 84' lang='lat' dir='ltr'><strong>conci-</strong></span> 
     </span>
    </p>
   </div>
   <div class='ocr_carea' id='block_1_86' title="bbox 1961 4396 3561 4468">
    <p class='ocr_par' dir='ltr' id='par_1_86' title="bbox 1961 4396 3561 4468">
     <span class='ocr_line' id='line_1_86' title="bbox 1961 4396 3561 4468; baseline 0.002 -16"><span class='ocrx_word' id='word_1_598' title='bbox 1961 4399 2088 4453; x_wconf 91' lang='lat' dir='ltr'><strong>lium</strong></span> <span class='ocrx_word' id='word_1_599' title='bbox 2120 4397 2468 4468; x_wconf 83' lang='lat' dir='ltr'><strong>pertinentia,</strong></span> <span class='ocrx_word' id='word_1_600' title='bbox 2492 4409 2655 4468; x_wconf 88' lang='lat' dir='ltr'><strong>atque</strong></span> <span class='ocrx_word' id='word_1_601' title='bbox 2672 4399 2834 4453; x_wconf 87' lang='lat' dir='ltr'><strong>etiam</strong></span> <span class='ocrx_word' id='word_1_602' title='bbox 2857 4396 3028 4467; x_wconf 86' lang='lat' dir='ltr'><strong>magis</strong></span> <span class='ocrx_word' id='word_1_603' title='bbox 3054 4396 3384 4465; x_wconf 85' lang='lat' dir='ltr'><strong>necessaria,</strong></span> <span class='ocrx_word' id='word_1_604' title='bbox 3412 4405 3561 4455; x_wconf 82' lang='lat' dir='ltr'><strong>aste-</strong></span> 
     </span>
    </p>
   </div>
   <div class='ocr_carea' id='block_1_87' title="bbox 1959 4502 2309 4556">
    <p class='ocr_par' dir='ltr' id='par_1_87' title="bbox 1959 4502 2309 4556">
     <span class='ocr_line' id='line_1_87' title="bbox 1959 4502 2309 4556; baseline -0.006 0"><span class='ocrx_word' id='word_1_605' title='bbox 1959 4502 2115 4556; x_wconf 88' lang='lat' dir='ltr'><strong>riscis</strong></span> <span class='ocrx_word' id='word_1_606' title='bbox 2140 4510 2309 4555; x_wconf 88' lang='lat' dir='ltr'><strong>notat.</strong></span> 
     </span>
    </p>
   </div>
   <div class='ocr_carea' id='block_1_88' title="bbox 248 4594 3560 4693">
    <p class='ocr_par' dir='ltr' id='par_1_88' title="bbox 248 4594 3560 4693">
     <span class='ocr_line' id='line_1_88' title="bbox 248 4594 3560 4693; baseline -0.008 -14"><span class='ocrx_word' id='word_1_607' title='bbox 248 4594 347 4693; x_wconf 83' lang='lat' dir='ltr'><strong>per</strong></span> <span class='ocrx_word' id='word_1_608' title='bbox 399 4622 578 4677; x_wconf 82' lang='lat' dir='ltr'><strong>verba</strong></span> <span class='ocrx_word' id='word_1_609' title='bbox 631 4618 914 4689; x_wconf 79' lang='lat' dir='ltr'><strong>Augustini</strong></span> <span class='ocrx_word' id='word_1_610' title='bbox 944 4594 1010 4673; x_wconf 68' lang='lat' dir='ltr'><strong>sd</strong></span> <span class='ocrx_word' id='word_1_611' title='bbox 1042 4617 1247 4686; x_wconf 89' lang='lat' dir='ltr'><strong>singula</strong></span> <span class='ocrx_word' id='word_1_612' title='bbox 1278 4614 1442 4669; x_wconf 89' lang='lat' dir='ltr'><strong>verba</strong></span> <span class='ocrx_word' id='word_1_613' title='bbox 1484 4612 1684 4667; x_wconf 84' lang='lat' dir='ltr'><strong>luliani</strong></span> <span class='ocrx_word' id='word_1_614' title='bbox 1735 4594 1933 4681; x_wconf 72' lang='lat' dir='ltr'><strong>quteD</strong></span> <span class='ocrx_word' id='word_1_615' title='bbox 2035 4602 2149 4659; x_wconf 80' lang='lat' dir='ltr'><strong>XV.</strong></span> <span class='ocrx_word' id='word_1_616' title='bbox 2209 4601 2395 4673; x_wconf 80' lang='lat' dir='ltr'><strong>Cyrilli</strong></span> <span class='ocrx_word' id='word_1_617' title='bbox 2466 4600 2810 4658; x_wconf 69' lang='lat' dir='ltr'><strong>Alexandrini</strong></span> <span class='ocrx_word' id='word_1_618' title='bbox 2874 4601 3242 4676; x_wconf 78' lang='lat' dir='ltr'><strong>Apologetieus</strong></span> <span class='ocrx_word' id='word_1_619' title='bbox 3308 4603 3560 4661; x_wconf 72' lang='lat' dir='ltr'><strong>adversus</strong></span> 
     </span>
    </p>
   </div>
   <div class='ocr_carea' id='block_1_89' title="bbox 248 4704 1844 4782">
    <p class='ocr_par' dir='ltr' id='par_1_89' title="bbox 248 4704 1844 4782">
     <span class='ocr_line' id='line_1_89' title="bbox 248 4704 1844 4782; baseline -0.007 -12"><span class='ocrx_word' id='word_1_620' title='bbox 248 4714 531 4770; x_wconf 76' lang='lat' dir='ltr'><strong>Mercator</strong></span> <span class='ocrx_word' id='word_1_621' title='bbox 559 4727 667 4767; x_wconf 88' lang='lat' dir='ltr'><strong>non</strong></span> <span class='ocrx_word' id='word_1_622' title='bbox 698 4718 1025 4782; x_wconf 85' lang='lat' dir='ltr'><strong>apposuerat</strong></span> <span class='ocrx_word' id='word_1_623' title='bbox 1062 4710 1113 4763; x_wconf 89' lang='lat' dir='ltr'><strong>in</strong></span> <span class='ocrx_word' id='word_1_624' title='bbox 1149 4710 1311 4776; x_wconf 87' lang='lat' dir='ltr'><strong>uotis,</strong></span> <span class='ocrx_word' id='word_1_625' title='bbox 1346 4707 1541 4776; x_wconf 84' lang='lat' dir='ltr'><strong>ubique</strong></span> <span class='ocrx_word' id='word_1_626' title='bbox 1572 4704 1844 4774; x_wconf 81' lang='lat' dir='ltr'><strong>produxit.</strong></span> 
     </span>
    </p>
   </div>
   <div class='ocr_carea' id='block_1_90' title="bbox 316 4796 1852 4877">
    <p class='ocr_par' dir='ltr' id='par_1_90' title="bbox 316 4796 1852 4877">
     <span class='ocr_line' id='line_1_90' title="bbox 316 4796 1852 4877; baseline -0.009 -13"><span class='ocrx_word' id='word_1_627' title='bbox 316 4808 387 4864; x_wconf 93' lang='lat' dir='ltr'><strong>Il.</strong></span> <span class='ocrx_word' id='word_1_628' title='bbox 439 4806 709 4877; x_wconf 77' lang='lat' dir='ltr'><strong>Refutatio</strong></span> <span class='ocrx_word' id='word_1_629' title='bbox 758 4803 993 4875; x_wconf 80' lang='lat' dir='ltr'><strong>Symboli</strong></span> <span class='ocrx_word' id='word_1_630' title='bbox 1036 4800 1288 4856; x_wconf 81' lang='lat' dir='ltr'><strong>Theodori</strong></span> <span class='ocrx_word' id='word_1_631' title='bbox 1340 4796 1710 4863; x_wconf 79' lang='lat' dir='ltr'><strong>Mopsuesteni,</strong></span> <span class='ocrx_word' id='word_1_632' title='bbox 1756 4810 1852 4851; x_wconf 86' lang='lat' dir='ltr'><strong>seu</strong></span> 
     </span>
    </p>
   </div>
   <div class='ocr_carea' id='block_1_91' title="bbox 248 4887 1853 4972">
    <p class='ocr_par' dir='ltr' id='par_1_91' title="bbox 248 4887 1853 4972">
     <span class='ocr_line' id='line_1_91' title="bbox 248 4887 1853 4972; baseline -0.008 -19"><span class='ocrx_word' id='word_1_633' title='bbox 248 4898 538 4972; x_wconf 68' lang='lat' dir='ltr'><strong>Expositio</strong></span> <span class='ocrx_word' id='word_1_634' title='bbox 568 4912 739 4965; x_wconf 64' lang='lat' dir='ltr'><strong>pravae</strong></span> <span class='ocrx_word' id='word_1_635' title='bbox 767 4896 889 4964; x_wconf 79' lang='lat' dir='ltr'><strong>ﬁdei</strong></span> <span class='ocrx_word' id='word_1_636' title='bbox 931 4892 1189 4947; x_wconf 86' lang='lat' dir='ltr'><strong>Theodori</strong></span> <span class='ocrx_word' id='word_1_637' title='bbox 1228 4906 1348 4945; x_wconf 91' lang='lat' dir='ltr'><strong>cum</strong></span> <span class='ocrx_word' id='word_1_638' title='bbox 1380 4888 1679 4960; x_wconf 63' lang='lat' dir='ltr'><strong>praefatione</strong></span> <span class='ocrx_word' id='word_1_639' title='bbox 1710 4887 1853 4941; x_wconf 79' lang='lat' dir='ltr'><strong>Mer-</strong></span> 
     </span>
    </p>
   </div>
   <div class='ocr_carea' id='block_1_92' title="bbox 246 4981 1853 5061">
    <p class='ocr_par' dir='ltr' id='par_1_92' title="bbox 246 4981 1853 5061">
     <span class='ocr_line' id='line_1_92' title="bbox 246 4981 1853 5061; baseline -0.006 -14"><span class='ocrx_word' id='word_1_640' title='bbox 246 4996 471 5047; x_wconf 86' lang='lat' dir='ltr'><strong>catoris.</strong></span> <span class='ocrx_word' id='word_1_641' title='bbox 508 4992 661 5061; x_wconf 83' lang='lat' dir='ltr'><strong>Apud</strong></span> <span class='ocrx_word' id='word_1_642' title='bbox 690 4988 1013 5046; x_wconf 83' lang='lat' dir='ltr'><strong>Garuerium</strong></span> <span class='ocrx_word' id='word_1_643' title='bbox 1044 4987 1240 5057; x_wconf 74' lang='lat' dir='ltr'><strong>legitur</strong></span> <span class='ocrx_word' id='word_1_644' title='bbox 1271 4993 1418 5039; x_wconf 91' lang='lat' dir='ltr'><strong>tomo</strong></span> <span class='ocrx_word' id='word_1_645' title='bbox 1441 4981 1503 5047; x_wconf 89' lang='lat' dir='ltr'><strong>Il,</strong></span> <span class='ocrx_word' id='word_1_646' title='bbox 1533 4999 1683 5053; x_wconf 83' lang='lat' dir='ltr'><strong>pagg.</strong></span> <span class='ocrx_word' id='word_1_647' title='bbox 1718 4982 1853 5037; x_wconf 79' lang='grc' dir='ltr'><strong>25οι</strong></span> 
     </span>
    </p>
   </div>
   <div class='ocr_carea' id='block_1_93' title="bbox 246 5074 1855 5155">
    <p class='ocr_par' dir='ltr' id='par_1_93' title="bbox 246 5074 1855 5155">
     <span class='ocr_line' id='line_1_93' title="bbox 246 5074 1855 5155; baseline -0.007 -14"><span class='ocrx_word' id='word_1_648' title='bbox 246 5085 357 5151; x_wconf 75' lang='lat'><strong>53;</strong></span> <span class='ocrx_word' id='word_1_649' title='bbox 391 5085 639 5155; x_wconf 74' lang='lat' dir='ltr'><strong>prafatio</strong></span> <span class='ocrx_word' id='word_1_650' title='bbox 681 5092 858 5138; x_wconf 85' lang='lat' dir='ltr'><strong>autem</strong></span> <span class='ocrx_word' id='word_1_651' title='bbox 900 5080 1212 5151; x_wconf 89' lang='lat' dir='ltr'><strong>dupliciter,</strong></span> <span class='ocrx_word' id='word_1_652' title='bbox 1245 5075 1437 5133; x_wconf 84' lang='lat' dir='ltr'><strong>tomol</strong></span> <span class='ocrx_word' id='word_1_653' title='bbox 1487 5090 1607 5145; x_wconf 90' lang='lat' dir='ltr'><strong>pag.</strong></span> <span class='ocrx_word' id='word_1_654' title='bbox 1660 5074 1748 5141; x_wconf 84' lang='lat'><strong>95,</strong></span> <span class='ocrx_word' id='word_1_655' title='bbox 1799 5084 1855 5130; x_wconf 87' lang='lat' dir='ltr'><strong>et</strong></span> 
     </span>
    </p>
   </div>
   <div class='ocr_carea' id='block_1_94' title="bbox 245 5177 639 5236">
    <p class='ocr_par' dir='ltr' id='par_1_94' title="bbox 245 5177 639 5236">
     <span class='ocr_line' id='line_1_94' title="bbox 245 5177 639 5236; baseline -0.013 0"><span class='ocrx_word' id='word_1_656' title='bbox 245 5188 404 5236; x_wconf 76' lang='lat' dir='ltr'><strong>torno</strong></span> <span class='ocrx_word' id='word_1_657' title='bbox 438 5178 487 5233; x_wconf 91' lang='lat' dir='ltr'><strong>Il</strong></span> <span class='ocrx_word' id='word_1_658' title='bbox 537 5178 572 5232; x_wconf 94' lang='lat' dir='ltr'><strong>I.</strong></span> <span class='ocrx_word' id='word_1_659' title='bbox 603 5177 639 5231; x_wconf 91' lang='grc' dir='ltr'><strong>Ι.</strong></span> 
     </span>
    </p>
   </div>
   <div class='ocr_carea' id='block_1_95' title="bbox 322 5266 1859 5341">
    <p class='ocr_par' dir='ltr' id='par_1_95' title="bbox 322 5266 1859 5341">
     <span class='ocr_line' id='line_1_95' title="bbox 322 5266 1859 5341; baseline -0.004 -15"><span class='ocrx_word' id='word_1_660' title='bbox 322 5272 413 5327; x_wconf 90' lang='lat' dir='ltr'><strong>Ill.</strong></span> <span class='ocrx_word' id='word_1_661' title='bbox 461 5271 792 5340; x_wconf 83' lang='lat' dir='ltr'><strong>Comparatio</strong></span> <span class='ocrx_word' id='word_1_662' title='bbox 859 5270 1153 5341; x_wconf 87' lang='lat' dir='ltr'><strong>dogmatum</strong></span> <span class='ocrx_word' id='word_1_663' title='bbox 1212 5266 1371 5321; x_wconf 84' lang='lat' dir='ltr'><strong>Pauli</strong></span> <span class='ocrx_word' id='word_1_664' title='bbox 1440 5267 1764 5323; x_wconf 86' lang='lat' dir='ltr'><strong>Samosateni</strong></span> <span class='ocrx_word' id='word_1_665' title='bbox 1813 5277 1859 5320; x_wconf 88' lang='lat' dir='ltr'><strong>et</strong></span> 
     </span>
    </p>
   </div>
   <div class='ocr_carea' id='block_1_96' title="bbox 249 5364 522 5424">
    <p class='ocr_par' dir='ltr' id='par_1_96' title="bbox 249 5364 522 5424">
     <span class='ocr_line' id='line_1_96' title="bbox 249 5364 522 5424; baseline 0.004 -1"><span class='ocrx_word' id='word_1_666' title='bbox 249 5364 522 5424; x_wconf 75' lang='lat' dir='ltr'><strong>Nestorii.</strong></span> 
     </span>
    </p>
   </div>
   <div class='ocr_carea' id='block_1_97' title="bbox 325 5458 1857 5530">
    <p class='ocr_par' dir='ltr' id='par_1_97' title="bbox 325 5458 1857 5530">
     <span class='ocr_line' id='line_1_97' title="bbox 325 5458 1857 5530; baseline -0.003 -13"><span class='ocrx_word' id='word_1_667' title='bbox 325 5462 420 5517; x_wconf 86' lang='lat' dir='ltr'><strong>IV.</strong></span> <span class='ocrx_word' id='word_1_668' title='bbox 461 5462 736 5518; x_wconf 85' lang='lat' dir='ltr'><strong>Sermones</strong></span> <span class='ocrx_word' id='word_1_669' title='bbox 784 5458 829 5514; x_wconf 85' lang='lat' dir='ltr'><strong>V</strong></span> <span class='ocrx_word' id='word_1_670' title='bbox 880 5458 1109 5514; x_wconf 88' lang='lat' dir='ltr'><strong>Nestorii</strong></span> <span class='ocrx_word' id='word_1_671' title='bbox 1145 5460 1390 5515; x_wconf 86' lang='lat' dir='ltr'><strong>adversus</strong></span> <span class='ocrx_word' id='word_1_672' title='bbox 1432 5458 1525 5513; x_wconf 88' lang='lat' dir='ltr'><strong>Dei</strong></span> <span class='ocrx_word' id='word_1_673' title='bbox 1564 5460 1857 5530; x_wconf 87' lang='lat' dir='ltr'><strong>genitricem</strong></span> 
     </span>
    </p>
   </div>
   <div class='ocr_carea' id='block_1_98' title="bbox 252 5551 514 5611">
    <p class='ocr_par' dir='ltr' id='par_1_98' title="bbox 252 5551 514 5611">
     <span class='ocr_line' id='line_1_98' title="bbox 252 5551 514 5611; baseline -0.011 1"><span class='ocrx_word' id='word_1_674' title='bbox 252 5551 514 5611; x_wconf 59' lang='lat' dir='ltr'><strong>lanam.</strong></span> 
     </span>
    </p>
   </div>
   <div class='ocr_carea' id='block_1_99' title="bbox 330 5645 1745 5719">
    <p class='ocr_par' dir='ltr' id='par_1_99' title="bbox 330 5645 1745 5719">
     <span class='ocr_line' id='line_1_99' title="bbox 330 5645 1745 5719; baseline -0.003 -13"><span class='ocrx_word' id='word_1_675' title='bbox 330 5648 403 5706; x_wconf 63' lang='grc' dir='ltr'><strong>Ὗ.</strong></span> <span class='ocrx_word' id='word_1_676' title='bbox 443 5648 676 5705; x_wconf 87' lang='lat' dir='ltr'><strong>Nestorii</strong></span> <span class='ocrx_word' id='word_1_677' title='bbox 701 5647 917 5719; x_wconf 83' lang='lat' dir='ltr'><strong>epistola</strong></span> <span class='ocrx_word' id='word_1_678' title='bbox 936 5648 1007 5701; x_wconf 86' lang='lat' dir='ltr'><strong>ad</strong></span> <span class='ocrx_word' id='word_1_679' title='bbox 1034 5645 1285 5718; x_wconf 84' lang='lat' dir='ltr'><strong>Cyrillum</strong></span> <span class='ocrx_word' id='word_1_680' title='bbox 1315 5645 1745 5702; x_wconf 73' lang='lat' dir='ltr'><strong>Alexandrinum.</strong></span> 
     </span>
    </p>
   </div>
   <div class='ocr_carea' id='block_1_100' title="bbox 334 5737 1707 5815">
    <p class='ocr_par' dir='ltr' id='par_1_100' title="bbox 334 5737 1707 5815">
     <span class='ocr_line' id='line_1_100' title="bbox 334 5737 1707 5815; baseline -0.007 -15"><span class='ocrx_word' id='word_1_681' title='bbox 334 5739 430 5800; x_wconf 69' lang='lat' dir='ltr'><strong>VI.</strong></span> <span class='ocrx_word' id='word_1_682' title='bbox 462 5740 649 5815; x_wconf 79' lang='lat' dir='ltr'><strong>Cyrilli</strong></span> <span class='ocrx_word' id='word_1_683' title='bbox 679 5740 1025 5796; x_wconf 78' lang='lat' dir='ltr'><strong>Alexandrini</strong></span> <span class='ocrx_word' id='word_1_684' title='bbox 1054 5740 1271 5812; x_wconf 87' lang='lat' dir='ltr'><strong>epistola</strong></span> <span class='ocrx_word' id='word_1_685' title='bbox 1296 5740 1361 5792; x_wconf 89' lang='lat' dir='ltr'><strong>ad</strong></span> <span class='ocrx_word' id='word_1_686' title='bbox 1392 5737 1707 5792; x_wconf 87' lang='lat' dir='ltr'><strong>Nestorium.</strong></span> 
     </span>
    </p>
   </div>
   <div class='ocr_carea' id='block_1_101' title="bbox 333 5832 1683 5911">
    <p class='ocr_par' dir='ltr' id='par_1_101' title="bbox 333 5832 1683 5911">
     <span class='ocr_line' id='line_1_101' title="bbox 333 5832 1683 5911; baseline -0.004 -15"><span class='ocrx_word' id='word_1_687' title='bbox 333 5836 453 5901; x_wconf 69' lang='lat' dir='ltr'><strong>VII.</strong></span> <span class='ocrx_word' id='word_1_688' title='bbox 484 5834 740 5911; x_wconf 83' lang='lat' dir='ltr'><strong>Ejusdem</strong></span> <span class='ocrx_word' id='word_1_689' title='bbox 766 5836 984 5909; x_wconf 79' lang='lat' dir='ltr'><strong>epistola</strong></span> <span class='ocrx_word' id='word_1_690' title='bbox 1012 5835 1239 5894; x_wconf 85' lang='lat' dir='ltr'><strong>secunda</strong></span> <span class='ocrx_word' id='word_1_691' title='bbox 1264 5834 1332 5890; x_wconf 90' lang='lat' dir='ltr'><strong>ad</strong></span> <span class='ocrx_word' id='word_1_692' title='bbox 1365 5832 1683 5892; x_wconf 81' lang='lat' dir='ltr'><strong>Nestorium.</strong></span> 
     </span>
    </p>
   </div>
   <div class='ocr_carea' id='block_1_102' title="bbox 1959 4705 2264 4760">
    <p class='ocr_par' dir='ltr' id='par_1_102' title="bbox 1959 4705 2264 4760">
     <span class='ocr_line' id='line_1_102' title="bbox 1959 4705 2264 4760; baseline -0.01 0"><span class='ocrx_word' id='word_1_693' title='bbox 1959 4705 2264 4760; x_wconf 82' lang='lat' dir='ltr'><strong>Orientales.</strong></span> 
     </span>
    </p>
   </div>
   <div class='ocr_carea' id='block_1_103' title="bbox 2032 4806 3559 4879">
    <p class='ocr_par' dir='ltr' id='par_1_103' title="bbox 2032 4806 3559 4879">
     <span class='ocr_line' id='line_1_103' title="bbox 2032 4806 3559 4879; baseline 0.002 -16"><span class='ocrx_word' id='word_1_694' title='bbox 2032 4808 2169 4863; x_wconf 84' lang='lat' dir='ltr'><strong>XVI.</strong></span> <span class='ocrx_word' id='word_1_695' title='bbox 2196 4806 2449 4877; x_wconf 80' lang='lat' dir='ltr'><strong>Eiusdem</strong></span> <span class='ocrx_word' id='word_1_696' title='bbox 2486 4808 2847 4879; x_wconf 80' lang='lat' dir='ltr'><strong>Apologeticus</strong></span> <span class='ocrx_word' id='word_1_697' title='bbox 2878 4810 3120 4865; x_wconf 82' lang='lat' dir='ltr'><strong>adversus</strong></span> <span class='ocrx_word' id='word_1_698' title='bbox 3149 4808 3559 4865; x_wconf 79' lang='lat' dir='ltr'><strong>Theodoretum.</strong></span> 
     </span>
    </p>
   </div>
   <div class='ocr_carea' id='block_1_104' title="bbox 2029 4906 3563 4980">
    <p class='ocr_par' dir='ltr' id='par_1_104' title="bbox 2029 4906 3563 4980">
     <span class='ocr_line' id='line_1_104' title="bbox 2029 4906 3563 4980; baseline 0.005 -17"><span class='ocrx_word' id='word_1_699' title='bbox 2029 4908 2194 4964; x_wconf 83' lang='lat' dir='ltr'><strong>XVII.</strong></span> <span class='ocrx_word' id='word_1_700' title='bbox 2239 4906 2560 4980; x_wconf 83' lang='lat' dir='ltr'><strong>Fragmenta</strong></span> <span class='ocrx_word' id='word_1_701' title='bbox 2599 4908 2928 4976; x_wconf 81' lang='lat' dir='ltr'><strong>Theodoreti,</strong></span> <span class='ocrx_word' id='word_1_702' title='bbox 2982 4910 3281 4976; x_wconf 86' lang='lat' dir='ltr'><strong>Theodori,</strong></span> <span class='ocrx_word' id='word_1_703' title='bbox 3331 4907 3563 4970; x_wconf 80' lang='lat' dir='ltr'><strong>Diodori</strong></span> 
     </span>
    </p>
   </div>
   <div class='ocr_carea' id='block_1_105' title="bbox 1954 5008 2158 5065">
    <p class='ocr_par' dir='ltr' id='par_1_105' title="bbox 1954 5008 2158 5065">
     <span class='ocr_line' id='line_1_105' title="bbox 1954 5008 2158 5065; baseline 0.01 -2"><span class='ocrx_word' id='word_1_704' title='bbox 1954 5019 2002 5063; x_wconf 88' lang='lat' dir='ltr'><strong>et</strong></span> <span class='ocrx_word' id='word_1_705' title='bbox 2026 5008 2158 5065; x_wconf 82' lang='lat' dir='ltr'><strong>Ibte.</strong></span> 
     </span>
    </p>
   </div>
   <div class='ocr_carea' id='block_1_106' title="bbox 2036 5112 3204 5188">
    <p class='ocr_par' dir='ltr' id='par_1_106' title="bbox 2036 5112 3204 5188">
     <span class='ocr_line' id='line_1_106' title="bbox 2036 5112 3204 5188; baseline -0.003 -18"><span class='ocrx_word' id='word_1_706' title='bbox 2036 5114 2226 5170; x_wconf 81' lang='lat' dir='ltr'><strong>XVIII.</strong></span> <span class='ocrx_word' id='word_1_707' title='bbox 2263 5112 2500 5170; x_wconf 82' lang='lat' dir='ltr'><strong>Eutherii</strong></span> <span class='ocrx_word' id='word_1_708' title='bbox 2532 5114 2811 5187; x_wconf 82' lang='lat' dir='ltr'><strong>Tyanensis</strong></span> <span class='ocrx_word' id='word_1_709' title='bbox 2842 5120 3204 5188; x_wconf 82' lang='lat' dir='ltr'><strong>fragmentum.</strong></span> 
     </span>
    </p>
   </div>
   <div class='ocr_carea' id='block_1_107' title="bbox 2034 5216 3371 5290">
    <p class='ocr_par' dir='ltr' id='par_1_107' title="bbox 2034 5216 3371 5290">
     <span class='ocr_line' id='line_1_107' title="bbox 2034 5216 3371 5290; baseline -0.001 -17"><span class='ocrx_word' id='word_1_710' title='bbox 2034 5218 2178 5274; x_wconf 84' lang='lat' dir='ltr'><strong>XIX.</strong></span> <span class='ocrx_word' id='word_1_711' title='bbox 2218 5219 2448 5273; x_wconf 88' lang='lat' dir='ltr'><strong>Nestorii</strong></span> <span class='ocrx_word' id='word_1_712' title='bbox 2469 5218 2687 5287; x_wconf 89' lang='lat' dir='ltr'><strong>epistola</strong></span> <span class='ocrx_word' id='word_1_713' title='bbox 2708 5220 2775 5272; x_wconf 89' lang='lat' dir='ltr'><strong>ad</strong></span> <span class='ocrx_word' id='word_1_714' title='bbox 2806 5235 2993 5290; x_wconf 80' lang='lat' dir='ltr'><strong>papam</strong></span> <span class='ocrx_word' id='word_1_715' title='bbox 3026 5216 3371 5272; x_wconf 77' lang='lat' dir='ltr'><strong>Caelestinum.</strong></span> 
     </span>
    </p>
   </div>
   <div class='ocr_carea' id='block_1_108' title="bbox 2033 5316 3388 5392">
    <p class='ocr_par' dir='ltr' id='par_1_108' title="bbox 2033 5316 3388 5392">
     <span class='ocr_line' id='line_1_108' title="bbox 2033 5316 3388 5392; baseline -0.002 -17"><span class='ocrx_word' id='word_1_716' title='bbox 2033 5320 2151 5375; x_wconf 88' lang='lat' dir='ltr'><strong>XX.</strong></span> <span class='ocrx_word' id='word_1_717' title='bbox 2186 5320 2423 5390; x_wconf 78' lang='lat' dir='ltr'><strong>Epistula</strong></span> <span class='ocrx_word' id='word_1_718' title='bbox 2447 5323 2692 5392; x_wconf 76' lang='lat' dir='ltr'><strong>synodica</strong></span> <span class='ocrx_word' id='word_1_719' title='bbox 2715 5318 2897 5391; x_wconf 83' lang='lat' dir='ltr'><strong>Cyrilli</strong></span> <span class='ocrx_word' id='word_1_720' title='bbox 2922 5318 2989 5371; x_wconf 89' lang='lat' dir='ltr'><strong>ad</strong></span> <span class='ocrx_word' id='word_1_721' title='bbox 3019 5316 3335 5372; x_wconf 85' lang='lat' dir='ltr'><strong>Nestorium.</strong></span> <span class='ocrx_word' id='word_1_722' title='bbox 3380 5351 3388 5359; x_wconf 91' lang='lat'><strong><em>-</em></strong></span> 
     </span>
    </p>
   </div>
   <div class='ocr_carea' id='block_1_109' title="bbox 2033 5418 3558 5495">
    <p class='ocr_par' dir='ltr' id='par_1_109' title="bbox 2033 5418 3558 5495">
     <span class='ocr_line' id='line_1_109' title="bbox 2033 5418 3558 5495; baseline -0.001 -19"><span class='ocrx_word' id='word_1_723' title='bbox 2033 5422 2176 5478; x_wconf 88' lang='lat' dir='ltr'><strong>XXI.</strong></span> <span class='ocrx_word' id='word_1_724' title='bbox 2206 5421 2460 5495; x_wconf 86' lang='lat' dir='ltr'><strong>Ejusdem</strong></span> <span class='ocrx_word' id='word_1_725' title='bbox 2512 5423 2710 5477; x_wconf 82' lang='lat' dir='ltr'><strong>scholia</strong></span> <span class='ocrx_word' id='word_1_726' title='bbox 2748 5422 2811 5474; x_wconf 90' lang='lat' dir='ltr'><strong>de</strong></span> <span class='ocrx_word' id='word_1_727' title='bbox 2846 5418 3216 5475; x_wconf 88' lang='lat' dir='ltr'><strong>lncarnatione</strong></span> <span class='ocrx_word' id='word_1_728' title='bbox 3262 5418 3558 5493; x_wconf 82' lang='lat' dir='ltr'><strong>Unigeniti.</strong></span> 
     </span>
    </p>
   </div>
   <div class='ocr_carea' id='block_1_110' title="bbox 1962 5523 3553 5583">
    <p class='ocr_par' dir='ltr' id='par_1_110' title="bbox 1962 5523 3553 5583">
     <span class='ocr_line' id='line_1_110' title="bbox 1962 5523 3553 5583; baseline 0.001 -1"><span class='ocrx_word' id='word_1_729' title='bbox 1962 5527 2261 5582; x_wconf 82' lang='lat' dir='ltr'><strong>Postremis</strong></span> <span class='ocrx_word' id='word_1_730' title='bbox 2292 5526 2443 5581; x_wconf 87' lang='lat' dir='ltr'><strong>hisce</strong></span> <span class='ocrx_word' id='word_1_731' title='bbox 2466 5537 2709 5581; x_wconf 89' lang='lat' dir='ltr'><strong>actorum</strong></span> <span class='ocrx_word' id='word_1_732' title='bbox 2742 5535 2933 5578; x_wconf 88' lang='lat' dir='ltr'><strong>contra</strong></span> <span class='ocrx_word' id='word_1_733' title='bbox 2966 5523 3341 5580; x_wconf 84' lang='lat' dir='ltr'><strong>Nestorianam</strong></span> <span class='ocrx_word' id='word_1_734' title='bbox 3371 5524 3553 5583; x_wconf 65' lang='lat' dir='ltr'><strong>hars-</strong></span> 
     </span>
    </p>
   </div>
   <div class='ocr_carea' id='block_1_111' title="bbox 1962 5623 3268 5684">
    <p class='ocr_par' dir='ltr' id='par_1_111' title="bbox 1962 5623 3268 5684">
     <span class='ocr_line' id='line_1_111' title="bbox 1962 5623 3268 5684; baseline -0.001 -2"><span class='ocrx_word' id='word_1_735' title='bbox 1962 5627 2064 5682; x_wconf 88' lang='lat' dir='ltr'><strong>sim</strong></span> <span class='ocrx_word' id='word_1_736' title='bbox 2087 5626 2497 5681; x_wconf 87' lang='lat' dir='ltr'><strong>collectionibus</strong></span> <span class='ocrx_word' id='word_1_737' title='bbox 2529 5624 2712 5679; x_wconf 90' lang='lat' dir='ltr'><strong>tribuit</strong></span> <span class='ocrx_word' id='word_1_738' title='bbox 2743 5623 3038 5681; x_wconf 87' lang='lat' dir='ltr'><strong>Garnerius</strong></span> <span class='ocrx_word' id='word_1_739' title='bbox 3062 5642 3115 5682; x_wconf 84' lang='lat' dir='ltr'><strong>a.</strong></span> <span class='ocrx_word' id='word_1_740' title='bbox 3142 5625 3268 5684; x_wconf 71' lang='lat' dir='ltr'><strong>uti.</strong></span> 
     </span>
    </p>
   </div>
   <div class='ocr_carea' id='block_1_112' title="bbox 2035 5727 3554 5802">
    <p class='ocr_par' dir='ltr' id='par_1_112' title="bbox 2035 5727 3554 5802">
     <span class='ocr_line' id='line_1_112' title="bbox 2035 5727 3554 5802; baseline 0.001 -19"><span class='ocrx_word' id='word_1_741' title='bbox 2035 5728 2439 5796; x_wconf 78' lang='lat' dir='ltr'><strong>Interciderunt,</strong></span> <span class='ocrx_word' id='word_1_742' title='bbox 2489 5727 2943 5800; x_wconf 86' lang='lat' dir='ltr'><strong>quemadmodum</strong></span> <span class='ocrx_word' id='word_1_743' title='bbox 2974 5730 3386 5801; x_wconf 45' lang='lat' dir='ltr'><strong>ex’Attgustino</strong></span> <span class='ocrx_word' id='word_1_744' title='bbox 3434 5729 3554 5802; x_wconf 86' lang='lat' dir='ltr'><strong>(ep.</strong></span> 
     </span>
    </p>
   </div>
   <div class='ocr_carea' id='block_1_113' title="bbox 1975 5830 3555 5908">
    <p class='ocr_par' dir='ltr' id='par_1_113' title="bbox 1975 5830 3555 5908">
     <span class='ocr_line' id='line_1_113' title="bbox 1975 5830 3555 5908; baseline -0.001 -17"><span class='ocrx_word' id='word_1_745' title='bbox 1975 5834 2106 5908; x_wconf 76' lang='lat' dir='ltr'><strong>l93)</strong></span> <span class='ocrx_word' id='word_1_746' title='bbox 2131 5834 2412 5907; x_wconf 86' lang='lat' dir='ltr'><strong>discimus,</strong></span> <span class='ocrx_word' id='word_1_747' title='bbox 2434 5832 2585 5893; x_wconf 82' lang='lat' dir='ltr'><strong>Marii</strong></span> <span class='ocrx_word' id='word_1_748' title='bbox 2607 5832 2921 5896; x_wconf 76' lang='lat' dir='ltr'><strong>Mercatoris</strong></span> <span class='ocrx_word' id='word_1_749' title='bbox 2951 5833 3070 5891; x_wconf 85' lang='lat' dir='ltr'><strong>libri</strong></span> <span class='ocrx_word' id='word_1_750' title='bbox 3096 5842 3276 5892; x_wconf 84' lang='lat' dir='ltr'><strong>contra</strong></span> <span class='ocrx_word' id='word_1_751' title='bbox 3305 5830 3555 5902; x_wconf 75' lang='lat' dir='ltr'><strong>Pelagia-</strong></span> 
     </span>
    </p>
   </div>
  </div>
