4010 6290
191 326 259 382 87
964 306 1482 369 ιαιιωΝειιΑΝΝι
1521 303 1800 361 ΝΟΤΙΤΙΔ

1909 299 2671 359 STORICO-LITTERABIA.

185 439 552 502 Theodoreti,
594 436 823 501 interpr.
856 427 924 483 M.
969 427 1285 483 Mercatore.
1310 422 1459 478 -ϐο
1512 421 1667 475 Notae
1709 420 1777 472 ad
1805 428 1857 480 Α
1883 419 2084 472 catoris
2133 428 2509 488 argumentum
2536 433 2568 471 a
2596 416 2861 474 Garnerio
2908 422 2979 476 sit
3014 422 3317 487 excultum;
3361 435 3471 493 quo

188 532 577 604 responsionem
606 524 693 581 11.
714 554 785 566 -
806 525 868 579 7°
899 522 1115 579 Scholia
1144 520 1203 579 S.
1234 517 1418 591 Cyrilli
1446 516 1512 572 de
1544 518 1781 571 incarna-

193 630 341 687 tione
375 621 649 695 Unigeniti
694 621 923 689 integra,
963 632 1081 688 quae
1119 626 1273 670 antea
1308 611 1615 682 imperfecta
1648 610 1779 664 ede-

192 724 417 786 bantur,
466 719 701 786 interpr.
748 713 918 768 Mario
971 711 1283 766 Mercatore.
1311 706 1466 761 —8°
1517 703 1669 759 Notte
1716 702 1783 757 ad

190 814 505 872 srholiorum
548 809 722 877 capita
755 806 1006 878 qurcdam.

254 908 309 963 In
337 908 473 960 libro
504 904 655 957 tertio
699 902 1088 955 continuentur:
1129 897 1185 950 l°
1233 893 1495 962 Excerpta
1537 905 1600 944 ex
1634 888 1786 944 libris

191 999 468 1058 Theodori
515 994 877 1063 Mopsuestrni
928 992 993 1044 de
1038 989 1413 1043 ineornatione
1465 983 1656 1045 Verbi,
1710 982 1782 1036 Μ.

194 1094 492 1151 Mercatore
522 1089 749 1155 interpr.
774 1114 844 1125 -—
862 1083 926 1137 2°
951 1080 1099 1136 Nota:
1124 1080 1192 1133 ad
1220 1078 1562 1147 Excerpia.—
1586 1074 1648 1129 5°
1670 1072 1788 1128 Col-

196 1188 424 1240 lectanea
469 1196 533 1234 ea:
565 1178 776 1232 diversis
819 1176 1047 1246 ejusdem
1083 1171 1339 1224 Theodori
1386 1169 1642 1239 operibus,
1675 1180 1789 1234 qut:

200 1283 449 1335 habentur
472 1279 526 1330 in
557 1276 736 1343 quinta
766 1270 987 1341 synodo,
1026 1269 1167 1335 apud
1208 1264 1515 1318 Facundum
1549 1258 1789 1315 Hermia-

207 1385 411 1427 neusem
454 1379 503 1422 et
540 1366 803 1420 Lmatium
837 1363 1235 1423 Schotasticum,
1267 1357 1497 1425 aliosr/ue
1535 1363 1784 1418 auctores,

203 1465 345 1520 utilia
382 1462 453 1515 ad
498 1462 734 1513 heresim
785 1456 1152 1510 Nestorianam
1196 1448 1599 1520 intelligendam.
1625 1475 1694 1485 —-—
1724 1445 1788 1499 4⁸

209 1559 465 1621 Escerpta
496 1570 567 1609 ex
599 1553 751 1608 libris
780 1554 1035 1619 quinque.
1073 1561 1208 1615 quos
1241 1545 1500 1597 adversus
1544 1548 1788 1593 sanctum

210 1648 482 1721 Cyrillum,
530 1654 885 1712 sanctumque
914 1638 1197 1693 concilium
1236 1634 1562 1704 Ephesinum
1609 1630 1790 1683 Thro—

218 1720 417 1797 δέκα...
435 1736 785 1804 conscripsit,
817 1738 1037 1795 interpr.
1068 1730 1114 1784 M
1162 1723 1649 1783 Mercatore.——5°
1678 1720 1790 1774 No-

1885 512 2084 566 meruit
2111 525 2264 576 sane,
2294 512 2440 582 quod
2480 512 2651 584 pluris
2698 526 2913 585 semper
2937 515 3076 585 apud
3105 516 3345 572 eruditos
3374 514 3475 571 ho-

1886 606 2061 663 mines
2107 606 2188 662 lue
2226 607 2343 679 ejus
2373 608 2773 664 lucubrationes
2816 609 2922 663 sint
2955 610 3252 676 aestimata,
3287 625 3475 681 quam-

1887 717 2072 773 quam.
2102 701 2246 772 quod
2294 703 2463 772 ipsam
2498 703 2809 758 Mercatoris
2842 703 3128 760 lcetionem
3170 705 3383 770 attinet,
3416 712 3476 762 ut

1888 807 1944 852 et
1981 797 2212 851 aliorum
2244 797 2621 869 quorumdam,
2652 813 2771 866 qua
2820 800 2935 869 ipse
2974 799 3305 864 intcrseruit,
3338 815 3473 870 optt-

1887 891 2197 954 scnlornm;
2247 906 2344 947 nec
2373 906 2501 952 noo,
2533 891 2672 961 quod
2705 892 2912 962 singula
2960 892 3059 946 ista
3105 894 3360 962 opuscula
3405 907 3473 949 ex

1887 996 1988 1037 suo
2017 983 2173 1037 ttuius
2199 983 2422 1039 arbitrio
2444 982 2763 1039 dilaceravit
2785 985 2975 1053 magis,
3006 1000 3164 1053 quam
3189 985 3470 1053 disposuit,

1891 1088 2093 1134 tanttun
2137 1080 2325 1145 abl’uit,
2362 1091 2417 1134 ut
2451 1079 2677 1133 aliorum
2710 1094 2989 1135 assensum
3027 1086 3471 1150 consequeretur;

1890 1183 1947 1225 ut
1986 1171 2160 1241 potius
2194 1188 2221 1224 a
2256 1169 2569 1227 doctissimo
2613 1185 2825 1239 quoque
2872 1172 2922 1225 in
2962 1170 3064 1224 hoc
3108 1186 3308 1239 genere
3356 1171 3475 1225 viro

1888 1280 2106 1335 gravem
2172 1265 2619 1331 vituperationem
2678 1262 2903 1317 subierit
2947 1262 3068 1332 (ὁ).
3122 1260 3232 1317 Nec
3278 1261 3475 1326 injuria

1892 1356 2152 1424 conqueri
2202 1365 2372 1424 putes,
2419 1356 2507 1424 qui
2554 1354 2789 1407 animum
2835 1356 2886 1407 in
2932 1354 3212 1408 Ita'resium
3264 1353 3476 1408 illarum

1890 1460 2137 1503 auctores
2158 1448 2539 1503 defensoresve
2561 1447 2717 1501 nimis
2735 1445 2995 1500 oﬂensum
3016 1446 3065 1501 ei
3087 1446 3480 1516 exprobrarant

1892 1559 1996 1614 quo
2044 1541 2261 1598 nomine
2293 1542 2554 1611 imprimis
2582 1541 2813 1595 videnda
2844 1550 2987 1605 sunt,
3034 1555 3155 1610 qua:
3199 1539 3264 1594 ad
3295 1538 3476 1594 Theo-

1893 1636 2136 1690 doretum
2169 1638 2235 1688 ah
2263 1634 2459 1704 iniquis
2502 1635 2618 1703 ejus
2646 1632 3067 1688 incusationilms
3095 1631 3477 1688 vindicnndutn

1893 1732 1973 1784 vir
2000 1731 2057 1784 S.
2092 1729 2157 1784 Β.
2190 1728 2419 1784 Joannes
2450 1727 2739 1782 Ludovicus
2770 1725 3011 1792 Schulze,
3058 1725 3347 1781 academia:
3375 1724 3481 1779 Hav-

229 1848 286 1888 ιε
320 1832 382 1885 ad
411 1830 666 1900 Excerpta
694 1826 929 1896 singulis,
958 1822 1122 1877 sicubi
1162 1836 1289 1891 opus
1318 1820 1436 1888 fuit,
1481 1816 1703 1885 adjecta.
1723 1842 1793 1854 —
1823 1806 1870 1867 Β
1898 1824 2062 1878 lens-is
2092 1833 2493 1885 ornamentum,
2525 1820 2577 1875 in
2608 1820 2983 1875 dissertatione
3010 1818 3075 1872 de
3116 1815 3229 1871 Vita
3255 1828 3300 1871 et
3333 1814 3482 1872 εστί-

226 1926 283 1982 6°
321 1924 553 1992 EpiStola
600 1919 925 1977 Theodoreti
955 1918 1020 1970 ad
1061 1914 1387 1977 Nestorium,
1435 1912 1660 1978 interpr.
1715 1907 1784 1962 Μ.

218 2019 517 2075 Mercatore.
550 2016 709 2068 —7°
765 2011 918 2066 Noae
959 2010 1026 2063 ad
1070 2005 1499 2063 eamdem—8°
1552 2002 1791 2067 Epistula

222 2112 434 2181 eiusdem
462 2112 517 2163 in
544 2108 784 2163 favorem
808 2102 1247 2160 Nestorianorum
1271 2093 1791 2163 Constantinopolim

220 2207 491 2268 destinata,
525 2203 720 2258 eodem
752 2201 1156 2267 interprete.——
1177 2194 1238 2249 9°
1280 2192 1434 2247 Notae
1459 2194 1513 2244 in
1541 2193 1788 2244 eamdem.

214 2299 386 2352 —ltl°
418 2295 662 2365 Epistula
700 2293 942 2361 ejusdem
983 2290 1045 2341 ad
1080 2286 1348 2342 Andream
1380 2283 1793 2339 Samosatenum

213 2394 547 2461 episcopum,
602 2388 835 2456 interpr.
895 2375 1427 2440 Mercatore.—ii°
1474 2374 1796 2442 Fragmenta

211 2483 429 2539 duarum
475 2482 832 2552 epistularum
870 2476 1200 2533 Theodoreti
1248 2473 1314 2526 ad
1358 2471 1655 2525 llimerium
1704 2482 1791 2534 ep.

211 2574 559 2637 Nicomediae,
586 2573 813 2640 interpr.
851 2568 1036 2624 Mario.
1064 2596 1133 2606 —
1155 2565 1251 2621 120
1285 2562 1437 2618 Nota;-
1464 2561 1533 2614 ad
1555 2558 1798 2628 epistolas

213 2667 795 2743 plaudentem—13°
828 2662 1209 2733 Fragmentum
1253 2656 1519 2712 sermonis
1557 2670 1585 2707 a
1624 2651 1800 2706 Theo-

209 2763 405 2818 doretn
444 2762 615 2815 habiti
646 2774 820 2815 coram
847 2757 1053 2810 Domno
1094 2752 1426 2806 Antiocheno
1451 2755 1571 2817 post
1593 2745 1796 2800 obitum

209 2855 282 2911 S.
319 2856 536 2926 Cyrilli,
562 2856 782 2921 interpr.
827 2851 1017 2905 Mario.
1041 2846 1233 2900 -140
1266 2844 1646 2911 Fragmentum
1685 2853 1800 2893 ser-

216 2948 404 3001 monis
446 2948 515 2999 ab
544 2944 787 2999 Eutherio
813 2941 976 2994 habiti
1010 2938 1268 2992 adversus
1296 2935 1353 2990 S.
1382 2932 1665 3005 Cyrillum,
1713 2930 1798 2984 in-

210 3048 384 3107 terpr.
438 3037 751 3090 Mercatore.
779 3035 970 3088 -150
1026 3030 1296 3085 Refutatio
1337 3023 1749 3081 Nestorianismi
1781 3061 1797 3089 ,

216 3129 511 3187 Grzeolat.
545 3137 600 3182 et
623 3128 868 3198 epilogus
900 3126 1072 3181 Marii.

283 3223 439 3278 Libro
482 3232 670 3294 quarto
702 3197 933 3288 denique
978 3221 1181 3284 insunt,
1233 3215 1631 3270 Dissertationes
1661 3210 1799 3279 dure,
1830 3197 1876 3263 C

218 3318 408 3388 prima,
444 3316 510 3369 de
544 3314 777 3368 Nectarii
807 3313 986 3367 hteresi
1024 3310 1243 3381 aliisque
1272 3310 1556 3373 erroribus,
1589 3319 1804 3375 quorum

224 3411 415 3463 nomine
444 3422 717 3475 suspecrus
752 3422 863 3460 esse
890 3414 1073 3477 potest,
1121 3404 1283 3473 deque
1312 3402 1455 3455 libris
1501 3414 1592 3468 pro
1624 3394 1803 3450 ltwresi

233 3503 283 3553 ab
302 3503 413 3570 ipso
443 3500 686 3568 scriptis;
712 3498 967 3558 secanda,
1001 3494 1064 3549 de
1093 3494 1301 3564 synodis
1324 3494 1375 3545 in
1398 3507 1555 3544 causa
1580 3485 1808 3542 Nectarii

227 3596 395 3649 coactis
424 3612 460 3648 a
490 3606 720 3664 tempore
750 3601 1005 3644 motarum
1036 3587 1303 3642 turbarum
1343 3585 1412 3638 ad
1446 3599 1619 3650 pacem
1648 3598 1807 3651 usque

220 3690 591 3744 Ecclesiarum.
622 3686 919 3743 Additurus
942 3694 1057 3738 erat
1097 3681 1330 3743 tertiam,
1362 3680 1423 3732 de
1464 3678 1638 3741 libris,
1683 3693 1806 3746 quos

215 3784 338 3853 ﬁdei
378 3786 674 3853 defensores
703 3779 996 3841 ediderunt,
1045 3776 1220 3829 eodem
1268 3782 1520 3843 tempore,
1570 3770 1807 3824 adversus

218 3876 586 3930 Nestorianam
615 3872 873 3937 hteresim,
905 3884 1025 3940 qua:
1050 3882 1238 3923 revera
1264 3866 1315 3920 in
1341 3867 1569 3920 elenclto
1591 3872 1806 3917 conten-

214 3979 390 4023 torum
422 3978 511 4021 est
540 3964 826 4036 promissa.
863 3963 1111 4017 Attamen
1141 3974 1209 4014 ne
1240 3959 1436 4013 molem
1468 3956 1627 4025 hujus
1652 3955 1808 4007 volu-

216 4060 394 4124 minis,
423 4058 572 4127 quod
595 4058 705 4126 jam
734 4056 866 4110 satis
913 4053 1198 4108 videbatur
1226 4051 1552 4113 excrevisse,
1590 4047 1810 4116 prolixi-

214 4161 315 4207 tate
339 4167 439 4205 sua
470 4153 521 4204 in
547 4150 721 4216 majus
749 4158 992 4217 angeret,
1020 4159 1248 4213 cumque
1274 4152 1327 4197 et
1349 4142 1459 4212 ipsa
1492 4154 1812 4195 monumen-

214 4246 277 4299 tis
298 4246 532 4314 aliquot,
554 4257 676 4312 qure
692 4239 907 4294 aliunde
930 4238 1298 4306 exspectabat,
1317 4234 1553 4288 debebat
1576 4232 1811 4299 locuple-

212 4338 328 4399 tari,
346 4336 402 4388 in
426 4332 686 4401 presenti
705 4325 1411 4397 omittendam,etquoniam
1435 4332 1809 4392 argumentum

213 4427 443 4482 haberet
473 4435 765 4495 cognatum
794 4423 866 4485 ei,
899 4422 1038 4491 quod
1069 4419 1210 4474 inter
1237 4416 1538 4473 censendos
1567 4412 1812 4468 Theodo-

210 4521 303 4574 reti
352 4520 531 4573 libros
582 4516 799 4569 tractari
840 4523 1138 4581 Oporteret,
1168 4511 1232 4563 ad
1263 4508 1598 4563 attctuarium
1625 4505 1807 4560 Theo-

1894 1916 1992 1986 ptis
2042 1913 2347 1968 Theodoreti
2398 1913 2671 1983 prrmissa
2704 1922 2849 1965 tomo
2877 1909 2899 1965 Ι
2929 1909 3014 1965 ed.
3064 1923 3217 1964 nova:
3244 1905 3479 1976 Operum

1898 2008 2041 2061 illius
2075 2006 2316 2077 promlit,
2358 2005 2411 2060 in
2446 2019 2548 2075 qua
2580 2014 2688 2057 tota
2736 2002 2850 2057 lere
2878 2000 2993 2056 haec
3024 2015 3206 2070 operte
3236 1996 3485 2056 Garnerii

1900 2115 2044 2171 pars,
2075 2114 2191 2167 qua:
2219 2097 2452 2152 Nestorii
2481 2109 2641 2165 atque
2666 2091 2995 2148 Theodoreti
3019 2106 3236 2147 causam
3261 2104 3485 2145 concer-

1902 2196 1999 2259 nit,
2032 2194 2176 2247 velut
2202 2191 2269 2244 ad
2302 2190 2583 2243 obrussam
2616 2187 2868 2256 exigitur.
2913 2185 3180 2239 (Ia-terum
3213 2181 3267 2236 in
3296 2179 3486 2250 prefu-

1900 2290 2033 2342 tione
2076 2285 2301 2359 generali
2351 2282 2644 2338 Garnerius
2674 2298 2790 2352 cap.
2823 2281 2847 2335 l
2878 2318 2896 2346 ,
2923 2278 2991 2334 de
3040 2277 3113 2333 M.
3164 2277 3485 2343 Mercatore,

1900 2382 2015 2451 ejus
2041 2388 2221 2443 aetate,
2251 2386 2392 2446 ortu,
2422 2377 2562 2439 loco,
2595 2373 2811 2445 ingenio
2836 2384 2889 2427 et
2909 2371 3258 2435 auctoritate;
3290 2384 3407 2438 cap.
3428 2366 3487 2433 2,

1900 2474 1967 2530 de
1997 2474 2250 2541 Operihus
2278 2473 2433 2541 ejus;
2466 2487 2582 2541 cap.
2612 2469 2668 2533 ’5,
2700 2468 2767 2523 de
2792 2483 2859 2523 eo
2885 2466 3026 2536 quod
3055 2465 3172 2534 ipse
3200 2462 3493 2519 contulerit

1900 2568 1967 2623 ad
1995 2567 2284 2623 editionem
2312 2580 2535 2633 Operum
2576 2564 2692 2634 ejus
2733 2560 2990 2632 exponit;
3041 2574 3158 2627 cap.
3189 2556 3225 2611 ι
3271 2553 3493 2610 exhibet

1902 2660 2173 2730 specimen
2232 2674 2439 2721 eorum,
2490 2670 2607 2727 quae
2658 2654 2881 2724 primum
2921 2667 2986 2705 ex
3038 2647 3293 2718 operibus
3340 2644 3493 2700 Marii

1902 2750 2212 2807 Mercatoris
2243 2748 2594 2805 innotuerint.
2627 2743 2757 2815 Cap.
2790 2732 2823 2799 εἰ
2860 2741 3062 2798 indicat
3094 2738 3365 2811 quomodo
3395 2736 3494 2806 pri-

1905 2862 2047 2901 mum
2078 2847 2131 2899 in
2167 2858 2358 2899 manus
2403 2856 2529 2897 suas
2557 2837 2870 2895 Mercatoris
2913 2850 3075 2907 opera
3121 2830 3491 2904 pervenerint.

1902 2938 2245 3008 Nuncupavit
2273 2952 2406 3005 opus
2434 2932 2834 2989 Βυιιονειοεηεὶθ
2862 2928 3119 2985 Ecclesiae
3141 2926 3373 2990 decano,
3406 2938 3497 2978 ca-

1907 3034 2116 3089 nonicis
2147 3043 2201 3087 et
2230 3030 2489 3100 capitulo,
2535 3026 2763 3099 epistola
2794 3026 2915 3079 data
2962 3022 3085 3076 Lut.
3131 3019 3303 3074 Paris.
3354 3026 3496 3071 sexto

1906 3128 2021 3181 idus
2042 3125 2305 3186 Januarii,
2330 3124 2419 3196 qui
2444 3120 2739 3194 triumphus
2770 3118 2831 3174 S.
2859 3115 3076 3171 Luciani
3107 3113 3499 3169 Bellovacorum

1909 3222 2131 3292 apostoli
2160 3236 2209 3275 a.
2245 3219 2401 3273 1675.
3030 3260 3033 3271 ι

1978 3312 2135 3368 1675.
2181 3309 2419 3373 Patavii;
2449 3305 2627 3377 iit-fol.
2661 3303 2813 3359 Marii
2844 3298 3159 3356 Mercatoris
3184 3296 3496 3352 Commoni-

1910 3408 2104 3463 torium
2136 3415 2328 3459 coutra
2374 3402 2693 3471 Pelagianos
2722 3397 2899 3471 (quod
2947 3410 3111 3462 supra
3154 3390 3304 3447 audit
3346 3405 3500 3458 super

1908 3501 2113 3555 nomine
2144 3496 2439 3564 Caelestii);
2474 3495 2526 3548 in
2568 3492 2787 3547 Henrici
2823 3488 3024 3544 Norisii
3074 3485 3308 3541 Historia
3343 3481 3502 3535 Pela-

1907 3594 2081 3663 giana,
2132 3605 2251 3658 quae
2292 3589 2520 3657 primum
2555 3587 2608 3639 lt.
2643 3600 2693 3638 a.
2737 3593 2791 3637 et
2840 3582 2960 3637 loco
2989 3577 3210 3651 prodiit,
3261 3575 3416 3629 Libro
3467 3588 3504 3629 ιι

1909 3702 2025 3757 cap.
2058 3686 2110 3739 6.
2156 3685 2211 3738 In
2259 3680 2578 3749 exemplari,
2628 3677 2772 3749 quod
2817 3675 2872 3731 in
2914 3675 3069 3730 titulo
3114 3671 3312 3727 dicitur
3349 3670 3505 3740 juxta

1909 3777 2169 3849 exemplar
2216 3774 2527 3828 Patauinum
2571 3786 2821 3826 recusum
2870 3784 3027 3840 pagg.
3086 3762 3310 3821 125-28.
3352 3760 3505 3816 Addo

1910 3874 2081 3939 Opera
2116 3870 2314 3924 Norisii
2342 3868 2482 3922 edita
2514 3882 2543 3919 a
2566 3863 2869 3919 Balleriniis
2899 3879 2951 3917 a.
2987 3859 3148 3923 1729,
3174 3867 3323 3913 tomo
3348 3855 3386 3912 l.
3423 3852 3508 3910 Ab

1913 3965 2188 4023 Holstenio
2218 3963 2419 4033 pariter
2447 3962 2721 4031 accepisse
2767 3974 2828 4014 se
2858 3956 3097 4012 afﬁrmat
3142 3951 3295 4009 Marii
3340 3949 3508 4005 hocce

1912 4062 2225 4129 opusculum
2256 4072 2285 4110 e
2308 4055 2569 4110 Vaticano
2618 4053 2805 4108 codice
2834 4050 3187 4117 descriptum.

1988 4149 2144 4203 i677.
2178 4147 2446 4217 Lugduni,
2476 4146 2613 4217 apud
2642 4143 2973 4205 Anissonios;
3006 4137 3183 4206 iit—fol.
3237 4137 3367 4189 Acta
3395 4131 3507 4185 Ma-

1912 4241 1977 4295 rii
2011 4238 2343 4295 Mercatoris.
2375 4248 2505 4302 etc.,
2539 4250 2659 4287 cum
2687 4232 2831 4286 notis
2860 4228 3137 4299 Rigberii;
3170 4226 3225 4282 in
3254 4221 3505 4279 Biblioth.

1917 4330 2063 4386 Max.
2095 4328 2212 4384 pp.
2251 4337 2380 4381 tom.
2407 4325 2621 4391 xxvn,
2648 4340 2801 4394 pagg.
2833 4321 2937 4377 129
2974 4321 3098 4376 173.

1989 4421 2147 4477 16M.
2194 4418 2438 4484 Parisiis,
2470 4418 2608 4489 apud
2639 4415 2833 4469 Franc.
2867 4414 3108 4485 Muguel,
3146 4411 3285 4483 regis
3314 4419 3364 4464 et
3388 4408 3510 4464 illu-

1913 4515 2080 4570 striss.
2111 4512 2413 4581 archicpisc.
2456 4509 2628 4564 Paris.
2652 4518 2893 4581 typogr.;
2924 4508 3093 4562 iit-8“.
3125 4506 3276 4562 Marii
3305 4504 3511 4561 Merca-

208 4612 378 4668 doreti
412 4612 521 4682 (a)
551 4610 729 4680 potius
759 4576 1133 4662 dill'et'endamr
1159 4603 1387 4659 οεηδιιὶι-
1429 4599 1504 4653 EX
1554 4597 1654 4651 hac
1682 4612 1807 4653 con'
1834 4576 1888 4636 Β
1917 4608 2051 4663 toris
2077 4619 2260 4673 opera.
2287 4576 2611 4658 'S'rzrniuus
2639 4576 2903 4657 Bacurius
2937 4600 3221 4655 Tutelensis
3252 4598 3317 4653 ad
3347 4598 3510 4653 ﬁdem

209 4720 489 4766 tentorum
515 4706 695 4762 tabula
727 4718 887 4759 nemo
911 4715 1018 4755 non
1048 4699 1347 4768 intelligere
1376 4703 1573 4765 potest,
1600 4700 1805 4762 quanto

209 4805 412 4869 studio,
450 4812 765 4873 quantaque
791 4796 1037 4851 doctrina
1066 4802 1355 4861 utrttmque
1397 4797 1637 4843 actormn
1665 4785 1800 4841 Mcr-

273 4924 296 4985 (
311 4921 380 4989 α)
418 4918 635 4989 Prodiit
667 4916 794 4970 illud
823 4913 976 4989 titulo
1006 4910 1135 4989 torni
1171 4910 1210 4962 V
1251 4908 1476 4989 Operam
1507 4904 1811 4989 Theodoreti

206 5011 237 5047 a
258 4977 558 5049 Sirniondo
583 4987 759 5041 Paris.
795 4985 933 5041 1642
961 4986 1252 5045 editurum,
1285 4977 1403 5041 ipso
1436 4993 1647 5049 quoque
1675 4977 1814 5049 Gar-

205 5047 361 5119 nerio
387 5063 507 5128 jam
539 5058 798 5113 defuttcto
830 5057 1043 5110 Lutetite
1068 5053 1394 5128 Parisiorum
1430 5047 1808 5128 1684,_in-fol.

203 5136 297 5189 sed
330 5120 436 5188 nec
465 5133 586 5186 vola
616 5144 719 5186 nec
748 5131 1035 5198 vestigium
1066 5126 1225 5195 hujus
1250 5120 1645 5177 dissertationis
1670 5121 1721 5174 in
1744 5134 1810 5176 eo

206 5214 457 5257 amaret.

240 5221 504 5345 p‘(lzljﬂlle
534 5271 924 5345 pereGarnier
953 5265 1303 5345 (fillemontii
1331 5271 1413 5345 est
1439 5261 1719 5345 iudicium,
1753 5262 1809 5345 in

210 5335 375 5400 Mem;
413 5335 617 5398 Eccles.
645 5343 710 5397 Τ.
744 5341 855 5399 XV.
883 5355 918 5409 p
964 5335 1105 5406 142)
1132 5354 1158 5388 a
1192 5338 1315 5390 dom
1339 5335 1370 5389 é
1396 5350 1461 5386 an
1496 5335 1673 5409 public
1698 5343 1813 5409 ιριιι

206 5431 272 5472 ce
308 5417 438 5481 qn’il
469 5432 537 5471 en
567 5430 597 5467 a
630 5429 699 5480 pu
730 5404 950 5467 tronver
991 5404 1125 5463 dans
1156 5424 1234 5481 _nn
1266 5408 1554 5481 nianuscrit
1596 5405 1665 5458 du
1707 5404 1812 5481 Ya-

210 5475 359 5543 tican
410 5498 469 5542 et
520 5475 657 5541 dans
702 5501 769 5539 un
824 5490 979 5537 autre
1013 5481 1084 5534 du
1121 5478 1363 5545 chapitre
1409 5477 1476 5531 de
1515 5475 1809 5543 Beauvais,

209 5558 347 5630 qn’il
391 5559 588 5613 estime
631 5559 907 5630 beancoup
941 5556 1065 5630 p'us
1102 5568 1205 5618 que
1228 5550 1479 5630 .l'antre”:
1510 5557 1562 5600 et
1600 5547 1743 5630 ilnles
1780 5562 1810 5601 a

211 5616 322 5685 litis
356 5632 493 5683 dans
524 5629 719 5683 l'ordre
756 5628 847 5698 qui
876 5616 961 5698 lui
985 5640 1013 5678 a
1058 5616 1186 5698 parit
1228 5621 1275 5674 le
1325 5618 1594 5698 meilleur:
1637 5616 1751 5698 ll‘y
1781 5632 1809 5671 a

211 5701 639 5770 jointquelnues
659 5687 839 5754 autres
869 5695 1046 5767 preces
1060 5687 1241 5770 quise
1260 5699 1384 5770 sont
1407 5687 1654 5744 trouvées
1674 5687 1808 5744 dans

212 5761 301 5829 les
330 5761 538 5830 mémes
565 5761 916 5837 manuscrits,
941 5777 994 5824 et
1022 5781 1059 5839 yﬁ
1085 5761 1111 5818 ὦ
1140 5761 1322 5835 ajouté
1356 5779 1434 5839 u_u_
1456 5766 1806 5839 gratttl_n0tn-

210 5843 324 5902 δη
352 5847 417 5905 de
438 5852 595 5902 notes
619 5842 768 5900 etde
795 5832 1188 5907 dissertaiions,
1222 5835 1390 5908 ρεπιηὶ
1422 5832 1711 5904 lesquelles
1734 5846 1801 5889 on

1913 4709 2158 4755 veterum
2191 4696 2436 4749 codicum
2470 4710 2600 4748 mss.
2636 4695 2945 4749 emendavit
2969 4703 3021 4747 et
3053 4690 3366 4747 illustravit.

1982 4790 2111 4858 Quae
2131 4787 2252 4842 huic
2274 4787 2541 4857 primaria:
2557 4784 2801 4851 editioni,
2817 4794 2871 4839 et
2887 4799 2995 4855 quo
3010 4784 3201 4838 ordine
3216 4780 3364 4837 Marii
3381 4794 3509 4849 opu,

1919 4923 1947 4963 a
1978 4912 2208 4961 souvent
2239 4903 2394 4967 peine
2423 4903 2454 4955 ἐι
2484 4912 2700 4956 trouver
2740 4901 2791 4956 le
2822 4909 2964 4956 tcxte
2991 4901 3059 4956 de
3100 4915 3198 4954 son
3227 4905 3439 4951 auteur.
3470 4895 3511 4951 ll

1921 4977 1995 5034 lui
2032 4993 2060 5031 a
2101 4974 2219 5031 esté
2258 4976 2395 5028 libre
2429 4974 2496 5026 de
2528 4974 2703 5041 placer
2739 4987 2953 5027 comma
2989 4973 3023 5026 il
3056 4969 3261 5041 vouloit
3305 4967 3384 5020 les
3412 4980 3510 5019 ou-

1924 5063 2116 5118 vrages
2143 5047 2211 5100 de
2237 5037 2685 5118 MercatorIMnis
2707 5044 2741 5097 il
2767 5060 2853 5118 me
2882 5042 3089 5098 semble
3113 5037 3238 5118 qutil
3264 5053 3296 5118 _a
3322 5052 3512 5118 mesme

1916 5108 2096 5185 δερῶ-ἐ
2130 5118 2203 5172 les
2238 5116 2482 5182 di/ferens
2511 5115 2756 5169 memores
2786 5115 2912 5185 d’un
2947 5127 3145 5185 uternis
3167 5112 3315 5164 ἐστὶι.
3344 5126 3367 5185 ρ
3400 5108 3510 5185 Nec

1917 5178 2126 5245 abludit
2167 5190 2233 5241 ah
2276 5178 2469 5242 eodem
2519 5185 2786 5240 sententia
2830 5182 3073 5251 Cotelen‘i
3104 5184 3193 5251 (in
3244 5178 3391 5235 notis
3440 5178 3506 5251 ad

1920 5261 2158 5315 Monum.
2190 5259 2369 5312 eccles.
2401 5255 2497 5311 Gr.
2526 5266 2655 5312 tom.
2691 5256 2776 5323 Ill,
2812 5269 2929 5320 pag.
2979 5249 3121 5316 602,
3142 5251 3228 5306 ubi
3265 5250 3509 5323 locarali-

1917 5344 2045 5401 quot
2076 5330 2387 5385 Mercatoris
2418 5322 3239 5401 editionis_Balu_zianmtentati
3261 5322 3509 5401 inquien-

1918 5391 1985 5457 t'is
2011 5420 2024 5457 :
2054 5403 2353 5455 Editionem
2378 5400 2536 5453 aliam
2559 5401 2627 5469 (a
2657 5392 2978 5469 Britannum)
3009 5393 3159 5469 Marii
3193 5391 3509 5469 Mercatnris

1917 5475 2048 5527 nihil
2082 5487 2260 5527 moror
2293 5488 2305 5523 :
2340 5462 2621 5541 propterea
2663 5467 2804 5536 quod
2850 5462 2995 5541 illius
3022 5462 3509 5541 adornator(Ga_r-

1917 5546 2125 5612 aerius)
2169 5544 2251 5597 vir
2293 5536 2611 5597 venerandae
2651 5538 2924 5612 memoriae
2972 5539 3282 5607 ingeniosas
3322 5536 3508 5612 conje-

1921 5607 2117 5669 cturas
2148 5630 2271 5668 suas
2312 5612 2453 5667 malo
2483 5610 2734 5675 exemplo
2780 5617 2986 5664 textura
3037 5613 3213 5665 facere
3258 5607 3450 5662 sttleat.
3480 5622 3502 5657 ι

1917 5684 2004 5743 Cf.
2029 5687 2189 5742 etiam
2218 5699 2338 5754 quae
2363 5682 2426 5738 T.
2460 5681 2477 5733 Ι
2508 5680 2647 5754 Bibl.
2673 5680 2774 5754 PP.
2805 5697 2925 5753 pag.
2958 5679 3086 5754 644.
3118 5680 3243 5754 dum
3269 5678 3336 5733 de
3371 5677 3507 5754 Ana-

1916 5758 2065 5812 stasii
2098 5758 2156 5812 P.
2192 5749 2259 5810 8'.-
2288 5754 2503 5823 scriptis
2529 5749 2961 5821 disserebamus,
2990 5751 3058 5807 de
3088 5749 3507 5823 ejusdem_ausis

1912 5828 1965 5885 in
1985 5824 2353 5885 constituenda
2373 5818 2493 5883 nidei
2517 5823 2855 5895 professione
2878 5818 3159 5881 Rn’tlnian’a
3182 5818 3505 5880 notavimus.
