4010 6290
254 252 322 311 si
1109 252 1689 313 conuomomuu
1731 256 1956 315 summ
1993 252 2250 313 NOMINE
2289 252 2663 311 COELESTII.
2998 207 3007 216 ’
3466 237 3552 303 tta

256 371 450 442 vicre,
493 378 523 410 ι
561 369 775 427 videtur
811 382 935 427 esse
962 378 1208 438 narrata;
1242 387 1473 443 quorum
1522 374 1847 445 scriptorum
1876 386 1927 448 Α
1955 373 2089 429 tales
2116 370 2411 437 Ecclesias,
2453 368 2675 440 Egypli
2723 365 3034 435 dioecesim,
3067 372 3121 423 et
3161 359 3555 420 Constantino-

256 473 310 523 et
358 479 462 523 nos
504 464 594 523 hic
653 464 916 522 habemus
956 464 1315 537 exemplaria,
1362 466 1389 507 ι)
1435 476 1490 522 et
1530 468 1597 523 ad
1645 467 1840 524 Orien-

1950 467 2146 539 polim,
2177 475 2230 522 et
2258 463 2731 530 Thessalonicam,
2764 470 2819 521 et
2850 448 3301 530 Hierosolymam,
3345 453 3551 513 similia

1427 598 1967 662 CASTIGATIONES
2008 605 2095 661 ET
2135 605 2367 663 ΝΟΤΑΕ.

254 742 383 797 strui
430 740 563 796 uelle
606 741 868 812 confessas
909 748 1004 806 est,
1046 740 1102 794 in
1143 738 1350 795 homine
1377 740 1613 795 acerrimi
1638 742 1850 811 ingenii,

254 815 341 882 qui
364 814 602 885 profecto
643 815 685 867 si
717 814 1054 885 corrigeretur
1080 812 1316 885 plurimis
1347 812 1641 885 profuisset.
1672 814 1854 867 volun-

254 895 331 939 tas
360 883 760 945 emendationis,
790 901 888 937 non
919 883 1117 951 falsitas
1144 883 1396 951 dogmatis
1422 884 1707 953 approbata
1733 893 1803 937 cst
1833 900 1851 937 :

252 967 299 1010 et
333 965 613 1023 propterea
641 953 845 1009 libellus
877 958 987 1024 eius
1015 953 1296 1008 catholicus
1324 954 1489 1007 dictus
1533 964 1626 1021 est,
1659 955 1779 1024 quia
1808 965 1854 1009 et

252 1028 352 1081 hoc
401 1028 678 1081 catltolicte
721 1026 903 1080 mentis
946 1034 1076 1093 erat,
1119 1026 1163 1078 si
1203 1042 1306 1095 qua
1348 1030 1480 1097 forte
1521 1027 1673 1079 aliter
1719 1027 1853 1097 sapit

251 1114 411 1167 quam
440 1102 630 1153 veritas
656 1100 833 1171 exigit,
860 1114 964 1151 non
990 1114 1051 1151 ea
1078 1097 1351 1151 certissime
1380 1096 1616 1166 deﬁnire,
1644 1097 1733 1151 sed
1763 1096 1852 1152 de-

254 1180 391 1225 tecta
421 1186 484 1223 ac
510 1171 863 1224 demonstrata
890 1184 1149 1239 respuere.

323 1242 448 1297 Jam
473 1256 607 1295 vero
633 1240 774 1311 quod
800 1241 993 1294 attinet
1016 1240 1084 1293 ad
1111 1239 1318 1295 litteras
1348 1238 1616 1293 Africanis
1644 1240 1854 1308 episco-

294 1312 341 1368 is
390 1310 659 1382 scriptas,
696 1321 944 1381 poterant
986 1311 1116 1371 illaz.
1162 1312 1354 1375 fateor,
1405 1310 1609 1365 habere
1654 1312 1853 1381 aliquid

278 1386 523 1450 enitatis,
554 1399 677 1453 quae
723 1384 825 1453 ipsi
867 1397 1081 1452 quoque
1109 1383 1363 1438 hteretico
1386 1382 1804 1453 impendebatur
1838 1401 1849 1435 :

254 1470 364 1509 non
395 1452 940 1510 tamendiflitendum
956 1456 1083 1523 quin
1111 1470 1355 1524 magnam
1384 1452 1854 1522 habeantjustitizr:

254 1528 527 1596 speciem,
555 1528 601 1581 si
631 1526 846 1595 quidem
875 1526 941 1580 ab
967 1524 1238 1580 Africanis
1262 1534 1538 1596 peccatum
1565 1527 1616 1579 in
1636 1524 1855 1594 judiciis

257 1595 455 1652 merito
506 1598 771 1667 quispiam
811 1599 1084 1664 Opinetur.
1134 1598 1213 1652 An
1264 1611 1370 1651 non
1417 1595 1856 1667 enimiAurelius

258 1664 540 1738 appellata
560 1668 692 1724 sede
722 1668 1017 1735 apostolica
1047 1669 1175 1724 dare
1203 1667 1389 1722 debuit
1415 1666 1702 1736 appellanti
1733 1664 1856 1722 Cte-

263 1740 416 1795 lestiu
455 1739 775 1807 apostolos?
808 1755 910 1793 non
943 1738 1093 1793 dedit
1130 1750 1326 1794 tamen.
1363 1738 1446 1792 An
1480 1754 1585 1792 non
1617 1738 1856 1807 oportuit

271 1822 380 1866 acta
425 1810 659 1866 Romam
714 1812 969 1865 continuo
1013 1809 1208 1879 dirigi?
1254 1810 1461 1864 directa
1511 1808 1706 1873 fateor,
1759 1808 1856 1865 sed

271 1884 475 1969 ηοξ)ρίξί
532 1890 879 1969 ροδιηςοιυιη
925 1881 1039 1969 leue
1079 1880 1770 1969 quingue_nnium.'[)eiude
1806 1883 1853 1963 _si

268 1954 384 2023 quid
423 1955 479 2008 ir.
522 1953 760 2009 concilio
803 1952 1042 2008 secundo
1078 1951 1487 2023 Carthaginensi
1531 1951 1613 2023 de
1640 1952 1854 2022 Pelagio

258 2022 556 2095 judicatum
580 2034 665 2080 est
691 2024 1037 2095 (quodmulti
1063 2022 1404 2094 putant,’nec
1427 2022 1857 2095 improbabilitcr

258 2093 525 2167 colligunt
553 2110 619 2150 ex
652 2093 830 2150 verbis
861 2093 1081 2149 Patrum
1110 2095 1460 2150 scribentium
1495 2093 1852 2167 Innocentio),

258 2182 321 2221 es
368 2165 503 2222 solis
548 2176 697 2222 certe
744 2168 1029 2221 absentum
1083 2176 1455 2221 accusatorum
1504 2165 1717 2228 litteris,
1764 2176 1857 2220 aut

257 2240 419 2293 etiam
461 2238 644 2297 Orosji
685 2238 970 2301 relatione,
1004 2238 1305 2293 institutum
1348 2247 1431 2292 est
1465 2235 1724 2305 judicium
1764 2236 1857 2291 ad-

258 2325 454 2364 versus
498 2310 779 2365 absentem
820 2309 1114 2378 Pelagium,
1156 2319 1209 2365 et
1250 2309 1301 2363 in
1347 2308 1525 2364 Africa
1564 2323 1855 2378 numquam

260 2380 506 2450 legitime
547 2381 813 2443 auditum,
847 2381 988 2451 quod
1022 2380 1325 2451 Cyprianus
1365 2381 1503 2449 ipse,
1537 2380 1679 2451 quod
1714 2381 1858 2451 anti-

259 2456 347 2521 qui
377 2467 646 2516 canones,
679 2452 821 2521 quod
864 2450 1119 2506 Ecclesiae
1146 2452 1482 2506 consuetudo
1514 2450 1663 2504 nefas
1695 2450 1859 2505 duce-

258 2524 368 2578 bat.
401 2523 563 2592 Quod
594 2525 637 2579 si
678 2523 973 2593 judicatum
1010 2523 1143 2577 nihil
1184 2524 1274 2589 sit,
1307 2522 1400 2577 sed
1442 2523 1667 2593 relatum
1703 2521 1861 2575 dum—

261 2604 408 2651 taxat
452 2596 523 2650 ad
560 2592 744 2650 sedem
786 2593 1168 2662 apostolicam,
1200 2595 1341 2663 quod
1374 2594 1464 2648 vix
1502 2592 1717 2647 suaderi
1761 2607 1857 2662 po-

259 2675 401 2732 test;
432 2679 527 2721 aut
555 2667 853 2735 approbata
880 2665 1042 2720 fuerit
1071 2674 1275 2720 tantum
1307 2665 1604 2720 Innocentii
1636 2674 1856 2735 senten-

260 2739 358 2803 tia,
399 2737 551 2806 quod
596 2734 761 2806 longe
803 2738 1011 2791 cautius
1062 2737 1259 2790 factum
1310 2736 1759 2790 animadvertitur
1802 2734 1858 2790 in

262 2809 527 2863 conciliis
566 2809 756 2878 quibus
802 2808 1047 2863 interfuit
1098 2808 1455 2878 Augustinus;
1508 2806 1859 2878 nihilominus

269 2880 364 2934 vix
392 2876 793 2935 excusationem
824 2881 1046 2948 patitur,
1072 2879 1157 2933 vel
1190 2876 1333 2933 istud
1365 2894 1552 2941 unum,
1585 2876 1726 2944 quod
1759 2893 1856 2932 nc-

268 2965 363 3004 mo
388 2954 591 3005 missus
611 2953 678 3005 sit
700 2950 942 3015 Romam,
967 2966 1035 3004 ne
1060 2948 1315 3004 Paulinus
1338 2949 1553 3019 quidem
1575 2948 1856 3015 diaconus,

261 3023 356 3092 qui
388 3031 715 3091 prmsentem
747 3022 1059 3077 Coelestium
1090 3021 1296 3076 idoneis
1327 3022 1699 3092 instrumentis
1731 3034 1861 3074 con-

259 3091 534 3149 vinceret.
577 3093 714 3158 Quid
748 3093 890 3163 quod
936 3092 1111 3164 potuit
1162 3094 1399 3160 pontifex
1440 3091 1642 3164 factum
1690 3091 1859 3164 inter-

260 3165 491 3235 pretari,
524 3174 747 3234 propter
784 3163 1069 3232 quamdam
1109 3166 1411 3219 animorum
1451 3164 1535 3235 vel
1575 3163 1859 3219 alienatio-

260 3234 383 3289 nem
414 3237 506 3291 vel
536 3236 729 3292 saltem
761 3236 1182 3291 commotionem
1215 3236 1285 3291 ob
1315 3234 1590 3305 negotium
1620 3235 1861 3303 appella-

260 3308 470 3361 tionum
503 3318 631 3362 tunc
658 3308 919 3377 temporis
944 3317 1210 3361 exortum.
1245 3308 1398 3363 Adde
1425 3306 1565 3376 quod
1599 3306 1859 3377 nonnulla

259 3379 447 3448 specie
474 3378 595 3434 veri
624 3376 796 3448 potuit
840 3378 1088 3434 Zosimus
1131 3380 1278 3433 nimii
1314 3377 1592 3447 cujusdam
1628 3376 1859 3431 fervoris

1950 761 2053 804 nus
2081 745 2258 800 umbra
2284 745 2573 811 sacerdotii,
2602 744 2761 800 donec
2796 753 3014 815 tyranno
3047 747 3204 815 staret
3243 740 3414 810 imago
3448 738 3547 815 img

1960 818 2109 887 perii,
2160 834 2258 888 quo
2312 819 2524 886 proinde
2571 818 2683 870 loco
2734 812 2843 883 post
2891 813 3295 888 internecionem
3334 812 3541 888 νέκυοῃὶ

1957 881 2133 957 sponte
2166 881 2218 943 se
2256 881 2415 954 creuit,
2459 881 2765 958 propriaque
2799 887 3020 942 cessione
3056 883 3335 937 damnavit.
3373 881 3547 937 Verba

1957 968 2083 1034 sunt
2108 961 2166 1016 S.
2196 959 2396 1034 Zosimi
2427 960 2641 1034 (ibid).
2762 1029 2774 1034 _
2995 1028 3032 1034 υ
3102 1027 3113 1034 _
3195 1025 3208 1034 _
3365 1023 3379 1034 ,
3421 1024 3431 1034 ,

2033 1032 2165 1086 Eros
2211 1032 2383 1087 sancti
2435 1023 2644 1086 Martini
2696 1029 2926 1098 primum
2981 1023 3549 1098 discipulus,_deinde

1957 1103 2188 1172 partium
2240 1102 2580 1157 Constantini
2629 1096 2909 1167 defensor,
2962 1099 3168 1172 cadem_
3200 1096 3390 1172 gratia,
3443 1110 3549 1172 qua

1959 1167 2191 1229 Lazarus
2220 1173 2549 1244 Aquensem,
2581 1174 2696 1242 ipse
2721 1174 3089 1227 Arelatensem
3130 1167 3429 1244 Ecclesium
3464 1168 3548 1220 in—

1957 1248 2116 1312 vasit,
2152 1238 2569 1320 repnguuntibu’s
2602 1238 2873 1297 invadenti
2906 1238 3548 1320 presbyter-is,cleroque

1959 1310 2225 1388 generose
2259 1310 2575 1382 obsistente,
2609 1331 2768 1388 quem
2812 1310 3011 1388 tamen,
3058 1310 3305 1388 plurimis
3348 1310 3551 1388 iu_vin-

1957 1379 2075 1443 culo
2122 1399 2174 1443 et
2212 1379 2805 1459 custodiasconjectis,
2849 1386 3024 1454 coegit
3060 1379 3288 1459 tempori
3333 1379 3549 1459 sibique

1958 1461 2181 1514 servire.
2239 1450 2649 1513 Constantinum
2718 1450 3030 1531 tyrannum,
3087 1454 3248 1508 rebus
3303 1450 3545 1531 afflictis,

1958 1540 2079 1600 post
2122 1532 2421 1600 depositam
2465 1522 2777 1599 purpuram,
2813 1526 3186 1600 presbyterum
3228 1522 3546 1600 ordinavit;

1958 1593 2052 1657 sed
2097 1593 2220 1656 moi:
2268 1593 2623 1655 Constantino
2668 1593 2867 1655 comite
2909 1593 3184 1663 vi'potito
3240 1593 3547 1648 Arelatensi

1958 1673 2112 1741 urbe,
2144 1684 2477 1745 tyrannoque
2514 1673 2566 1726 in
2598 1672 2703 1745 via,
2742 1685 2844 1745 qua
2876 1668 3173 1723 ducebatur
3212 1665 3549 1745 ad_impera-

1960 1735 2132 1799 torem
2168 1735 2486 1810 ilonorium,
2520 1744 2718 1809 occiso,
2750 1735 2957 1810 ejeclus
2985 1747 3121 1810 est_a
3146 1735 3345 1806 p0pulo
3363 1735 3441 1810 de
3469 1735 3550 1788 ci-

1958 1816 2141 1880 vitate,
2183 1826 2236 1870 et
2278 1818 2329 1869 in
2366 1805 2483 1886 ejus
2518 1805 3031 1869 locum'Constantii
3070 1805 3255 1863 favore
3290 1805 3551 1862 suffectus

1960 1886 2260 1941 Patroclus.

2034 1958 2219 2027 Magna
2257 1958 2562 2013 intercessit
2601 1958 2742 2012 inter
2775 1964 3067 2027 utrumque
3104 1950 3424 2027 necessitas,
3453 1946 3554 2027 sed

1962 2020 2226 2102 incert'um
2268 2045 2334 2083 an
2376 2040 2598 2099 propter
2634 2020 3072 2102 communionem
3101 2023 3311 2093 patria),
3346 2037 3411 2102 au
3445 2020 3550 2076 alia

1959 2100 2027 2155 de
2051 2114 2240 2167 causa;
2270 2115 2463 2169 magna
2480 2098 2534 2156 et
2553 2100 2806 2155 continua
2826 2098 3548 2169 quaedamrerumhsocielas.

1960 2173 2043 2226 An
2093 2186 2199 2226 non
2228 2164 2489 2241 ejusdem
2542 2186 2752 2241 quoque
2801 2164 3013 2241 Martini
3063 2164 3345 2241 discipuli?
3393 2164 3552 2218 Certe

1960 2237 2681 2317 earumdem:consiliorum
2733 2240 3041 2317 participes,
3095 2237 3552 2317 eideiiintyraiiup

1960 2315 2235 2375 studuere.
2270 2314 2337 2369 ab
2368 2316 2557 2369 eodem
2600 2303 2850 2379 Proculo,
2879 2303 3062 2367 ἱιίγὶιίε
3094 2303 3376 2370 Ecclesiis,
3408 2303 3552 2359 ordi-

1962 2387 2070 2439 nati
2089 2426 2104 2450 ,
2133 2387 2322 2441 eodem
2352 2387 2562 2440 turbine
2591 2385 2750 2455 ejecti
2782 2384 2850 2458 de
2878 2382 3119 2458 sedibus,
3149 2380 3553 2458 eademmmeute

1961 2448 2102 2511 ultro
2131 2458 2375 2527 citroque
2406 2448 2745 2528 navigarunt,
2778 2455 2845 2510 ad
2876 2452 3245 2528 conquirenda
3273 2448 3550 2517 sufiragia,

1961 2529 2148 2600 utique
2195 2526 2552 2597 impatientes
2585 2527 2963 2600 abdicationis,
2993 2526 3154 2578 iidem
3206 2528 3553 2600 accusatores

1962 2590 2183 2670 Pelagii,
2232 2590 2470 2667 DiOSpoli
2514 2601 2746 2669 primum
2787 2598 3039 2670 absentes
3079 2603 3135 2649 et
3177 2590 3549 2670 per_lil_)_ellos,

1963 2660 2435 2725 tum'A'ntiochiai
2488 2660 2833 2741 praesentes,
2868 2668 3104 2741 taudcm
3162 2660 3305 2733 apud
3358 2660 3551 2716 Patres

1962 2743 2242 2797 Africanos
2276 2756 2370 2811 per
2400 2737 2606 2797 litteras
2629 2741 2696 2794 ab
2722 2740 2916 2795 Orosio
2942 2737 3174 2811 delatas.

2033 2814 2171 2879 Quid
2214 2803 2343 2881 ipsis
2385 2812 2584 2866 factum
2629 2812 2718 2876 sit,
2758 2820 3037 2881 postquam
3086 2803 3551 2881 iu_Palazstinu_m,

1962 2873 2101 2938 for-ie
2132 2873 2305 2938 solum
2336 2885 2534 2948 natale,
2568 2873 2947 2955 confugerunt,
2980 2877 3176 2955 nesciri
3217 2874 3401 2955 credo.
3438 2873 3555 2955 lioc

1963 2970 2125 3029 unum
2153 2963 2383 3029 constut,
2413 2945 2853 3029 eos'pluriuiinn,
2881 2945 2996 3006 sive
3037 2949 3159 3029 fidei
3200 2945 3579 3029 studionsiveb

1962 3026 2063 3080 alia
2103 3041 2263 3081 causa
2302 3016 2559 3080 Ecclesirc
2592 3016 3032 3097 profuisse,rcum
3062 3018 3348 3097 haereticos
3388 3016 3554 3097 duos,

1963 3097 2235 3167 Pelagium
2268 3106 2320 3152 et
2348 3092 2686 3159 leestium,
2721 3092 3108 3150 incredibiliter
3137 3093 3377 3167 dolosos,
3411 3099 3465 3144 et
3497 3092 3555 3144 in

1962 3163 2351 3223 eatliolicorum
2394 3184 2622 3223 numero
2666 3168 2835 3222 latere
2881 3171 3161 3229 conantes,
3205 3163 3553 3226 detexerunt,

1957 3239 2386 3308 indicandosque
2419 3241 2673 3295 Ecclesitc
2702 3237 3051 3308 prodiderunt
3089 3254 3102 3290 :
3138 3248 3237 3308 nec
3271 3241 3472 3308 tamen,
3503 3232 3553 3285 si

1964 3304 2321 3365 Providentiae
2362 3311 2556 3365 divina:
2597 3304 2786 3364 hac'in
2835 3316 2988 3377 parte
3032 3304 3556 3377 inservierint,_vera

1964 3395 2083 3437 esse
2111 3383 2357 3436 desinant
2384 3398 2503 3451 qua:
2530 3392 2749 3436 sanctus
2776 3372 3023 3451 lusimus
3044 3377 3282 3445 scripsit,
3312 3372 3557 3451 turbines

262 3444 665 3520 praecipitisque
690 3451 790 3505 zeli
816 3450 1100 3505 Africanos
1124 3444 1403 3517 accusare,
1425 3449 1515 3522 qui
1540 3449 1592 3503 in
1622 3463 1682 3503 re
1711 3456 1855 3502 tanta
1884 3451 1929 3514 C
1964 3462 2019 3508 et
2049 3454 2313 3522 procellas
2345 3444 2597 3508 Ecclesia:
2626 3452 2923 3518 exstitisse,
2956 3444 3216 3517 factisque
3246 3454 3307 3522 et
3328 3444 3559 3522 damna-

261 3534 466 3590 quanta
501 3532 589 3576 est
626 3537 750 3577 cum
798 3523 974 3591 agitur
1013 3522 1081 3576 de
1119 3522 1388 3575 catholico
1426 3521 1699 3591 dogmate,
1740 3533 1860 3573 cre-

262 3594 443 3646 dulam
484 3591 767 3648 dedissent
806 3590 965 3648 fidem
1006 3593 1156 3646 Eroti
1191 3600 1245 3646 et
1281 3592 1509 3657 Lazaro,
1550 3590 1858 3645 hominibus

264 3664 433 3732 vagis,
462 3664 739 3735 episcopis
769 3665 887 3719 sine
912 3664 1062 3729 sede,
1086 3663 1381 3735 apostolica
1415 3661 1679 3735 sententia
1711 3676 1860 3716 com-

264 3736 525 3790 munione
566 3734 854 3803 submotis,
892 3745 1113 3804 propter
1148 3734 1445 3789 sacerdotia
1477 3749 1573 3802 per
1604 3734 1736 3804 vim,
1777 3740 1861 3802 ty-

263 3807 420 3861 ranni
461 3806 671 3875 favore,
717 3803 1211 3861 contradicentibus
1252 3805 1603 3875 presbyteris,
1644 3803 1859 3860 clericis
1898 3870 1902 3875 _

266 3878 319 3932 in
348 3878 566 3932 vincula
597 3878 881 3947 conjectis,
913 3876 1105 3931 tradita
1135 3879 1372 3941 civitate,
1406 3887 1539 3941 etc.,
1572 3884 1857 3945 occupata.

337 3949 586 4019 Denique
608 3950 749 4019 quod
780 3951 974 4004 attinet
999 3949 1065 4002 ad
1099 3949 1316 4002 Erotcm
1342 3956 1397 4003 et
1427 3947 1707 4005 Lazarum.
1736 3962 1856 4019 cum

265 4017 510 4075 obscura
534 4022 609 4075 sit
628 4017 919 4090 utriusque
949 4019 1207 4074 memoria
1236 4029 1291 4074 et
1317 4034 1502 4082 causa,
1534 4032 1762 4090 cumque
1792 4017 1860 4073 de

267 4092 472 4146 Lazaro
494 4093 663 4146 altum
687 4092 751 4146 sit
776 4088 917 4161 apud
940 4090 1101 4160 hujus
1125 4091 1225 4145 aevi
1246 4090 1539 4158 scriptores
1560 4088 1857 4155 silentium,

267 4162 451 4217 malim
490 4178 593 4233 ego
631 4162 699 4219 de
738 4162 903 4218 Erote
932 4177 1144 4217 sunnno
1175 4162 1410 4232 pontifici
1440 4161 1690 4233 credere,
1723 4174 1861 4229 prae-

266 4236 457 4289 sertim
512 4232 568 4289 in
605 4249 671 4289 eo
709 4235 851 4304 quod
893 4235 992 4289 toti
1043 4234 1138 4288 uni
1188 4233 1409 4288 dimcesi
1446 4232 1655 4298 scribit,
1695 4246 1856 4304 quam

264 4305 544 4376 Prospero
579 4302 1020 4375 chronographo,
1051 4304 1141 4375 qui
1186 4306 1435 4370 fortasse,
1467 4302 1861 4376 immoprocul

267 4373 456 4441 dubio,
479 4377 726 4432 diversus
751 4373 835 4432 est
858 4373 925 4431 ab
947 4373 1299 4445 Aquitanica;
1328 4386 1380 4430 et
1408 4387 1463 4430 ut
1492 4390 1599 4429 non
1626 4373 1858 4439 diﬂ'erat,

268 4449 466 4515 potuit,
501 4448 955 4517 quemadmodum
996 4456 1113 4502 erat
1148 4462 1272 4516 erga
1311 4446 1593 4502 Africanos
1634 4445 1861 4517 Pelagii-

266 4534 375 4588 que
414 4516 765 4574 damnatores
808 4533 1130 4589 propensus,
1158 4518 1455 4573 voluntatis
1494 4518 1668 4587 potius
1707 4516 1860 4589 incli-

267 4587 497 4645 natione
523 4606 681 4660 quam
718 4587 1236 4645 rei‘examinatioue
1274 4591 1515 4660 diligenti
1556 4587 1761 4657 impelli
1792 4587 1859 4644 ad

268 4660 320 4713 id
361 4662 509 4729 quod
544 4661 614 4717 de
650 4662 827 4717 Erotis
864 4662 1151 4717 sanctitate
1188 4662 1425 4731 jactatur
1453 4675 1554 4717 SUO
1591 4660 1862 4717 Chronico

269 4732 643 4787 inserendum.

344 4801 569 4872 Verum,
610 4806 861 4873 quoniam
907 4805 973 4859 ad
1025 4804 1399 4874 purgationem
1436 4803 1605 4860 sancti
1656 4802 1855 4859 Zosimi

268 4875 501 4930 multum
530 4876 778 4932 conferre
805 4884 982 4945 potest
1009 4876 1230 4931 historia
1256 4877 1430 4931 Erotis
1452 4885 1506 4931 et
1533 4874 1743 4939 Lazari,
1762 4890 1858 4931 seu

269 4947 453 5015 potius
481 4958 765 5017 perspecta
793 4949 1071 5017 utriusque
1096 4948 1227 5013 vita,
1253 4947 1647 5017 conjiciendum
1680 4948 1860 5015 putavi

270 5017 322 5071 in
364 5020 512 5072 hunc
544 5018 722 5073 locum
760 5019 904 5089 quod
933 5018 1162 5087 sparsim
1193 5019 1332 5090 apud
1363 5028 1614 5075 auctores
1653 5018 1862 5074 inveni-

264 5091 599 5162 tur.rErant
632 5090 738 5145 duo
770 5091 846 5145 illi
890 5092 1149 5161 episcopi,
1192 5107 1298 5146 non
1338 5090 1570 5162 origine,
1604 5090 1699 5145 sed
1733 5091 1862 5146 sede

273 5158 539 5235 Gallicani
570 5176 585 5212 :
613 5177 731 5214 cum
757 5162 907 5235 enim_
919 5158 1221 5235 alienigeute
1242 5158 1779 5235 forentfepiscopatus
1806 5165 1863 5215 in

273 5228 462 5304 Galliis
492 5246 802 5302 occupavere
834 5231 1031 5302 (Epist.
1060 5228 1100 5289 Ξῖ
1123 5228 1317 5288 Zosimi
1345 5235 1411 5287 ad
1441 5228 1665 5304 A'fi'ic.)';
1700 5234 1865 5288 Laza-

276 5316 366 5374 rus
393 5303 725 5374 Aquensem,
758 5304 890 5358 Eros
919 5306 1312 5373 Arelatensem,
1333 5314 1557 5374 uterque
1586 5303 1864 5361 turbulen-

276 5373 731 5447 tis_temporibus,
752 5376 1327 5447 uterqueConstantini
1357 5373 1571 5447 tyranni
1600 5380 1862 5446 pmcntia.

345 5444 610 5511 Lazarus,
644 5455 863 5515 propter
890 5446 1091 5500 illatam
1114 5456 1300 5503 sancto
1319 5444 1487 5501 Br’itio
1518 5444 1862 5515 calumniam,

276 5514 563 5571 damnatus
615 5516 713 5570 fuit
748 5514 809 5571 in
848 5516 1168 5573 Taurinensi
1208 5520 1437 5573 concilio
1479 5534 1507 5572 a
1548 5520 1795 5585 Proculo,
1835 5514 1867 5574 a

278 5600 383 5652 quo
417 5594 597 5659 tamen
631 5597 837 5655 postea,
870 5588 1109 5659 ignotum
1148 5590 1343 5659 quibus
1377 5591 1444 5644 de
1483 5593 1686 5659 causis,
1720 5590 1865 5646 ordi-

280 5666 437 5709 natus
482 5657 811 5729 Aquensium
855 5657 1178 5729 episcopus,
1205 5662 1260 5715 in
1306 5660 1623 5714 sacerdotale
1658 5657 1864 5728 solium,

281 5743 409 5803 pene
442 5728 612 5781 adhuc
640 5728 924 5803 innocentis
946 5728 1244 5803 decessoris
1281 5734 1531 5802 sanguine
1558 5750 1863 5803 respersum,

281 5798 438 5873 fretus
472 5800 674 5872 tyranni
701 5800 987 5874 patrocinio
1022 5802 1228 5876 irrupit,
1262 5798 1496 5876 stetitque
1526 5805 1579 5860 in
1612 5798 1669 5861 eo
1699 5798 1869 5861 hacte-

1964 3516 2197 3579 tionibus
2233 3524 2602 3580 erubescenda
2634 3534 2873 3594 gestasse
2899 3516 3152 3594 nomina;
3184 3518 3378 3594 saepius
3407 3516 3558 3571 enim

1960 3610 1991 3650 a
2022 3596 2276 3670 procellis
2302 3606 2355 3651 et
2385 3589 2691 3670 turbinibus
2716 3595 2861 3663 impii
2895 3592 3122 3670 projecti
3150 3598 3285 3670 sunt
3307 3589 3358 3642 in
3385 3601 3555 3670 mare.

2036 3668 2367 3736 Quamquam
2424 3669 2495 3722 ita
2548 3660 2806 3737 perplexa
2840 3660 3233 3737 estejusmodi
3275 3660 3556 3737 hominum

1962 3729 2145 3803 causa,
2180 3729 2240 3793 ut
2267 3756 2295 3791 a
2320 3729 2658 3806 gravissimis
2681 3739 2811 3792 viris
2865 3729 3010 3790 inde
3025 3740 3365 3806 accusantur,
3404 3729 3555 3806 hinc

1962 3800 2627 3885 excuseutur.'Accusa_vit
2656 3810 2887 3885 primum
2913 3809 3151 3885 Joannes
3176 3800 3561 3885 Hierosolymi—

1963 3889 2141 3955 tanus
2164 3883 2216 3935 in
2262 3882 2470 3955 synodo
2498 3881 2891 3955 Diospoliiana,
2923 3880 3017 3955 sed
3050 3893 3143 3932 eos
3170 3880 3560 3955 contiuuo_ex-

1962 3952 2171 4007 cusavit
2201 3944 2530 4024 Augustinus
2563 3944 2800 4024 noii__levi
2824 3951 3095 4024 oratione;
3129 3944 3559 4024 sunteuim‘hatc

1962 4024 2133 4097 ipsius
2167 4013 2341 4097 verba
2375 4024 2511 4097 (Lib.
2542 4024 2605 4076 de
2632 4021 2799 4097 _Gest.
2836 4021 3049 4097 I’alwst.
3082 4037 3197 4097 cap.
3229 4016 3360 4097 16))
3391 4013 3563 4097 Quid-

1961 4086 2087 4164 quid
2142 4094 2274 4149 dixit
2324 4086 2587 4166 episc0pus
2618 4092 2849 4166 Jouunes
2870 4086 3262 4166 deuabsent'ibus
3302 4086 3560 4166 fratribus

1962 4157 2303 4236 nostris,sive
2324 4157 2656 4236 coepiscopis,
2698 4162 3067 4236 Erotescilicet
3092 4178 3152 4214 ac
3181 4158 3407 4236 Laaaro,
3451 4157 3560 4211 sive

1963 4238 2027 4288 de
2052 4235 2347 4307 presbytero
2380 4232 2584 4302 Orosio,
2612 4238 2717 4289 sive
2736 4236 2799 4287 de
2825 4233 2945 4288 aliis
2963 4248 3191 4307 quorum
3204 4232 3273 4284 ibi
3304 4245 3405 4283 non
3438 4237 3560 4282 sunt

1962 4303 2171 4360 nomina
2198 4303 2458 4378 expressa,
2493 4308 2649 4378 credo
2684 4307 2817 4376 quod
2847 4306 3101 4375 intelligat
3127 4303 3192 4357 ad
3227 4317 3402 4357 eorum
3425 4314 3562 4370 pra:-

1953 4380 2217 4451 judicium
2242 4377 2345 4433 non
2371 4378 2555 4433 valere.
2583 4377 2642 4434 Si
2672 4379 2807 4432 enim
2833 4386 3104 4445 prwsentes
3135 4384 3321 4451 essent,
3352 4380 3562 4451 possent

1963 4444 2077 4503 eum
2109 4451 2347 4519 fortasse,
2375 4451 2505 4505 absit
2535 4460 2589 4504 ut
2612 4451 2798 4514 dicam,
2833 4444 3133 4504 convincere
3178 4449 3239 4499 de
3266 4444 3559 4519 mendacio,

1962 4522 2051 4575 sed
2070 4517 2204 4589 forte
2228 4539 2627 4576 commemorare
2652 4522 2777 4592 quid
2807 4522 2987 4591 fuisset
3017 4520 3227 4585 oblitus,
3262 4528 3351 4592 aut
3376 4517 3431 4569 in
3460 4530 3560 4583 quo

1963 4610 2078 4648 eum
2109 4594 2348 4664 fefellerit
2374 4595 2589 4647 Latinus
2614 4590 2885 4661 interpres,
2914 4602 2963 4646 et
2987 4594 3033 4649 si
3081 4607 3182 4664 non
3210 4590 3380 4643 studio
3410 4603 3561 4664 meu-

1964 4657 2144 4734 tiendi,
2164 4657 2319 4721 'ccrte
2349 4668 2529 4721 aliena:
2562 4657 2757 4737 linguai
2790 4665 2957 4719 minus
2987 4657 3559 4799 intellectwdiuimnlull‘a

3302 4750 3312 4782 ι
3371 4746 3430 4783 cu
3478 4744 3559 4783 ac

3302 4744 3562 4783 imcuttatc

2038 4888 2064 4916 α
2094 4878 2262 4949 Magis
2291 4879 2466 4950 placet
2495 4881 2655 4938 lectio
2682 4878 2900 4947 Norisii,
2930 4881 3192 4935 videretur
3221 4893 3347 4947 esse,
3375 4891 3563 4930 narra-

1966 4958 2069 5005 tur.
2112 4951 2383 5006 GALLAND.

2038 5020 2361 5094 1’Recenset
2415 5024 2618 5080 Marius
2671 5024 2871 5094 primas
2921 5023 3109 5086 sedes,
3159 5023 3413 5094 aliquas
3466 5032 3560 5094 so-

1966 5093 2143 5148 lemne
2181 5093 2282 5166 fuit
2321 5096 2587 5163 scribere,
2630 5091 2750 5166 qua:
2790 5098 2885 5150 toti
2929 5095 3178 5166 Ecclesia:
3209 5091 3561 5166 significanda

1967 5174 2166 5236 essent.
2199 5165 2394 5221 Omisit
2423 5163 2720 5222 Romanam
2744 5209 2757 5230 ,
2791 5168 2843 5221 in
2884 5182 2990 5236 qua
3030 5165 3250 5221 sedebat
3279 5163 3560 5236 Zosimus,

1968 5245 2023 5290 et
2052 5233 2529 5306 Carthagincnsem
2550 5281 2565 5305 ,
2598 5245 2663 5293 ad
2694 5254 2852 5308 quam
2892 5233 3153 5307 Speciales
3195 5238 3400 5291 litteras
3430 5234 3562 5308 ruis-

1969 5321 2058 5362 sas
2091 5309 2251 5361 tradit
2280 5310 2638 5375 Augustinus;
2673 5306 2796 5363 sunt
2818 5306 2998 5362 autem
3030 5309 3218 5376 prima:
3246 5309 3424 5373 sedes,
3455 5306 3563 5359 Ro-

1973 5393 2159 5451 mana,
2191 5380 2588 5444 Alexandrina,
2621 5380 2990 5451 Antiochena,
3037 5379 3557 5451 llierosolymitana‘,

1970 5448 2599 5521 Constantinopolitano,
2645 5450 3087 5519 Carthagiuetisis
3123 5463 3176 5506 et
3215 5445 3565 5521 Thessaloni-

1976 5524 2173 5577 censis.
2207 5519 2587 5577 Sub‘Roinana
2618 5521 3020 5587 Occidentales,
3056 5524 3157 5577 sub
3187 5519 3564 5577 Alexandrina

1977 5593 2237 5664 IEgyptii,
2272 5594 2373 5649 sub
2403 5592 2739 5664 Antiochenu
2772 5593 3095 5656 Orientales.
3132 5594 3230 5649 sub
3264 5591 3566 5664 Hierosoly-

1978 5662 2177 5719 mitana
2220 5666 2524 5731 Palaestini,
2566 5666 2665 5717 sub
2704 5662 3297 5734 Constantinopolitana
3340 5662 3560 5730 Asiani,

1977 5747 2173 5805 praeter
2222 5736 2489 5805 Ecclesias
2540 5735 2953 5805 autocephalas,
3007 5738 3110 5791 sub
3152 5734 3563 5803 Carthaginiensi

1978 5804 2123 5875 Afri,
2156 5805 2256 5862 sub
2286 5804 2760 5864 Thessalonicensi
2790 5807 3092 5866 Macedonii
3122 5806 3562 5864 continebantur.
