4010 6290
215 212 278 272 85
1061 215 1637 276 COMMONITORIUM
1680 212 1904 278 SUPER
1946 216 2206 276 NOMINE
2247 214 2617 277 C(EIESTH.
3412 215 3485 278 80

270 330 321 385 3.
360 332 435 385 tta
466 342 594 399 ergo
621 333 765 386 idem
796 337 872 387 ait
902 348 913 385 :
946 349 964 385 t
1003 333 1101 388 Per
1130 350 1283 389 unum
1308 335 1564 391 hominem
1592 353 1780 409 pecca-
1814 342 1863 400 Α
1888 337 2180 401 contrario,
2242 336 2345 392 hoc
2403 344 2485 392 est
2512 336 2653 409 [BaL
2701 335 2828 391 add.
2861 336 2962 408 ut],
3010 336 3147 393 sicut
3193 335 3289 392 ille
3319 342 3483 406 caput

207 439 305 482 tum
326 426 532 481 intravit
554 426 607 480 in
628 427 899 497 mundum,
922 438 970 483 et
988 445 1077 493 per
1102 440 1364 501 peccatum
1390 445 1559 487 mors:
1583 432 1788 487 Exemo

206 521 305 591 plo,
325 517 521 587 inquit,
538 533 636 575 seu
665 519 898 590 imagine
926 534 1054 576 usus
1079 530 1182 591 est,
1208 522 1333 592 quia
1362 523 1501 579 sicut
1525 540 1646 581 cum
1680 540 1787 581 non

202 622 334 668 esset
375 620 694 681 peccatum,
732 627 829 682 per
864 612 1033 668 Adam
1074 614 1428 682 subintravit;
1461 617 1541 671 sic
1571 625 1627 672 et
1663 632 1787 672 cum

1896 433 2124 502 peccati,
2156 433 2233 488 sic
2257 433 2417 489 etiam
2446 429 2587 504 [θαι.
2618 433 2762 488 omit.
2792 431 2977 505 etiam]
3008 433 3109 488 iste
3136 441 3298 509 caput
3316 432 3482 503 justie

1893 525 1983 580 tim
2004 534 2104 581 est.
2147 544 2165 578 ι
3478 526 3490 555 ι

1963 617 2016 672 6.
2074 636 2093 669 t
2126 616 2232 673 Sed
2260 634 2361 673 non
2389 617 2521 673 sicut
2569 617 2836 685 delictum,
2876 618 2951 673 ita
2981 628 3028 673 et
3066 616 3261 672 donum
3306 613 3476 690 (Ibid.

205 722 298 760 non
320 705 673 762 remansisset
689 705 898 776 iustitia
921 706 1060 777 apud
1090 706 1347 778 aliquem,
1374 709 1483 766 vita
1511 725 1607 783 per
1631 709 1790 767 Chri-
1892 707 1984 778 15)
2018 707 2131 764 :Ne
2159 710 2211 763 in
2244 707 2437 776 forma,
2468 712 2656 781 inquit,
2686 712 2964 783 aequalitas
2994 718 3289 781 putaretur.
3341 727 3363 763 ι

203 812 325 859 stum
356 812 609 870 reparata
637 813 743 860 est.
781 819 800 856 ι

258 896 311 951 5.
353 913 373 947 ι
414 893 490 951 Et
532 897 589 950 in
618 912 792 952 omnes
833 895 1066 952 homines
1096 914 1230 953 mors
1270 900 1617 970 pertransiit:
1648 900 1783 955 Cum

198 988 284 1053 sic,
300 988 491 1058 inquit,
516 987 610 1058 qui
639 997 865 1058 peccant
894 988 1144 1046 similiter
1168 1002 1223 1047 et
1252 992 1579 1061 moriuntur,
1606 1007 1783 1063 neque

198 1083 325 1139 enim
354 1092 450 1138 aut
473 1083 529 1138 in
556 1084 851 1151 Abraham,
879 1085 1037 1140 autin
1059 1085 1229 1153 Isaac,
1254 1096 1346 1141 aut
1366 1087 1419 1141 in
1438 1088 1607 1143 Jacob
1635 1102 1785 1145 mors

196 1177 523 1246 pertransiit,
556 1176 623 1233 de
650 1178 847 1249 quibus
899 1178 1158 1234 Dominus
1204 1179 1317 1235 ait:
1354 1178 1493 1235 Huic
1538 1178 1676 1251 [BaL
1706 1178 1782 1251 hi]

199 1286 351 1324 omnes
377 1269 563 1324 vit-unt
597 1268 748 1341 (Luc.
781 1286 873 1337 xx,
907 1268 1023 1340 '58).
1083 1271 1180 1327 llic
1200 1281 1403 1341 autem,
1432 1273 1623 1342 inquit,
1657 1287 1783 1343 pro-

197 1372 360 1432 pterea
408 1360 551 1417 dicit
586 1377 776 1418 omnes
819 1375 1087 1431 mortuos,
1140 1365 1394 1437 "quoniam
1436 1365 1780 1423 multitudine

198 1463 530 1525 peccatorum
558 1470 666 1512 non
698 1456 1047 1527 excipiuntur
1075 1458 1230 1528 pauci
1255 1456 1415 1529 justi,
1449 1458 1592 1513 sicut
1621 1467 1677 1513 et
1706 1459 1780 1516 ibi

196 1547 347 1617 inquit
374 1564 388 1599 :
424 1546 557 1602 Non
589 1556 663 1602 est
689 1551 778 1618 qui
794 1550 951 1619 faciat
984 1550 1283 1620 bonitatem,
1308 1568 1411 1607 non
1433 1564 1504 1608 est
1532 1570 1695 1625 usque
1710 1554 1779 1607 ad

201 1656 338 1692 unum
365 1637 553 1711 (Psal.
587 1655 680 1709 Ut,
702 1640 850 1711 λι).
884 1640 953 1695 Ει
984 1641 1176 1696 lterum
1216 1642 1343 1698 illud
1378 1644 1780 1715 inquit:0mnis

1962 801 2014 855 7.
2062 819 2082 853 ι
2138 801 2202 857 Si
2243 802 2376 857 enim
2402 803 2457 856 in
2480 805 2629 858 unius
2662 806 3084 875 praevaricatione
3107 803 3255 859 multi
3282 804 3479 860 mortui

1887 902 2028 960 sunt,
2044 893 2205 948 multo
2226 893 2388 965 magis
2414 894 2603 949 donum
2627 907 2675 951 et
2702 898 2873 967 gratia
2904 897 2999 951 Dei
3027 914 3117 969 per
3137 912 3294 951 unum
3315 896 3478 950 homi-

1888 1000 2007 1039 nem
2057 983 2316 1040 Christum
2361 985 2416 1039 in
2466 988 2655 1041 multos
2686 988 2965 1042 abundavit
2989 986 3262 1061 (Ibidem).
3286 987 3313 1026 ι’
3348 987 3476 1044 Plus

1889 1076 2073 1143 valuit,
2104 1077 2276 1149 inquit
2298 1077 2611 1148 Apostolus,
2642 1080 2809 1149 gratia
2850 1080 2903 1134 in
2938 1078 3282 1147 viviﬁcando,
3314 1093 3477 1150 quam

1886 1178 2174 1238 peccatum
2202 1168 2257 1223 in
2282 1166 2583 1225 occidendo
2618 1187 2631 1223 :
2659 1170 2786 1240 quia
2814 1170 2983 1229 Adam
3014 1186 3122 1231 non
3167 1186 3228 1227 se
3272 1172 3472 1238 solum,

1885 1260 1982 1317 sed
2004 1270 2059 1317 et
2079 1276 2209 1317 suos
2246 1269 2495 1333 posteros
2522 1262 2822 1329 interfecit;
2853 1260 3108 1319 Christus
3133 1278 3263 1317 vero
3295 1273 3349 1318 et
3381 1274 3478 1317 eos

1885 1353 1977 1424 qui
2007 1361 2135 1410 tunc
2162 1362 2319 1410 erant
2348 1354 2401 1410 in
2429 1369 2680 1426 corpore,
2712 1362 2766 1412 et
2791 1370 2884 1425 eos
2930 1357 3020 1427 qui
3075 1365 3257 1427 postea
3303 1354 3475 1415 futuri

1884 1458 2059 1517 erant,
2089 1448 2358 1506 liberavit.
2396 1468 2415 1503 ι

1955 1542 2007 1597 8.
2056 1540 2152 1599 ilic
2182 1542 2448 1600 sollicitus
2483 1544 2785 1601 catholicus
2826 1544 2999 1600 lector
3026 1553 3178 1602 notet
3206 1545 3334 1617 quid
3390 1545 3474 1601 di-

1882 1644 1988 1700 cat,
2022 1655 2041 1688 t
2076 1637 2273 1704 Adam,
2302 1652 2411 1693 non
2442 1638 2545 1693 sibi
2584 1640 2707 1715 soli,
2736 1638 2831 1694 sed
2876 1649 2931 1695 et
2970 1641 3201 1711 posteris
3230 1641 3343 1698 suis
3375 1655 3473 1698 no-

207 1730 336 1785 tiomo
352 1732 581 1786 mendax
602 1732 920 1805 (Μαίων,
946 1730 1059 1805 il),
1085 1741 1178 1788 aut
1203 1742 1352 1790 certe
1370 1735 1422 1790 in
1449 1735 1570 1792 illos
1591 1751 1779 1793 omnes
1810 1751 1856 1815 Β
1884 1730 2080 1786 cuisse-
2114 1748 2132 1784 ι
2170 1732 2316 1787 Tene
2343 1734 2679 1803 superiorem
2699 1733 3069 1791 deﬁnitionem
3092 1737 3211 1807 eius
3241 1751 3255 1791 :
3290 1744 3470 1806 postea

209 1825 497 1893 pertransiit
518 1823 664 1896 (Bal.
696 1824 911 1897 inquit],
962 1826 1056 1897 qui
1105 1825 1341 1883 humano
1367 1828 1493 1896 ritu,
1525 1845 1631 1885 non
1662 1843 1776 1886 cte-

203 1918 327 1988 lesti,
353 1930 481 1975 sunt
519 1923 852 1976 conversati.
891 1939 911 1974 ι

256 2015 304 2068 4.
345 2013 409 2068 Et
453 2022 582 2083 post
626 2029 842 2085 pauca:
874 2032 894 2068 t
935 2014 1042 2072 Sed
1070 2017 1300 2088 regnavit
1340 2033 1478 2081 mors
1504 2019 1567 2075 ab
1608 2018 1777 2077 Adam

200 2121 333 2172 usque
357 2105 428 2161 ad
452 2105 716 2177 Moysem,
744 2107 897 2165 etiam
925 2107 977 2163 in
1002 2125 1088 2163 eos
1108 2108 1198 2179 qui
1219 2126 1323 2165 non
1353 2117 1379 2147 α
1410 2112 1778 2181 ρνιευανίεαυθο

198 2210 299 2253 runt
319 2201 372 2254 in
412 2200 811 2255 similitaulinem
849 2202 1294 2271 praevaricationis
1332 2203 1463 2258 Ades
1487 2202 1667 2277 (Rom.
1721 2218 1775 2271 ν,

196 2294 273 2362 ll)
302 2310 316 2347 :
350 2293 480 2350 Sive
503 2309 627 2350 cum
660 2309 768 2352 non
796 2303 957 2363 esset,
992 2296 1181 2369 inquit,
1208 2297 1299 2368 qui
1324 2296 1465 2355 inter
1490 2297 1696 2371 justum
1724 2307 1779 2356 et

194 2388 439 2457 iujustum
456 2388 815 2457 discerneret,
841 2389 1062 2465 putabat
1080 2406 1229 2451 mors
1250 2406 1310 2449 se
1332 2393 1579 2453 omnium
1600 2392 1780 2451 domi—

192 2492 316 2557 nari,
338 2491 456 2547 sive
479 2492 534 2547 in
558 2506 653 2548 eos
678 2492 769 2565 qui
802 2492 1109 2549 mandatum
1136 2503 1407 2565 tamquam
1436 2496 1608 2553 Adam
1640 2510 1780 2567 prte-

190 2593 567 2662 varicatisunt,
584 2593 689 2651 hoc
711 2602 824 2662 est,
842 2594 908 2651 de
931 2594 1057 2651 filiis
1078 2592 1213 2665 Noe,
1229 2597 1423 2668 quibus
1444 2606 1777 2670 praeceptum

184 2703 265 2750 est
306 2705 366 2751 ut
406 2698 645 2753 animata
677 2698 730 2753 in
752 2698 1016 2770 sanguine
1038 2713 1146 2754 non
1170 2699 1588 2767 manducarent,
1616 2711 1671 2757 et
1710 2701 1781 2758 de

184 2795 321 2850 ﬁliis
351 2795 641 2864 Abraham,
665 2798 850 2868 quibus
881 2799 1227 2856 circumcisio
1257 2800 1511 2857 mandata
1540 2809 1651 2868 est;
1673 2801 1770 2863 sed

184 2894 336 2968 (Bal.
377 2898 504 2953 add.
540 2897 614 2971 ct]
657 2901 709 2955 in
736 2916 823 2957 eos
846 2900 961 2974 qui,
1008 2914 1208 2973 praeter
1233 2904 1565 2974 mandatum,
1598 2904 1772 2976 legem

183 3007 626 3070 contempserant
646 3004 967 3060 naturalem.
1006 3023 1026 3058 ι

1882 1837 1974 1878 ros
1994 1823 2135 1878 enim
2170 1823 2256 1879 hic
2276 1824 2406 1881 dicit
2434 1840 2541 1880 non
2574 1840 2764 1882 omnes
2790 1826 2988 1896 ubique
3009 1835 3065 1883 et
3088 1828 3311 1882 omnino
3329 1836 3471 1883 totos

1880 1916 2230 1989 [Bellotunon
2258 1935 2447 1975 omnes
2464 1921 2685 1975 omnino
2714 1930 2770 1977 et
2798 1921 2999 1993 ubique
3026 1919 3191 1994 totos]
3224 1920 3473 1978 homines

1881 2011 2039 2067 la'sos
2070 2010 2210 2067 illius
2243 2020 2487 2082 peccato,
2525 2012 2622 2071 sed
2653 2013 2776 2073 illos
2800 2020 3009 2075 tantum
3037 2015 3132 2085 qui
3174 2029 3269 2085 per
3294 2014 3473 2069 imita-

1882 2106 2078 2162 tionem
2110 2105 2360 2164 similiter
2386 2107 2499 2163 suis
2520 2107 2758 2178 peccatis
2800 2115 2857 2165 et
2883 2108 3114 2179 prepriis
3140 2107 3298 2162 factis
3345 2114 3472 2162 sunt

1880 2200 1960 2255 rci
1985 2198 2471 2270 praevaricationis,
2501 2200 2642 2256 sicut
2667 2198 2874 2265 Adam;
2906 2210 2928 2238 ο
2960 2199 3053 2277 qui
3085 2199 3206 2255 sine
3233 2199 3398 2255 dubio
3433 2199 3473 2255 ii

1882 2293 1986 2364 ipsi
2015 2304 2336 2364 pronepotes
2363 2294 2503 2369 ejus,
2544 2300 2599 2349 et
2627 2293 2827 2363 posteri
2855 2306 2978 2349 esse
3028 2291 3397 2355 inveniuntur.

1953 2386 2009 2443 9.
2040 2405 2057 2445 ι
2080 2384 2105 2422 ἀ
2123 2385 2187 2441 Hi
2210 2395 2411 2454 autem,
2428 2386 2610 2457 inquit,
2628 2386 2719 2456 qui
2747 2393 2941 2441 contra
2965 2383 3241 2443 traducem
3266 2385 3474 2455 peccati

1882 2479 2146 2547 sentiunt,
2183 2489 2206 2518 ε
2234 2479 2433 2535 acriter
2462 2493 2559 2535 eos
2602 2478 2694 2550 qui
2721 2478 3016 2535 defendunt
3039 2478 3336 2544 traducem,
3371 2479 3472 2533 im-

1882 2585 2123 2641 pugnare
2142 2570 2515 2627 conantur:Si
2544 2580 2831 2642 peccatum,
2862 2569 3132 2641 inquiunt,
3166 2570 3293 2627 Adae
3316 2572 3471 2625 etiam

1882 2678 1983 2716 non
2011 2662 2337 2732 peccantibus
2362 2662 2693 2734 nocuit,crgo
2718 2671 2764 2717 et
2791 2658 2983 2719 Christi
2999 2663 3211 2734 justitia
3233 2678 3335 2717 non
3360 2678 3472 2715 cre-

1882 2753 2118 2809 dentibus
2146 2753 2389 2826 prodest;
2413 2754 2659 2827 quoniam
2688 2752 2946 2821 similiter,
2984 2754 3142 2808 immo
3181 2755 3299 2823 plus
3345 2754 3472 2807 dicit

1882 2850 2182 2919 Apostolus,
2213 2864 2303 2921 per
2330 2864 2493 2903 unum
2519 2848 2726 2905 liberari
2742 2864 2897 2920 quam
2921 2865 3011 2921 per
3034 2864 3195 2905 unum
3216 2858 3335 2904 ante
3362 2866 3473 2919 pcr~

1881 2945 2030 2999 ierat.
2063 2943 2265 3001 Deinde
2290 2943 2475 2999 dicunt
2509 2961 2520 2995 :
2553 2942 2614 3005 Si
2640 2943 2926 3014 baptismus
2961 2942 3177 3001 mundat
3209 2943 3474 3011 antiquum

1882 3038 2015 3094 illud
2046 3046 2465 3109 ueternostunque
2489 3044 2776 3109 peccatum,
2806 3038 2893 3104 qui
2918 3036 2980 3092 de
3008 3036 3209 3091 duobus
3240 3037 3473 3107 baptiza-

249 3100 303 3155 5.
346 3120 365 3154 ι
403 3102 509 3170 Qui
532 3114 605 3159 est
623 3108 794 3176 forma
819 3106 987 3177 futuri
1013 3105 1205 3181 (Ibid)
1230 3125 1245 3165 :
1269 3107 1558 3178 Quoniam,
1589 3112 1774 3184 inquit,

1892 3132 1951 3185 tis
1978 3132 2083 3185 nati
2109 3131 2322 3201 fuerint,
2353 3130 2537 3185 debent
2581 3129 2674 3184 hoc
2702 3143 2877 3183 carere
2912 3136 3159 3199 peccato;
3204 3145 3306 3185 non
3337 3129 3475 3183 enim

186 3200 317 3256 sicut
343 3203 518 3259 Adam
549 3216 749 3275 praeter
776 3208 980 3264 coitum
1011 3225 1041 3264 a
1071 3209 1180 3265 Deo
1208 3209 1470 3267 formatus
1492 3220 1594 3281 est,
1621 3215 1701 3271 sic
1723 3223 1779 3271 et
1813 3200 1852 3217 ⁷
1885 3200 2124 3295 poteram
2179 3226 2251 3278 ad
2292 3232 2520 3296 posteros
2551 3222 2915 3292 transmittere,
2943 3222 3081 3293 quod
3109 3222 3209 3294 ipsi
3264 3222 3475 3277 minima

185 3302 427 3362 Christus
453 3322 483 3362 a
514 3306 655 3380 [BaL
690 3308 781 3382 ex]
807 3310 1041 3383 Virgine,
1076 3310 1375 3373 fabricante
1397 3314 1603 3386 Spiritu
1646 3330 1773 3373 san-

190 3416 285 3473 cto,
337 3411 638 3479 processit;
684 3411 824 3478 sive,
871 3413 1009 3468 sicut
1046 3413 1267 3485 quidam
1299 3413 1508 3483 dicunt,
1540 3416 1708 3471 forma
1740 3431 1771 3472 a

1875 3320 2141 3378 habuerint
2167 3318 2303 3392 [BaL
2333 3314 2668 3388 habuerunt].
2701 3314 2798 3371 τιτι
2823 3314 2927 3371 hoc
2956 3313 3471 3382 addunt:0uoniam

1879 3416 1924 3471 si
1948 3414 2119 3469 anima
2146 3428 2247 3468 non
2273 3418 2348 3467 est
2375 3427 2441 3466 ex
2462 3410 2695 3479 traduce,
2727 3417 2752 3458 8
2783 3408 2913 3464 sicut
2956 3424 3048 3463 nec
3087 3416 3179 3479 est,
3228 3408 3318 3473 sed
3356 3408 3471 3464 sola

1352 3527 1909 3591 CASTIGATIONES
1951 3526 2039 3584 ET
2078 3527 2310 3597 NOTAE.

190 3609 341 3669 Urbis
370 3615 665 3687 episcopo;
694 3618 928 3687 denique
947 3619 1015 3677 ab
1047 3619 1280 3688 ipsemet
1305 3621 1632 3677 Cassiodoro
1662 3637 1773 3678 ma-

184 3700 277 3751 gna
309 3702 444 3764 cura
474 3690 544 3764 ab
572 3692 784 3764 erroris
813 3691 1090 3764 Pelagiani
1118 3708 1327 3749 veneno
1355 3706 1629 3763 purgatas,
1653 3710 1774 3764 qua:

185 3765 303 3811 sunt
324 3759 392 3835 in_
407 3758 698 3835 Epistulam
721 3761 786 3815 ad
812 3758 1103 3835 Boriianos,
1129 3773 1187 3818 ut
1208 3758 1441 3833 reliquas
1459 3758 1773 3835 corrigendi

184 3830 491 3906 exemplum
521 3832 956 3906 suis_pra3beret,
984 3834 1075 3901 qui
1100 3843 1279 3889 utrum
1314 3830 1370 3889 id
1402 3830 1771 3906 praestiterint,

182 3899 447 3977 incertum
478 3911 584 3977 est.
619 3899 839 3977 Frustra
875 3899 1013 3974 ergo
1036 3899 1476 3977 requiruntur—in
1518 3899 1772 3963 editioni;

185 3971 278 4046 bus
299 3972 560 4042 vulgatis,
585 3990 707 4044 quae
731 3971 1005 4046 Pelagiani
1039 3971 1241 4033 erroris
1277 3979 1431 4046 plena
1467 3978 1773 4036 referuntur

186 4043 247 4117 ab
291 4043 624 4117 Augustino,
663 4043 964 4105 Mercatore
1002 4055 1058 4102 et
1096 4043 1466 4111 Praedestinati
1517 4060 1771 4117 auctore;

184 4115 447 4190 siquidem
476 4117 740 4172 credibile
758 4129 841 4173 est
860 4120 1106 4190 volgatas
1128 4120 1393 4176 editiones
1418 4121 1485 4176 ab
1507 4121 1571 4177 iis
1591 4115 1775 4177 erant;

186 4187 429 4263 pluribus
460 4198 737 4263 acceptas,
769 4204 900 4263 qua;
919 4187 1035 4249 suis
1074 4194 1355 4248 monachis
1397 4193 1769 4263 Cassiodorus,

185 4259 430 4333 monachi
457 4261 701 4333 posteris
730 4259 1088 4318 tradiderunt.
1113 4263 1433 4333 Suspectum
1462 4265 1666 4331 pariter
1691 4259 1777 4320 est

187 4332 313 4405 quod
360 4329 569 4399 legitur
612 4332 664 4386 in
702 4334 1160 4398 annotationibus,
1191 4329 1309 4405 cap.
1339 4351 1431 4399 vn,
1460 4329 1532 4390 9:
1566 4335 1626 4392 Si
1657 4352 1773 4391 cum

191 4398 256 4477 les
283 4418 384 4453 non
420 4409 574 4465 esset,
599 4415 869 4477 peccatum
896 4414 1151 4458 mortuum
1178 4398 1273 4471 est;
1304 4398 1568 4460 insaniunt
1594 4410 1682 4477 qui
1710 4409 1772 4461 de

187 4469 338 4523 Adam
373 4489 471 4545 per
499 4473 767 4528 traducem
802 4487 1037 4530 asserunt
1065 4477 1133 4531 ad
1162 4469 1264 4533 nos
1286 4478 1455 4532 uenire
1482 4469 1767 4545 peccatum.

185 4545 305 4619 Quid
339 4543 493 4597 enim
525 4546 768 4619 apertius
789 4548 1140 4619 pugnett‘tdei
1171 4549 1453 4605 catholica:
1479 4543 1547 4604 de
1577 4564 1767 4619 propa-

180 4613 390 4679 gitimtc
423 4616 633 4689 peccati
668 4613 1020 4689 exedamo?
1050 4628 1141 4671 aut
1184 4620 1455 4688 quomodo
1495 4613 1592 4689 qui
1624 4613 1769 4675 tanta

176 4700 295 4737 tura
329 4688 710 4760 espositiones
738 4686 893 4760 istius
918 4689 1169 4755 Epistula:
1201 4686 1465 4760 purgavit,
1493 4686 1573 4744 vir
1593 4694 1773 4760 appri-

174 4768 254 4807 me
280 4756 620 4831 catholicus.
637 4766 836 4831 tantum
858 4756 1527 4831 impietatem'reliquerit?
1552 4756 1770 4819 Frhétra

178 4831 414 4900 ierosit
445 4829 548 4900 qui
571 4829 715 4883 dicat
746 4830 1145 4896 Cassiodorum,
1171 4835 1253 4887 vel
1295 4829 1364 4887 de
1398 4844 1621 4900 peccato
1651 4848 1772 4900 per-

174 4898 349 4951 sonali
405 4898 578 4969 loqui,
624 4902 766 5024 quod
818 4902 1200 4971 Urigcnianum
1246 4898 1526 4968 delirium;
1571 4898 1662 4963 vel
1702 4905 1773 4961 de

174 4973 575 5024 Drooaaatioue
606 4986 632 5021 a
664 4972 789 5024 ieni.
822 4987 942 5024 (tum
988 4974 1079 5024 liat
1122 4988 1220 5024 ner
1256 4975 1529 5024 traducem
1576 4975 1771 5024 anima:

174 4973 575 5043 propagatione
606 4972 789 5043 alieni,
822 4987 942 5041 qum
988 4974 1079 5028 liat
1122 4988 1220 5043 per
1256 4975 1529 5031 traducem
1576 4975 1771 5031 animm

176 5042 335 5092 sunul
364 5050 421 5094 et
443 5042 713 5111 corporis,
740 5058 859 5113 qua:
882 5054 1064 5112 aperta
1088 5045 1405 5113 quibusdam
1430 5047 1632 5099 insania
1658 5046 1770 5101 visa

176 5118 255 5161 est
282 5128 293 5159 :
330 5126 507 5185 quare
531 5112 857 5185 ‘opinabitius
881 5130 1026 5183 reor,
1052 5112 1251 5185 locum,
1277 5117 1366 5185 qui
1391 5133 1417 5170 a
1445 5115 1771 5172 Cassiodoro

176 5192 437 5259 purgatus
466 5182 682 5250 fuisset,
716 5200 746 5238 a
780 5186 989 5240 notario
1016 5182 1211 5244 rursus
1240 5182 1460 5245 aliunde
1492 5187 1659 5244 fuisse
1689 5189 1772 5244 in-

171 5262 478 5318 qumatum.

240 5331 267 5355 ε
312 5320 689 5379 Peccauerunt.
740 5326 816 5383 Ita
855 5327 1029 5385 codex
1071 5328 1491 5386 Bellovacensis.
1523 5330 1593 5386 At
1620 5330 1770 5387 Vati-

171 5404 344 5473 canus
364 5404 418 5448 et
440 5396 753 5473 superiores
775 5397 1043 5473 editiones
1062 5401 1261 5473 habent
1282 5404 1765 5473 prwvaricaverunt.

314 5480 416 5520 nos
462 5462 810 5543 prmtulimus
840 5470 1124 5543 lectionem
1171 5462 1293 5526 libri
1344 5473 1764 5542 Bellovacensis,

172 5539 299 5657 guis
330 5539 596 5660 1(Ξοηνεηὶι
625 5554 745 5594 eum
773 5539 995 5611 Vulgata
1040 5543 1291 5599 versione
1316 5544 1417 5600 loci
1446 5544 1599 5600 istius
1629 5539 1771 5601 Pau-

212 5620 291 5658 m.
373 5624 528 5660 ALUZ.

212 5620 291 5658 m.
331 5620 528 5664 UALUZ.

238 5675 271 5715 δ
472 5690 792 5760 sequuntur,
828 5682 1023 5760 desunt
1053 5684 1108 5760 in
1136 5685 1464 5760 editionibus
1496 5688 1724 5760 vulgatis
1751 5707 1764 5744 :

169 5758 275 5809 ne
323 5749 570 5810 dubium'
595 5754 727 5814 auio
772 5770 802 5812 a
843 5752 1172 5815 Cassiodoro
1202 5759 1375 5818 deleta
1404 5762 1532 5822 sint.
1558 5749 1617 5816 ιιῖ
1646 5776 1765 5825 qum

1800 4448 1849 4515 ι)

1881 3621 2177 3690 importuni
2213 3618 2492 3688 cujusdam
2510 3618 2735 3691 cpisodii
2765 3618 2935 3673 instar
2954 3624 3160 3688 essent,
3180 3626 3234 3675 et
3254 3620 3470 3677 aliunde

1881 3692 2237 3766 plenal‘orent
2265 3691 2532 3766 haeretica:
2559 3692 3064 3766 argumentatioms:

1954 3775 1977 3806 ο
2019 3764 2265 3819 Norisius
2290 3764 2411 3830 quia
2437 3778 2456 3817 :
2482 3770 2650 3829 recte,
2677 3768 2732 3817 ut
2762 3762 2993 3817 videtur.
3026 3762 3304 3833 ϐλιιηυ.

1950 3834 1978 3881 τι
2020 3836 2218 3890 Eadem
2243 3836 2405 3890 verba
2430 3833 2597 3890 refert
2622 3834 2950 3904 Augustinus
2971 3833 3111 3905 (Lib.
3143 3850 3200 3889 ut
3224 3836 3288 3891 de
3322 3852 3458 3905 perc.

1881 3907 2063 3962 Merit.
2094 3923 2212 3977 cap.
2262 3912 2354 3970 tt);
2398 3905 2563 3961 refert
2603 3920 2819 3977 quoque
2848 3905 3229 3977 iPrtodostinati
3276 3921 3467 3963 auctor

1909 3980 2020 4052 Lib.
2050 3994 2065 4033 l
2096 3982 2222 4033 liter.
2255 3979 2371 4045 88),
2399 3978 2554 4045 cujus
2581 3976 2815 4052 notanda
2846 3976 2962 4031 hinc
2989 3977 3156 4052 verba
3184 3996 3196 4031 :
3231 3977 3274 4031 Τ
3274 3994 3467 4052 angens

1922 4052 2192 4115 etestium,
2216 4052 2305 4119 qui
2321 4060 2500 4120 contra
2522 4048 2785 4120 traducem
2807 4048 2999 4120 peccati
3019 4049 3216 4120 primus
3238 4048 3464 4120 scripsit.

1877 4120 2161 4178 Consentit
2190 4117 2334 4175 enim
2377 4118 2694 4176 Vincentius
2722 4117 3134 4189 Lirinensis’ﬂn
3165 4117 3466 4175 Commoni-

1879 4194 2054 4263 torio).
2092 4192 2220 4258 Quis
2255 4201 2374 4245 ante
2402 4190 2775 4263 prodigiosum
2799 4188 3113 4263 discipulum
3150 4191 3263 4262 ejus
3305 4191 3466 4249 Cwle-

1877 4259 2055 4328 stium,
2091 4270 2241 4317 reatu
2274 4259 2713 4333 prevaricationis
2743 4259 2888 4323 Adin,
2922 4276 3071 4333 omne
3094 4259 3251 4333 genus
3280 4263 3466 4320 hnma‘

1878 4351 2002 4389 nunt
2050 4336 2248 4403 negauit
2275 4330 2622 4407 ’τίειν-ἱειιςηιζδΔ
2647 4330 2891 4407 Negavit,
2935 4330 3183 4407 inquam,
3236 4336 3463 4407 scripto,

1879 4422 2000 4461 nam
2038 4401 2270 4476 ipsemet
2296 4404 2581 4477 Caelestius
2610 4403 2664 4458 in
2696 4401 2900 4471 judicio
2926 4401 3466 4477 Carthaginensi'sub

1875 4475 2095 4534 Aurelio
2110 4480 2285 4533 fassus
2299 4486 2400 4542 est,
2417 4475 2629 4530 huncse
2650 4489 2889 4530 errorem
2902 4475 3178 4545 accepisse
3195 4492 3225 4545 a
3242 4476 3461 4535 Rulino.

1948 4550 2021 4604 Ex
2056 4549 2139 4604 his
2169 4564 2300 4605 vero
2336 4540 2599 4603 cnnclude
2635 4545 2803 4602 libros
2841 4540 3078 4615 quinque
3106 4563 3138 4605 a
3175 4540 3464 4606 Theodoro

1872 4619 2253 4689 Mopsucsteno
2309 4629 2500 4691 contra
2552 4617 2865 4691 defensores
2920 4619 3126 4691 peccati
3181 4622 3464 4691 originalis

1872 4686 2231 4760 conscriptos,
2266 4691 2352 4744 vel
2393 4690 2606 4759 ignotos
2637 4688 2803 4760 fuisse
2828 4686 3199 4744 Praedestinati
3228 4686 3459 4757 auctori,

1874 4759 2264 4831 Vincentioque
2279 4760 2544 4815 Lirinensi
2558 4776 2573 4824 ;
2588 4759 2672 4831 vel
2683 4759 2914 4825 scriptos
2931 4761 3319 4831 posterioribus
3333 4775 3461 4818 tem-

1871 4834 2115 4904 poribus,
2131 4830 2199 4888 de
2210 4849 2317 4904 quo
2330 4830 2696 4904 viderimustin
2720 4830 3241 4904 notisadbosipsos
3264 4833 3458 4887 libros.

1948 4914 1970 4942 θ
2016 4904 2196 4959 Aliter.
2232 4903 2324 4960 Sic
2351 4902 2598 4958 Norisius
2635 4916 2757 4957 eum
2790 4901 3026 4957 Baluzio.
3054 4902 3125 4958 At
3163 4902 3459 4961 Garnerius

1873 4976 2089 5030 acriter.
2127 4974 2249 5031 Mox
2278 4990 2407 5029 vero
2432 4989 2555 5031 eum
2585 4971 2801 5029 Norisio
2828 4982 2884 5027 et
2912 4973 3017 5027 BB.
3052 4973 3454 5040 rescripsimus,

1873 5046 1938 5102 Si
1965 5056 2248 5117 peccatum,
2290 5046 2567 5116 inquiunt:
2595 5059 2760 5117 quam
2807 5044 3095 5117 lectionem
3131 5045 3457 5117 conﬁrmant

1872 5113 1994 5187 quae
2026 5117 2182 5187 paulo
2209 5125 2333 5188 post
2358 5113 2679 5188 sequuntur,
2716 5113 3235 5188 Deinde_dicunt.....
3270 5115 3325 5171 in
3355 5116 3456 5173 hoc

1870 5185 2090 5245 addunt.
2117 5190 2184 5244 At
2210 5185 2465 5244 ’Baluziu's
2495 5187 2658 5245 habet
2683 5187 2867 5257 inquit.
2903 5185 3175 5241 (inuno.

1949 5260 1967 5298 τ
1986 5257 2052 5314 In
2082 5260 2176 5314 hoc
2191 5260 2414 5326 addunt,
2437 5260 2602 5330 inquit
2627 5276 2645 5316 :
2670 5258 2951 5330 Quoniam.
2965 5256 3235 5330 Norisius:
3252 5258 3337 5314 Ita
3357 5262 3457 5318 hoc

1870 5331 2137 5414 addunt...
2150 5332 2272 5414 quia
2289 5333 2333 5389 si
2352 5328 2548 5414 animo.
2686 5329 2919 5414 oscitattt
2940 5328 2993 5382 in
3012 5329 3151 5414 huic
3166 5329 3338 5414 locum
3355 5337 3457 5389 Au-

1872 5404 2071 5476 gustini
2083 5397 2364 5476 epistolam
2379 5400 2584 5476 t90,qad
2599 5401 2874 5476 Optatum,
2900 5414 3047 5476 num.
3061 5397 3149 5476 22.
3166 5400 3452 5476 ϐλμυω,

1945 5484 1970 5523 8
2008 5470 2255 5531 Norisius
2283 5473 2544 5545 ejusmodi
2576 5471 2738 5545 verba
2768 5470 3455 5545 parenthesipconcludens

1871 5546 2087 5617 alioque
2131 5541 2832 5617 cltaraétere‘describens,
2858 5542 2976 5617 hinc
3018 5541 3179 5617 habet
3204 5560 3217 5596 :
3246 5562 3266 5596 t
3304 5543 3455 5601 lianc

1872 5611 2077 5688 Pelagii
2117 5615 2656 5688 argumentationem,
2689 5611 2881 5688 inquit,
2914 5612 2976 5669 Si
3014 5615 3189 5688 anima
3229 5631 3331 5669 non
3378 5627 3454 5688 est

1871 5705 1934 5744 ea:
1963 5683 2360 5760 traducelsicut
2388 5700 2489 5741 nec
2512 5684 2643 5754 est),
2674 5684 2764 5740 sed
2802 5683 2916 5738 sola
2932 5700 3067 5760 _caro_
3088 5684 3243 5760 habet
3269 5687 3453 5760 tradu-

1872 5777 1978 5815 cem
2002 5754 2220 5824 peccati,
2244 5758 2357 5815 sola
2380 5766 2426 5813 et
2444 5771 2647 5823 pinnam
2672 5764 2908 5813 meretur.
2931 5754 3012 5812 ita
3037 5755 3447 5829 descripsimus.
