4010 6290
229 205 324 272 ω

1143 193 1714 265 conuontronl‘im
1759 201 1984 266 suras
2023 194 2283 264 Nomas
2325 198 2692 266 COELESTll.

3467 206 3540 265 9d

229 339 351 396 qua
395 319 692 382 Calestius
734 315 1088 393 Pelagiusqne
1136 321 1373 378 damnati
1422 331 1576 390 sunt;
1627 338 1746 395 qua:
1790 331 1844 379 et
1870 327 1920 386 Α
1949 321 2230 390 Julianus,
2261 319 2286 358 δ
2325 331 2379 378 et
2424 321 2621 394 reliqui
2667 323 2960 395 complices
2997 333 3018 361 θ
3052 321 3397 380 subscribere
3442 321 3540 379 de-

228 414 805 486 Constantinopolim,
837 423 892 474 et
924 424 947 451 ιι
977 431 1076 486 per
1105 424 1274 472 totum
1303 416 1490 472 orbem
1522 417 1684 472 missa
1711 416 1844 480 sub-

227 508 638 582 scriptionihus
665 513 972 568 sanctorum
1003 509 1222 566 Patrum
1247 507 1273 548 δ
1297 517 1381 566 est
1405 510 1686 575 roborata;
1716 519 1737 548 ο
1765 508 1850 576 cui

1957 425 2266 482 trectantes,
2301 427 2803 487 consentaneosque
2835 431 2894 472 se
2931 417 3177 474 nolentes
3213 416 3408 473 iisdem
3437 415 3538 472 Pa-

1958 507 2128 566 tribus
2159 507 2358 578 facere,
2395 523 2501 564 non
2533 509 2709 566 solum
2739 507 2756 548 ΐ
2785 495 3154 582 imperialibus
3181 509 3410 581 legibus,
3440 507 3537 565 sed

1409 647 1958 707 CASTIGATIONES
2001 648 2086 706 ET
2127 649 2356 705 NOTAE.

232 738 469 816 ideoque
500 745 648 817 apud
687 747 1200 804 excellentissimum
1244 743 1415 800 tiiium
1464 754 1709 817 nostrum
1750 760 1837 801 re-

229 836 351 890 gem
401 816 692 874 notarrum
734 828 935 874 sancite
980 827 1181 873 nostra:
1230 816 1833 890 Ecclesiaedestinavi-

226 887 373 946 inus.
408 890 788 950 Exhortamur
817 901 874 945 ut
902 891 951 945 ei
973 890 1240 952 caballos,
1269 903 1389 944 cum
1431 888 1628 958 quibus
1657 887 1723 942 ad
1755 888 1834 942 vi-

223 964 414 1018 cinam
468 963 754 1020 civitatem
807 961 964 1034 facile
1016 961 1188 1034 possit
1223 973 1548 1024 occurrere,
1599 961 1832 1034 cher-itas

221 1044 420 1090 vestra
467 1034 592 1090 sine
641 1048 794 1089 mora
833 1033 1001 1088 faciat
1021 1033 1348 1102 procurare,
1378 1039 1643 1100 quatenus
1691 1033 1832 1086 actio

223 1121 352 1177 qua!
380 1106 431 1161 ei
458 1106 708 1175 iniuncta
731 1114 815 1162 est
842 1119 965 1162 cum
994 1104 1177 1177 divino
1209 1104 1390 1160 favore
1422 1111 1714 1172 vestroque
1743 1117 1832 1158 so-

221 1175 360 1234 latio
383 1177 650 1234 celeriter
676 1186 948 1234 mereatur
977 1175 1249 1233 ell‘ectum.

223 1308 473 1350 ΒΕΩΜΠΔ
524 1309 832 1352 TBACTORIA
879 1308 1022 1348 DATA
1066 1305 1438 1348 REDEUNTIBUS
1486 1307 1518 1346 Δ
1565 1303 1832 1349 ιιιιιΝιΒιιϐ

648 1379 1032 1422 Ανοδτοιοῐίυκ
1071 1380 1123 1420 IN
1161 1378 1412 1420 PATRIAI.

290 1460 664 1518 Pmsentium
696 1460 932 1527 latores,
982 1472 1080 1530 pro
1110 1472 1203 1514 sua
1235 1456 1522 1513 devotione
1549 1455 1829 1530 liminibus

223 1533 513 1589 beatorum
547 1534 852 1605 principum
878 1528 1619 1605 apostolorumpraeseatati,
1652 1529 1824 1596 petie-

224 1615 347 1660 runt
371 1615 434 1660 ut
461 1620 496 1660 a
533 1600 692 1660 nobis
713 1600 938 1660 relaxati
970 1601 1186 1657 valeant
1216 1601 1280 1655 ad
1312 1600 1524 1668 propria
1559 1614 1822 1666 remeare;

226 1675 455 1748 ideoque
485 1677 857 1746 praecipimus,
888 1682 1151 1748 quatenus
1178 1673 1298 1748 sine
1324 1673 1710 1748 impedimento
1737 1687 1827 1725 so-

229 1742 415 1802 latium
445 1742 532 1802 eis
559 1764 623 1804 ac
652 1742 957 1803 consultum
990 1745 1384 1816 impertientes,
1420 1757 1513 1816 eos
1537 1742 1823 1816 absolvere

233 1819 493 1884 debeatis,
524 1819 784 1874 videlicet
817 1827 878 1873 ut
921 1832 986 1872 ex
1017 1814 1194 1871 vestra
1225 1815 1579 1872 subventione
1600 1814 1785 1868 refecti
1807 1856 1822 1878 ,

230 1893 460 1962 sospites
489 1892 717 1946 valeant
744 1899 796 1945 et
818 1890 1062 1962 insontes
1088 1887 1154 1942 ad
1184 1887 1399 1962 propria
1422 1885 1707 1962 repedare.
1736 1887 1820 1942 Ad

225 1957 411 2017 eorum
483 1977 620 2020 vero
672 1960 1117 2017 sustentatiOnem
1182 1957 1397 2014 itineris
1449 1957 1820 2026 adjumentum

221 2045 381 2100 atque
409 2035 570 2089 viros
620 2034 949 2104 impendite,
985 2030 1419 2104 vicissitudinem
1450 2030 1617 2104 vobis
1652 2044 1682 2083 a
1715 2045 1819 2104 re-

222 2099 580 2161 muneratore
632 2099 876 2160 omnium
927 2104 1189 2160 bonorum
1237 2101 1350 2157 Deo
1405 2099 1816 2171 impertiendum

222 2176 428 2248 absque
466 2177 636 2233 dubio
663 2176 1058 2246 praestolantes.

290 2258 316 2285 ι
335 2243 552 2320 Ὁρετω
582 2243 815 2318 pretium
847 2257 930 2303 est
959 2244 1248 2320 consulere
1278 2260 1401 2320 quae
1447 2243 1530 2320 de
1559 2246 1817 2320 tractoria

221 2315 428 2381 Zosimi
459 2315 706 2376 dicemus
727 2321 781 2374 in
809 2317 1195 2374 dissertatione
1220 2316 1287 2372 de
1309 2315 1819 2386 Subscriptionibus

222 2389 470 2462 (Dissert.
503 2394 560 2462 5,
589 2391 819 2464 appcud.
845 2390 938 2463 2),
972 2391 1060 2464 ubi
1092 2399 1216 2455 pOSt
1246 2389 1390 2444 hunc
1422 2388 1599 2464 ipsum
1639 2389 1814 2444 locum

218 2458 272 2518 et
306 2464 478 2520 alium
528 2458 868 2535 superiorem
896 2458 1174 2535 'relatum,
1220 2475 1326 2528 quo
1369 2458 1654 2535 canticitur
1708 2476 1813 2518 non

221 2536 380 2592 aliam
410 2528 614 2596 fuisse'
635 2533 1082 2590 subscribendam
1126 2533 1178 2586 in
1211 2546 1372 2588 causa
1403 2528 1812 2601 Pelagianorum

219 2604 518 2662 formulam
558 2607 680 2662 ﬁdei
713 2620 898 2677 quam
947 2603 1147 2677 Zosimi
1183 2602 1811 2677 tractogianhquetnad-

216 2679 446 2735 modum
503 2694 607 2735 nec
653 2673 769 2740 alia
805 2677 984 2732 fuerat
1022 2675 1076 2730 in
1139 2690 1300 2729 causa
1349 2673 1810 2744 Eutychianorum

218 2764 385 2821 quam
418 2751 652 2821 epistola
681 2750 874 2804 Leonis
903 2747 1076 2819 Magni
1117 2747 1188 2821 ad
1213 2743 1547 2821 Flavianum,
1575 2761 1641 2800 cx
1669 2747 1809 2821 duo;

218 2816 332 2875 Sus
369 2816 536 2878 Marii
562 2821 871 2877 testimoniis
903 2816 1008 2876 sex'
1037 2818 1280 2888 qnmdam
1329 2818 1658 2886 colligimus,
1691 2816 1812 2888 qui-

218 2892 338 2946 bus
365 2905 731 2950 consentanea
756 2893 1086 2961 scripserunt
1106 2888 1276 2961 quinti
1305 2889 1489 2946 saeculi
1534 2899 1806 2960 auctores,

215 2973 275 3017 et
294 2966 613 3034 praesertim
642 2964 984 3034 Augustinus.

1945 743 2122 818 lianus
2151 745 2307 818 pet-it,
2335 745 2418 802 vel
2445 761 2664 802 causam
2696 762 2802 802 non
2828 749 3007 818 urgeri
3028 788 3044 814 ,
3069 747 3211 814 quod
3242 755 3399 802 vocat
3425 762 3530 804 non

1944 815 2206 889 concitari
2227 818 2560 885 scandalum,
2592 828 2644 872 et
2663 835 2846 889 pacem
2882 815 3136 875 Ecclesia:
3165 819 3366 875 turbari
3393 835 3408 884 ;
3443 820 3529 875 vel

1943 886 2060 962 dari
2082 888 2411 962 audientiam
2440 886 2695 962 plenariae
2718 891 2908 962 synodi
2933 889 3176 962 (Dissert.
3202 890 3257 956 6,
3279 891 3340 944 de
3361 891 3532 944 Libel-

1943 959 2006 1013 lis
2029 961 2236 1033 editisa
2256 960 2604 1033 defensaribus
2631 959 2834 1016 amns
2862 959 3202 1033 Pelagiana).

2012 1029 2040 1067 ει
2073 1030 2331 1100 lntelligit
2365 1031 2748 1101 septemdecim
2785 1034 2920 1088 alios
2959 1029 3266 1101 episcopos,
3295 1047 3526 1102 quorum

1942 1103 2163 1159 nomine
2203 1105 2438 1172 scriptus
2486 1114 2569 1159 est
2609 1106 2766 1160 toties
2803 1105 3103 1174 appellatus
3141 1104 3375 1159 libellus.
3416 1105 3527 1159 llos

1937 1184 2140 1238 autem,
2176 1175 2260 1230 sin
2304 1174 2738 1246 minusomnes,
2779 1178 2971 1231 saltem
3019 1189 3213 1245 magna
3265 1190 3333 1230 ex
3372 1184 3524 1246 parte

1935 1246 2149 1301 Siculos
2174 1247 2343 1302 fuisse
2381 1245 2632 1302 dubitare
2677 1247 2764 1301 vix
2808 1247 2966 1312 licet,
3018 1262 3140 1302 curn
3202 1247 3252 1300 id
3293 1247 3525 1301 demon-

1934 1326 2109 1372 strent
2129 1328 2317 1387 aperte
2347 1329 2590 1374 extrema
2631 1319 2791 1374 verba
2820 1319 3121 1386 subiuncta:
3153 1317 3341 1373 libello
3371 1319 3522 1373 clau-

1934 1389 2086 1455 suize,
2121 1389 2351 1460 Explicit
2373 1390 2586 1444 libellus
2619 1389 2742 1445 ﬁdei
2765 1389 2862 1444 sic.
2894 1391 3025 1454 Quis
3042 1390 3185 1443 enim
3209 1405 3313 1443 non
3336 1389 3519 1446 videat

1935 1461 2104 1516 tribus
2133 1464 2251 1516 istis
2282 1460 2477 1516 litteris
2507 1461 2566 1518 S.
2604 1463 2641 1516 Ι.
2673 1463 2734 1516 C.
2770 1461 3063 1530 signiﬁcari
3094 1461 3392 1516 breviatum
3417 1461 3520 1516 ali-

1935 1533 2076 1600 quod
2131 1548 2328 1588 nomen
2357 1550 2372 1598 ;
2420 1547 2520 1587 nec
2559 1534 2706 1588 aliud
2737 1547 2896 1603 posse
2925 1548 3086 1604 quam
3117 1531 3442 1604 Siculorum,
3475 1533 3521 1588 si

1935 1604 2121 1675 modo,
2143 1605 2284 1675 quod
2312 1604 2611 1673 proclivius
2643 1615 2728 1660 est
2755 1603 2988 1675 opinari,
3031 1614 3144 1658 tres
3181 1603 3288 1658 illa:
3328 1604 3521 1675 litterre

1934 1673 1986 1748 in
2014 1673 2173 1748 unam
2222 1676 2484 1748 syllabam
2516 1673 2826 1734 coalescant
2879 1676 2898 1747 (
2939 1674 3068 1730 Vide
3111 1675 3318 1730 dissert.
3365 1674 3421 1744 9.,
3463 1675 3522 1729 in

1927 1746 2093 1818 elogio
2112 1746 2375 1819 Juiia‘ni)?

2001 1817 2025 1856 θ
2049 1820 2124 1874 De
2171 1817 2657 1890 subscriptionibus
2699 1820 2751 1874 in
2782 1833 2945 1874 causa
2978 1817 3396 1890 Pelagianorum
3413 1831 3514 1890 sua

1925 1899 2007 1944 est
2028 1893 2129 1945 sub
2153 1893 2335 1959 ﬁnem,
2371 1889 2426 1947 nt
2451 1893 2589 1959 dixi,
2623 1891 2954 1957 dissertatio,
2982 1904 3172 1962 eaque,
3203 1890 3308 1946 nisi
3335 1889 3515 1959 fallor,

1923 1973 2191 2019 accurata.

1997 2032 2018 2071 τ
2047 2033 2311 2091 Constans
2351 2035 2451 2090 fuit
2510 2035 2772 2091 Ecclesia:
2829 2034 3206 2098 consuetudo,
3268 2048 3334 2089 ex
3406 2047 3518 2104 quo

1923 2116 2129 2162 asserta
2177 2118 2261 2162 est
2308 2109 2359 2161 in
2392 2107 2696 2162 libertatem
2737 2121 2768 2161 a
2815 2106 3125 2161 christianis
3172 2105 3520 2174 imperatori-

1921 2177 2041 2240 bus,
2071 2187 2128 2232 ut
2157 2179 2350 2246 partim
2375 2178 2441 2233 ad
2465 2179 2844 2248 exstirpandas
2876 2179 3138 2242 haereses,
3196 2177 3261 2248 si,
3294 2177 3512 2247 quando

1921 2249 2252 2316 pertinacius
2295 2251 2590 2316 durarent,
2642 2247 2839 2319 partim
2887 2249 2953 2302 ad
2996 2247 3335 2304 coercendus
3375 2250 3512 2319 sive

1918 2333 2170 2376 auctores
2201 2322 2315 2376 sive
2342 2329 2604 2390 patron-os
2633 2318 2928 2376 haereseam
2949 2364 2963 2386 ,
2999 2334 3121 2374 cum
3157 2329 3336 2388 partes
3361 2318 3514 2374 face-

1918 2401 2062 2459 rent,
2116 2401 2342 2461 utraque
2371 2403 2608 2462 potestas
2649 2408 2676 2446 a
2705 2395 2814 2448 Deo
2844 2393 3112 2458 ordinata,
3143 2391 3512 2447 ecclesiastica

1916 2463 2171 2520 nimirum
2221 2475 2276 2520 et
2323 2465 2638 2534 imperialis,
2672 2468 3034 2530 conspiraret.

1987 2535 2182 2592 Marius
2211 2551 2375 2606 porro
2406 2551 2527 2592 cum
2563 2536 2764 2592 scribat
2804 2535 2903 2592 bos
2939 2535 3247 2606 episcopos
3271 2541 3380 2588 tum
3427 2533 3510 2588 le-

1915 2605 2098 2676 gibus,
2130 2604 2238 2663 tum
2269 2608 2485 2662 statutis
2531 2607 2806 2676 depositos
2856 2604 3021 2676 atque
3075 2604 3392 2660 deturbatos
3443 2619 3510 2659 ex

1914 2679 2058 2732 omni
2113 2681 2292 2742 Italia,
2348 2678 2634 2734 manifeste
2690 2679 2921 2734 ostendit
2970 2692 3030 2731 se
3084 2677 3229 2744 loqui
3278 2676 3346 2728 de
3397 2690 3505 2730 una

1912 2748 2110 2830 Zosimi
2163 2750 2455 2816 tractoria,
2499 2765 2711 2822 unaque
2749 2759 2844 2804 aut
2887 2749 3053 2804 altera
3111 2747 3335 2802 Honorii
3375 2762 3504 2801 san-

1911 2828 2111 2877 ctione.

1982 2893 2078 2948 llis
2105 2893 2384 2962 utriusque
2413 2893 2696 2962 poteStatis
2724 2891 2933 2946 viribus
2963 2888 3277 2962 conjunctis,
3297 2889 3500 2962 instru-

1909 2973 2026 3018 ctus
2059 2961 2364 3020 Bonifacius
2393 2961 2597 3019 Zosimi
2629 2978 2938 3026 SIICCCSSUI',
2971 2977 3067 3017 eos
3097 2961 3187 3031 qui
3231 2961 3502 3015 obstinate

290 3032 318 3072 δ
351 3036 496 3091 llioc
528 3032 782 3092 discimus
803 3051 959 3106 quam
985 3033 1200 3104 antiqua
1215 3032 1805 3106 sitconsuetudo,_cum
1833 3037 1880 3104 ο
1913 3037 1996 3091 vel
2025 3045 2382 3106 sequerentur
2424 3039 2504 3091 vel
2554 3037 2798 3091 foverent
2845 3034 3150 3106 lucreticos,
3179 3041 3509 3106 eaauctora-

215 3107 398 3190 aliqua
415 3116 739 3192 emergeret
770 3103 1022 3192 haeresis,
1062 3103 1515 3192 subscriptionem
1543 3103 1806 3192 condent:

215 3173 464 3234 nationis
506 3173 750 3251 exigere,
800 3179 994 3251 saltem
1047 3175 1116 3251 ab
1165 3177 1456 3245 episcopis,
1516 3177 1710 3251 partim
1743 3173 1810 3230 ad

218 3250 558 3318 probandam
591 3248 1013 3320 uniuscujusque
1045 3248 1224 3311 ﬁdem,
1259 3250 1452 3318 partim
1497 3248 1562 3302 ad
1587 3256 1809 3320 senten-

217 3324 345 3376 tiam
380 3323 684 3392 superioris
706 3318 853 3378 sedis
894 3318 1035 3388 apud
1064 3321 1293 3392 populus
1322 3318 1805 3374 corroborandam.

290 3405 312 3430 ε
337 3391 498 3449 Nunc
530 3395 762 3463 primum
784 3393 992 3448 accedit
1011 3391 1077 3446 ad
1108 3391 1401 3463 Julianum,
1431 3405 1589 3462 quem
1622 3399 1810 3463 postea

219 3462 577 3520 vehementer
601 3468 968 3521 insectaturus
990 3471 1093 3519 est.
1122 3463 1230 3516 Nos
1256 3462 1322 3516 de
1344 3462 1449 3517 vita
1488 3472 1544 3516 et
1569 3462 1810 3518 moribus

219 3538 499 3606 gestisque
527 3537 760 3604 improbi
815 3535 1053 3590 haeretici
1108 3533 1533 3606 noniingratum
1583 3533 1810 3606 eruditis

221 3603 524 3664 iectoribus
548 3603 714 3676 caput
742 3608 1058 3676 scripsimus
1096 3607 1148 3661 in
1189 3603 1570 3659 dissertatione
1596 3603 1665 3676 de
1698 3608 1810 3659 Au-

219 3679 464 3734 ctoribus
487 3688 545 3734 et
566 3674 958 3735 Defensorihus
985 3678 1207 3732 haeresis
1229 3676 1536 3748 Pelagianae
1562 3674 1807 3748 (Dissert.

218 3749 274 3813 2,
307 3752 539 3820 append.
567 3750 649 3822 2).
698 3750 876 3806 Locus
906 3765 1011 3804 non
1043 3749 1161 3804 sine
1190 3748 1366 3818 aliqua
1407 3748 1642 3822 utilitate
1681 3763 1812 3822 con-

218 3823 320 3876 suli
346 3819 570 3892 potest:
601 3819 696 3878 sed
726 3823 780 3877 id
815 3825 869 3875 in
898 3833 1234 3892 antecessum
1269 3829 1457 3892 notare
1482 3819 1722 3890 proderit
1744 3834 1812 3875 ex

217 3890 522 3966 Mercatore
552 3893 694 3966 (Lib.
721 3893 952 3966 Subnot.
971 3909 1084 3966 cap.
1117 3891 1170 3958 6,
1192 3907 1248 3945 η.
1271 3890 1348 3962 9).

287 3964 542 4020 Julianus
561 3963 844 4035 epistolam
886 3964 953 4018 ad
983 3965 1153 4019 sedem
1195 3963 1533 4031 apostolicam
1564 3963 1656 4017 illo
1685 3970 1812 4016 tem-

221 4053 343 4107 pore
384 4053 549 4090 ausus
599 4045 673 4090 est
700 4038 920 4103 mittere,
951 4036 1156 4105 quando
1199 4043 1470 4088 conventus
1521 4035 1812 4107 detrectavit

222 4105 339 4180 cum
381 4109 629 4164 universa
678 4107 915 4164 Ecclesia
962 4123 1053 4180 per
1103 4114 1266 4180 totum
1321 4107 1496 4180 orbein
1523 4105 1815 4180 APelagium

226 4175 618 4250 Calestiumque
671 4181 922 4233 damnare
943 4175 1198 4249 ('Dissert.
1231 4179 1264 4234 6
1307 4194 1422 4248 cap.
1473 4177 1585 4250 46).
1634 4175 1701 4250 lu
1750 4193 1812 4233 ea

224 4252 446 4306 nomine
513 4249 814 4307 Octodecim
873 4253 1250 4322 episcoporum
1297 4265 1496 4322 causas
1547 4249 1815 4306 reddebat

227 4332 436 4392 negata:
457 4323 908 4394 subscriptionis;
941 4337 1034 4378 eas
1057 4321 1184 4377 vero
1216 4321 1450 4376 reddidit
1475 4337 1612 4390 quas
1641 4322 1816 4375 solent

227 4396 310 4463 qui
344 4394 610 4457 Ecclesiae
647 4395 1028 4456 auctoritatem
1059 4408 1166 4449 non
1194 4404 1492 4452 verentur:
1532 4395 1810 4458 nimirum,

227 4433 1810 4536 ἑὶἑιά”’ῖιᾘέῗῑὶι”ὶε“ὖένάἰῖἴδὶἶξ(ἴξιῐηύἲῖἨὄέιίιεὶἱὲἱᾜιὲἰέἴ
1840 4433 1888 4493 ο

234 4546 448 4603 rentur,
482 4536 622 4609 falso
650 4539 748 4593 sibi
772 4538 978 4609 objecta
1014 4536 1210 4592 libellis
1241 4541 1472 4607 propriis
1503 4537 1809 4592 damnavis-

225 4618 364 4679 sent;
393 4607 541 4679 quod
571 4607 906 4667 absentes‘et
947 4609 1174 4664 inauditi
1229 4609 1552 4664 immeritam
1596 4619 1814 4664 senten-

228 4678 356 4752 tiam
392 4678 769 4752 pertulissent;
802 4680 945 4750 quod
977 4695 1045 4735 ne
1075 4680 1176 4749 ipsi
1222 4681 1440 4752 quidem
1471 4691 1816 4736 accusatores

229 4751 532 4808 adtuissent
546 4751 776 4822 judicio,
794 4767 896 4807 nec
921 4753 1031 4807 reis
1055 4752 1212 4806 datus
1240 4751 1430 4808 fuisset
1459 4753 1612 4808 locus
1637 4767 1814 4808 causae

229 4823 492 4878 adversus
534 4833 878 4880 accusatores
921 4822 1318 4889 defendendae;
1377 4825 1522 4893 quod
1573 4838 1816 4879 summus

231 4894 473 4962 pontifex
506 4895 690 4950 studio
716 4895 968 4966 partium,
1002 4902 1058 4950 et
1102 4911 1199 4966 per
1248 4897 1649 4965 subreptionem
1682 4911 1814 4950 cau-

230 4978 338 5037 sam
362 4966 690 5035 judicasset;
712 4965 851 5036 quod
880 4981 1001 5022 cum
1032 4965 1363 5037 subscriptio
1389 4968 1528 5024 facta
1553 4968 1816 5024 rationem

232 5035 423 5093 habeat
459 5040 552 5094 vel
582 5035 881 5094 teatimonii
906 5039 989 5094 vel
1028 5039 1215 5107 judicii
1247 5035 1433 5094 contra
1480 5054 1654 5105 reum,
1688 5053 1816 5092 con-

233 5109 456 5164 scientia
485 5117 711 5181 pr0pter
742 5111 989 5166 timorem
1030 5109 1125 5167 Dei
1151 5111 1419 5182 episcopis
1444 5125 1550 5182 non
1586 5112 1814 5181 permit-

235 5187 307 5235 tat
327 5191 517 5238 contra
563 5181 836 5238 inauditos
875 5182 990 5237 sive
1046 5181 1415 5238 testimonium
1472 5181 1672 5249 dicere,
1701 5182 1819 5237 sive

229 5251 489 5325 judicium
523 5268 803 5325 exercere;
848 5253 1080 5325 denique
1108 5255 1250 5324 quod
1297 5255 1449 5309 nefas
1503 5255 1571 5308 sit
1615 5263 1820 5308 temere

229 5324 472 5396 judicare
500 5326 569 5380 de
597 5324 911 5396 hominibus
936 5324 1023 5396 qui
1048 5341 1107 5381 se
1141 5325 1439 5381 catholicos
1480 5325 1688 5394 dicunt,
1727 5325 1816 5394 ju-

232 5395 392 5452 bente
420 5399 728 5469 praesertim
759 5395 1045 5464 charitate,
1075 5408 1130 5452 ut
1158 5399 1209 5453 in
1239 5397 1420 5452 dubiis
1467 5398 1531 5451 de
1577 5409 1822 5469 unoquo-

237 5481 338 5536 que
361 5468 586 5526 meliora
614 5469 942 5535 sentiantur,
977 5476 1033 5526 et
1053 5469 1319 5538 Aposmlo
1360 5469 1627 5538 cpisc0pis
1677 5468 1823 5537 judi-

234 5540 392 5594 candi
417 5541 662 5611 regulam
707 5541 1004 5607 sanciente,
1031 5557 1148 5596 cum
1179 5542 1290 5596 ait:
1324 5542 1580 5594 Adversus
1611 5539 1822 5612 presby-

237 5621 402 5666 terum
428 5612 815 5673 accusationem
855 5612 960 5666 noli
986 5612 1226 5680 recipere,
1260 5614 1354 5668 nisi
1386 5613 1476 5666 sub
1506 5612 1704 5665 duobus
1734 5620 1824 5666 ant

237 5684 396 5736 tribus
418 5686 631 5739 testibus
657 5683 704 5748 (Ι
723 5680 945 5743 Tintoth.
969 5701 1023 5751 v,
1045 5684 1156 5755 i9).
1179 5682 1313 5738 Vide
1343 5685 1626 5755 epistolam
1653 5685 1822 5755 ipsam

229 5770 262 5815 ε
288 5756 444 5816 nobis
461 5757 704 5831 primum
732 5755 956 5830 editam,
983 5757 1037 5814 in
1083 5753 1186 5832 qua
1213 5757 1469 5816 haeretica
1513 5754 1706 5830 spiritu
1727 5753 1821 5814 δυο

1918 3107 1997 3179 vit
2046 3102 2206 3179 atqite
2260 3107 2408 3179 Italia
2427 3109 2667 3179 expulit.
2703 3106 2853 3163 Unde
2898 3102 3187 3179 Prosper_(
3218 3102 3332 3157 Lib.
3363 3113 3500 3159 cont.

1913 3177 2047 3234 Coll.
2091 3176 2324 3250 c2112.“)
2362 3196 2373 3231 :
2409 3176 2550 3233 Tun}:
2579 3181 2794 3233 istorum
2841 3177 3094 3250 machinas
3134 3176 3316 3245 fractae
3359 3184 3504 3238 sunt,

1914 3261 2035 3304 tunc
2074 3247 2438 3320 iit—superbit?
2498 3251 2648 3304 sociis
2689 3251 2760 3303 'ac
2820 3247 3141 3321 principibus
3200 3253 3506 3321 corruerunt

1914 3314 2406 3392 (Semipelagiani),
2439 3321 2645 3392 quando
2677 3314 2870 3374 sancta:
2901 3314 3162 3392 memoria:
3192 3332 3327 3386 papa
3348 3314 3512 3392 Boni-

1913 3386 2106 3462 facius'
2130 3386 2478 3464 piissirnoi'tttit
2519 3395 2885 3465 imperatorum
2929 3390 3195 3465 devotione
3224 3386 3502 3465 gaudebat,

1914 3458 1960 3518 et
1989 3458 2168 3519 contra
2206 3465 2438 3518 inimicos
2468 3458 2648 3534 gratiae
2674 3462 2792 3524 Dei,
2818 3479 2921 3515 non
2965 3462 3131 3514 solum
3182 3458 3502 3530 apostolicis,

1912 3536 2003 3590 scd
2025 3538 2179 3591 etiam
2209 3536 2363 3605 regiis
2393 3537 2628 3588 utebatur
2647 3535 2845 3588 edictis.

1985 3607 2206 3662 Monent
2243 3601 2328 3661 uie
2385 3607 2631 3675 Pr-OSperi
2671 3605 2832 3661 verba
2874 3610 2952 3668 ut,
3004 3601 3150 3672 quod
3196 3616 3359 3669 spero
3390 3617 3500 3658 non

1916 3679 2154 3734 futurum
2189 3678 2374 3733 lectori
2407 3680 2702 3747 ingratum,
2735 3676 2974 3732 breviter
3015 3687 3343 3747 recenseam
3378 3689 3502 3747 qua:

1914 3753 1981 3804 ab
2018 3750 2436 3817 imperatoribus
2465 3743 2772 3804 "constituta
2815 3754 2940 3801 sunt
2963 3745 3222 3821 adversus
3253 3743 3499 3821 Pelagia:

1915 3838 2038 3876 nam
2073 3815 2343 3888 hmresim,
2386 3836 2449 3876 ex
2489 3836 2596 3890 quo
2646 3830 2890 3890 tempore
2921 3817 3070 3890 nasci
3107 3817 3226 3890 evisa
3277 3815 3406 3890 est,’_
3435 3815 3502 3870 ad

1915 3894 2050 3948 illud
2094 3908 2262 3964 usque
2305 3907 2411 3963 quo
2450 3887 2597 3947 credi
2638 3887 2809 3964 potu—it
2853 3889 2939 3964 vel
2963 3887 3244 3964 exstincta
3286 3888 3502 3964 penitus

1916 3965 2000 4020 vel
2049 3957 2351 4035 prosirata',
2391 3972 2512 4033 post
2556 3957 2841 4021 concilium
2877 3959 3240 4031 Ephesiuum,
3283 3957 3501 4028 quando

1918 4037 2172 4091 Ecclesia:
2204 4051 2304 4106 pax
2334 4035 2539 4092 reddita
2568 4043 2672 4090 est.

1989 4099 2224 4162 Primam
2250 4107 2688 4161 constitutionem
2729 4103 2878 4159 dedit
2910 4101 3179 4166 Hortarius
3227 4099 3292 4152 ad
3323 4099 3502 4154 Palla-

1917 4180 2061 4234 dium
2103 4179 2212 4232 PF.
2255 4177 2314 4233 P.
2344 4178 2614 4232 Ravenna:
2652 4176 2826 4247 pridie
2865 4173 2978 4247 hat.
3020 4172 3204 4247 Maias,
3262 4171 3502 4247 Honorio

1915 4268 1988 4306 xu
2028 4260 2080 4304 et
2103 4250 2411 4305 Theodosio
2434 4262 2528 4302 vm
2552 4241 2669 4302 AA:
2695 4245 2823 4312 CC.,
2852 4244 2922 4300 de
2953 4243 3216 4313 pellendis
3247 4257 3310 4296 ex
3359 4241 3503 4297 Urbe

1918 4320 2235 4377 exsecrandi
2265 4321 2528 4390 dogmatis
2551 4319 2836 4390 capitibus,
2878 4315 3095 4386 Pelagio
3123 4322 3178 4368 et
3201 4314 3498 4390 _Coelestio,

1920 4395 2094 4463 deque
2117 4385 2436 4462 sequacibus
2480 4407 2574 4460 per
2599 4385 2988 4463 quemcumque
3016 4385 3392 4463 pertrahendis
3423 4385 3501 4463 ad

1916 4459 2311 4535 competen'tem
2356 4459 2713 4535 judicern,'ac
2737 4471 2859 4535 post
2890 4460 3182 4535 legitimam
3225 4459 3504 4535 probatio-

1916 4530 2330 4593 nem'inexorati
2357 4530 2536 4590 exsilii
2571 4530 2951 4604 deportatione
2980 4530 3320 4604 damnandis.

1989 4609 2297 4670 Secundam
2356 4607 2554 4664 direxit
2589 4601 2731 4662 idem
2778 4605 3055 4659 Honorius
3103 4601 3168 4655 ad
3220 4601 3504 4655 Aurelium

1915 4680 2402 4750 Carthaginensem
2432 4679 2768 4748 episcopum,
2805 4678 3080 4750 Ravennae
3111 4688 3142 4724 ν
3187 4672 3263 4750 id.
3291 4673 3502 4750 Junius,

1917 4744 2163 4806 illonaxio
2218 4762 2270 4807 et
2315 4744 2488 4806 Plinta
2546 4744 2714 4817 coss,
2748 4750 2814 4803 de
2855 4745 3112 4816 exigenda
3151 4744 3219 4798 ab
3247 4746 3498 4798 omnibus

1917 4824 2206 4894 episcopis,
2255 4837 2413 4891 quam
2465 4822 2706 4876 nonnulli
2750 4817 3500 4894 pertinaciter.reensabant,
3557 4879 3560 4886 η

1919 4887 2317 4964 subscriptione
2343 4895 2678 4948 damnationi
2706 4887 2904 4966 Pelagii
2940 4898 2993 4944 et
3022 4888 3260 4946 leestii
3285 4887 3505 4966 jamdn-
3558 4893 3559 4906 ³

1921 4967 2045 5021 dum
2089 4961 2262 5031 factm,
2295 4966 2469 5036 deque
2503 4965 2786 5020 obstinatis
2811 4963 3157 5036 episcopatus
3216 4961 3506 5036 amissione

1921 5038 2266 5103 mulctandis,
2299 5048 2352 5092 et
2374 5030 2466 5092 sua
2497 5037 2723 5107 singulis
2752 5030 2901 5102 sede,
2927 5030 3210 5087 interdicta
3230 5030 3280 5082 in
3308 5043 3504 5099 perpe-

1921 5118 2071 5164 tuum
2101 5110 2502 5173 communione,
2533 5107 2822 5175 privandis.

1991 5180 2173 5254 Tertia
2196 5189 2290 5254 est
2333 5171 2633 5254 Constantii
2665 5177 3007 5254 imperatoris
3035 5173 3102 5254 ad
3153 5171 3508 5254 Volusianum

1923 5252 2028 5308 PF.
2061 5252 2125 5310 U.
2176 5253 2242 5307 de
2279 5253 2530 5322 pellendo
2577 5252 2724 5308 Urbe
2745 5245 3025 5322 Coclestio,
3063 5245 3130 5304 de
3181 5245 3334 5314 cujus
3367 5253 3508 5300 tem-

1923 5339 2053 5395 pore
2078 5335 2131 5380 et
2160 5320 2404 5380 loco—non
2434 5325 2567 5381 levis
2597 5320 2962 5395 controversia
2995 5327 3097 5395 est.

1993 5397 2192 5464 Quarta
2224 5397 2580 5452 Valentiniani
2607 5395 2834 5450 Caesaris
2865 5391 3086 5446 Amacio
3105 5388 3318 5464 PF.G.,
3342 5390 3512 5464 Aqui-

1924 5462 2041 5523 leize
2070 5485 2141 5524 vit
2194 5468 2267 5523 id.
2301 5470 2433 5532 Jul.,
2463 5466 2766 5523 Theodosio
2807 5475 3034 5532 augusto
3085 5479 3137 5518 κε
3188 5478 3219 5517 e
3281 5462 3514 5516 Valenti-

1927 5555 2093 5596 mano
2123 5557 2325 5597 caesare
2367 5557 2534 5605 coss.,
2566 5539 2632 5593 de
2655 5533 3038 5591 conveniendis
3068 5552 3165 5605 per
3203 5535 3514 5602 Patroclum

1925 5614 2294 5668 Arelatensem
2324 5613 2550 5666 diversis
2571 5609 2842 5679 episc0pis
2868 5608 3134 5663 nefarium
3157 5607 3428 5676 Pelagiani
3452 5615 3516 5679 et

1925 5685 2236 5742 Cmiestiani
2277 5683 2540 5754 dogmatis
2574 5677 2822 5736 errorem
2871 5681 3244 5754 sequentibus,
3289 5679 3379 5754 qui
3410 5677 3516 5754 nisi

1928 5756 2066 5814 intra
2107 5755 2298 5832 viginti
2350 5749 2499 5825 dies,
2535 5755 2679 5812 intra
2725 5766 2862 5826 quos
2905 5749 3239 5811 deliberandi
3287 5749 3519 5817 facultas
