  <div class='ocr_page' id='page_1' title='image "/cluster/home/n/w/nwhite01/storage/ocr_20150623/48/hvd.32044015471535/057.png"; bbox 0 0 3994 6282; ppageno 0'>
   <div class='ocr_carea' id='block_1_1' title="bbox 481 229 588 288">
    <p class='ocr_par' dir='ltr' id='par_1_1' title="bbox 481 229 588 288">
     <span class='ocr_line' id='line_1_1' title="bbox 481 229 588 288; baseline 0.009 -1"><span class='ocrx_word' id='word_1_1' title='bbox 481 229 588 288; x_wconf 74' lang='grc'><strong>105</strong></span> 
     </span>
    </p>
   </div>
   <div class='ocr_carea' id='block_1_2' title="bbox 1767 223 2460 286">
    <p class='ocr_par' dir='ltr' id='par_1_2' title="bbox 1767 223 2460 286">
     <span class='ocr_line' id='line_1_2' title="bbox 1767 223 2460 286; baseline 0.003 -2"><span class='ocrx_word' id='word_1_2' title='bbox 1767 224 1968 286; x_wconf 76' lang='lat' dir='ltr'><strong>MAR“</strong></span> <span class='ocrx_word' id='word_1_3' title='bbox 2008 223 2460 286; x_wconf 77' lang='lat' dir='ltr'><strong>MERCATORIS</strong></span> 
     </span>
    </p>
   </div>
   <div class='ocr_carea' id='block_1_3' title="bbox 3663 235 3777 295">
    <p class='ocr_par' dir='ltr' id='par_1_3' title="bbox 3663 235 3777 295">
     <span class='ocr_line' id='line_1_3' title="bbox 3663 235 3777 295; baseline 0.026 -2"><span class='ocrx_word' id='word_1_4' title='bbox 3663 235 3777 295; x_wconf 77' lang='grc' dir='ltr'>1οι</span> 
     </span>
    </p>
   </div>
   <div class='ocr_carea' id='block_1_4' title="bbox 481 340 3774 421">
    <p class='ocr_par' dir='ltr' id='par_1_4' title="bbox 481 340 3774 421">
     <span class='ocr_line' id='line_1_4' title="bbox 481 340 3774 421; baseline 0.001 -16"><span class='ocrx_word' id='word_1_5' title='bbox 481 363 609 406; x_wconf 92' lang='lat' dir='ltr'><strong>nem</strong></span> <span class='ocrx_word' id='word_1_6' title='bbox 635 345 917 404; x_wconf 75' lang='lat' dir='ltr'><strong>wntinens</strong></span> <span class='ocrx_word' id='word_1_7' title='bbox 940 343 1373 404; x_wconf 79' lang='lat' dir='ltr'><strong>exhortatorium</strong></span> <span class='ocrx_word' id='word_1_8' title='bbox 1398 385 1415 412; x_wconf 90' lang='lat'><strong>,</strong></span> <span class='ocrx_word' id='word_1_9' title='bbox 1461 345 1518 400; x_wconf 89' lang='lat' dir='ltr'><strong>in</strong></span> <span class='ocrx_word' id='word_1_10' title='bbox 1559 355 1668 415; x_wconf 93' lang='lat' dir='ltr'><strong>quo</strong></span> <span class='ocrx_word' id='word_1_11' title='bbox 1692 341 1766 397; x_wconf 90' lang='lat' dir='ltr'><strong>ita</strong></span> <span class='ocrx_word' id='word_1_12' title='bbox 1804 340 2032 397; x_wconf 83' lang='lat' dir='ltr'><strong>habetur</strong></span> <span class='ocrx_word' id='word_1_13' title='bbox 2063 358 2076 396; x_wconf 95' lang='lat'><strong>:</strong></span> <span class='ocrx_word' id='word_1_14' title='bbox 2103 359 2157 421; x_wconf 67' lang='grc' dir='ltr'>Α</span> <span class='ocrx_word' id='word_1_15' title='bbox 2184 343 2360 398; x_wconf 86' lang='lat' dir='ltr'><strong>omnis</strong></span> <span class='ocrx_word' id='word_1_16' title='bbox 2388 341 2625 414; x_wconf 81' lang='lat' dir='ltr'><strong>simplex</strong></span> <span class='ocrx_word' id='word_1_17' title='bbox 2653 342 2973 402; x_wconf 78' lang='lat' dir='ltr'><strong>benedictus</strong></span> <span class='ocrx_word' id='word_1_18' title='bbox 2999 355 3118 414; x_wconf 88' lang='lat' dir='ltr'><strong>est,</strong></span> <span class='ocrx_word' id='word_1_19' title='bbox 3145 361 3277 419; x_wconf 91' lang='lat' dir='ltr'><strong>ergo</strong></span> <span class='ocrx_word' id='word_1_20' title='bbox 3302 347 3534 419; x_wconf 78' lang='lat' dir='ltr'><strong>simplex</strong></span> <span class='ocrx_word' id='word_1_21' title='bbox 3562 348 3655 406; x_wconf 91' lang='lat' dir='ltr'><strong>ille</strong></span> <span class='ocrx_word' id='word_1_22' title='bbox 3684 358 3774 407; x_wconf 81' lang='lat' dir='ltr'><strong>est</strong></span> 
     </span>
    </p>
   </div>
   <div class='ocr_carea' id='block_1_5' title="bbox 486 435 2070 514">
    <p class='ocr_par' dir='ltr' id='par_1_5' title="bbox 486 435 2070 514">
     <span class='ocr_line' id='line_1_5' title="bbox 486 435 2070 514; baseline -0.006 -15"><span class='ocrx_word' id='word_1_23' title='bbox 486 462 509 499; x_wconf 73' lang='grc' dir='ltr'><strong>ι</strong></span> <span class='ocrx_word' id='word_1_24' title='bbox 541 442 976 514; x_wconf 88' lang='lat' dir='ltr'><strong>Simplicitatem,</strong></span> <span class='ocrx_word' id='word_1_25' title='bbox 1002 441 1197 513; x_wconf 91' lang='lat' dir='ltr'><strong>inquit,</strong></span> <span class='ocrx_word' id='word_1_26' title='bbox 1219 439 1373 512; x_wconf 88' lang='lat' dir='ltr'><strong>sequi</strong></span> <span class='ocrx_word' id='word_1_27' title='bbox 1396 437 1596 495; x_wconf 88' lang='lat' dir='ltr'><strong>Christi</strong></span> <span class='ocrx_word' id='word_1_28' title='bbox 1617 435 1870 492; x_wconf 75' lang='lat' dir='ltr'><strong>famulam</strong></span> <span class='ocrx_word' id='word_1_29' title='bbox 1891 435 2070 492; x_wconf 91' lang='lat' dir='ltr'><strong>decet:</strong></span> 
     </span>
    </p>
   </div>
   <div class='ocr_carea' id='block_1_6' title="bbox 482 530 2072 608">
    <p class='ocr_par' dir='ltr' id='par_1_6' title="bbox 482 530 2072 608">
     <span class='ocr_line' id='line_1_6' title="bbox 482 530 2072 608; baseline -0.006 -13"><span class='ocrx_word' id='word_1_30' title='bbox 482 553 590 596; x_wconf 92' lang='lat' dir='ltr'><strong>non</strong></span> <span class='ocrx_word' id='word_1_31' title='bbox 619 539 758 593; x_wconf 86' lang='lat' dir='ltr'><strong>hanc</strong></span> <span class='ocrx_word' id='word_1_32' title='bbox 794 551 916 608; x_wconf 77' lang='lat' dir='ltr'><strong>qua:</strong></span> <span class='ocrx_word' id='word_1_33' title='bbox 944 535 1172 593; x_wconf 72' lang='lat' dir='ltr'><strong>stultitia</strong></span> <span class='ocrx_word' id='word_1_34' title='bbox 1200 536 1371 606; x_wconf 89' lang='lat' dir='ltr'><strong>magis</strong></span> <span class='ocrx_word' id='word_1_35' title='bbox 1411 541 1496 590; x_wconf 88' lang='lat' dir='ltr'><strong>est</strong></span> <span class='ocrx_word' id='word_1_36' title='bbox 1539 545 1700 602; x_wconf 88' lang='lat' dir='ltr'><strong>quam</strong></span> <span class='ocrx_word' id='word_1_37' title='bbox 1731 530 2072 602; x_wconf 83' lang='lat' dir='ltr'><strong>simplicitas,</strong></span> 
     </span>
    </p>
   </div>
   <div class='ocr_carea' id='block_1_7' title="bbox 483 623 2073 701">
    <p class='ocr_par' dir='ltr' id='par_1_7' title="bbox 483 623 2073 701">
     <span class='ocr_line' id='line_1_7' title="bbox 483 623 2073 701; baseline -0.004 -15"><span class='ocrx_word' id='word_1_38' title='bbox 483 630 578 688; x_wconf 88' lang='lat' dir='ltr'><strong>sed</strong></span> <span class='ocrx_word' id='word_1_39' title='bbox 607 629 754 686; x_wconf 82' lang='lat' dir='ltr'><strong>illam</strong></span> <span class='ocrx_word' id='word_1_40' title='bbox 793 630 862 686; x_wconf 89' lang='lat' dir='ltr'><strong>de</strong></span> <span class='ocrx_word' id='word_1_41' title='bbox 897 645 1002 701; x_wconf 87' lang='lat' dir='ltr'><strong>qua</strong></span> <span class='ocrx_word' id='word_1_42' title='bbox 1038 628 1257 701; x_wconf 80' lang='lat' dir='ltr'><strong>scripsit</strong></span> <span class='ocrx_word' id='word_1_43' title='bbox 1286 627 1307 701; x_wconf 92' lang='lat'><strong>[</strong></span> <span class='ocrx_word' id='word_1_44' title='bbox 1333 625 1518 682; x_wconf 78' lang='lat' dir='ltr'><strong>Baluz.</strong></span> <span class='ocrx_word' id='word_1_45' title='bbox 1549 625 1824 696; x_wconf 83' lang='lat' dir='ltr'><strong>Scriptura</strong></span> <span class='ocrx_word' id='word_1_46' title='bbox 1852 623 2023 697; x_wconf 77' lang='lat' dir='ltr'><strong>dicit]</strong></span> <span class='ocrx_word' id='word_1_47' title='bbox 2057 642 2073 680; x_wconf 92' lang='lat'><strong>:</strong></span> 
     </span>
    </p>
   </div>
   <div class='ocr_carea' id='block_1_8' title="bbox 481 717 2073 792">
    <p class='ocr_par' dir='ltr' id='par_1_8' title="bbox 481 717 2073 792">
     <span class='ocr_line' id='line_1_8' title="bbox 481 717 2073 792; baseline -0.004 -14"><span class='ocrx_word' id='word_1_48' title='bbox 481 734 509 762; x_wconf 79' lang='grc' dir='ltr'><strong>ι</strong></span> <span class='ocrx_word' id='word_1_49' title='bbox 541 724 825 780; x_wconf 87' lang='lat' dir='ltr'><strong>Benedicta</strong></span> <span class='ocrx_word' id='word_1_50' title='bbox 851 723 1027 780; x_wconf 83' lang='lat' dir='ltr'><strong>anima</strong></span> <span class='ocrx_word' id='word_1_51' title='bbox 1054 723 1217 778; x_wconf 90' lang='lat' dir='ltr'><strong>omnis</strong></span> <span class='ocrx_word' id='word_1_52' title='bbox 1247 721 1469 792; x_wconf 73' lang='lat' dir='ltr'><strong>simplex</strong></span> <span class='ocrx_word' id='word_1_53' title='bbox 1498 719 1517 792; x_wconf 93' lang='lat'><strong>(</strong></span> <span class='ocrx_word' id='word_1_54' title='bbox 1540 717 1788 776; x_wconf 84' lang='lat' dir='ltr'><strong>Proverb.</strong></span> <span class='ocrx_word' id='word_1_55' title='bbox 1820 735 1873 774; x_wconf 72' lang='grc' dir='ltr'><strong>ιι</strong></span> <span class='ocrx_word' id='word_1_56' title='bbox 1897 758 1913 784; x_wconf 88' lang='grc'><em>,</em></span> <span class='ocrx_word' id='word_1_57' title='bbox 1960 718 2032 773; x_wconf 74' lang='grc'><strong>27</strong></span> <span class='ocrx_word' id='word_1_58' title='bbox 2056 764 2073 790; x_wconf 83' lang='lat'><strong>,</strong></span> 
     </span>
    </p>
   </div>
   <div class='ocr_carea' id='block_1_9' title="bbox 481 811 2076 890">
    <p class='ocr_par' dir='ltr' id='par_1_9' title="bbox 481 811 2076 890">
     <span class='ocr_line' id='line_1_9' title="bbox 481 811 2076 890; baseline -0.004 -16"><span class='ocrx_word' id='word_1_59' title='bbox 481 835 584 874; x_wconf 86' lang='lat' dir='ltr'><strong>sec.</strong></span> <span class='ocrx_word' id='word_1_60' title='bbox 630 818 882 890; x_wconf 80' lang='lat' dir='ltr'><strong>Septuag.</strong></span> <span class='ocrx_word' id='word_1_61' title='bbox 909 816 931 890; x_wconf 92' lang='lat'>)</span> <span class='ocrx_word' id='word_1_62' title='bbox 955 835 971 884; x_wconf 87' lang='lat'><strong>;</strong></span> <span class='ocrx_word' id='word_1_63' title='bbox 999 816 1214 874; x_wconf 85' lang='lat' dir='ltr'><strong>dicente</strong></span> <span class='ocrx_word' id='word_1_64' title='bbox 1242 814 1370 872; x_wconf 89' lang='lat' dir='ltr'><strong>alibi</strong></span> <span class='ocrx_word' id='word_1_65' title='bbox 1399 813 1675 885; x_wconf 83' lang='lat' dir='ltr'><strong>Scriptura</strong></span> <span class='ocrx_word' id='word_1_66' title='bbox 1712 829 1728 867; x_wconf 90' lang='lat'><strong>:</strong></span> <span class='ocrx_word' id='word_1_67' title='bbox 1761 811 2076 868; x_wconf 78' lang='lat' dir='ltr'><strong>Maledictut</strong></span> 
     </span>
    </p>
   </div>
   <div class='ocr_carea' id='block_1_10' title="bbox 483 907 2080 982">
    <p class='ocr_par' dir='ltr' id='par_1_10' title="bbox 483 907 2080 982">
     <span class='ocr_line' id='line_1_10' title="bbox 483 907 2080 982; baseline -0.005 -14"><span class='ocrx_word' id='word_1_68' title='bbox 483 913 649 968; x_wconf 89' lang='lat' dir='ltr'><strong>omnis</strong></span> <span class='ocrx_word' id='word_1_69' title='bbox 693 912 848 967; x_wconf 82' lang='lat' dir='ltr'><strong>homo</strong></span> <span class='ocrx_word' id='word_1_70' title='bbox 875 913 965 982; x_wconf 96' lang='lat' dir='ltr'><strong>qui</strong></span> <span class='ocrx_word' id='word_1_71' title='bbox 993 927 1096 966; x_wconf 88' lang='lat' dir='ltr'><strong>non</strong></span> <span class='ocrx_word' id='word_1_72' title='bbox 1133 918 1396 981; x_wconf 81' lang='lat' dir='ltr'><strong>permanet</strong></span> <span class='ocrx_word' id='word_1_73' title='bbox 1440 909 1497 963; x_wconf 89' lang='lat' dir='ltr'><strong>in</strong></span> <span class='ocrx_word' id='word_1_74' title='bbox 1537 907 1770 963; x_wconf 88' lang='lat' dir='ltr'><strong>omnibus</strong></span> <span class='ocrx_word' id='word_1_75' title='bbox 1807 921 1922 978; x_wconf 73' lang='lat' dir='ltr'><strong>qua:</strong></span> <span class='ocrx_word' id='word_1_76' title='bbox 1951 907 2080 961; x_wconf 80' lang='lat' dir='ltr'><strong>scri-</strong></span> 
     </span>
    </p>
   </div>
   <div class='ocr_carea' id='block_1_11' title="bbox 482 998 2076 1078">
    <p class='ocr_par' dir='ltr' id='par_1_11' title="bbox 482 998 2076 1078">
     <span class='ocr_line' id='line_1_11' title="bbox 482 998 2076 1078; baseline -0.001 -19"><span class='ocrx_word' id='word_1_77' title='bbox 482 1015 574 1078; x_wconf 85' lang='lat' dir='ltr'><strong>pta</strong></span> <span class='ocrx_word' id='word_1_78' title='bbox 605 1012 723 1061; x_wconf 89' lang='lat' dir='ltr'><strong>sunt</strong></span> <span class='ocrx_word' id='word_1_79' title='bbox 752 1005 808 1059; x_wconf 90' lang='lat' dir='ltr'><strong>in</strong></span> <span class='ocrx_word' id='word_1_80' title='bbox 837 1004 970 1059; x_wconf 89' lang='lat' dir='ltr'><strong>libro</strong></span> <span class='ocrx_word' id='word_1_81' title='bbox 993 1003 1120 1075; x_wconf 88' lang='lat' dir='ltr'><strong>legis</strong></span> <span class='ocrx_word' id='word_1_82' title='bbox 1143 1041 1159 1070; x_wconf 93' lang='lat'><strong>,</strong></span> <span class='ocrx_word' id='word_1_83' title='bbox 1191 1009 1247 1056; x_wconf 90' lang='lat' dir='ltr'><strong>ut</strong></span> <span class='ocrx_word' id='word_1_84' title='bbox 1280 1001 1442 1072; x_wconf 89' lang='lat' dir='ltr'><strong>faciat</strong></span> <span class='ocrx_word' id='word_1_85' title='bbox 1467 1017 1528 1056; x_wconf 90' lang='lat' dir='ltr'><strong>ea</strong></span> <span class='ocrx_word' id='word_1_86' title='bbox 1547 998 1729 1073; x_wconf 91' lang='lat' dir='ltr'><strong>(Deut.</strong></span> <span class='ocrx_word' id='word_1_87' title='bbox 1756 1014 1928 1068; x_wconf 67' lang='grc' dir='ltr'>χχιιι,</span> <span class='ocrx_word' id='word_1_88' title='bbox 1958 998 2076 1070; x_wconf 71' lang='lat'><strong>26).</strong></span> 
     </span>
    </p>
   </div>
   <div class='ocr_carea' id='block_1_12' title="bbox 484 1093 2079 1171">
    <p class='ocr_par' dir='ltr' id='par_1_12' title="bbox 484 1093 2079 1171">
     <span class='ocr_line' id='line_1_12' title="bbox 484 1093 2079 1171; baseline -0.005 -16"><span class='ocrx_word' id='word_1_89' title='bbox 484 1099 642 1167; x_wconf 80' lang='lat' dir='ltr'><strong>Hinc,</strong></span> <span class='ocrx_word' id='word_1_90' title='bbox 669 1099 860 1171; x_wconf 86' lang='lat' dir='ltr'><strong>inquit,</strong></span> <span class='ocrx_word' id='word_1_91' title='bbox 883 1095 1188 1153; x_wconf 85' lang='lat' dir='ltr'><strong>ostenditur</strong></span> <span class='ocrx_word' id='word_1_92' title='bbox 1208 1110 1314 1152; x_wconf 91' lang='lat' dir='ltr'><strong>non</strong></span> <span class='ocrx_word' id='word_1_93' title='bbox 1337 1109 1459 1151; x_wconf 91' lang='lat' dir='ltr'><strong>esse</strong></span> <span class='ocrx_word' id='word_1_94' title='bbox 1473 1093 1872 1164; x_wconf 75' lang='lat' dir='ltr'><strong>simplicitatem</strong></span> <span class='ocrx_word' id='word_1_95' title='bbox 1893 1107 2079 1148; x_wconf 90' lang='lat' dir='ltr'><strong>veram</strong></span> 
     </span>
    </p>
   </div>
   <div class='ocr_carea' id='block_1_13' title="bbox 485 1184 2079 1263">
    <p class='ocr_par' dir='ltr' id='par_1_13' title="bbox 485 1184 2079 1263">
     <span class='ocr_line' id='line_1_13' title="bbox 485 1184 2079 1263; baseline -0.005 -15"><span class='ocrx_word' id='word_1_96' title='bbox 485 1208 602 1263; x_wconf 68' lang='lat' dir='ltr'><strong>quae</strong></span> <span class='ocrx_word' id='word_1_97' title='bbox 632 1192 724 1249; x_wconf 92' lang='lat' dir='ltr'><strong>Dei</strong></span> <span class='ocrx_word' id='word_1_98' title='bbox 747 1189 995 1246; x_wconf 89' lang='lat' dir='ltr'><strong>mandata</strong></span> <span class='ocrx_word' id='word_1_99' title='bbox 1017 1189 1294 1246; x_wconf 89' lang='lat' dir='ltr'><strong>insensata</strong></span> <span class='ocrx_word' id='word_1_100' title='bbox 1317 1187 1606 1244; x_wconf 86' lang='lat' dir='ltr'><strong>securitate</strong></span> <span class='ocrx_word' id='word_1_101' title='bbox 1631 1186 1952 1253; x_wconf 89' lang='lat' dir='ltr'><strong>contemnit,</strong></span> <span class='ocrx_word' id='word_1_102' title='bbox 1982 1184 2079 1241; x_wconf 91' lang='lat' dir='ltr'><strong>sed</strong></span> 
     </span>
    </p>
   </div>
   <div class='ocr_carea' id='block_1_14' title="bbox 485 1279 2073 1358">
    <p class='ocr_par' dir='ltr' id='par_1_14' title="bbox 485 1279 2073 1358">
     <span class='ocr_line' id='line_1_14' title="bbox 485 1279 2073 1358; baseline -0.004 -16"><span class='ocrx_word' id='word_1_103' title='bbox 485 1301 605 1342; x_wconf 87' lang='lat' dir='ltr'><strong>eam</strong></span> <span class='ocrx_word' id='word_1_104' title='bbox 646 1301 766 1358; x_wconf 70' lang='lat' dir='ltr'><strong>qua:</strong></span> <span class='ocrx_word' id='word_1_105' title='bbox 796 1284 934 1357; x_wconf 80' lang='lat' dir='ltr'><strong>legis</strong></span> <span class='ocrx_word' id='word_1_106' title='bbox 967 1293 1237 1355; x_wconf 70' lang='lat' dir='ltr'><strong>prmeepta</strong></span> <span class='ocrx_word' id='word_1_107' title='bbox 1279 1283 1511 1354; x_wconf 88' lang='lat' dir='ltr'><strong>sapienti</strong></span> <span class='ocrx_word' id='word_1_108' title='bbox 1560 1282 1757 1339; x_wconf 87' lang='lat' dir='ltr'><strong>timore</strong></span> <span class='ocrx_word' id='word_1_109' title='bbox 1799 1279 2073 1348; x_wconf 88' lang='lat' dir='ltr'><strong>custodit;</strong></span> 
     </span>
    </p>
   </div>
   <div class='ocr_carea' id='block_1_15' title="bbox 482 1375 2078 1450">
    <p class='ocr_par' dir='ltr' id='par_1_15' title="bbox 482 1375 2078 1450">
     <span class='ocr_line' id='line_1_15' title="bbox 482 1375 2078 1450; baseline -0.004 -16"><span class='ocrx_word' id='word_1_110' title='bbox 482 1377 699 1436; x_wconf 89' lang='lat' dir='ltr'><strong>dicente</strong></span> <span class='ocrx_word' id='word_1_111' title='bbox 720 1378 888 1450; x_wconf 91' lang='lat' dir='ltr'><strong>enim,</strong></span> <span class='ocrx_word' id='word_1_112' title='bbox 909 1377 1254 1434; x_wconf 83' lang='lat' dir='ltr'><strong>maledictum</strong></span> <span class='ocrx_word' id='word_1_113' title='bbox 1273 1390 1396 1433; x_wconf 86' lang='lat' dir='ltr'><strong>esse</strong></span> <span class='ocrx_word' id='word_1_114' title='bbox 1413 1390 1538 1432; x_wconf 92' lang='lat' dir='ltr'><strong>eum</strong></span> <span class='ocrx_word' id='word_1_115' title='bbox 1559 1375 1650 1446; x_wconf 91' lang='lat' dir='ltr'><strong>qui</strong></span> <span class='ocrx_word' id='word_1_116' title='bbox 1672 1388 1777 1431; x_wconf 92' lang='lat' dir='ltr'><strong>non</strong></span> <span class='ocrx_word' id='word_1_117' title='bbox 1797 1380 2078 1445; x_wconf 90' lang='lat' dir='ltr'><strong>permanet</strong></span> 
     </span>
    </p>
   </div>
   <div class='ocr_carea' id='block_1_16' title="bbox 484 1467 2076 1544">
    <p class='ocr_par' dir='ltr' id='par_1_16' title="bbox 484 1467 2076 1544">
     <span class='ocr_line' id='line_1_16' title="bbox 484 1467 2076 1544; baseline -0.003 -16"><span class='ocrx_word' id='word_1_118' title='bbox 484 1472 540 1528; x_wconf 92' lang='lat' dir='ltr'><strong>in</strong></span> <span class='ocrx_word' id='word_1_119' title='bbox 564 1472 650 1529; x_wconf 87' lang='lat' dir='ltr'><strong>his</strong></span> <span class='ocrx_word' id='word_1_120' title='bbox 668 1487 792 1544; x_wconf 72' lang='lat' dir='ltr'><strong>qua:</strong></span> <span class='ocrx_word' id='word_1_121' title='bbox 818 1471 1021 1543; x_wconf 88' lang='lat' dir='ltr'><strong>scripta</strong></span> <span class='ocrx_word' id='word_1_122' title='bbox 1049 1478 1201 1539; x_wconf 91' lang='lat' dir='ltr'><strong>sunt,</strong></span> <span class='ocrx_word' id='word_1_123' title='bbox 1236 1484 1266 1524; x_wconf 89' lang='lat' dir='ltr'><strong>a</strong></span> <span class='ocrx_word' id='word_1_124' title='bbox 1290 1469 1568 1526; x_wconf 90' lang='lat' dir='ltr'><strong>contrario</strong></span> <span class='ocrx_word' id='word_1_125' title='bbox 1589 1467 1932 1525; x_wconf 88' lang='lat' dir='ltr'><strong>benedictum</strong></span> <span class='ocrx_word' id='word_1_126' title='bbox 1953 1481 2076 1524; x_wconf 83' lang='lat' dir='ltr'><strong>esse</strong></span> 
     </span>
    </p>
   </div>
   <div class='ocr_carea' id='block_1_17' title="bbox 482 1557 2074 1639">
    <p class='ocr_par' dir='ltr' id='par_1_17' title="bbox 482 1557 2074 1639">
     <span class='ocr_line' id='line_1_17' title="bbox 482 1557 2074 1639; baseline -0.006 -14"><span class='ocrx_word' id='word_1_127' title='bbox 482 1579 594 1625; x_wconf 91' lang='lat' dir='ltr'><strong>non</strong></span> <span class='ocrx_word' id='word_1_128' title='bbox 620 1566 737 1624; x_wconf 91' lang='lat' dir='ltr'><strong>vult</strong></span> <span class='ocrx_word' id='word_1_129' title='bbox 762 1566 855 1639; x_wconf 88' lang='lat' dir='ltr'><strong>qui</strong></span> <span class='ocrx_word' id='word_1_130' title='bbox 887 1579 997 1622; x_wconf 92' lang='lat' dir='ltr'><strong>non</strong></span> <span class='ocrx_word' id='word_1_131' title='bbox 1027 1564 1208 1621; x_wconf 88' lang='lat' dir='ltr'><strong>omnia</strong></span> <span class='ocrx_word' id='word_1_132' title='bbox 1249 1571 1522 1635; x_wconf 59' lang='lat' dir='ltr'><strong>praecepta</strong></span> <span class='ocrx_word' id='word_1_133' title='bbox 1561 1561 1883 1620; x_wconf 82' lang='lat' dir='ltr'><strong>servaverit.</strong></span> <span class='ocrx_word' id='word_1_134' title='bbox 1929 1557 1998 1617; x_wconf 88' lang='lat' dir='ltr'><strong>Et</strong></span> <span class='ocrx_word' id='word_1_135' title='bbox 2026 1560 2074 1617; x_wconf 88' lang='lat' dir='ltr'><strong>si</strong></span> 
     </span>
    </p>
   </div>
   <div class='ocr_carea' id='block_1_18' title="bbox 2181 438 3406 514">
    <p class='ocr_par' dir='ltr' id='par_1_18' title="bbox 2181 438 3406 514">
     <span class='ocr_line' id='line_1_18' title="bbox 2181 438 3406 514; baseline 0.002 -21"><span class='ocrx_word' id='word_1_136' title='bbox 2181 438 2270 509; x_wconf 91' lang='lat' dir='ltr'><strong>qui</strong></span> <span class='ocrx_word' id='word_1_137' title='bbox 2300 439 2479 494; x_wconf 85' lang='lat' dir='ltr'><strong>omnia</strong></span> <span class='ocrx_word' id='word_1_138' title='bbox 2507 447 2778 511; x_wconf 68' lang='lat' dir='ltr'><strong>praecepta</strong></span> <span class='ocrx_word' id='word_1_139' title='bbox 2804 439 2832 480; x_wconf 73' lang='grc' dir='ltr'>δ</span> <span class='ocrx_word' id='word_1_140' title='bbox 2865 441 2999 514; x_wconf 90' lang='lat' dir='ltr'><strong>legis</strong></span> <span class='ocrx_word' id='word_1_141' title='bbox 3030 443 3352 514; x_wconf 89' lang='lat' dir='ltr'><strong>impleverit.</strong></span> <span class='ocrx_word' id='word_1_142' title='bbox 3385 461 3406 496; x_wconf 76' lang='grc' dir='ltr'><strong>ι</strong></span> 
     </span>
    </p>
   </div>
   <div class='ocr_carea' id='block_1_19' title="bbox 2253 533 3776 611">
    <p class='ocr_par' dir='ltr' id='par_1_19' title="bbox 2253 533 3776 611">
     <span class='ocr_line' id='line_1_19' title="bbox 2253 533 3776 611; baseline 0.005 -23"><span class='ocrx_word' id='word_1_143' title='bbox 2253 533 2310 588; x_wconf 74' lang='grc'><strong>4.</strong></span> <span class='ocrx_word' id='word_1_144' title='bbox 2352 534 2617 592; x_wconf 82' lang='lat' dir='ltr'><strong>Asserere</strong></span> <span class='ocrx_word' id='word_1_145' title='bbox 2645 535 2788 592; x_wconf 87' lang='lat' dir='ltr'><strong>hunc</strong></span> <span class='ocrx_word' id='word_1_146' title='bbox 2812 537 2980 606; x_wconf 92' lang='lat' dir='ltr'><strong>illud,</strong></span> <span class='ocrx_word' id='word_1_147' title='bbox 3011 538 3157 608; x_wconf 92' lang='lat' dir='ltr'><strong>quod</strong></span> <span class='ocrx_word' id='word_1_148' title='bbox 3185 538 3346 595; x_wconf 86' lang='lat' dir='ltr'><strong>toties</strong></span> <span class='ocrx_word' id='word_1_149' title='bbox 3369 536 3482 608; x_wconf 77' lang='lat' dir='ltr'><strong>iam</strong></span> <span class='ocrx_word' id='word_1_150' title='bbox 3515 539 3776 611; x_wconf 74' lang='lat' dir='ltr'><strong>superius</strong></span> 
     </span>
    </p>
   </div>
   <div class='ocr_carea' id='block_1_20' title="bbox 2182 630 3777 706">
    <p class='ocr_par' dir='ltr' id='par_1_20' title="bbox 2182 630 3777 706">
     <span class='ocr_line' id='line_1_20' title="bbox 2182 630 3777 706; baseline 0.004 -19"><span class='ocrx_word' id='word_1_151' title='bbox 2182 630 2384 687; x_wconf 91' lang='lat' dir='ltr'><strong>dictum</strong></span> <span class='ocrx_word' id='word_1_152' title='bbox 2412 639 2532 698; x_wconf 91' lang='lat' dir='ltr'><strong>est,</strong></span> <span class='ocrx_word' id='word_1_153' title='bbox 2569 650 2591 684; x_wconf 73' lang='grc' dir='ltr'><strong>ι</strong></span> <span class='ocrx_word' id='word_1_154' title='bbox 2639 632 2720 688; x_wconf 78' lang='lat' dir='ltr'><strong>Ad</strong></span> <span class='ocrx_word' id='word_1_155' title='bbox 2750 647 2974 704; x_wconf 89' lang='lat' dir='ltr'><strong>regnum</strong></span> <span class='ocrx_word' id='word_1_156' title='bbox 3013 634 3276 690; x_wconf 77' lang='lat' dir='ltr'><strong>cmlorum</strong></span> <span class='ocrx_word' id='word_1_157' title='bbox 3322 633 3488 690; x_wconf 89' lang='lat' dir='ltr'><strong>libros</strong></span> <span class='ocrx_word' id='word_1_158' title='bbox 3527 634 3728 706; x_wconf 82' lang='lat' dir='ltr'><strong>Moysis</strong></span> <span class='ocrx_word' id='word_1_159' title='bbox 3751 677 3777 703; x_wconf 83' lang='lat'><strong>,</strong></span> 
     </span>
    </p>
   </div>
   <div class='ocr_carea' id='block_1_21' title="bbox 2185 724 3774 799">
    <p class='ocr_par' dir='ltr' id='par_1_21' title="bbox 2185 724 3774 799">
     <span class='ocr_line' id='line_1_21' title="bbox 2185 724 3774 799; baseline 0.003 -19"><span class='ocrx_word' id='word_1_160' title='bbox 2185 725 2326 781; x_wconf 85' lang='lat' dir='ltr'><strong>sicut</strong></span> <span class='ocrx_word' id='word_1_161' title='bbox 2367 724 2724 796; x_wconf 86' lang='lat' dir='ltr'><strong>Evangelium</strong></span> <span class='ocrx_word' id='word_1_162' title='bbox 2771 727 3023 795; x_wconf 92' lang='lat' dir='ltr'><strong>mittere,</strong></span> <span class='ocrx_word' id='word_1_163' title='bbox 3066 746 3086 780; x_wconf 73' lang='grc' dir='ltr'><strong>ι</strong></span> <span class='ocrx_word' id='word_1_164' title='bbox 3129 727 3306 784; x_wconf 90' lang='lat' dir='ltr'><strong>nullus</strong></span> <span class='ocrx_word' id='word_1_165' title='bbox 3335 727 3774 799; x_wconf 88' lang='lat' dir='ltr'><strong>catholicorum,</strong></span> 
     </span>
    </p>
   </div>
   <div class='ocr_carea' id='block_1_22' title="bbox 2185 817 3773 893">
    <p class='ocr_par' dir='ltr' id='par_1_22' title="bbox 2185 817 3773 893">
     <span class='ocr_line' id='line_1_22' title="bbox 2185 817 3773 893; baseline 0.004 -21"><span class='ocrx_word' id='word_1_166' title='bbox 2185 817 2275 888; x_wconf 93' lang='lat' dir='ltr'><strong>qui</strong></span> <span class='ocrx_word' id='word_1_167' title='bbox 2302 817 2403 873; x_wconf 86' lang='lat' dir='ltr'><strong>hoc</strong></span> <span class='ocrx_word' id='word_1_168' title='bbox 2440 818 2731 889; x_wconf 83' lang='lat' dir='ltr'><strong>capitulum</strong></span> <span class='ocrx_word' id='word_1_169' title='bbox 2760 818 2980 890; x_wconf 91' lang='lat' dir='ltr'><strong>legerit,</strong></span> <span class='ocrx_word' id='word_1_170' title='bbox 3011 818 3253 886; x_wconf 89' lang='lat' dir='ltr'><strong>dubitat,</strong></span> <span class='ocrx_word' id='word_1_171' title='bbox 3286 835 3389 877; x_wconf 85' lang='lat' dir='ltr'><strong>nec</strong></span> <span class='ocrx_word' id='word_1_172' title='bbox 3415 821 3773 893; x_wconf 90' lang='lat' dir='ltr'><strong>intelligendo</strong></span> 
     </span>
    </p>
   </div>
   <div class='ocr_carea' id='block_1_23' title="bbox 2183 908 3878 986">
    <p class='ocr_par' dir='ltr' id='par_1_23' title="bbox 2183 908 3878 986">
     <span class='ocr_line' id='line_1_23' title="bbox 2183 908 3878 986; baseline 0.004 -22"><span class='ocrx_word' id='word_1_173' title='bbox 2183 908 2554 965; x_wconf 88' lang='lat' dir='ltr'><strong>difficultatem</strong></span> <span class='ocrx_word' id='word_1_174' title='bbox 2599 910 2836 981; x_wconf 84' lang='lat' dir='ltr'><strong>aliquam</strong></span> <span class='ocrx_word' id='word_1_175' title='bbox 2874 910 3076 980; x_wconf 91' lang='lat' dir='ltr'><strong>poterit</strong></span> <span class='ocrx_word' id='word_1_176' title='bbox 3109 911 3398 968; x_wconf 90' lang='lat' dir='ltr'><strong>sustinere.</strong></span> <span class='ocrx_word' id='word_1_177' title='bbox 3437 912 3508 968; x_wconf 83' lang='lat' dir='ltr'><strong>Et</strong></span> <span class='ocrx_word' id='word_1_178' title='bbox 3531 913 3660 984; x_wconf 85' lang='lat' dir='ltr'><strong>quia</strong></span> <span class='ocrx_word' id='word_1_179' title='bbox 3687 914 3778 970; x_wconf 82' lang='lat' dir='ltr'><strong>in-</strong></span> <span class='ocrx_word' id='word_1_180' title='bbox 3869 944 3878 986; x_wconf 73' lang='grc' dir='ltr'><strong>ς</strong></span> 
     </span>
    </p>
   </div>
   <div class='ocr_carea' id='block_1_24' title="bbox 2184 999 3884 1074">
    <p class='ocr_par' dir='ltr' id='par_1_24' title="bbox 2184 999 3884 1074">
     <span class='ocr_line' id='line_1_24' title="bbox 2184 999 3884 1074; baseline 0.004 -18"><span class='ocrx_word' id='word_1_181' title='bbox 2184 999 2421 1057; x_wconf 90' lang='lat' dir='ltr'><strong>discrete</strong></span> <span class='ocrx_word' id='word_1_182' title='bbox 2453 1001 2627 1072; x_wconf 85' lang='lat' dir='ltr'><strong>legem</strong></span> <span class='ocrx_word' id='word_1_183' title='bbox 2665 1003 2719 1058; x_wconf 90' lang='lat' dir='ltr'><strong>in</strong></span> <span class='ocrx_word' id='word_1_184' title='bbox 2752 1001 2946 1060; x_wconf 84' lang='lat' dir='ltr'><strong>eodem</strong></span> <span class='ocrx_word' id='word_1_185' title='bbox 2976 1001 3300 1074; x_wconf 77' lang='lat' dir='ltr'><strong>fmpiissimo</strong></span> <span class='ocrx_word' id='word_1_186' title='bbox 3329 1003 3567 1074; x_wconf 89' lang='lat' dir='ltr'><strong>capitulo</strong></span> <span class='ocrx_word' id='word_1_187' title='bbox 3591 1005 3774 1061; x_wconf 88' lang='lat' dir='ltr'><strong>nomi-</strong></span> <span class='ocrx_word' id='word_1_188' title='bbox 3867 999 3884 1074; x_wconf 70' lang='grc' dir='ltr'><strong>ξ</strong></span> 
     </span>
    </p>
   </div>
   <div class='ocr_carea' id='block_1_25' title="bbox 2185 1093 3886 1166">
    <p class='ocr_par' dir='ltr' id='par_1_25' title="bbox 2185 1093 3886 1166">
     <span class='ocr_line' id='line_1_25' title="bbox 2185 1093 3886 1166; baseline 0.002 -16"><span class='ocrx_word' id='word_1_189' title='bbox 2185 1093 2378 1162; x_wconf 84' lang='lat' dir='ltr'><strong>navit,</strong></span> <span class='ocrx_word' id='word_1_190' title='bbox 2409 1093 2551 1166; x_wconf 90' lang='lat' dir='ltr'><strong>quod</strong></span> <span class='ocrx_word' id='word_1_191' title='bbox 2581 1094 2628 1149; x_wconf 89' lang='lat' dir='ltr'><strong>si</strong></span> <span class='ocrx_word' id='word_1_192' title='bbox 2656 1094 2950 1151; x_wconf 80' lang='lat' dir='ltr'><strong>Mosaicam</strong></span> <span class='ocrx_word' id='word_1_193' title='bbox 2975 1140 2990 1164; x_wconf 97' lang='lat'><strong>,</strong></span> <span class='ocrx_word' id='word_1_194' title='bbox 3030 1096 3186 1166; x_wconf 89' lang='lat' dir='ltr'><strong>cujus</strong></span> <span class='ocrx_word' id='word_1_195' title='bbox 3216 1095 3580 1152; x_wconf 84' lang='lat' dir='ltr'><strong>testimonium</strong></span> <span class='ocrx_word' id='word_1_196' title='bbox 3611 1100 3779 1154; x_wconf 83' lang='lat' dir='ltr'><strong>male-</strong></span> <span class='ocrx_word' id='word_1_197' title='bbox 3868 1093 3886 1146; x_wconf 60' lang='lat'><strong>’2-</strong></span> 
     </span>
    </p>
   </div>
   <div class='ocr_carea' id='block_1_26' title="bbox 2184 1186 3778 1258">
    <p class='ocr_par' dir='ltr' id='par_1_26' title="bbox 2184 1186 3778 1258">
     <span class='ocr_line' id='line_1_26' title="bbox 2184 1186 3778 1258; baseline 0.005 -18"><span class='ocrx_word' id='word_1_198' title='bbox 2184 1186 2307 1240; x_wconf 89' lang='lat' dir='ltr'><strong>dicti</strong></span> <span class='ocrx_word' id='word_1_199' title='bbox 2341 1187 2558 1258; x_wconf 85' lang='lat' dir='ltr'><strong>posuit,</strong></span> <span class='ocrx_word' id='word_1_200' title='bbox 2594 1198 2619 1227; x_wconf 72' lang='grc' dir='ltr'>ε</span> <span class='ocrx_word' id='word_1_201' title='bbox 2649 1196 2836 1258; x_wconf 82' lang='lat' dir='ltr'><strong>aperte</strong></span> <span class='ocrx_word' id='word_1_202' title='bbox 2877 1202 2977 1243; x_wconf 91' lang='lat' dir='ltr'><strong>nos</strong></span> <span class='ocrx_word' id='word_1_203' title='bbox 3017 1187 3072 1243; x_wconf 90' lang='lat' dir='ltr'><strong>in</strong></span> <span class='ocrx_word' id='word_1_204' title='bbox 3114 1187 3455 1245; x_wconf 85' lang='lat' dir='ltr'><strong>Judaismum</strong></span> <span class='ocrx_word' id='word_1_205' title='bbox 3497 1190 3778 1248; x_wconf 84' lang='lat' dir='ltr'><strong>attrahere</strong></span> 
     </span>
    </p>
   </div>
   <div class='ocr_carea' id='block_1_27' title="bbox 2184 1281 3777 1356">
    <p class='ocr_par' dir='ltr' id='par_1_27' title="bbox 2184 1281 3777 1356">
     <span class='ocr_line' id='line_1_27' title="bbox 2184 1281 3777 1356; baseline 0.002 -18"><span class='ocrx_word' id='word_1_206' title='bbox 2184 1290 2386 1350; x_wconf 90' lang='lat' dir='ltr'><strong>tentat;</strong></span> <span class='ocrx_word' id='word_1_207' title='bbox 2415 1284 2558 1354; x_wconf 90' lang='lat' dir='ltr'><strong>quod</strong></span> <span class='ocrx_word' id='word_1_208' title='bbox 2586 1283 2653 1353; x_wconf 90' lang='lat' dir='ltr'><strong>si,</strong></span> <span class='ocrx_word' id='word_1_209' title='bbox 2683 1282 2751 1338; x_wconf 90' lang='lat' dir='ltr'><strong>ad</strong></span> <span class='ocrx_word' id='word_1_210' title='bbox 2783 1281 3068 1353; x_wconf 90' lang='lat' dir='ltr'><strong>tegendum</strong></span> <span class='ocrx_word' id='word_1_211' title='bbox 3099 1295 3159 1338; x_wconf 91' lang='lat' dir='ltr'><strong>se</strong></span> <span class='ocrx_word' id='word_1_212' title='bbox 3187 1297 3282 1353; x_wconf 84' lang='lat' dir='ltr'><strong>per</strong></span> <span class='ocrx_word' id='word_1_213' title='bbox 3315 1281 3602 1350; x_wconf 82' lang='lat' dir='ltr'><strong>fallaciam,</strong></span> <span class='ocrx_word' id='word_1_214' title='bbox 3637 1285 3777 1356; x_wconf 84' lang='lat' dir='ltr'><strong>legis</strong></span> 
     </span>
    </p>
   </div>
   <div class='ocr_carea' id='block_1_28' title="bbox 2179 1374 3779 1446">
    <p class='ocr_par' dir='ltr' id='par_1_28' title="bbox 2179 1374 3779 1446">
     <span class='ocr_line' id='line_1_28' title="bbox 2179 1374 3779 1446; baseline 0.003 -16"><span class='ocrx_word' id='word_1_215' title='bbox 2179 1375 2398 1432; x_wconf 91' lang='lat' dir='ltr'><strong>nomine</strong></span> <span class='ocrx_word' id='word_1_216' title='bbox 2444 1374 2790 1446; x_wconf 87' lang='lat' dir='ltr'><strong>Evangelium</strong></span> <span class='ocrx_word' id='word_1_217' title='bbox 2820 1389 2880 1430; x_wconf 89' lang='lat' dir='ltr'><strong>se</strong></span> <span class='ocrx_word' id='word_1_218' title='bbox 2908 1374 3108 1432; x_wconf 82' lang='lat' dir='ltr'><strong>dixerit</strong></span> <span class='ocrx_word' id='word_1_219' title='bbox 3155 1374 3487 1444; x_wconf 85' lang='lat' dir='ltr'><strong>nominasse,</strong></span> <span class='ocrx_word' id='word_1_220' title='bbox 3533 1374 3561 1414; x_wconf 75' lang='grc' dir='ltr'><strong><em>ἀ</em></strong></span> <span class='ocrx_word' id='word_1_221' title='bbox 3603 1377 3657 1432; x_wconf 83' lang='grc' dir='ltr'>ἱιι</span> <span class='ocrx_word' id='word_1_222' title='bbox 3703 1393 3779 1435; x_wconf 82' lang='lat' dir='ltr'><strong>eo</strong></span> 
     </span>
    </p>
   </div>
   <div class='ocr_carea' id='block_1_29' title="bbox 2175 1466 3772 1541">
    <p class='ocr_par' dir='ltr' id='par_1_29' title="bbox 2175 1466 3772 1541">
     <span class='ocr_line' id='line_1_29' title="bbox 2175 1466 3772 1541; baseline 0.002 -17"><span class='ocrx_word' id='word_1_223' title='bbox 2175 1468 2394 1541; x_wconf 88' lang='lat' dir='ltr'><strong>quidem</strong></span> <span class='ocrx_word' id='word_1_224' title='bbox 2423 1467 2570 1539; x_wconf 88' lang='lat' dir='ltr'><strong>quod</strong></span> <span class='ocrx_word' id='word_1_225' title='bbox 2605 1469 2778 1540; x_wconf 88' lang='lat' dir='ltr'><strong>legem</strong></span> <span class='ocrx_word' id='word_1_226' title='bbox 2806 1466 3160 1540; x_wconf 84' lang='lat' dir='ltr'><strong>Evangelium</strong></span> <span class='ocrx_word' id='word_1_227' title='bbox 3183 1469 3439 1540; x_wconf 82' lang='lat' dir='ltr'><strong>appellat,</strong></span> <span class='ocrx_word' id='word_1_228' title='bbox 3470 1484 3577 1525; x_wconf 92' lang='lat' dir='ltr'><strong>non</strong></span> <span class='ocrx_word' id='word_1_229' title='bbox 3597 1479 3772 1528; x_wconf 84' lang='lat' dir='ltr'><strong>errat.</strong></span> 
     </span>
    </p>
   </div>
   <div class='ocr_carea' id='block_1_30' title="bbox 2181 1559 3784 1636">
    <p class='ocr_par' dir='ltr' id='par_1_30' title="bbox 2181 1559 3784 1636">
     <span class='ocr_line' id='line_1_30' title="bbox 2181 1559 3784 1636; baseline 0.001 -17"><span class='ocrx_word' id='word_1_230' title='bbox 2181 1569 2206 1600; x_wconf 81' lang='lat'><strong><em>°</em></strong></span> <span class='ocrx_word' id='word_1_231' title='bbox 2229 1561 2338 1619; x_wconf 89' lang='lat' dir='ltr'><strong>Sed</strong></span> <span class='ocrx_word' id='word_1_232' title='bbox 2365 1561 2420 1618; x_wconf 92' lang='lat' dir='ltr'><strong>in</strong></span> <span class='ocrx_word' id='word_1_233' title='bbox 2447 1575 2515 1618; x_wconf 90' lang='lat' dir='ltr'><strong>eo</strong></span> <span class='ocrx_word' id='word_1_234' title='bbox 2542 1571 2630 1619; x_wconf 90' lang='lat' dir='ltr'><strong>est</strong></span> <span class='ocrx_word' id='word_1_235' title='bbox 2655 1561 2875 1633; x_wconf 92' lang='lat' dir='ltr'><strong>impius,</strong></span> <span class='ocrx_word' id='word_1_236' title='bbox 2900 1561 2956 1618; x_wconf 94' lang='lat' dir='ltr'><strong>in</strong></span> <span class='ocrx_word' id='word_1_237' title='bbox 2984 1575 3096 1632; x_wconf 88' lang='lat' dir='ltr'><strong>quo</strong></span> <span class='ocrx_word' id='word_1_238' title='bbox 3124 1561 3228 1618; x_wconf 86' lang='lat' dir='ltr'><strong>sub</strong></span> <span class='ocrx_word' id='word_1_239' title='bbox 3257 1559 3278 1602; x_wconf 70' lang='grc' dir='ltr'><strong>ί</strong></span> <span class='ocrx_word' id='word_1_240' title='bbox 3308 1562 3471 1619; x_wconf 88' lang='lat' dir='ltr'><strong>simili</strong></span> <span class='ocrx_word' id='word_1_241' title='bbox 3494 1573 3550 1621; x_wconf 91' lang='lat' dir='ltr'><strong>et</strong></span> <span class='ocrx_word' id='word_1_242' title='bbox 3576 1564 3784 1636; x_wconf 68' lang='lat' dir='ltr'><strong>aequali</strong></span> 
     </span>
    </p>
   </div>
   <div class='ocr_carea' id='block_1_31' title="bbox 1650 1721 2598 1782">
    <p class='ocr_par' dir='ltr' id='par_1_31' title="bbox 1650 1721 2598 1782">
     <span class='ocr_line' id='line_1_31' title="bbox 1650 1721 2598 1782; baseline -0.003 -1"><span class='ocrx_word' id='word_1_243' title='bbox 1650 1721 2203 1782; x_wconf 80' lang='lat' dir='ltr'><strong>CASTIGATIONES</strong></span> <span class='ocrx_word' id='word_1_244' title='bbox 2242 1723 2334 1779; x_wconf 84' lang='lat' dir='ltr'>ET</span> <span class='ocrx_word' id='word_1_245' title='bbox 2371 1722 2598 1781; x_wconf 64' lang='grc' dir='ltr'><strong>ΝΟΤίΕ.</strong></span> 
     </span>
    </p>
   </div>
   <div class='ocr_carea' id='block_1_32' title="bbox 480 1864 3784 1942">
    <p class='ocr_par' dir='ltr' id='par_1_32' title="bbox 480 1864 3784 1942">
     <span class='ocr_line' id='line_1_32' title="bbox 480 1864 3784 1942; baseline -0.001 -17"><span class='ocrx_word' id='word_1_246' title='bbox 480 1873 590 1942; x_wconf 87' lang='lat' dir='ltr'><strong>sine</strong></span> <span class='ocrx_word' id='word_1_247' title='bbox 611 1878 818 1942; x_wconf 72' lang='lat' dir='ltr'><strong>peccato</strong></span> <span class='ocrx_word' id='word_1_248' title='bbox 843 1883 983 1931; x_wconf 87' lang='lat' dir='ltr'><strong>esse,</strong></span> <span class='ocrx_word' id='word_1_249' title='bbox 1016 1875 1064 1942; x_wconf 80' lang='lat' dir='ltr'><strong>et</strong></span> <span class='ocrx_word' id='word_1_250' title='bbox 1103 1865 1201 1920; x_wconf 85' lang='lat' dir='ltr'><strong>Dei</strong></span> <span class='ocrx_word' id='word_1_251' title='bbox 1227 1866 1473 1942; x_wconf 70' lang='lat' dir='ltr'><strong>mandata</strong></span> <span class='ocrx_word' id='word_1_252' title='bbox 1498 1864 1758 1942; x_wconf 56' lang='lat' dir='ltr'><strong>custodire</strong></span> <span class='ocrx_word' id='word_1_253' title='bbox 1781 1905 1806 1942; x_wconf 83' lang='lat'><strong>,_</strong></span> <span class='ocrx_word' id='word_1_254' title='bbox 1829 1865 1890 1942; x_wconf 69' lang='lat' dir='ltr'><strong>si</strong></span> <span class='ocrx_word' id='word_1_255' title='bbox 1905 1865 2023 1920; x_wconf 87' lang='lat' dir='ltr'><strong>velit</strong></span> <span class='ocrx_word' id='word_1_256' title='bbox 2047 1906 2064 1933; x_wconf 92' lang='lat'><strong>,</strong></span> <span class='ocrx_word' id='word_1_257' title='bbox 2097 1868 2146 1930; x_wconf 89' lang='lat' dir='ltr'><strong>B</strong></span> <span class='ocrx_word' id='word_1_258' title='bbox 2171 1880 2238 1922; x_wconf 84' lang='lat' dir='ltr'><strong>ex</strong></span> <span class='ocrx_word' id='word_1_259' title='bbox 2287 1865 2701 1942; x_wconf 25' lang='lat' dir='ltr'><strong>qquMercato‘r</strong></span> <span class='ocrx_word' id='word_1_260' title='bbox 2725 1879 2822 1942; x_wconf 82' lang='lat' dir='ltr'><strong>sua</strong></span> <span class='ocrx_word' id='word_1_261' title='bbox 2855 1865 3128 1942; x_wconf 82' lang='lat' dir='ltr'><strong>decerpsit</strong></span> <span class='ocrx_word' id='word_1_262' title='bbox 3162 1883 3174 1918; x_wconf 92' lang='lat'>:</span> <span class='ocrx_word' id='word_1_263' title='bbox 3205 1878 3313 1919; x_wconf 92' lang='lat' dir='ltr'><strong>non</strong></span> <span class='ocrx_word' id='word_1_264' title='bbox 3346 1865 3452 1920; x_wconf 91' lang='lat' dir='ltr'><strong>erit</strong></span> <span class='ocrx_word' id='word_1_265' title='bbox 3478 1873 3660 1920; x_wconf 92' lang='lat' dir='ltr'><strong>autem</strong></span> <span class='ocrx_word' id='word_1_266' title='bbox 3691 1865 3784 1923; x_wconf 79' lang='lat' dir='ltr'><strong>in—</strong></span> 
     </span>
    </p>
   </div>
   <div class='ocr_carea' id='block_1_33' title="bbox 481 1935 2071 2008">
    <p class='ocr_par' dir='ltr' id='par_1_33' title="bbox 481 1935 2071 2008">
     <span class='ocr_line' id='line_1_33' title="bbox 481 1935 2071 2008; baseline -0.004 -12"><span class='ocrx_word' id='word_1_267' title='bbox 481 1935 732 1997; x_wconf 75' lang='lat' dir='ltr'><strong>diximus.</strong></span> <span class='ocrx_word' id='word_1_268' title='bbox 769 1938 918 1994; x_wconf 83' lang='lat' dir='ltr'><strong>Hanc</strong></span> <span class='ocrx_word' id='word_1_269' title='bbox 942 1940 1083 1993; x_wconf 90' lang='lat' dir='ltr'><strong>enim</strong></span> <span class='ocrx_word' id='word_1_270' title='bbox 1111 1935 1506 2008; x_wconf 84' lang='lat' dir='ltr'><strong>possibilitatem</strong></span> <span class='ocrx_word' id='word_1_271' title='bbox 1533 1935 1673 2008; x_wconf 86' lang='lat' dir='ltr'><strong>Deus</strong></span> <span class='ocrx_word' id='word_1_272' title='bbox 1697 1936 1745 2008; x_wconf 84' lang='lat' dir='ltr'><strong>ei</strong></span> <span class='ocrx_word' id='word_1_273' title='bbox 1771 1936 1913 2008; x_wconf 87' lang='lat' dir='ltr'><strong>dedit</strong></span> <span class='ocrx_word' id='word_1_274' title='bbox 1938 1952 1957 2002; x_wconf 88' lang='lat'><em>;</em></span> <span class='ocrx_word' id='word_1_275' title='bbox 1987 1953 2071 1990; x_wconf 87' lang='lat' dir='ltr'><strong>re-</strong></span> 
     </span>
    </p>
   </div>
   <div class='ocr_carea' id='block_1_34' title="bbox 481 2005 2071 2084">
    <p class='ocr_par' dir='ltr' id='par_1_34' title="bbox 481 2005 2071 2084">
     <span class='ocr_line' id='line_1_34' title="bbox 481 2005 2071 2084; baseline -0.004 -16"><span class='ocrx_word' id='word_1_276' title='bbox 481 2015 629 2084; x_wconf 90' lang='lat' dir='ltr'><strong>liqua</strong></span> <span class='ocrx_word' id='word_1_277' title='bbox 652 2028 772 2067; x_wconf 89' lang='lat' dir='ltr'><strong>vero</strong></span> <span class='ocrx_word' id='word_1_278' title='bbox 798 2051 813 2076; x_wconf 94' lang='lat'><strong>,</strong></span> <span class='ocrx_word' id='word_1_279' title='bbox 849 2026 965 2084; x_wconf 72' lang='lat' dir='ltr'><strong>qua:</strong></span> <span class='ocrx_word' id='word_1_280' title='bbox 1011 2005 1335 2084; x_wconf 79' lang='lat' dir='ltr'><strong>subjecerunt</strong></span> <span class='ocrx_word' id='word_1_281' title='bbox 1358 2051 1389 2084; x_wconf 24' lang='grc' dir='ltr'><strong>,Α</strong></span> <span class='ocrx_word' id='word_1_282' title='bbox 1422 2023 1585 2078; x_wconf 86' lang='lat' dir='ltr'><strong>neque</strong></span> <span class='ocrx_word' id='word_1_283' title='bbox 1615 2005 2071 2084; x_wconf 44' lang='lat' dir='ltr'><strong>inhlibrisunostris</strong></span> 
     </span>
    </p>
   </div>
   <div class='ocr_carea' id='block_1_35' title="bbox 482 2075 2074 2154">
    <p class='ocr_par' dir='ltr' id='par_1_35' title="bbox 482 2075 2074 2154">
     <span class='ocr_line' id='line_1_35' title="bbox 482 2075 2074 2154; baseline -0.004 -15"><span class='ocrx_word' id='word_1_284' title='bbox 482 2075 602 2139; x_wconf 73' lang='lat' dir='ltr'><strong>sunt</strong></span> <span class='ocrx_word' id='word_1_285' title='bbox 622 2125 636 2149; x_wconf 95' lang='lat'><strong>,</strong></span> <span class='ocrx_word' id='word_1_286' title='bbox 667 2075 825 2154; x_wconf 88' lang='lat' dir='ltr'><strong>neque</strong></span> <span class='ocrx_word' id='word_1_287' title='bbox 849 2075 986 2154; x_wconf 79' lang='lat' dir='ltr'><strong>talia</strong></span> <span class='ocrx_word' id='word_1_288' title='bbox 1010 2075 1250 2154; x_wconf 75' lang='lat' dir='ltr'><strong>umquam</strong></span> <span class='ocrx_word' id='word_1_289' title='bbox 1280 2075 1580 2154; x_wconf 75' lang='lat' dir='ltr'><strong>diximus.__t</strong></span> <span class='ocrx_word' id='word_1_290' title='bbox 1631 2075 1730 2154; x_wconf 79' lang='lat' dir='ltr'><strong>His</strong></span> <span class='ocrx_word' id='word_1_291' title='bbox 1759 2078 1954 2154; x_wconf 80' lang='lat' dir='ltr'><strong>auditis</strong></span> <span class='ocrx_word' id='word_1_292' title='bbox 1985 2096 2074 2149; x_wconf 79' lang='lat' dir='ltr'><strong>sy-</strong></span> 
     </span>
    </p>
   </div>
   <div class='ocr_carea' id='block_1_36' title="bbox 484 2150 2073 2220">
    <p class='ocr_par' dir='ltr' id='par_1_36' title="bbox 484 2150 2073 2220">
     <span class='ocr_line' id='line_1_36' title="bbox 484 2150 2073 2220; baseline -0.004 -11"><span class='ocrx_word' id='word_1_293' title='bbox 484 2155 654 2209; x_wconf 86' lang='lat' dir='ltr'><strong>nodus</strong></span> <span class='ocrx_word' id='word_1_294' title='bbox 681 2150 814 2208; x_wconf 52' lang='lat' dir='ltr'><strong>dicit</strong></span> <span class='ocrx_word' id='word_1_295' title='bbox 839 2170 856 2208; x_wconf 90' lang='lat'><strong><em>:</em></strong></span> <span class='ocrx_word' id='word_1_296' title='bbox 893 2171 912 2206; x_wconf 84' lang='lat' dir='ltr'><strong>t</strong></span> <span class='ocrx_word' id='word_1_297' title='bbox 952 2150 1208 2218; x_wconf 85' lang='lat' dir='ltr'><strong>Quoniam</strong></span> <span class='ocrx_word' id='word_1_298' title='bbox 1229 2167 1382 2220; x_wconf 81' lang='lat' dir='ltr'><strong>negas</strong></span> <span class='ocrx_word' id='word_1_299' title='bbox 1406 2159 1454 2203; x_wconf 87' lang='lat' dir='ltr'><strong>te</strong></span> <span class='ocrx_word' id='word_1_300' title='bbox 1475 2150 1600 2220; x_wconf 77' lang='lat' dir='ltr'><strong>talia</strong></span> <span class='ocrx_word' id='word_1_301' title='bbox 1621 2150 1908 2220; x_wconf 77' lang='lat' dir='ltr'><strong>scripsisse,</strong></span> <span class='ocrx_word' id='word_1_302' title='bbox 1940 2166 2073 2203; x_wconf 88' lang='lat' dir='ltr'><strong>ana-</strong></span> 
     </span>
    </p>
   </div>
   <div class='ocr_carea' id='block_1_37' title="bbox 481 2219 2072 2294">
    <p class='ocr_par' dir='ltr' id='par_1_37' title="bbox 481 2219 2072 2294">
     <span class='ocr_line' id='line_1_37' title="bbox 481 2219 2072 2294; baseline -0.002 -16"><span class='ocrx_word' id='word_1_303' title='bbox 481 2226 782 2280; x_wconf 78' lang='lat' dir='ltr'><strong>thematizas</strong></span> <span class='ocrx_word' id='word_1_304' title='bbox 805 2225 947 2289; x_wconf 86' lang='lat' dir='ltr'><strong>illos,</strong></span> <span class='ocrx_word' id='word_1_305' title='bbox 975 2223 1063 2294; x_wconf 90' lang='lat' dir='ltr'><strong>qui</strong></span> <span class='ocrx_word' id='word_1_306' title='bbox 1091 2223 1164 2277; x_wconf 87' lang='lat' dir='ltr'><strong>sic</strong></span> <span class='ocrx_word' id='word_1_307' title='bbox 1194 2219 1398 2294; x_wconf 85' lang='lat' dir='ltr'><strong>tenent?</strong></span> <span class='ocrx_word' id='word_1_308' title='bbox 1433 2239 1452 2273; x_wconf 82' lang='lat' dir='ltr'><strong>t</strong></span> <span class='ocrx_word' id='word_1_309' title='bbox 1490 2219 1738 2294; x_wconf 74' lang='lat' dir='ltr'><strong>Pelagius</strong></span> <span class='ocrx_word' id='word_1_310' title='bbox 1767 2222 2028 2294; x_wconf 77' lang='lat' dir='ltr'><strong>respondit</strong></span> <span class='ocrx_word' id='word_1_311' title='bbox 2053 2238 2072 2276; x_wconf 89' lang='lat'><strong><em>:</em></strong></span> 
     </span>
    </p>
   </div>
   <div class='ocr_carea' id='block_1_38' title="bbox 489 2290 2074 2364">
    <p class='ocr_par' dir='ltr' id='par_1_38' title="bbox 489 2290 2074 2364">
     <span class='ocr_line' id='line_1_38' title="bbox 489 2290 2074 2364; baseline -0.003 -14"><span class='ocrx_word' id='word_1_312' title='bbox 489 2315 510 2350; x_wconf 74' lang='grc' dir='ltr'><strong>ι</strong></span> <span class='ocrx_word' id='word_1_313' title='bbox 543 2294 934 2352; x_wconf 77' lang='lat' dir='ltr'><strong>Anathematizo</strong></span> <span class='ocrx_word' id='word_1_314' title='bbox 959 2290 1107 2364; x_wconf 79' lang='lat' dir='ltr'><strong>quasi</strong></span> <span class='ocrx_word' id='word_1_315' title='bbox 1133 2293 1336 2361; x_wconf 87' lang='lat' dir='ltr'><strong>stultos,</strong></span> <span class='ocrx_word' id='word_1_316' title='bbox 1366 2307 1471 2346; x_wconf 85' lang='lat' dir='ltr'><strong>non</strong></span> <span class='ocrx_word' id='word_1_317' title='bbox 1497 2291 1642 2362; x_wconf 89' lang='lat' dir='ltr'><strong>quasi</strong></span> <span class='ocrx_word' id='word_1_318' title='bbox 1665 2290 1933 2346; x_wconf 78' lang='lat' dir='ltr'><strong>htereticos</strong></span> <span class='ocrx_word' id='word_1_319' title='bbox 1959 2333 1974 2359; x_wconf 92' lang='lat'><strong>,</strong></span> <span class='ocrx_word' id='word_1_320' title='bbox 2002 2296 2074 2346; x_wconf 87' lang='lat' dir='ltr'><strong>si-</strong></span> 
     </span>
    </p>
   </div>
   <div class='ocr_carea' id='block_1_39' title="bbox 482 2367 1218 2449">
    <p class='ocr_par' dir='ltr' id='par_1_39' title="bbox 482 2367 1218 2449">
     <span class='ocr_line' id='line_1_39' title="bbox 482 2367 1218 2449; baseline -0.007 -27"><span class='ocrx_word' id='word_1_321' title='bbox 482 2369 694 2449; x_wconf 72' lang='lat' dir='ltr'><strong>quidem</strong></span> <span class='ocrx_word' id='word_1_322' title='bbox 713 2383 816 2449; x_wconf 72' lang='lat' dir='ltr'><strong>non</strong></span> <span class='ocrx_word' id='word_1_323' title='bbox 840 2367 1158 2449; x_wconf 43' lang='lat' dir='ltr'><strong>estldpgma.</strong></span> <span class='ocrx_word' id='word_1_324' title='bbox 1199 2383 1218 2417; x_wconf 70' lang='grc' dir='ltr'><strong>ι</strong></span> 
     </span>
    </p>
   </div>
   <div class='ocr_carea' id='block_1_40' title="bbox 556 2433 2073 2509">
    <p class='ocr_par' dir='ltr' id='par_1_40' title="bbox 556 2433 2073 2509">
     <span class='ocr_line' id='line_1_40' title="bbox 556 2433 2073 2509; baseline -0.005 -14"><span class='ocrx_word' id='word_1_325' title='bbox 556 2439 892 2509; x_wconf 77' lang='lat' dir='ltr'><strong>Augustinus</strong></span> <span class='ocrx_word' id='word_1_326' title='bbox 921 2433 1114 2509; x_wconf 84' lang='lat' dir='ltr'><strong>(lbid.)</strong></span> <span class='ocrx_word' id='word_1_327' title='bbox 1159 2451 1173 2489; x_wconf 90' lang='lat'><strong>:</strong></span> <span class='ocrx_word' id='word_1_328' title='bbox 1207 2433 1321 2489; x_wconf 87' lang='lat' dir='ltr'><strong>Nos</strong></span> <span class='ocrx_word' id='word_1_329' title='bbox 1365 2450 1486 2509; x_wconf 79' lang='lat' dir='ltr'><strong>sane</strong></span> <span class='ocrx_word' id='word_1_330' title='bbox 1523 2449 1648 2509; x_wconf 72' lang='lat' dir='ltr'><strong>cunt</strong></span> <span class='ocrx_word' id='word_1_331' title='bbox 1688 2434 1820 2486; x_wconf 87' lang='lat' dir='ltr'><strong>hanc</strong></span> <span class='ocrx_word' id='word_1_332' title='bbox 1869 2433 2073 2509; x_wconf 87' lang='lat' dir='ltr'><strong>Pelagii</strong></span> 
     </span>
    </p>
   </div>
   <div class='ocr_carea' id='block_1_41' title="bbox 484 2504 2073 2581">
    <p class='ocr_par' dir='ltr' id='par_1_41' title="bbox 484 2504 2073 2581">
     <span class='ocr_line' id='line_1_41' title="bbox 484 2504 2073 2581; baseline -0.004 -16"><span class='ocrx_word' id='word_1_333' title='bbox 484 2504 835 2581; x_wconf 58' lang='lat' dir='ltr'><strong>defensionem</strong></span> <span class='ocrx_word' id='word_1_334' title='bbox 863 2510 916 2581; x_wconf 89' lang='lat' dir='ltr'><strong>in</strong></span> <span class='ocrx_word' id='word_1_335' title='bbox 931 2504 1038 2562; x_wconf 42' lang='lat' dir='ltr'><strong>&quot;illa</strong></span> <span class='ocrx_word' id='word_1_336' title='bbox 1065 2504 1281 2581; x_wconf 51' lang='lat' dir='ltr'><strong>{quam</strong></span> <span class='ocrx_word' id='word_1_337' title='bbox 1307 2507 1454 2581; x_wconf 80' lang='lat' dir='ltr'><strong>prius</strong></span> <span class='ocrx_word' id='word_1_338' title='bbox 1468 2504 1769 2581; x_wconf 76' lang='lat' dir='ltr'><strong>accepimus</strong></span> <span class='ocrx_word' id='word_1_339' title='bbox 1789 2545 1803 2568; x_wconf 93' lang='lat'><strong>,</strong></span> <span class='ocrx_word' id='word_1_340' title='bbox 1833 2504 2073 2581; x_wconf 79' lang='lat' dir='ltr'><strong>clt_ar_tnla_</strong></span> 
     </span>
    </p>
   </div>
   <div class='ocr_carea' id='block_1_42' title="bbox 483 2574 2073 2649">
    <p class='ocr_par' dir='ltr' id='par_1_42' title="bbox 483 2574 2073 2649">
     <span class='ocr_line' id='line_1_42' title="bbox 483 2574 2073 2649; baseline -0.004 -13"><span class='ocrx_word' id='word_1_341' title='bbox 483 2574 786 2649; x_wconf 76' lang='lat' dir='ltr'><strong>legeremus,</strong></span> <span class='ocrx_word' id='word_1_342' title='bbox 803 2580 1016 2634; x_wconf 88' lang='lat' dir='ltr'><strong>aderant</strong></span> <span class='ocrx_word' id='word_1_343' title='bbox 1035 2574 1244 2649; x_wconf 86' lang='lat' dir='ltr'><strong>quidam</strong></span> <span class='ocrx_word' id='word_1_344' title='bbox 1267 2574 1430 2631; x_wconf 86' lang='lat' dir='ltr'><strong>sancti</strong></span> <span class='ocrx_word' id='word_1_345' title='bbox 1454 2577 1662 2649; x_wconf 78' lang='lat' dir='ltr'><strong>fratres,</strong></span> <span class='ocrx_word' id='word_1_346' title='bbox 1684 2575 1769 2640; x_wconf 85' lang='lat' dir='ltr'><strong>qui</strong></span> <span class='ocrx_word' id='word_1_347' title='bbox 1789 2592 1843 2629; x_wconf 90' lang='lat' dir='ltr'><strong>se</strong></span> <span class='ocrx_word' id='word_1_348' title='bbox 1869 2574 2073 2649; x_wconf 82' lang='lat' dir='ltr'><strong>Pelagii</strong></span> 
     </span>
    </p>
   </div>
   <div class='ocr_carea' id='block_1_43' title="bbox 485 2647 2074 2714">
    <p class='ocr_par' dir='ltr' id='par_1_43' title="bbox 485 2647 2074 2714">
     <span class='ocr_line' id='line_1_43' title="bbox 485 2647 2074 2714; baseline -0.004 -8"><span class='ocrx_word' id='word_1_349' title='bbox 485 2647 642 2707; x_wconf 84' lang='lat' dir='ltr'><strong>libros</strong></span> <span class='ocrx_word' id='word_1_350' title='bbox 666 2647 1057 2706; x_wconf 70' lang='lat' dir='ltr'><strong>exhortatorias</strong></span> <span class='ocrx_word' id='word_1_351' title='bbox 1082 2649 1158 2703; x_wconf 85' lang='lat' dir='ltr'><strong>vel</strong></span> <span class='ocrx_word' id='word_1_352' title='bbox 1185 2648 1557 2702; x_wconf 85' lang='lat' dir='ltr'><strong>consolatorios</strong></span> <span class='ocrx_word' id='word_1_353' title='bbox 1597 2648 1668 2700; x_wconf 87' lang='lat' dir='ltr'><strong>ad</strong></span> <span class='ocrx_word' id='word_1_354' title='bbox 1689 2647 1973 2714; x_wconf 84' lang='lat' dir='ltr'><strong>quamdam</strong></span> <span class='ocrx_word' id='word_1_355' title='bbox 2000 2649 2074 2700; x_wconf 86' lang='lat' dir='ltr'><strong>vi-</strong></span> 
     </span>
    </p>
   </div>
   <div class='ocr_carea' id='block_1_44' title="bbox 485 2721 2074 2791">
    <p class='ocr_par' dir='ltr' id='par_1_44' title="bbox 485 2721 2074 2791">
     <span class='ocr_line' id='line_1_44' title="bbox 485 2721 2074 2791; baseline -0.003 -15"><span class='ocrx_word' id='word_1_356' title='bbox 485 2725 643 2777; x_wconf 87' lang='lat' dir='ltr'><strong>duam</strong></span> <span class='ocrx_word' id='word_1_357' title='bbox 668 2722 1004 2790; x_wconf 86' lang='lat' dir='ltr'><strong>conscriptos,</strong></span> <span class='ocrx_word' id='word_1_358' title='bbox 1038 2721 1188 2791; x_wconf 82' lang='lat' dir='ltr'><strong>cujus</strong></span> <span class='ocrx_word' id='word_1_359' title='bbox 1217 2733 1402 2772; x_wconf 86' lang='lat' dir='ltr'><strong>nomen</strong></span> <span class='ocrx_word' id='word_1_360' title='bbox 1435 2734 1539 2772; x_wconf 89' lang='lat' dir='ltr'><strong>non</strong></span> <span class='ocrx_word' id='word_1_361' title='bbox 1567 2725 1644 2791; x_wconf 87' lang='lat' dir='ltr'><strong>est</strong></span> <span class='ocrx_word' id='word_1_362' title='bbox 1669 2733 1990 2791; x_wconf 73' lang='lat' dir='ltr'><strong>expressum,</strong></span> <span class='ocrx_word' id='word_1_363' title='bbox 2019 2732 2074 2772; x_wconf 89' lang='lat' dir='ltr'><strong>se</strong></span> 
     </span>
    </p>
   </div>
   <div class='ocr_carea' id='block_1_45' title="bbox 485 2788 2073 2858">
    <p class='ocr_par' dir='ltr' id='par_1_45' title="bbox 485 2788 2073 2858">
     <span class='ocr_line' id='line_1_45' title="bbox 485 2788 2073 2858; baseline -0.003 -12"><span class='ocrx_word' id='word_1_364' title='bbox 485 2794 672 2848; x_wconf 86' lang='lat' dir='ltr'><strong>habere</strong></span> <span class='ocrx_word' id='word_1_365' title='bbox 697 2788 962 2856; x_wconf 74' lang='lat' dir='ltr'><strong>dixerunt,</strong></span> <span class='ocrx_word' id='word_1_366' title='bbox 1006 2799 1052 2846; x_wconf 90' lang='lat' dir='ltr'><strong>et</strong></span> <span class='ocrx_word' id='word_1_367' title='bbox 1098 2788 1476 2844; x_wconf 80' lang='lat' dir='ltr'><strong>admonuerunt</strong></span> <span class='ocrx_word' id='word_1_368' title='bbox 1507 2788 1864 2858; x_wconf 88' lang='lat' dir='ltr'><strong>requirendum</strong></span> <span class='ocrx_word' id='word_1_369' title='bbox 1896 2800 2073 2842; x_wconf 90' lang='lat' dir='ltr'><strong>utrunt</strong></span> 
     </span>
    </p>
   </div>
   <div class='ocr_carea' id='block_1_46' title="bbox 485 2859 2069 2934">
    <p class='ocr_par' dir='ltr' id='par_1_46' title="bbox 485 2859 2069 2934">
     <span class='ocr_line' id='line_1_46' title="bbox 485 2859 2069 2934; baseline -0.004 -15"><span class='ocrx_word' id='word_1_370' title='bbox 485 2866 596 2919; x_wconf 89' lang='lat' dir='ltr'><strong>illic</strong></span> <span class='ocrx_word' id='word_1_371' title='bbox 622 2865 721 2919; x_wconf 90' lang='lat' dir='ltr'><strong>ista</strong></span> <span class='ocrx_word' id='word_1_372' title='bbox 743 2879 856 2932; x_wconf 73' lang='lat' dir='ltr'><strong>qua:</strong></span> <span class='ocrx_word' id='word_1_373' title='bbox 884 2880 977 2916; x_wconf 88' lang='lat' dir='ltr'><strong>sua</strong></span> <span class='ocrx_word' id='word_1_374' title='bbox 998 2862 1200 2934; x_wconf 83' lang='lat' dir='ltr'><strong>negavit</strong></span> <span class='ocrx_word' id='word_1_375' title='bbox 1229 2869 1393 2915; x_wconf 87' lang='lat' dir='ltr'><strong>essent</strong></span> <span class='ocrx_word' id='word_1_376' title='bbox 1422 2864 1554 2934; x_wconf 80' lang='lat' dir='ltr'><strong>forte</strong></span> <span class='ocrx_word' id='word_1_377' title='bbox 1585 2859 1874 2934; x_wconf 47' lang='lat' dir='ltr'><strong>conferipta</strong></span> <span class='ocrx_word' id='word_1_378' title='bbox 1892 2899 1909 2925; x_wconf 92' lang='lat'><strong>,</strong></span> <span class='ocrx_word' id='word_1_379' title='bbox 1938 2877 2069 2930; x_wconf 90' lang='lat' dir='ltr'><strong>quo-</strong></span> 
     </span>
    </p>
   </div>
   <div class='ocr_carea' id='block_1_47' title="bbox 486 2929 2073 3004">
    <p class='ocr_par' dir='ltr' id='par_1_47' title="bbox 486 2929 2073 3004">
     <span class='ocr_line' id='line_1_47' title="bbox 486 2929 2073 3004; baseline -0.003 -15"><span class='ocrx_word' id='word_1_380' title='bbox 486 2937 628 2989; x_wconf 85' lang='lat' dir='ltr'><strong>niam</strong></span> <span class='ocrx_word' id='word_1_381' title='bbox 665 2929 765 2988; x_wconf 39' lang='lat' dir='ltr'><strong>Itoc&#39;</strong></span> <span class='ocrx_word' id='word_1_382' title='bbox 794 2943 842 2989; x_wconf 91' lang='lat' dir='ltr'><strong>et</strong></span> <span class='ocrx_word' id='word_1_383' title='bbox 879 2934 981 3004; x_wconf 87' lang='lat' dir='ltr'><strong>ipsi</strong></span> <span class='ocrx_word' id='word_1_384' title='bbox 1013 2929 1252 3004; x_wconf 75' lang='lat' dir='ltr'><strong>ignorare</strong></span> <span class='ocrx_word' id='word_1_385' title='bbox 1289 2929 1607 2984; x_wconf 84' lang='lat' dir='ltr'><strong>asserebant.</strong></span> <span class='ocrx_word' id='word_1_386' title='bbox 1650 2929 1786 3004; x_wconf 80' lang='lat' dir='ltr'><strong>Tum</strong></span> <span class='ocrx_word' id='word_1_387' title='bbox 1809 2945 1924 3004; x_wconf 80' lang='lat' dir='ltr'><strong>vero</strong></span> <span class='ocrx_word' id='word_1_388' title='bbox 1953 2929 2073 2984; x_wconf 84' lang='lat' dir='ltr'><strong>cum</strong></span> 
     </span>
    </p>
   </div>
   <div class='ocr_carea' id='block_1_48' title="bbox 485 3001 2076 3071">
    <p class='ocr_par' dir='ltr' id='par_1_48' title="bbox 485 3001 2076 3071">
     <span class='ocr_line' id='line_1_48' title="bbox 485 3001 2076 3071; baseline -0.003 -11"><span class='ocrx_word' id='word_1_389' title='bbox 485 3007 644 3060; x_wconf 88' lang='lat' dir='ltr'><strong>iidem</strong></span> <span class='ocrx_word' id='word_1_390' title='bbox 674 3005 792 3059; x_wconf 87' lang='lat' dir='ltr'><strong>libri</strong></span> <span class='ocrx_word' id='word_1_391' title='bbox 828 3001 911 3058; x_wconf 43' lang='lat' dir='ltr'><strong>ab&#39;</strong></span> <span class='ocrx_word' id='word_1_392' title='bbox 937 3001 1154 3058; x_wconf 72' lang='lat' dir='ltr'><strong>exordio</strong></span> <span class='ocrx_word' id='word_1_393' title='bbox 1194 3003 1504 3069; x_wconf 85' lang='lat' dir='ltr'><strong>legerentur,</strong></span> <span class='ocrx_word' id='word_1_394' title='bbox 1549 3001 1764 3071; x_wconf 61' lang='lat' dir='ltr'><strong>quaesita</strong></span> <span class='ocrx_word' id='word_1_395' title='bbox 1794 3008 1841 3053; x_wconf 90' lang='lat' dir='ltr'><strong>et</strong></span> <span class='ocrx_word' id='word_1_396' title='bbox 1872 3001 2076 3055; x_wconf 88' lang='lat' dir='ltr'><strong>inventa</strong></span> 
     </span>
    </p>
   </div>
   <div class='ocr_carea' id='block_1_49' title="bbox 485 3072 2069 3146">
    <p class='ocr_par' dir='ltr' id='par_1_49' title="bbox 485 3072 2069 3146">
     <span class='ocr_line' id='line_1_49' title="bbox 485 3072 2069 3146; baseline -0.005 -14"><span class='ocrx_word' id='word_1_397' title='bbox 485 3086 607 3132; x_wconf 82' lang='lat' dir='ltr'><strong>sunt</strong></span> <span class='ocrx_word' id='word_1_398' title='bbox 635 3093 653 3131; x_wconf 91' lang='lat'><strong><em>:</em></strong></span> <span class='ocrx_word' id='word_1_399' title='bbox 683 3075 1004 3146; x_wconf 69' lang='lat' dir='ltr'><strong>afﬁrmabant</strong></span> <span class='ocrx_word' id='word_1_400' title='bbox 1028 3083 1202 3128; x_wconf 88' lang='lat' dir='ltr'><strong>autem</strong></span> <span class='ocrx_word' id='word_1_401' title='bbox 1237 3072 1317 3127; x_wconf 86' lang='lat' dir='ltr'><strong>illi</strong></span> <span class='ocrx_word' id='word_1_402' title='bbox 1343 3073 1434 3146; x_wconf 75' lang='lat' dir='ltr'><strong>qui</strong></span> <span class='ocrx_word' id='word_1_403' title='bbox 1453 3073 1776 3141; x_wconf 85' lang='lat' dir='ltr'><strong>protulerant</strong></span> <span class='ocrx_word' id='word_1_404' title='bbox 1801 3072 2069 3146; x_wconf 63' lang='lat' dir='ltr'><strong>codicem,</strong></span> 
     </span>
    </p>
   </div>
   <div class='ocr_carea' id='block_1_50' title="bbox 487 3139 2074 3220">
    <p class='ocr_par' dir='ltr' id='par_1_50' title="bbox 487 3139 2074 3220">
     <span class='ocr_line' id='line_1_50' title="bbox 487 3139 2074 3220; baseline -0.005 -20"><span class='ocrx_word' id='word_1_405' title='bbox 487 3157 606 3220; x_wconf 85' lang='lat' dir='ltr'><strong>ante</strong></span> <span class='ocrx_word' id='word_1_406' title='bbox 633 3139 856 3220; x_wconf 71' lang='lat' dir='ltr'><strong>quatuor</strong></span> <span class='ocrx_word' id='word_1_407' title='bbox 884 3146 1042 3220; x_wconf 84' lang='lat' dir='ltr'><strong>ferme</strong></span> <span class='ocrx_word' id='word_1_408' title='bbox 1075 3159 1237 3198; x_wconf 89' lang='lat' dir='ltr'><strong>annos</strong></span> <span class='ocrx_word' id='word_1_409' title='bbox 1263 3185 1278 3208; x_wconf 91' lang='lat'><strong>,</strong></span> <span class='ocrx_word' id='word_1_410' title='bbox 1319 3139 1375 3198; x_wconf 86' lang='lat' dir='ltr'><strong>se</strong></span> <span class='ocrx_word' id='word_1_411' title='bbox 1417 3139 1538 3196; x_wconf 81' lang='lat' dir='ltr'><strong>istos</strong></span> <span class='ocrx_word' id='word_1_412' title='bbox 1577 3152 1840 3220; x_wconf 85' lang='lat' dir='ltr'><strong>tamquam</strong></span> <span class='ocrx_word' id='word_1_413' title='bbox 1872 3139 2074 3214; x_wconf 85' lang='lat' dir='ltr'><strong>Pelagii</strong></span> 
     </span>
    </p>
   </div>
   <div class='ocr_carea' id='block_1_51' title="bbox 489 3215 2071 3286">
    <p class='ocr_par' dir='ltr' id='par_1_51' title="bbox 489 3215 2071 3286">
     <span class='ocr_line' id='line_1_51' title="bbox 489 3215 2071 3286; baseline -0.004 -12"><span class='ocrx_word' id='word_1_414' title='bbox 489 3215 656 3274; x_wconf 77' lang='lat' dir='ltr'><strong>libros</strong></span> <span class='ocrx_word' id='word_1_415' title='bbox 675 3220 859 3274; x_wconf 82' lang='lat' dir='ltr'><strong>habere</strong></span> <span class='ocrx_word' id='word_1_416' title='bbox 894 3219 1102 3284; x_wconf 69' lang='lat' dir='ltr'><strong>coepisse</strong></span> <span class='ocrx_word' id='word_1_417' title='bbox 1127 3259 1142 3282; x_wconf 93' lang='lat'><strong>,</strong></span> <span class='ocrx_word' id='word_1_418' title='bbox 1185 3231 1274 3268; x_wconf 89' lang='lat' dir='ltr'><strong>nec</strong></span> <span class='ocrx_word' id='word_1_419' title='bbox 1300 3230 1554 3286; x_wconf 73' lang='lat' dir='ltr'><strong>umquam</strong></span> <span class='ocrx_word' id='word_1_420' title='bbox 1569 3215 1880 3286; x_wconf 82' lang='lat' dir='ltr'><strong>utrumejus</strong></span> <span class='ocrx_word' id='word_1_421' title='bbox 1906 3223 2071 3286; x_wconf 84' lang='lat' dir='ltr'><strong>essent</strong></span> 
     </span>
    </p>
   </div>
   <div class='ocr_carea' id='block_1_52' title="bbox 485 3284 2076 3362">
    <p class='ocr_par' dir='ltr' id='par_1_52' title="bbox 485 3284 2076 3362">
     <span class='ocr_line' id='line_1_52' title="bbox 485 3284 2076 3362; baseline -0.004 -17"><span class='ocrx_word' id='word_1_422' title='bbox 485 3292 549 3345; x_wconf 89' lang='lat' dir='ltr'><strong>ab</strong></span> <span class='ocrx_word' id='word_1_423' title='bbox 570 3291 746 3362; x_wconf 87' lang='lat' dir='ltr'><strong>aliquo</strong></span> <span class='ocrx_word' id='word_1_424' title='bbox 760 3307 815 3345; x_wconf 88' lang='lat' dir='ltr'><strong>se</strong></span> <span class='ocrx_word' id='word_1_425' title='bbox 834 3289 1044 3362; x_wconf 67' lang='lat' dir='ltr'><strong>audisse</strong></span> <span class='ocrx_word' id='word_1_426' title='bbox 1061 3287 1306 3362; x_wconf 82' lang='lat' dir='ltr'><strong>dubitari.</strong></span> <span class='ocrx_word' id='word_1_427' title='bbox 1327 3284 1720 3362; x_wconf 68' lang='lat' dir='ltr'><strong>Considerantes</strong></span> <span class='ocrx_word' id='word_1_428' title='bbox 1736 3285 1912 3362; x_wconf 79' lang='lat' dir='ltr'><strong>itaque</strong></span> <span class='ocrx_word' id='word_1_429' title='bbox 1931 3285 2076 3340; x_wconf 83' lang='lat' dir='ltr'><strong>nobis</strong></span> 
     </span>
    </p>
   </div>
   <div class='ocr_carea' id='block_1_53' title="bbox 489 3356 2078 3431">
    <p class='ocr_par' dir='ltr' id='par_1_53' title="bbox 489 3356 2078 3431">
     <span class='ocr_line' id='line_1_53' title="bbox 489 3356 2078 3431; baseline -0.004 -15"><span class='ocrx_word' id='word_1_430' title='bbox 489 3356 680 3431; x_wconf 79' lang='lat' dir='ltr'><strong>Optime</strong></span> <span class='ocrx_word' id='word_1_431' title='bbox 706 3375 965 3416; x_wconf 86' lang='lat' dir='ltr'><strong>servarunt</strong></span> <span class='ocrx_word' id='word_1_432' title='bbox 1006 3357 1103 3412; x_wconf 89' lang='lat' dir='ltr'><strong>Dei</strong></span> <span class='ocrx_word' id='word_1_433' title='bbox 1139 3358 1398 3431; x_wconf 76' lang='lat' dir='ltr'><strong>cognitam</strong></span> <span class='ocrx_word' id='word_1_434' title='bbox 1437 3356 1680 3431; x_wconf 82' lang='lat' dir='ltr'><strong>[idem_de</strong></span> <span class='ocrx_word' id='word_1_435' title='bbox 1727 3356 1824 3431; x_wconf 80' lang='lat' dir='ltr'><strong>Itac</strong></span> <span class='ocrx_word' id='word_1_436' title='bbox 1870 3371 1926 3409; x_wconf 91' lang='lat' dir='ltr'><strong>re</strong></span> <span class='ocrx_word' id='word_1_437' title='bbox 1975 3371 2078 3431; x_wconf 80' lang='lat' dir='ltr'><strong>non</strong></span> 
     </span>
    </p>
   </div>
   <div class='ocr_carea' id='block_1_54' title="bbox 490 3424 2078 3501">
    <p class='ocr_par' dir='ltr' id='par_1_54' title="bbox 490 3424 2078 3501">
     <span class='ocr_line' id='line_1_54' title="bbox 490 3424 2078 3501; baseline -0.004 -14"><span class='ocrx_word' id='word_1_438' title='bbox 490 3424 640 3501; x_wconf 80' lang='lat' dir='ltr'><strong>posse</strong></span> <span class='ocrx_word' id='word_1_439' title='bbox 687 3432 911 3498; x_wconf 88' lang='lat' dir='ltr'><strong>mentiri,</strong></span> <span class='ocrx_word' id='word_1_440' title='bbox 950 3439 1144 3484; x_wconf 87' lang='lat' dir='ltr'><strong>restare</strong></span> <span class='ocrx_word' id='word_1_441' title='bbox 1181 3424 1542 3501; x_wconf 70' lang='lat' dir='ltr'><strong>videbaturut</strong></span> <span class='ocrx_word' id='word_1_442' title='bbox 1581 3424 1850 3501; x_wconf 79' lang='lat' dir='ltr'><strong>Pelagium</strong></span> <span class='ocrx_word' id='word_1_443' title='bbox 1907 3427 2078 3501; x_wconf 78' lang='lat' dir='ltr'><strong>potius</strong></span> 
     </span>
    </p>
   </div>
   <div class='ocr_carea' id='block_1_55' title="bbox 488 3497 2079 3573">
    <p class='ocr_par' dir='ltr' id='par_1_55' title="bbox 488 3497 2079 3573">
     <span class='ocr_line' id='line_1_55' title="bbox 488 3497 2079 3573; baseline -0.004 -16"><span class='ocrx_word' id='word_1_444' title='bbox 488 3497 542 3557; x_wconf 87' lang='lat' dir='ltr'><strong>in</strong></span> <span class='ocrx_word' id='word_1_445' title='bbox 569 3502 850 3572; x_wconf 80' lang='lat' dir='ltr'><strong>episcOpali</strong></span> <span class='ocrx_word' id='word_1_446' title='bbox 871 3501 1077 3573; x_wconf 86' lang='lat' dir='ltr'><strong>judicio</strong></span> <span class='ocrx_word' id='word_1_447' title='bbox 1099 3499 1419 3573; x_wconf 86' lang='lat' dir='ltr'><strong>crederemus</strong></span> <span class='ocrx_word' id='word_1_448' title='bbox 1448 3497 1607 3565; x_wconf 85' lang='lat' dir='ltr'><strong>fuisse</strong></span> <span class='ocrx_word' id='word_1_449' title='bbox 1644 3499 1933 3564; x_wconf 86' lang='lat' dir='ltr'><strong>mentitum,</strong></span> <span class='ocrx_word' id='word_1_450' title='bbox 1962 3499 2079 3573; x_wconf 79' lang='lat' dir='ltr'><strong>_nisi</strong></span> 
     </span>
    </p>
   </div>
   <div class='ocr_carea' id='block_1_56' title="bbox 489 3567 2076 3644">
    <p class='ocr_par' dir='ltr' id='par_1_56' title="bbox 489 3567 2076 3644">
     <span class='ocr_line' id='line_1_56' title="bbox 489 3567 2076 3644; baseline -0.004 -16"><span class='ocrx_word' id='word_1_451' title='bbox 489 3567 609 3644; x_wconf 80' lang='lat' dir='ltr'><strong>ﬁeri</strong></span> <span class='ocrx_word' id='word_1_452' title='bbox 627 3567 851 3643; x_wconf 76' lang='lat' dir='ltr'><strong>potuisse</strong></span> <span class='ocrx_word' id='word_1_453' title='bbox 870 3567 1229 3644; x_wconf 64' lang='lat' dir='ltr'><strong>cogitaremus,</strong></span> <span class='ocrx_word' id='word_1_454' title='bbox 1244 3570 1398 3624; x_wconf 90' lang='lat' dir='ltr'><strong>etiam</strong></span> <span class='ocrx_word' id='word_1_455' title='bbox 1415 3578 1534 3622; x_wconf 90' lang='lat' dir='ltr'><strong>ante</strong></span> <span class='ocrx_word' id='word_1_456' title='bbox 1552 3583 1713 3644; x_wconf 77' lang='lat' dir='ltr'><strong>annos</strong></span> <span class='ocrx_word' id='word_1_457' title='bbox 1735 3577 1847 3644; x_wconf 89' lang='lat' dir='ltr'><strong>ta_m_</strong></span> <span class='ocrx_word' id='word_1_458' title='bbox 1862 3567 2076 3635; x_wconf 90' lang='lat' dir='ltr'><strong>multos,</strong></span> 
     </span>
    </p>
   </div>
   <div class='ocr_carea' id='block_1_57' title="bbox 489 3639 2078 3717">
    <p class='ocr_par' dir='ltr' id='par_1_57' title="bbox 489 3639 2078 3717">
     <span class='ocr_line' id='line_1_57' title="bbox 489 3639 2078 3717; baseline -0.002 -20"><span class='ocrx_word' id='word_1_459' title='bbox 489 3639 687 3717; x_wconf 83' lang='lat' dir='ltr'><strong>aliquid</strong></span> <span class='ocrx_word' id='word_1_460' title='bbox 709 3644 801 3698; x_wconf 88' lang='lat' dir='ltr'><strong>sub</strong></span> <span class='ocrx_word' id='word_1_461' title='bbox 826 3639 950 3715; x_wconf 75' lang='lat' dir='ltr'><strong>ejus</strong></span> <span class='ocrx_word' id='word_1_462' title='bbox 971 3643 1199 3709; x_wconf 87' lang='lat' dir='ltr'><strong>nomine,</strong></span> <span class='ocrx_word' id='word_1_463' title='bbox 1225 3657 1328 3696; x_wconf 90' lang='lat' dir='ltr'><strong>non</strong></span> <span class='ocrx_word' id='word_1_464' title='bbox 1350 3649 1521 3694; x_wconf 88' lang='lat' dir='ltr'><strong>tamen</strong></span> <span class='ocrx_word' id='word_1_465' title='bbox 1542 3639 1742 3706; x_wconf 90' lang='lat' dir='ltr'><strong>abillo,</strong></span> <span class='ocrx_word' id='word_1_466' title='bbox 1767 3641 1930 3708; x_wconf 85' lang='lat' dir='ltr'><strong>fuisse</strong></span> <span class='ocrx_word' id='word_1_467' title='bbox 1951 3655 2078 3694; x_wconf 87' lang='lat' dir='ltr'><strong>con-</strong></span> 
     </span>
    </p>
   </div>
   <div class='ocr_carea' id='block_1_58' title="bbox 489 3720 760 3783">
    <p class='ocr_par' dir='ltr' id='par_1_58' title="bbox 489 3720 760 3783">
     <span class='ocr_line' id='line_1_58' title="bbox 489 3720 760 3783; baseline -0.007 -14"><span class='ocrx_word' id='word_1_468' title='bbox 489 3720 760 3783; x_wconf 85' lang='lat' dir='ltr'><strong>scriptum.</strong></span> 
     </span>
    </p>
   </div>
   <div class='ocr_carea' id='block_1_59' title="bbox 563 3780 2074 3853">
    <p class='ocr_par' dir='ltr' id='par_1_59' title="bbox 563 3780 2074 3853">
     <span class='ocr_line' id='line_1_59' title="bbox 563 3780 2074 3853; baseline -0.004 -11"><span class='ocrx_word' id='word_1_469' title='bbox 563 3780 643 3842; x_wconf 77' lang='lat' dir='ltr'><strong>Ex</strong></span> <span class='ocrx_word' id='word_1_470' title='bbox 679 3787 764 3841; x_wconf 92' lang='lat' dir='ltr'><strong>his</strong></span> <span class='ocrx_word' id='word_1_471' title='bbox 808 3784 1043 3840; x_wconf 88' lang='lat' dir='ltr'><strong>notanda</strong></span> <span class='ocrx_word' id='word_1_472' title='bbox 1086 3783 1355 3853; x_wconf 60' lang='lat' dir='ltr'><strong>quaedam.</strong></span> <span class='ocrx_word' id='word_1_473' title='bbox 1390 3782 1632 3838; x_wconf 85' lang='lat' dir='ltr'><strong>Primum</strong></span> <span class='ocrx_word' id='word_1_474' title='bbox 1670 3780 1845 3837; x_wconf 73' lang='lat' dir='ltr'><strong>vidua:</strong></span> <span class='ocrx_word' id='word_1_475' title='bbox 1877 3797 2074 3837; x_wconf 89' lang='lat' dir='ltr'><strong>nomen</strong></span> 
     </span>
    </p>
   </div>
   <div class='ocr_carea' id='block_1_60' title="bbox 490 3854 2080 3922">
    <p class='ocr_par' dir='ltr' id='par_1_60' title="bbox 490 3854 2080 3922">
     <span class='ocr_line' id='line_1_60' title="bbox 490 3854 2080 3922; baseline -0.003 -9"><span class='ocrx_word' id='word_1_476' title='bbox 490 3874 598 3914; x_wconf 92' lang='lat' dir='ltr'><strong>non</strong></span> <span class='ocrx_word' id='word_1_477' title='bbox 648 3858 816 3912; x_wconf 88' lang='lat' dir='ltr'><strong>fuisse</strong></span> <span class='ocrx_word' id='word_1_478' title='bbox 862 3871 1180 3922; x_wconf 71' lang='lat' dir='ltr'><strong>espressum</strong></span> <span class='ocrx_word' id='word_1_479' title='bbox 1228 3855 1280 3910; x_wconf 92' lang='lat' dir='ltr'><strong>in</strong></span> <span class='ocrx_word' id='word_1_480' title='bbox 1311 3854 1499 3909; x_wconf 89' lang='lat' dir='ltr'><strong>codice</strong></span> <span class='ocrx_word' id='word_1_481' title='bbox 1528 3895 1543 3919; x_wconf 95' lang='lat'><strong>,</strong></span> <span class='ocrx_word' id='word_1_482' title='bbox 1598 3868 1757 3922; x_wconf 90' lang='lat' dir='ltr'><strong>quem</strong></span> <span class='ocrx_word' id='word_1_483' title='bbox 1789 3868 1972 3909; x_wconf 87' lang='lat' dir='ltr'><strong>coram</strong></span> <span class='ocrx_word' id='word_1_484' title='bbox 2019 3868 2080 3910; x_wconf 88' lang='lat' dir='ltr'><strong>se</strong></span> 
     </span>
    </p>
   </div>
   <div class='ocr_carea' id='block_1_61' title="bbox 495 3925 2081 3999">
    <p class='ocr_par' dir='ltr' id='par_1_61' title="bbox 495 3925 2081 3999">
     <span class='ocr_line' id='line_1_61' title="bbox 495 3925 2081 3999; baseline -0.004 -14"><span class='ocrx_word' id='word_1_485' title='bbox 495 3929 828 3999; x_wconf 77' lang='lat' dir='ltr'><strong>Augustinus</strong></span> <span class='ocrx_word' id='word_1_486' title='bbox 853 3928 952 3998; x_wconf 90' lang='lat' dir='ltr'><strong>legi</strong></span> <span class='ocrx_word' id='word_1_487' title='bbox 979 3927 1136 3991; x_wconf 89' lang='lat' dir='ltr'><strong>fecit;</strong></span> <span class='ocrx_word' id='word_1_488' title='bbox 1168 3925 1262 3981; x_wconf 89' lang='lat' dir='ltr'><strong>sed</strong></span> <span class='ocrx_word' id='word_1_489' title='bbox 1291 3927 1428 3999; x_wconf 76' lang='lat' dir='ltr'><strong>utin</strong></span> <span class='ocrx_word' id='word_1_490' title='bbox 1460 3940 1570 3999; x_wconf 82' lang='lat' dir='ltr'><strong>uno</strong></span> <span class='ocrx_word' id='word_1_491' title='bbox 1594 3925 1873 3999; x_wconf 70' lang='lat' dir='ltr'><strong>deficeret,</strong></span> <span class='ocrx_word' id='word_1_492' title='bbox 1909 3926 2081 3999; x_wconf 83' lang='lat' dir='ltr'><strong>potuit</strong></span> 
     </span>
    </p>
   </div>
   <div class='ocr_carea' id='block_1_62' title="bbox 491 3995 2080 4066">
    <p class='ocr_par' dir='ltr' id='par_1_62' title="bbox 491 3995 2080 4066">
     <span class='ocr_line' id='line_1_62' title="bbox 491 3995 2080 4066; baseline -0.003 -10"><span class='ocrx_word' id='word_1_493' title='bbox 491 4002 545 4056; x_wconf 92' lang='lat' dir='ltr'><strong>in</strong></span> <span class='ocrx_word' id='word_1_494' title='bbox 577 3995 698 4055; x_wconf 74' lang='lat' dir='ltr'><strong>aliis</strong></span> <span class='ocrx_word' id='word_1_495' title='bbox 726 3995 1016 4055; x_wconf 73' lang='lat' dir='ltr'><strong>contineri.</strong></span> <span class='ocrx_word' id='word_1_496' title='bbox 1042 3999 1288 4054; x_wconf 79' lang='lat' dir='ltr'><strong>Alterum</strong></span> <span class='ocrx_word' id='word_1_497' title='bbox 1314 3996 1530 4052; x_wconf 89' lang='lat' dir='ltr'><strong>viduam</strong></span> <span class='ocrx_word' id='word_1_498' title='bbox 1559 3995 1696 4050; x_wconf 88' lang='lat' dir='ltr'><strong>hanc</strong></span> <span class='ocrx_word' id='word_1_499' title='bbox 1723 3995 1864 4052; x_wconf 86' lang='lat' dir='ltr'><strong>forte</strong></span> <span class='ocrx_word' id='word_1_500' title='bbox 1894 3997 2080 4066; x_wconf 84' lang='lat' dir='ltr'><strong>appel-</strong></span> 
     </span>
    </p>
   </div>
   <div class='ocr_carea' id='block_1_63' title="bbox 489 4067 2078 4137">
    <p class='ocr_par' dir='ltr' id='par_1_63' title="bbox 489 4067 2078 4137">
     <span class='ocr_line' id='line_1_63' title="bbox 489 4067 2078 4137; baseline -0.002 -11"><span class='ocrx_word' id='word_1_501' title='bbox 489 4072 653 4128; x_wconf 82' lang='lat' dir='ltr'><strong>latam</strong></span> <span class='ocrx_word' id='word_1_502' title='bbox 681 4086 868 4126; x_wconf 81' lang='lat' dir='ltr'><strong>revera</strong></span> <span class='ocrx_word' id='word_1_503' title='bbox 901 4069 1065 4125; x_wconf 87' lang='lat' dir='ltr'><strong>fuisse</strong></span> <span class='ocrx_word' id='word_1_504' title='bbox 1096 4069 1374 4125; x_wconf 90' lang='lat' dir='ltr'><strong>Livaniam</strong></span> <span class='ocrx_word' id='word_1_505' title='bbox 1402 4086 1412 4120; x_wconf 95' lang='lat'>:</span> <span class='ocrx_word' id='word_1_506' title='bbox 1446 4067 1582 4123; x_wconf 90' lang='lat' dir='ltr'><strong>forte</strong></span> <span class='ocrx_word' id='word_1_507' title='bbox 1603 4108 1618 4133; x_wconf 93' lang='lat'><strong>,</strong></span> <span class='ocrx_word' id='word_1_508' title='bbox 1649 4068 1793 4136; x_wconf 90' lang='lat' dir='ltr'><strong>quod</strong></span> <span class='ocrx_word' id='word_1_509' title='bbox 1825 4069 2078 4137; x_wconf 84' lang='lat' dir='ltr'><strong>opinatus</strong></span> 
     </span>
    </p>
   </div>
   <div class='ocr_carea' id='block_1_64' title="bbox 491 4137 2077 4216">
    <p class='ocr_par' dir='ltr' id='par_1_64' title="bbox 491 4137 2077 4216">
     <span class='ocr_line' id='line_1_64' title="bbox 491 4137 2077 4216; baseline -0.004 -17"><span class='ocrx_word' id='word_1_510' title='bbox 491 4154 577 4199; x_wconf 87' lang='lat' dir='ltr'><strong>est</strong></span> <span class='ocrx_word' id='word_1_511' title='bbox 622 4142 1042 4216; x_wconf 79' lang='lat' dir='ltr'><strong>eruditissimus</strong></span> <span class='ocrx_word' id='word_1_512' title='bbox 1062 4141 1310 4216; x_wconf 46' lang='lat' dir='ltr'><strong>liabbeus</strong></span> <span class='ocrx_word' id='word_1_513' title='bbox 1333 4181 1348 4206; x_wconf 94' lang='lat'><strong>,</strong></span> <span class='ocrx_word' id='word_1_514' title='bbox 1370 4137 2077 4216; x_wconf 63' lang='lat' dir='ltr'><strong>_g‘wa7pappartzég,_.l_ulia-</strong></span> 
     </span>
    </p>
   </div>
   <div class='ocr_carea' id='block_1_65' title="bbox 489 4210 2075 4284">
    <p class='ocr_par' dir='ltr' id='par_1_65' title="bbox 489 4210 2075 4284">
     <span class='ocr_line' id='line_1_65' title="bbox 489 4210 2075 4284; baseline -0.003 -15"><span class='ocrx_word' id='word_1_515' title='bbox 489 4229 614 4269; x_wconf 91' lang='lat' dir='ltr'><strong>nam</strong></span> <span class='ocrx_word' id='word_1_516' title='bbox 645 4255 660 4278; x_wconf 93' lang='lat'><strong>,</strong></span> <span class='ocrx_word' id='word_1_517' title='bbox 706 4228 936 4284; x_wconf 85' lang='lat' dir='ltr'><strong>eamque</strong></span> <span class='ocrx_word' id='word_1_518' title='bbox 963 4213 1047 4268; x_wconf 88' lang='lat' dir='ltr'><strong>vel</strong></span> <span class='ocrx_word' id='word_1_519' title='bbox 1079 4211 1433 4284; x_wconf 86' lang='lat' dir='ltr'><strong>Demetriadis</strong></span> <span class='ocrx_word' id='word_1_520' title='bbox 1481 4210 1742 4284; x_wconf 17' lang='lat' dir='ltr'><strong>t&#39;tiatremd</strong></span> <span class='ocrx_word' id='word_1_521' title='bbox 1754 4210 2032 4284; x_wconf 77' lang='lat' dir='ltr'><strong>exstitisse</strong></span> <span class='ocrx_word' id='word_1_522' title='bbox 2059 4253 2075 4276; x_wconf 94' lang='lat'><strong>,</strong></span> 
     </span>
    </p>
   </div>
   <div class='ocr_carea' id='block_1_66' title="bbox 489 4281 2078 4354">
    <p class='ocr_par' dir='ltr' id='par_1_66' title="bbox 489 4281 2078 4354">
     <span class='ocr_line' id='line_1_66' title="bbox 489 4281 2078 4354; baseline 0.001 -17"><span class='ocrx_word' id='word_1_523' title='bbox 489 4284 636 4354; x_wconf 90' lang='lat' dir='ltr'><strong>quod</strong></span> <span class='ocrx_word' id='word_1_524' title='bbox 668 4281 1184 4352; x_wconf 59' lang='lat' dir='ltr'><strong>minus&#39;probabite;</strong></span> <span class='ocrx_word' id='word_1_525' title='bbox 1217 4283 1325 4344; x_wconf 91' lang='lat' dir='ltr'><strong>vel,</strong></span> <span class='ocrx_word' id='word_1_526' title='bbox 1353 4282 1492 4351; x_wconf 89' lang='lat' dir='ltr'><strong>quod</strong></span> <span class='ocrx_word' id='word_1_527' title='bbox 1518 4281 1853 4345; x_wconf 85' lang='lat' dir='ltr'><strong>credibilius,</strong></span> <span class='ocrx_word' id='word_1_528' title='bbox 1878 4281 2078 4338; x_wconf 84' lang='lat' dir='ltr'><strong>Juliani</strong></span> 
     </span>
    </p>
   </div>
   <div class='ocr_carea' id='block_1_67' title="bbox 489 4355 2078 4423">
    <p class='ocr_par' dir='ltr' id='par_1_67' title="bbox 489 4355 2078 4423">
     <span class='ocr_line' id='line_1_67' title="bbox 489 4355 2078 4423; baseline -0.002 -12"><span class='ocrx_word' id='word_1_529' title='bbox 489 4355 814 4410; x_wconf 79' lang='lat' dir='ltr'><strong>Eclanensis</strong></span> <span class='ocrx_word' id='word_1_530' title='bbox 840 4361 1160 4423; x_wconf 83' lang='lat' dir='ltr'><strong>parentem;</strong></span> <span class='ocrx_word' id='word_1_531' title='bbox 1194 4367 1260 4407; x_wconf 92' lang='lat' dir='ltr'><strong>eo</strong></span> <span class='ocrx_word' id='word_1_532' title='bbox 1287 4358 1433 4408; x_wconf 86' lang='lat' dir='ltr'><strong>enim</strong></span> <span class='ocrx_word' id='word_1_533' title='bbox 1477 4355 1696 4423; x_wconf 87' lang='lat' dir='ltr'><strong>nomine</strong></span> <span class='ocrx_word' id='word_1_534' title='bbox 1723 4363 1970 4408; x_wconf 84' lang='lat' dir='ltr'><strong>vocatam</strong></span> <span class='ocrx_word' id='word_1_535' title='bbox 1998 4363 2078 4408; x_wconf 90' lang='lat' dir='ltr'><strong>te-</strong></span> 
     </span>
    </p>
   </div>
   <div class='ocr_carea' id='block_1_68' title="bbox 488 4422 1632 4493">
    <p class='ocr_par' dir='ltr' id='par_1_68' title="bbox 488 4422 1632 4493">
     <span class='ocr_line' id='line_1_68' title="bbox 488 4422 1632 4493; baseline -0.003 -13"><span class='ocrx_word' id='word_1_536' title='bbox 488 4434 663 4480; x_wconf 82' lang='lat' dir='ltr'><strong>statur</strong></span> <span class='ocrx_word' id='word_1_537' title='bbox 686 4422 952 4479; x_wconf 85' lang='lat' dir='ltr'><strong>Mercator</strong></span> <span class='ocrx_word' id='word_1_538' title='bbox 979 4422 1122 4493; x_wconf 88' lang='lat' dir='ltr'><strong>(Lib.</strong></span> <span class='ocrx_word' id='word_1_539' title='bbox 1152 4423 1380 4478; x_wconf 86' lang='lat' dir='ltr'><strong>Subnot.</strong></span> <span class='ocrx_word' id='word_1_540' title='bbox 1409 4439 1524 4493; x_wconf 90' lang='lat' dir='ltr'><strong>cap.</strong></span> <span class='ocrx_word' id='word_1_541' title='bbox 1557 4422 1632 4491; x_wconf 79' lang='grc'><strong>4).</strong></span> 
     </span>
    </p>
   </div>
   <div class='ocr_carea' id='block_1_69' title="bbox 559 4492 2079 4563">
    <p class='ocr_par' dir='ltr' id='par_1_69' title="bbox 559 4492 2079 4563">
     <span class='ocr_line' id='line_1_69' title="bbox 559 4492 2079 4563; baseline -0.002 -12"><span class='ocrx_word' id='word_1_542' title='bbox 559 4496 816 4551; x_wconf 88' lang='lat' dir='ltr'><strong>Claudius</strong></span> <span class='ocrx_word' id='word_1_543' title='bbox 847 4492 1162 4562; x_wconf 85' lang='lat' dir='ltr'><strong>Menardus,</strong></span> <span class='ocrx_word' id='word_1_544' title='bbox 1196 4494 1285 4563; x_wconf 89' lang='lat' dir='ltr'><strong>qui</strong></span> <span class='ocrx_word' id='word_1_545' title='bbox 1325 4493 1379 4546; x_wconf 93' lang='lat' dir='ltr'><strong>in</strong></span> <span class='ocrx_word' id='word_1_546' title='bbox 1421 4492 1594 4563; x_wconf 88' lang='lat' dir='ltr'><strong>prima</strong></span> <span class='ocrx_word' id='word_1_547' title='bbox 1623 4492 1861 4549; x_wconf 88' lang='lat' dir='ltr'><strong>editione</strong></span> <span class='ocrx_word' id='word_1_548' title='bbox 1885 4493 2079 4550; x_wconf 68' lang='lat' dir='ltr'><strong>Gestoo</strong></span> 
     </span>
    </p>
   </div>
   <div class='ocr_carea' id='block_1_70' title="bbox 489 4564 2077 4633">
    <p class='ocr_par' dir='ltr' id='par_1_70' title="bbox 489 4564 2077 4633">
     <span class='ocr_line' id='line_1_70' title="bbox 489 4564 2077 4633; baseline -0.002 -10"><span class='ocrx_word' id='word_1_549' title='bbox 489 4583 610 4623; x_wconf 88' lang='lat' dir='ltr'><strong>rum</strong></span> <span class='ocrx_word' id='word_1_550' title='bbox 640 4565 1047 4622; x_wconf 75' lang='lat' dir='ltr'><strong>Palmstinorum</strong></span> <span class='ocrx_word' id='word_1_551' title='bbox 1067 4564 1343 4619; x_wconf 85' lang='lat' dir='ltr'><strong>variantes</strong></span> <span class='ocrx_word' id='word_1_552' title='bbox 1373 4564 1440 4617; x_wconf 91' lang='lat' dir='ltr'><strong>ad</strong></span> <span class='ocrx_word' id='word_1_553' title='bbox 1473 4564 1770 4633; x_wconf 89' lang='lat' dir='ltr'><strong>marginem</strong></span> <span class='ocrx_word' id='word_1_554' title='bbox 1813 4565 2077 4620; x_wconf 88' lang='lat' dir='ltr'><strong>lectiones</strong></span> 
     </span>
    </p>
   </div>
   <div class='ocr_carea' id='block_1_71' title="bbox 488 4634 2070 4706">
    <p class='ocr_par' dir='ltr' id='par_1_71' title="bbox 488 4634 2070 4706">
     <span class='ocr_line' id='line_1_71' title="bbox 488 4634 2070 4706; baseline -0.001 -14"><span class='ocrx_word' id='word_1_555' title='bbox 488 4638 806 4706; x_wconf 86' lang='lat' dir='ltr'><strong>scholiaque</strong></span> <span class='ocrx_word' id='word_1_556' title='bbox 844 4635 1122 4706; x_wconf 87' lang='lat' dir='ltr'><strong>apposuit,</strong></span> <span class='ocrx_word' id='word_1_557' title='bbox 1153 4634 1385 4690; x_wconf 90' lang='lat' dir='ltr'><strong>credidit</strong></span> <span class='ocrx_word' id='word_1_558' title='bbox 1419 4634 1585 4688; x_wconf 87' lang='lat' dir='ltr'><strong>fuisse</strong></span> <span class='ocrx_word' id='word_1_559' title='bbox 1614 4634 1892 4706; x_wconf 78' lang='lat' dir='ltr'><strong>celebrem</strong></span> <span class='ocrx_word' id='word_1_560' title='bbox 1922 4635 2070 4691; x_wconf 85' lang='lat' dir='ltr'><strong>illam</strong></span> 
     </span>
    </p>
   </div>
   <div class='ocr_carea' id='block_1_72' title="bbox 489 4705 2070 4779">
    <p class='ocr_par' dir='ltr' id='par_1_72' title="bbox 489 4705 2070 4779">
     <span class='ocr_line' id='line_1_72' title="bbox 489 4705 2070 4779; baseline -0.003 -14"><span class='ocrx_word' id='word_1_561' title='bbox 489 4705 774 4765; x_wconf 72' lang='lat' dir='ltr'><strong>Melanium</strong></span> <span class='ocrx_word' id='word_1_562' title='bbox 803 4705 927 4779; x_wconf 63' lang='lat' dir='ltr'><strong>quae</strong></span> <span class='ocrx_word' id='word_1_563' title='bbox 955 4706 1138 4762; x_wconf 89' lang='lat' dir='ltr'><strong>senior</strong></span> <span class='ocrx_word' id='word_1_564' title='bbox 1166 4706 1307 4779; x_wconf 66' lang='lat' dir='ltr'><strong>dicta</strong></span> <span class='ocrx_word' id='word_1_565' title='bbox 1335 4713 1441 4770; x_wconf 88' lang='lat' dir='ltr'><strong>est,</strong></span> <span class='ocrx_word' id='word_1_566' title='bbox 1465 4720 1694 4775; x_wconf 67' lang='lat' dir='ltr'><strong>quisque</strong></span> <span class='ocrx_word' id='word_1_567' title='bbox 1727 4705 1860 4760; x_wconf 83' lang='lat' dir='ltr'><strong>fovit</strong></span> <span class='ocrx_word' id='word_1_568' title='bbox 1894 4706 2070 4762; x_wconf 79' lang='lat' dir='ltr'><strong>Rufini</strong></span> 
     </span>
    </p>
   </div>
   <div class='ocr_carea' id='block_1_73' title="bbox 489 4777 2074 4850">
    <p class='ocr_par' dir='ltr' id='par_1_73' title="bbox 489 4777 2074 4850">
     <span class='ocr_line' id='line_1_73' title="bbox 489 4777 2074 4850; baseline -0.001 -13"><span class='ocrx_word' id='word_1_569' title='bbox 489 4777 886 4850; x_wconf 69' lang='lat' dir='ltr'><strong>Aquilegienéis</strong></span> <span class='ocrx_word' id='word_1_570' title='bbox 931 4786 1133 4850; x_wconf 84' lang='lat' dir='ltr'><strong>partes.</strong></span> <span class='ocrx_word' id='word_1_571' title='bbox 1180 4777 1288 4832; x_wconf 89' lang='lat' dir='ltr'><strong>Sed</strong></span> <span class='ocrx_word' id='word_1_572' title='bbox 1331 4791 1440 4846; x_wconf 92' lang='lat' dir='ltr'><strong>quo</strong></span> <span class='ocrx_word' id='word_1_573' title='bbox 1482 4784 1802 4850; x_wconf 79' lang='lat' dir='ltr'><strong>argumento</strong></span> <span class='ocrx_word' id='word_1_574' title='bbox 1833 4781 2074 4848; x_wconf 86' lang='lat' dir='ltr'><strong>potuerit</strong></span> 
     </span>
    </p>
   </div>
   <div class='ocr_carea' id='block_1_74' title="bbox 490 4848 2073 4922">
    <p class='ocr_par' dir='ltr' id='par_1_74' title="bbox 490 4848 2073 4922">
     <span class='ocr_line' id='line_1_74' title="bbox 490 4848 2073 4922; baseline 0 -16"><span class='ocrx_word' id='word_1_575' title='bbox 490 4848 800 4922; x_wconf 82' lang='lat' dir='ltr'><strong>opinionem</strong></span> <span class='ocrx_word' id='word_1_576' title='bbox 830 4863 995 4922; x_wconf 82' lang='lat' dir='ltr'><strong>suam</strong></span> <span class='ocrx_word' id='word_1_577' title='bbox 1017 4849 1252 4912; x_wconf 87' lang='lat' dir='ltr'><strong>firmare,</strong></span> <span class='ocrx_word' id='word_1_578' title='bbox 1280 4863 1392 4922; x_wconf 69' lang='lat' dir='ltr'><strong>non</strong></span> <span class='ocrx_word' id='word_1_579' title='bbox 1421 4848 1550 4901; x_wconf 90' lang='lat' dir='ltr'><strong>satis</strong></span> <span class='ocrx_word' id='word_1_580' title='bbox 1581 4848 1826 4922; x_wconf 74' lang='lat' dir='ltr'><strong>intelligo</strong></span> <span class='ocrx_word' id='word_1_581' title='bbox 1855 4866 1866 4902; x_wconf 74' lang='grc' dir='ltr'>ε</span> <span class='ocrx_word' id='word_1_582' title='bbox 1902 4850 2073 4919; x_wconf 88' lang='lat' dir='ltr'><strong>ipsam</strong></span> 
     </span>
    </p>
   </div>
   <div class='ocr_carea' id='block_1_75' title="bbox 489 4916 2076 4990">
    <p class='ocr_par' dir='ltr' id='par_1_75' title="bbox 489 4916 2076 4990">
     <span class='ocr_line' id='line_1_75' title="bbox 489 4916 2076 4990; baseline -0.009 -12"><span class='ocrx_word' id='word_1_583' title='bbox 489 4916 638 4980; x_wconf 84' lang='lat' dir='ltr'><strong>certe</strong></span> <span class='ocrx_word' id='word_1_584' title='bbox 665 4923 939 4976; x_wconf 85' lang='lat' dir='ltr'><strong>infirmant</strong></span> <span class='ocrx_word' id='word_1_585' title='bbox 965 4920 1100 4985; x_wconf 91' lang='lat' dir='ltr'><strong>duo;</strong></span> <span class='ocrx_word' id='word_1_586' title='bbox 1129 4933 1250 4974; x_wconf 90' lang='lat' dir='ltr'><strong>nam</strong></span> <span class='ocrx_word' id='word_1_587' title='bbox 1279 4917 1638 4990; x_wconf 81' lang='lat' dir='ltr'><strong>Hieronymus</strong></span> <span class='ocrx_word' id='word_1_588' title='bbox 1663 4916 1898 4990; x_wconf 84' lang='lat' dir='ltr'><strong>(Dialog.</strong></span> <span class='ocrx_word' id='word_1_589' title='bbox 1924 4916 1958 4977; x_wconf 76' lang='lat'><strong>3</strong></span> <span class='ocrx_word' id='word_1_590' title='bbox 1980 4923 2076 4975; x_wconf 77' lang='lat' dir='ltr'><strong>ad-</strong></span> 
     </span>
    </p>
   </div>
   <div class='ocr_carea' id='block_1_76' title="bbox 489 4989 2077 5064">
    <p class='ocr_par' dir='ltr' id='par_1_76' title="bbox 489 4989 2077 5064">
     <span class='ocr_line' id='line_1_76' title="bbox 489 4989 2077 5064; baseline 0 -16"><span class='ocrx_word' id='word_1_591' title='bbox 489 5010 619 5049; x_wconf 84' lang='lat' dir='ltr'><strong>vers.</strong></span> <span class='ocrx_word' id='word_1_592' title='bbox 643 4991 876 5064; x_wconf 84' lang='lat' dir='ltr'><strong>Pelag.),</strong></span> <span class='ocrx_word' id='word_1_593' title='bbox 911 5006 1029 5045; x_wconf 87' lang='lat' dir='ltr'><strong>cttm</strong></span> <span class='ocrx_word' id='word_1_594' title='bbox 1056 4991 1301 5064; x_wconf 70' lang='lat' dir='ltr'><strong>meminit</strong></span> <span class='ocrx_word' id='word_1_595' title='bbox 1331 4989 1556 5064; x_wconf 81' lang='lat' dir='ltr'><strong>hujusce</strong></span> <span class='ocrx_word' id='word_1_596' title='bbox 1586 4989 1760 5064; x_wconf 64' lang='lat' dir='ltr'><strong>vidua;</strong></span> <span class='ocrx_word' id='word_1_597' title='bbox 1783 5031 1798 5056; x_wconf 92' lang='lat'><strong>,</strong></span> <span class='ocrx_word' id='word_1_598' title='bbox 1833 4989 2077 5048; x_wconf 60' lang='lat' dir='ltr'><strong>Melaniae</strong></span> 
     </span>
    </p>
   </div>
   <div class='ocr_carea' id='block_1_77' title="bbox 491 5059 2080 5132">
    <p class='ocr_par' dir='ltr' id='par_1_77' title="bbox 491 5059 2080 5132">
     <span class='ocr_line' id='line_1_77' title="bbox 491 5059 2080 5132; baseline -0.001 -12"><span class='ocrx_word' id='word_1_599' title='bbox 491 5081 688 5121; x_wconf 89' lang='lat' dir='ltr'><strong>nomen</strong></span> <span class='ocrx_word' id='word_1_600' title='bbox 721 5059 1034 5132; x_wconf 78' lang='lat' dir='ltr'><strong>neutiquam</strong></span> <span class='ocrx_word' id='word_1_601' title='bbox 1061 5061 1319 5123; x_wconf 84' lang='lat' dir='ltr'><strong>siluisset,</strong></span> <span class='ocrx_word' id='word_1_602' title='bbox 1349 5060 1613 5132; x_wconf 85' lang='lat' dir='ltr'><strong>siquidem</strong></span> <span class='ocrx_word' id='word_1_603' title='bbox 1645 5059 1710 5132; x_wconf 86' lang='lat' dir='ltr'><strong>ad</strong></span> <span class='ocrx_word' id='word_1_604' title='bbox 1741 5062 1912 5130; x_wconf 88' lang='lat' dir='ltr'><strong>ipsam</strong></span> <span class='ocrx_word' id='word_1_605' title='bbox 1941 5065 2080 5118; x_wconf 83' lang='lat' dir='ltr'><strong>scri-</strong></span> 
     </span>
    </p>
   </div>
   <div class='ocr_carea' id='block_1_78' title="bbox 492 5131 2074 5206">
    <p class='ocr_par' dir='ltr' id='par_1_78' title="bbox 492 5131 2074 5206">
     <span class='ocr_line' id='line_1_78' title="bbox 492 5131 2074 5206; baseline 0 -18"><span class='ocrx_word' id='word_1_606' title='bbox 492 5145 616 5204; x_wconf 87' lang='lat' dir='ltr'><strong>ptus</strong></span> <span class='ocrx_word' id='word_1_607' title='bbox 656 5136 793 5191; x_wconf 89' lang='lat' dir='ltr'><strong>liber</strong></span> <span class='ocrx_word' id='word_1_608' title='bbox 819 5131 982 5191; x_wconf 84' lang='lat' dir='ltr'><strong>esset.</strong></span> <span class='ocrx_word' id='word_1_609' title='bbox 1014 5133 1085 5206; x_wconf 79' lang='lat' dir='ltr'><strong>Et</strong></span> <span class='ocrx_word' id='word_1_610' title='bbox 1110 5131 1646 5206; x_wconf 66' lang='lat' dir='ltr'><strong>Augustinus_(_l._oco</strong></span> <span class='ocrx_word' id='word_1_611' title='bbox 1672 5131 1734 5206; x_wconf 84' lang='lat' dir='ltr'><strong>de</strong></span> <span class='ocrx_word' id='word_1_612' title='bbox 1764 5133 1906 5206; x_wconf 60' lang='grc' dir='ltr'><strong>ϐεδε,</strong></span> <span class='ocrx_word' id='word_1_613' title='bbox 1938 5136 2026 5189; x_wconf 87' lang='lat' dir='ltr'><strong>cit.</strong></span> <span class='ocrx_word' id='word_1_614' title='bbox 2054 5133 2074 5206; x_wconf 94' lang='lat'><strong>)</strong></span> 
     </span>
    </p>
   </div>
   <div class='ocr_carea' id='block_1_79' title="bbox 491 5201 2075 5274">
    <p class='ocr_par' dir='ltr' id='par_1_79' title="bbox 491 5201 2075 5274">
     <span class='ocr_line' id='line_1_79' title="bbox 491 5201 2075 5274; baseline 0 -14"><span class='ocrx_word' id='word_1_615' title='bbox 491 5201 724 5261; x_wconf 80' lang='lat' dir='ltr'><strong>testatur</strong></span> <span class='ocrx_word' id='word_1_616' title='bbox 751 5207 802 5260; x_wconf 90' lang='lat' dir='ltr'><strong>in</strong></span> <span class='ocrx_word' id='word_1_617' title='bbox 830 5221 897 5262; x_wconf 91' lang='lat' dir='ltr'><strong>eo</strong></span> <span class='ocrx_word' id='word_1_618' title='bbox 927 5204 1115 5260; x_wconf 89' lang='lat' dir='ltr'><strong>codice</strong></span> <span class='ocrx_word' id='word_1_619' title='bbox 1137 5219 1243 5274; x_wconf 91' lang='lat' dir='ltr'><strong>quo</strong></span> <span class='ocrx_word' id='word_1_620' title='bbox 1271 5202 1470 5272; x_wconf 82' lang='lat' dir='ltr'><strong>Pelagii</strong></span> <span class='ocrx_word' id='word_1_621' title='bbox 1498 5201 1636 5270; x_wconf 89' lang='lat' dir='ltr'><strong>libri,</strong></span> <span class='ocrx_word' id='word_1_622' title='bbox 1667 5204 1782 5258; x_wconf 86' lang='lat' dir='ltr'><strong>sive</strong></span> <span class='ocrx_word' id='word_1_623' title='bbox 1807 5201 2075 5260; x_wconf 75' lang='lat' dir='ltr'><strong>exhorta-</strong></span> 
     </span>
    </p>
   </div>
   <div class='ocr_carea' id='block_1_80' title="bbox 493 5275 2078 5342">
    <p class='ocr_par' dir='ltr' id='par_1_80' title="bbox 493 5275 2078 5342">
     <span class='ocr_line' id='line_1_80' title="bbox 493 5275 2078 5342; baseline 0.001 -11"><span class='ocrx_word' id='word_1_624' title='bbox 493 5277 640 5342; x_wconf 89' lang='lat' dir='ltr'><strong>torii,</strong></span> <span class='ocrx_word' id='word_1_625' title='bbox 671 5278 789 5332; x_wconf 83' lang='lat' dir='ltr'><strong>sive</strong></span> <span class='ocrx_word' id='word_1_626' title='bbox 817 5276 1171 5332; x_wconf 88' lang='lat' dir='ltr'><strong>eonsolatorii</strong></span> <span class='ocrx_word' id='word_1_627' title='bbox 1204 5275 1632 5340; x_wconf 89' lang='lat' dir='ltr'><strong>continerentur,</strong></span> <span class='ocrx_word' id='word_1_628' title='bbox 1669 5289 1867 5330; x_wconf 91' lang='lat' dir='ltr'><strong>nomen</strong></span> <span class='ocrx_word' id='word_1_629' title='bbox 1901 5277 2078 5332; x_wconf 77' lang='lat' dir='ltr'><strong>vidum</strong></span> 
     </span>
    </p>
   </div>
   <div class='ocr_carea' id='block_1_81' title="bbox 491 5344 2078 5418">
    <p class='ocr_par' dir='ltr' id='par_1_81' title="bbox 491 5344 2078 5418">
     <span class='ocr_line' id='line_1_81' title="bbox 491 5344 2078 5418; baseline -0.001 -13"><span class='ocrx_word' id='word_1_630' title='bbox 491 5363 602 5405; x_wconf 89' lang='lat' dir='ltr'><strong>non</strong></span> <span class='ocrx_word' id='word_1_631' title='bbox 631 5347 796 5403; x_wconf 84' lang='lat' dir='ltr'><strong>fuisse</strong></span> <span class='ocrx_word' id='word_1_632' title='bbox 823 5362 1141 5418; x_wconf 75' lang='lat' dir='ltr'><strong>expressum</strong></span> <span class='ocrx_word' id='word_1_633' title='bbox 1169 5365 1181 5400; x_wconf 89' lang='lat'><strong>:</strong></span> <span class='ocrx_word' id='word_1_634' title='bbox 1209 5344 1615 5418; x_wconf 67' lang='lat' dir='ltr'><strong>caprimendutn</strong></span> <span class='ocrx_word' id='word_1_635' title='bbox 1640 5347 1826 5418; x_wconf 80' lang='lat' dir='ltr'><strong>utique</strong></span> <span class='ocrx_word' id='word_1_636' title='bbox 1856 5358 2078 5418; x_wconf 88' lang='lat' dir='ltr'><strong>propter</strong></span> 
     </span>
    </p>
   </div>
   <div class='ocr_carea' id='block_1_82' title="bbox 489 5417 2079 5549">
    <p class='ocr_par' dir='ltr' id='par_1_82' title="bbox 489 5417 2079 5549">
     <span class='ocr_line' id='line_1_82' title="bbox 489 5417 2079 5549; baseline 0.001 -75"><span class='ocrx_word' id='word_1_637' title='bbox 489 5417 1080 5549; x_wconf 45' lang='lat' dir='ltr'><strong>pobiliPtemtfemium</strong></span> <span class='ocrx_word' id='word_1_638' title='bbox 1119 5419 1376 5474; x_wconf 87' lang='lat' dir='ltr'><strong>facturam</strong></span> <span class='ocrx_word' id='word_1_639' title='bbox 1407 5417 1639 5489; x_wconf 88' lang='lat' dir='ltr'><strong>pretium</strong></span> <span class='ocrx_word' id='word_1_640' title='bbox 1671 5417 1839 5486; x_wconf 87' lang='lat' dir='ltr'><strong>libro,</strong></span> <span class='ocrx_word' id='word_1_641' title='bbox 1878 5419 1924 5476; x_wconf 91' lang='lat' dir='ltr'><strong>si</strong></span> <span class='ocrx_word' id='word_1_642' title='bbox 1959 5417 2079 5476; x_wconf 84' lang='lat' dir='ltr'><strong>Me-</strong></span> 
     </span>
     <span class='ocr_line' id='line_1_83' title="bbox 511 5502 872 5547; baseline -0.014 0"><span class='ocrx_word' id='word_1_643' title='bbox 511 5505 633 5547; x_wconf 80' lang='lat' dir='ltr'><strong>anta</strong></span> <span class='ocrx_word' id='word_1_644' title='bbox 685 5502 872 5545; x_wconf 81' lang='lat' dir='ltr'><strong>uisse.</strong></span> 
     </span>
    </p>
   </div>
   <div class='ocr_carea' id='block_1_83' title="bbox 511 5489 872 5547">
    <p class='ocr_par' dir='ltr' id='par_1_83' title="bbox 511 5489 872 5547">
     <span class='ocr_line' id='line_1_84' title="bbox 511 5489 872 5547; baseline -0.014 0"><span class='ocrx_word' id='word_1_645' title='bbox 511 5492 633 5547; x_wconf 76' lang='lat' dir='ltr'><strong>auia</strong></span> <span class='ocrx_word' id='word_1_646' title='bbox 663 5489 872 5545; x_wconf 88' lang='lat' dir='ltr'><strong>fuisset.</strong></span> 
     </span>
    </p>
   </div>
   <div class='ocr_carea' id='block_1_84' title="bbox 561 5560 2076 5633">
    <p class='ocr_par' dir='ltr' id='par_1_84' title="bbox 561 5560 2076 5633">
     <span class='ocr_line' id='line_1_85' title="bbox 561 5560 2076 5633; baseline 0.001 -16"><span class='ocrx_word' id='word_1_647' title='bbox 561 5562 734 5619; x_wconf 79' lang='lat' dir='ltr'><strong>Porro</strong></span> <span class='ocrx_word' id='word_1_648' title='bbox 763 5560 901 5617; x_wconf 86' lang='lat' dir='ltr'><strong>duos</strong></span> <span class='ocrx_word' id='word_1_649' title='bbox 930 5560 1009 5616; x_wconf 81' lang='lat' dir='ltr'><strong>Ad</strong></span> <span class='ocrx_word' id='word_1_650' title='bbox 1046 5561 1270 5623; x_wconf 87' lang='lat' dir='ltr'><strong>Viduam</strong></span> <span class='ocrx_word' id='word_1_651' title='bbox 1299 5561 1473 5618; x_wconf 89' lang='lat' dir='ltr'><strong>libros</strong></span> <span class='ocrx_word' id='word_1_652' title='bbox 1509 5561 1789 5631; x_wconf 86' lang='lat' dir='ltr'><strong>scripsisse</strong></span> <span class='ocrx_word' id='word_1_653' title='bbox 1827 5562 2076 5633; x_wconf 84' lang='lat' dir='ltr'><strong>Pelagius</strong></span> 
     </span>
    </p>
   </div>
   <div class='ocr_carea' id='block_1_85' title="bbox 488 5633 2076 5703">
    <p class='ocr_par' dir='ltr' id='par_1_85' title="bbox 488 5633 2076 5703">
     <span class='ocr_line' id='line_1_86' title="bbox 488 5633 2076 5703; baseline 0 -14"><span class='ocrx_word' id='word_1_654' title='bbox 488 5633 705 5690; x_wconf 90' lang='lat' dir='ltr'><strong>videtur</strong></span> <span class='ocrx_word' id='word_1_655' title='bbox 731 5650 745 5688; x_wconf 92' lang='lat'><strong>:</strong></span> <span class='ocrx_word' id='word_1_656' title='bbox 769 5649 934 5688; x_wconf 87' lang='lat' dir='ltr'><strong>unum</strong></span> <span class='ocrx_word' id='word_1_657' title='bbox 962 5633 1411 5698; x_wconf 79' lang='lat' dir='ltr'><strong>consolatoriam,</strong></span> <span class='ocrx_word' id='word_1_658' title='bbox 1434 5648 1499 5687; x_wconf 77' lang='lat' dir='ltr'><strong>ex</strong></span> <span class='ocrx_word' id='word_1_659' title='bbox 1519 5648 1624 5703; x_wconf 89' lang='lat' dir='ltr'><strong>quo</strong></span> <span class='ocrx_word' id='word_1_660' title='bbox 1645 5633 1925 5703; x_wconf 88' lang='lat' dir='ltr'><strong>desumpta</strong></span> <span class='ocrx_word' id='word_1_661' title='bbox 1949 5643 2076 5690; x_wconf 87' lang='lat' dir='ltr'><strong>sunt</strong></span> 
     </span>
    </p>
   </div>
   <div class='ocr_carea' id='block_1_86' title="bbox 490 5703 2074 5776">
    <p class='ocr_par' dir='ltr' id='par_1_86' title="bbox 490 5703 2074 5776">
     <span class='ocr_line' id='line_1_87' title="bbox 490 5703 2074 5776; baseline -0.001 -14"><span class='ocrx_word' id='word_1_662' title='bbox 490 5720 612 5776; x_wconf 71' lang='lat' dir='ltr'><strong>qua:</strong></span> <span class='ocrx_word' id='word_1_663' title='bbox 636 5706 723 5762; x_wconf 85' lang='lat' dir='ltr'><strong>vel</strong></span> <span class='ocrx_word' id='word_1_664' title='bbox 755 5705 824 5761; x_wconf 85' lang='lat' dir='ltr'><strong>ab</strong></span> <span class='ocrx_word' id='word_1_665' title='bbox 871 5704 1201 5776; x_wconf 83' lang='lat' dir='ltr'><strong>Hieronymo</strong></span> <span class='ocrx_word' id='word_1_666' title='bbox 1251 5705 1306 5758; x_wconf 92' lang='lat' dir='ltr'><strong>in</strong></span> <span class='ocrx_word' id='word_1_667' title='bbox 1358 5703 1591 5776; x_wconf 82' lang='lat' dir='ltr'><strong>dialogo,</strong></span> <span class='ocrx_word' id='word_1_668' title='bbox 1627 5704 1710 5760; x_wconf 87' lang='lat' dir='ltr'><strong>vel</strong></span> <span class='ocrx_word' id='word_1_669' title='bbox 1762 5705 1813 5759; x_wconf 89' lang='lat' dir='ltr'><strong>in</strong></span> <span class='ocrx_word' id='word_1_670' title='bbox 1842 5706 2074 5761; x_wconf 88' lang='lat' dir='ltr'><strong>concilio</strong></span> 
     </span>
    </p>
   </div>
   <div class='ocr_carea' id='block_1_87' title="bbox 491 5772 2074 5845">
    <p class='ocr_par' dir='ltr' id='par_1_87' title="bbox 491 5772 2074 5845">
     <span class='ocr_line' id='line_1_88' title="bbox 491 5772 2074 5845; baseline -0.003 -7"><span class='ocrx_word' id='word_1_671' title='bbox 491 5772 861 5845; x_wconf 77' lang='lat' dir='ltr'><strong>Diospolltano</strong></span> <span class='ocrx_word' id='word_1_672' title='bbox 889 5772 1103 5844; x_wconf 66' lang='lat' dir='ltr'><strong>oblituit</strong></span> <span class='ocrx_word' id='word_1_673' title='bbox 1146 5784 1301 5842; x_wconf 75' lang='lat' dir='ltr'><strong>sunt;</strong></span> <span class='ocrx_word' id='word_1_674' title='bbox 1338 5772 1566 5839; x_wconf 69' lang='lat' dir='ltr'><strong>alienun</strong></span> <span class='ocrx_word' id='word_1_675' title='bbox 1612 5776 2074 5845; x_wconf 66' lang='lat' dir='ltr'><strong>exhortatoriam,</strong></span> 
     </span>
    </p>
   </div>
   <div class='ocr_carea' id='block_1_88' title="bbox 2103 3255 2150 3319">
    <p class='ocr_par' dir='ltr' id='par_1_88' title="bbox 2103 3255 2150 3319">
     <span class='ocr_line' id='line_1_89' title="bbox 2103 3255 2150 3319; baseline 0 0"><span class='ocrx_word' id='word_1_676' title='bbox 2103 3255 2150 3319; x_wconf 73' lang='grc' dir='ltr'><strong>(Ξ</strong></span> 
     </span>
    </p>
   </div>
   <div class='ocr_carea' id='block_1_89' title="bbox 2174 1935 3783 2010">
    <p class='ocr_par' dir='ltr' id='par_1_89' title="bbox 2174 1935 3783 2010">
     <span class='ocr_line' id='line_1_90' title="bbox 2174 1935 3783 2010; baseline 0.001 -19"><span class='ocrx_word' id='word_1_677' title='bbox 2174 1935 2602 2010; x_wconf 56' lang='grc' dir='ltr'>δι’διῠιιλιξοιοιί</span> <span class='ocrx_word' id='word_1_678' title='bbox 2633 1935 2994 2010; x_wconf 83' lang='lat' dir='ltr'><strong>siutriusque</strong></span> <span class='ocrx_word' id='word_1_679' title='bbox 3029 1936 3332 2010; x_wconf 80' lang='lat' dir='ltr'><strong>fragmenta</strong></span> <span class='ocrx_word' id='word_1_680' title='bbox 3374 1945 3783 2010; x_wconf 48' lang='lat' dir='ltr'><strong>reprazsentenf</strong></span> 
     </span>
    </p>
   </div>
   <div class='ocr_carea' id='block_1_90' title="bbox 2177 2007 3784 2078">
    <p class='ocr_par' dir='ltr' id='par_1_90' title="bbox 2177 2007 3784 2078">
     <span class='ocr_line' id='line_1_91' title="bbox 2177 2007 3784 2078; baseline 0.001 -15"><span class='ocrx_word' id='word_1_681' title='bbox 2177 2007 2286 2075; x_wconf 81' lang='lat' dir='ltr'><strong>tur,</strong></span> <span class='ocrx_word' id='word_1_682' title='bbox 2315 2007 2420 2064; x_wconf 87' lang='lat' dir='ltr'><strong>non</strong></span> <span class='ocrx_word' id='word_1_683' title='bbox 2452 2009 2539 2065; x_wconf 88' lang='lat' dir='ltr'><strong>hic</strong></span> <span class='ocrx_word' id='word_1_684' title='bbox 2567 2008 2815 2078; x_wconf 89' lang='lat' dir='ltr'><strong>quidem,</strong></span> <span class='ocrx_word' id='word_1_685' title='bbox 2850 2022 2918 2062; x_wconf 91' lang='lat' dir='ltr'><strong>ne</strong></span> <span class='ocrx_word' id='word_1_686' title='bbox 2947 2008 3181 2078; x_wconf 85' lang='lat' dir='ltr'><strong>violetur</strong></span> <span class='ocrx_word' id='word_1_687' title='bbox 3211 2007 3296 2062; x_wconf 83' lang='lat' dir='ltr'><strong>lex</strong></span> <span class='ocrx_word' id='word_1_688' title='bbox 3346 2016 3594 2078; x_wconf 82' lang='lat' dir='ltr'><strong>notarum</strong></span> <span class='ocrx_word' id='word_1_689' title='bbox 3623 2048 3640 2076; x_wconf 94' lang='lat'><strong>,</strong></span> <span class='ocrx_word' id='word_1_690' title='bbox 3674 2008 3784 2064; x_wconf 87' lang='lat' dir='ltr'><strong>sed</strong></span> 
     </span>
    </p>
   </div>
   <div class='ocr_carea' id='block_1_91' title="bbox 2175 2077 3494 2146">
    <p class='ocr_par' dir='ltr' id='par_1_91' title="bbox 2175 2077 3494 2146">
     <span class='ocr_line' id='line_1_92' title="bbox 2175 2077 3494 2146; baseline -0.003 -12"><span class='ocrx_word' id='word_1_691' title='bbox 2175 2081 2230 2135; x_wconf 92' lang='lat' dir='ltr'><strong>in</strong></span> <span class='ocrx_word' id='word_1_692' title='bbox 2262 2077 2644 2135; x_wconf 86' lang='lat' dir='ltr'><strong>dissertatione</strong></span> <span class='ocrx_word' id='word_1_693' title='bbox 2674 2079 2742 2134; x_wconf 91' lang='lat' dir='ltr'><strong>de</strong></span> <span class='ocrx_word' id='word_1_694' title='bbox 2771 2079 2879 2132; x_wconf 86' lang='lat' dir='ltr'><strong>vita</strong></span> <span class='ocrx_word' id='word_1_695' title='bbox 2906 2088 2962 2132; x_wconf 90' lang='lat' dir='ltr'><strong>et</strong></span> <span class='ocrx_word' id='word_1_696' title='bbox 2994 2077 3235 2132; x_wconf 89' lang='lat' dir='ltr'><strong>moribus</strong></span> <span class='ocrx_word' id='word_1_697' title='bbox 3266 2077 3494 2146; x_wconf 87' lang='lat' dir='ltr'><strong>Pelagii.</strong></span> 
     </span>
    </p>
   </div>
   <div class='ocr_carea' id='block_1_92' title="bbox 2249 2149 3786 2220">
    <p class='ocr_par' dir='ltr' id='par_1_92' title="bbox 2249 2149 3786 2220">
     <span class='ocr_line' id='line_1_93' title="bbox 2249 2149 3786 2220; baseline -0.001 -16"><span class='ocrx_word' id='word_1_698' title='bbox 2249 2161 2276 2189; x_wconf 77' lang='grc' dir='ltr'>σι</span> <span class='ocrx_word' id='word_1_699' title='bbox 2318 2153 2487 2206; x_wconf 86' lang='lat' dir='ltr'><strong>llahet</strong></span> <span class='ocrx_word' id='word_1_700' title='bbox 2511 2151 2681 2206; x_wconf 86' lang='lat' dir='ltr'><strong>editio</strong></span> <span class='ocrx_word' id='word_1_701' title='bbox 2711 2149 2961 2220; x_wconf 82' lang='lat' dir='ltr'><strong>Vulgata,</strong></span> <span class='ocrx_word' id='word_1_702' title='bbox 2983 2150 3160 2202; x_wconf 89' lang='lat' dir='ltr'><strong>anima</strong></span> <span class='ocrx_word' id='word_1_703' title='bbox 3179 2192 3193 2214; x_wconf 94' lang='lat'><strong>,</strong></span> <span class='ocrx_word' id='word_1_704' title='bbox 3225 2165 3340 2218; x_wconf 83' lang='lat' dir='ltr'><strong>qua:</strong></span> <span class='ocrx_word' id='word_1_705' title='bbox 3368 2149 3645 2220; x_wconf 73' lang='lat' dir='ltr'><strong>benedicit,</strong></span> <span class='ocrx_word' id='word_1_706' title='bbox 3677 2150 3786 2204; x_wconf 80' lang='lat' dir='ltr'><strong>im-</strong></span> 
     </span>
    </p>
   </div>
   <div class='ocr_carea' id='block_1_93' title="bbox 2176 2217 3779 2294">
    <p class='ocr_par' dir='ltr' id='par_1_93' title="bbox 2176 2217 3779 2294">
     <span class='ocr_line' id='line_1_94' title="bbox 2176 2217 3779 2294; baseline 0.001 -20"><span class='ocrx_word' id='word_1_707' title='bbox 2176 2223 2533 2294; x_wconf 83' lang='lat' dir='ltr'><strong>pinguabitur,</strong></span> <span class='ocrx_word' id='word_1_708' title='bbox 2563 2232 2611 2275; x_wconf 85' lang='lat' dir='ltr'><strong>et</strong></span> <span class='ocrx_word' id='word_1_709' title='bbox 2637 2221 2727 2292; x_wconf 90' lang='lat' dir='ltr'><strong>qui</strong></span> <span class='ocrx_word' id='word_1_710' title='bbox 2743 2217 2993 2294; x_wconf 75' lang='lat' dir='ltr'><strong>inebriat,</strong></span> <span class='ocrx_word' id='word_1_711' title='bbox 3025 2217 3370 2274; x_wconf 86' lang='lat' dir='ltr'><strong>inebriabitur</strong></span> <span class='ocrx_word' id='word_1_712' title='bbox 3398 2217 3664 2294; x_wconf 83' lang='lat' dir='ltr'><strong>(Proverb.</strong></span> <span class='ocrx_word' id='word_1_713' title='bbox 3691 2237 3779 2288; x_wconf 73' lang='lat' dir='ltr'><strong>XI.</strong></span> 
     </span>
    </p>
   </div>
   <div class='ocr_carea' id='block_1_94' title="bbox 2173 2290 3779 2368">
    <p class='ocr_par' dir='ltr' id='par_1_94' title="bbox 2173 2290 3779 2368">
     <span class='ocr_line' id='line_1_95' title="bbox 2173 2290 3779 2368; baseline 0.001 -20"><span class='ocrx_word' id='word_1_714' title='bbox 2173 2290 2291 2368; x_wconf 51' lang='lat'><strong>35):</strong></span> <span class='ocrx_word' id='word_1_715' title='bbox 2323 2290 2704 2368; x_wconf 68' lang='lat' dir='ltr'><strong>Septuaginta,</strong></span> <span class='ocrx_word' id='word_1_716' title='bbox 2722 2291 2877 2364; x_wconf 69' lang='grc' dir='ltr'><strong>ψυχὴ</strong></span> <span class='ocrx_word' id='word_1_717' title='bbox 2903 2293 3230 2368; x_wconf 41' lang='lat' dir='ltr'><strong>diazomata!)</strong></span> <span class='ocrx_word' id='word_1_718' title='bbox 3257 2296 3407 2368; x_wconf 65' lang='grc' dir='ltr'><strong>πᾶᾳα</strong></span> <span class='ocrx_word' id='word_1_719' title='bbox 3434 2290 3591 2368; x_wconf 57' lang='grc' dir='ltr'><strong>ἁπλῆ,</strong></span> <span class='ocrx_word' id='word_1_720' title='bbox 3643 2295 3779 2368; x_wconf 61' lang='grc' dir='ltr'><strong>ᾀνήρ</strong></span> 
     </span>
    </p>
   </div>
   <div class='ocr_carea' id='block_1_95' title="bbox 2175 2363 3785 2436">
    <p class='ocr_par' dir='ltr' id='par_1_95' title="bbox 2175 2363 3785 2436">
     <span class='ocr_line' id='line_1_96' title="bbox 2175 2363 3785 2436; baseline -0.001 -16"><span class='ocrx_word' id='word_1_721' title='bbox 2175 2363 2228 2420; x_wconf 79' lang='grc' dir='ltr'><strong>δὲ</strong></span> <span class='ocrx_word' id='word_1_722' title='bbox 2255 2364 2492 2435; x_wconf 78' lang='grc' dir='ltr'><strong>θυμώδης</strong></span> <span class='ocrx_word' id='word_1_723' title='bbox 2522 2363 2610 2420; x_wconf 77' lang='grc' dir='ltr'><strong>οὐκ</strong></span> <span class='ocrx_word' id='word_1_724' title='bbox 2658 2363 2952 2436; x_wconf 75' lang='grc' dir='ltr'><strong>εὐσχήμων</strong></span> <span class='ocrx_word' id='word_1_725' title='bbox 2985 2363 3086 2436; x_wconf 64' lang='grc' dir='ltr'><strong>ξω</strong></span> <span class='ocrx_word' id='word_1_726' title='bbox 3110 2363 3234 2425; x_wconf 91' lang='lat' dir='ltr'><strong>est,</strong></span> <span class='ocrx_word' id='word_1_727' title='bbox 3275 2363 3456 2436; x_wconf 77' lang='lat' dir='ltr'><strong>atima</strong></span> <span class='ocrx_word' id='word_1_728' title='bbox 3487 2363 3785 2419; x_wconf 65' lang='lat' dir='ltr'><strong>benedicta</strong></span> 
     </span>
    </p>
   </div>
   <div class='ocr_carea' id='block_1_96' title="bbox 2176 2433 3782 2506">
    <p class='ocr_par' dir='ltr' id='par_1_96' title="bbox 2176 2433 3782 2506">
     <span class='ocr_line' id='line_1_97' title="bbox 2176 2433 3782 2506; baseline 0.001 -17"><span class='ocrx_word' id='word_1_729' title='bbox 2176 2433 2354 2490; x_wconf 83' lang='lat' dir='ltr'><strong>omnis</strong></span> <span class='ocrx_word' id='word_1_730' title='bbox 2384 2438 2638 2506; x_wconf 82' lang='lat' dir='ltr'><strong>simplex.</strong></span> <span class='ocrx_word' id='word_1_731' title='bbox 2671 2433 2963 2488; x_wconf 34' lang='lat' dir='ltr'><strong>virau‘tem</strong></span> <span class='ocrx_word' id='word_1_732' title='bbox 3002 2434 3281 2506; x_wconf 81' lang='lat' dir='ltr'><strong>animosus</strong></span> <span class='ocrx_word' id='word_1_733' title='bbox 3309 2433 3639 2506; x_wconf 82' lang='lat' dir='ltr'><strong>inhonestus</strong></span> <span class='ocrx_word' id='word_1_734' title='bbox 3664 2444 3782 2489; x_wconf 86' lang='lat' dir='ltr'><strong>est.</strong></span> 
     </span>
    </p>
   </div>
   <div class='ocr_carea' id='block_1_97' title="bbox 2176 2503 3784 2578">
    <p class='ocr_par' dir='ltr' id='par_1_97' title="bbox 2176 2503 3784 2578">
     <span class='ocr_line' id='line_1_98' title="bbox 2176 2503 3784 2578; baseline -0.002 -16"><span class='ocrx_word' id='word_1_735' title='bbox 2176 2503 2540 2578; x_wconf 83' lang='lat' dir='ltr'><strong>Hieronymus</strong></span> <span class='ocrx_word' id='word_1_736' title='bbox 2572 2506 2758 2578; x_wconf 79' lang='lat' dir='ltr'><strong>(Apol.</strong></span> <span class='ocrx_word' id='word_1_737' title='bbox 2791 2506 2994 2578; x_wconf 79' lang='lat' dir='ltr'><strong>advers.</strong></span> <span class='ocrx_word' id='word_1_738' title='bbox 3027 2504 3208 2578; x_wconf 69' lang='lat' dir='ltr'><strong>Ruﬁn.</strong></span> <span class='ocrx_word' id='word_1_739' title='bbox 3237 2505 3328 2558; x_wconf 86' lang='lat' dir='ltr'><strong>sub</strong></span> <span class='ocrx_word' id='word_1_740' title='bbox 3358 2503 3571 2578; x_wconf 76' lang='lat' dir='ltr'><strong>ﬁnem),</strong></span> <span class='ocrx_word' id='word_1_741' title='bbox 3599 2506 3784 2560; x_wconf 84' lang='lat' dir='ltr'><strong>anima</strong></span> 
     </span>
    </p>
   </div>
   <div class='ocr_carea' id='block_1_98' title="bbox 2178 2574 3780 2646">
    <p class='ocr_par' dir='ltr' id='par_1_98' title="bbox 2178 2574 3780 2646">
     <span class='ocr_line' id='line_1_99' title="bbox 2178 2574 3780 2646; baseline -0.001 -14"><span class='ocrx_word' id='word_1_742' title='bbox 2178 2574 2463 2641; x_wconf 69' lang='lat' dir='ltr'><strong>benedicta,</strong></span> <span class='ocrx_word' id='word_1_743' title='bbox 2494 2574 2660 2630; x_wconf 79' lang='lat' dir='ltr'><strong>omnis</strong></span> <span class='ocrx_word' id='word_1_744' title='bbox 2689 2576 2910 2646; x_wconf 80' lang='lat' dir='ltr'><strong>simplex</strong></span> <span class='ocrx_word' id='word_1_745' title='bbox 2931 2578 3028 2640; x_wconf 80' lang='lat' dir='ltr'><strong>vir,</strong></span> <span class='ocrx_word' id='word_1_746' title='bbox 3057 2576 3321 2629; x_wconf 85' lang='lat' dir='ltr'><strong>animosus</strong></span> <span class='ocrx_word' id='word_1_747' title='bbox 3350 2574 3648 2630; x_wconf 80' lang='lat' dir='ltr'><strong>inhonestus</strong></span> <span class='ocrx_word' id='word_1_748' title='bbox 3674 2585 3780 2631; x_wconf 87' lang='lat' dir='ltr'><strong>est.</strong></span> 
     </span>
    </p>
   </div>
   <div class='ocr_carea' id='block_1_99' title="bbox 2177 2646 3784 2775">
    <p class='ocr_par' dir='ltr' id='par_1_99' title="bbox 2177 2646 3784 2775">
     <span class='ocr_line' id='line_1_100' title="bbox 2177 2646 3784 2775; baseline 0.001 -72"><span class='ocrx_word' id='word_1_749' title='bbox 2177 2649 2360 2775; x_wconf 55' lang='lat' dir='ltr'><strong>lI&#39;Editio</strong></span> <span class='ocrx_word' id='word_1_750' title='bbox 2420 2649 2649 2720; x_wconf 84' lang='lat' dir='ltr'><strong>Vulgata</strong></span> <span class='ocrx_word' id='word_1_751' title='bbox 2713 2647 2873 2718; x_wconf 91' lang='lat' dir='ltr'><strong>longe</strong></span> <span class='ocrx_word' id='word_1_752' title='bbox 2945 2646 3335 2702; x_wconf 85' lang='lat' dir='ltr'><strong>consonantior</strong></span> <span class='ocrx_word' id='word_1_753' title='bbox 3415 2648 3586 2701; x_wconf 81' lang='lat' dir='ltr'><strong>textui</strong></span> <span class='ocrx_word' id='word_1_754' title='bbox 3665 2647 3784 2705; x_wconf 84' lang='lat' dir='ltr'><strong>lle-</strong></span> 
     </span>
     <span class='ocr_line' id='line_1_101' title="bbox 2215 2729 2465 2775; baseline -0.008 0"><span class='ocrx_word' id='word_1_755' title='bbox 2215 2736 2326 2775; x_wconf 69' lang='lat' dir='ltr'><strong>l&#39;iBO</strong></span> <span class='ocrx_word' id='word_1_756' title='bbox 2363 2729 2465 2775; x_wconf 91' lang='lat' dir='ltr'><strong>est.</strong></span> 
     </span>
    </p>
   </div>
   <div class='ocr_carea' id='block_1_100' title="bbox 2215 2729 2465 2775">
    <p class='ocr_par' dir='ltr' id='par_1_100' title="bbox 2215 2729 2465 2775">
     <span class='ocr_line' id='line_1_102' title="bbox 2215 2729 2465 2775; baseline -0.008 0"><span class='ocrx_word' id='word_1_757' title='bbox 2215 2736 2326 2775; x_wconf 69' lang='lat' dir='ltr'><strong>I&#39;tBO</strong></span> <span class='ocrx_word' id='word_1_758' title='bbox 2363 2729 2465 2775; x_wconf 91' lang='lat' dir='ltr'><strong>est.</strong></span> 
     </span>
    </p>
   </div>
   <div class='ocr_carea' id='block_1_101' title="bbox 2249 2788 3776 2860">
    <p class='ocr_par' dir='ltr' id='par_1_101' title="bbox 2249 2788 3776 2860">
     <span class='ocr_line' id='line_1_103' title="bbox 2249 2788 3776 2860; baseline -0.001 -13"><span class='ocrx_word' id='word_1_759' title='bbox 2249 2791 2276 2829; x_wconf 74' lang='grc' dir='ltr'>ι)</span> <span class='ocrx_word' id='word_1_760' title='bbox 2316 2791 2544 2847; x_wconf 83' lang='lat' dir='ltr'><strong>Nomine</strong></span> <span class='ocrx_word' id='word_1_761' title='bbox 2584 2789 2715 2860; x_wconf 89' lang='lat' dir='ltr'><strong>legis</strong></span> <span class='ocrx_word' id='word_1_762' title='bbox 2763 2789 3014 2860; x_wconf 84' lang='lat' dir='ltr'><strong>Pelagius</strong></span> <span class='ocrx_word' id='word_1_763' title='bbox 3066 2789 3354 2845; x_wconf 83' lang='lat' dir='ltr'><strong>Mosaieam</strong></span> <span class='ocrx_word' id='word_1_764' title='bbox 3412 2788 3776 2858; x_wconf 87' lang='lat' dir='ltr'><strong>intelligebat.</strong></span> 
     </span>
    </p>
   </div>
   <div class='ocr_carea' id='block_1_102' title="bbox 2178 2859 3773 2934">
    <p class='ocr_par' dir='ltr' id='par_1_102' title="bbox 2178 2859 3773 2934">
     <span class='ocr_line' id='line_1_104' title="bbox 2178 2859 3773 2934; baseline -0.003 -17"><span class='ocrx_word' id='word_1_765' title='bbox 2178 2862 2308 2917; x_wconf 86' lang='lat' dir='ltr'><strong>Nam</strong></span> <span class='ocrx_word' id='word_1_766' title='bbox 2331 2864 2473 2934; x_wconf 86' lang='lat' dir='ltr'><strong>quod</strong></span> <span class='ocrx_word' id='word_1_767' title='bbox 2493 2859 2860 2934; x_wconf 80' lang='lat' dir='ltr'><strong>testimonium</strong></span> <span class='ocrx_word' id='word_1_768' title='bbox 2873 2861 3116 2934; x_wconf 80' lang='lat' dir='ltr'><strong>adhibuit</strong></span> <span class='ocrx_word' id='word_1_769' title='bbox 3131 2876 3198 2916; x_wconf 84' lang='lat' dir='ltr'><strong>ex</strong></span> <span class='ocrx_word' id='word_1_770' title='bbox 3215 2860 3382 2915; x_wconf 87' lang='lat' dir='ltr'><strong>veteri</strong></span> <span class='ocrx_word' id='word_1_771' title='bbox 3399 2859 3773 2934; x_wconf 74' lang='lat' dir='ltr'><strong>Testamento,</strong></span> 
     </span>
    </p>
   </div>
   <div class='ocr_carea' id='block_1_103' title="bbox 2178 2931 3770 3002">
    <p class='ocr_par' dir='ltr' id='par_1_103' title="bbox 2178 2931 3770 3002">
     <span class='ocr_line' id='line_1_105' title="bbox 2178 2931 3770 3002; baseline 0.001 -14"><span class='ocrx_word' id='word_1_772' title='bbox 2178 2934 2307 2988; x_wconf 91' lang='lat' dir='ltr'><strong>illud</strong></span> <span class='ocrx_word' id='word_1_773' title='bbox 2328 2931 2618 2999; x_wconf 63' lang='lat' dir='ltr'><strong>Apostolus</strong></span> <span class='ocrx_word' id='word_1_774' title='bbox 2640 2933 2709 2987; x_wconf 90' lang='lat' dir='ltr'><strong>de</strong></span> <span class='ocrx_word' id='word_1_775' title='bbox 2729 2934 2845 3002; x_wconf 91' lang='lat' dir='ltr'><strong>lege</strong></span> <span class='ocrx_word' id='word_1_776' title='bbox 2868 2932 3099 2987; x_wconf 87' lang='lat' dir='ltr'><strong>Mosaica</strong></span> <span class='ocrx_word' id='word_1_777' title='bbox 3119 2934 3504 3000; x_wconf 88' lang='lat' dir='ltr'><strong>interpretatus</strong></span> <span class='ocrx_word' id='word_1_778' title='bbox 3516 2941 3600 2986; x_wconf 91' lang='lat' dir='ltr'><strong>est</strong></span> <span class='ocrx_word' id='word_1_779' title='bbox 3621 2931 3770 2998; x_wconf 83' lang='lat' dir='ltr'><strong>(Gal.</strong></span> 
     </span>
    </p>
   </div>
   <div class='ocr_carea' id='block_1_104' title="bbox 2178 3002 3780 3072">
    <p class='ocr_par' dir='ltr' id='par_1_104' title="bbox 2178 3002 3780 3072">
     <span class='ocr_line' id='line_1_106' title="bbox 2178 3002 3780 3072; baseline -0.001 -14"><span class='ocrx_word' id='word_1_780' title='bbox 2178 3020 2258 3069; x_wconf 86' lang='grc' dir='ltr'>ιιι,</span> <span class='ocrx_word' id='word_1_781' title='bbox 2278 3005 2390 3072; x_wconf 73' lang='grc'><strong>10).</strong></span> <span class='ocrx_word' id='word_1_782' title='bbox 2411 3005 2475 3058; x_wconf 86' lang='lat' dir='ltr'><strong>Et</strong></span> <span class='ocrx_word' id='word_1_783' title='bbox 2493 3004 2757 3059; x_wconf 80' lang='lat' dir='ltr'><strong>Mercator</strong></span> <span class='ocrx_word' id='word_1_784' title='bbox 2773 3006 2886 3070; x_wconf 87' lang='lat' dir='ltr'><strong>ipse</strong></span> <span class='ocrx_word' id='word_1_785' title='bbox 2900 3003 3370 3058; x_wconf 87' lang='lat' dir='ltr'><strong>continuosubdit:</strong></span> <span class='ocrx_word' id='word_1_786' title='bbox 3386 3002 3780 3056; x_wconf 81' lang='lat' dir='ltr'><strong>Asserereltunc</strong></span> 
     </span>
    </p>
   </div>
   <div class='ocr_carea' id='block_1_105' title="bbox 2175 3074 3782 3145">
    <p class='ocr_par' dir='ltr' id='par_1_105' title="bbox 2175 3074 3782 3145">
     <span class='ocr_line' id='line_1_107' title="bbox 2175 3074 3782 3145; baseline 0 -16"><span class='ocrx_word' id='word_1_787' title='bbox 2175 3074 2329 3140; x_wconf 89' lang='lat' dir='ltr'><strong>illud,</strong></span> <span class='ocrx_word' id='word_1_788' title='bbox 2355 3078 2492 3144; x_wconf 86' lang='lat' dir='ltr'><strong>quod</strong></span> <span class='ocrx_word' id='word_1_789' title='bbox 2530 3077 2676 3129; x_wconf 90' lang='lat' dir='ltr'><strong>toties</strong></span> <span class='ocrx_word' id='word_1_790' title='bbox 2696 3075 2812 3144; x_wconf 86' lang='lat' dir='ltr'><strong>jam</strong></span> <span class='ocrx_word' id='word_1_791' title='bbox 2839 3075 3085 3145; x_wconf 65' lang='lat' dir='ltr'><strong>superius</strong></span> <span class='ocrx_word' id='word_1_792' title='bbox 3116 3075 3306 3127; x_wconf 80' lang='lat' dir='ltr'><strong>dictant</strong></span> <span class='ocrx_word' id='word_1_793' title='bbox 3335 3082 3433 3141; x_wconf 86' lang='lat' dir='ltr'><strong>est,</strong></span> <span class='ocrx_word' id='word_1_794' title='bbox 3464 3074 3533 3126; x_wconf 90' lang='lat' dir='ltr'><strong>ad</strong></span> <span class='ocrx_word' id='word_1_795' title='bbox 3560 3089 3782 3145; x_wconf 85' lang='lat' dir='ltr'><strong>regnum</strong></span> 
     </span>
    </p>
   </div>
   <div class='ocr_carea' id='block_1_106' title="bbox 2177 3143 3781 3216">
    <p class='ocr_par' dir='ltr' id='par_1_106' title="bbox 2177 3143 3781 3216">
     <span class='ocr_line' id='line_1_108' title="bbox 2177 3143 3781 3216; baseline -0.001 -15"><span class='ocrx_word' id='word_1_796' title='bbox 2177 3143 2424 3201; x_wconf 78' lang='lat' dir='ltr'><strong>caelorum</strong></span> <span class='ocrx_word' id='word_1_797' title='bbox 2451 3146 2612 3200; x_wconf 86' lang='lat' dir='ltr'><strong>libros</strong></span> <span class='ocrx_word' id='word_1_798' title='bbox 2641 3143 2856 3216; x_wconf 79' lang='lat' dir='ltr'><strong>Moysis,</strong></span> <span class='ocrx_word' id='word_1_799' title='bbox 2885 3146 3018 3198; x_wconf 82' lang='lat' dir='ltr'><strong>sicut</strong></span> <span class='ocrx_word' id='word_1_800' title='bbox 3042 3143 3378 3214; x_wconf 84' lang='lat' dir='ltr'><strong>Evangelium</strong></span> <span class='ocrx_word' id='word_1_801' title='bbox 3400 3143 3629 3210; x_wconf 75' lang='lat' dir='ltr'><strong>mittere,</strong></span> <span class='ocrx_word' id='word_1_802' title='bbox 3651 3148 3781 3200; x_wconf 86' lang='lat' dir='ltr'><strong>nul-</strong></span> 
     </span>
    </p>
   </div>
   <div class='ocr_carea' id='block_1_107' title="bbox 2181 3216 3778 3289">
    <p class='ocr_par' dir='ltr' id='par_1_107' title="bbox 2181 3216 3778 3289">
     <span class='ocr_line' id='line_1_109' title="bbox 2181 3216 3778 3289; baseline 0.001 -19"><span class='ocrx_word' id='word_1_803' title='bbox 2181 3219 2260 3289; x_wconf 85' lang='lat' dir='ltr'><strong>lus</strong></span> <span class='ocrx_word' id='word_1_804' title='bbox 2303 3216 2695 3289; x_wconf 81' lang='lat' dir='ltr'><strong>catholicorum,</strong></span> <span class='ocrx_word' id='word_1_805' title='bbox 2726 3217 2814 3284; x_wconf 84' lang='lat' dir='ltr'><strong>qui</strong></span> <span class='ocrx_word' id='word_1_806' title='bbox 2855 3216 2952 3289; x_wconf 77' lang='lat' dir='ltr'><strong>hoc</strong></span> <span class='ocrx_word' id='word_1_807' title='bbox 2984 3218 3277 3289; x_wconf 72' lang='lat' dir='ltr'><strong>capitulum</strong></span> <span class='ocrx_word' id='word_1_808' title='bbox 3322 3217 3520 3289; x_wconf 77' lang='lat' dir='ltr'><strong>legerit,</strong></span> <span class='ocrx_word' id='word_1_809' title='bbox 3547 3216 3778 3272; x_wconf 88' lang='lat' dir='ltr'><strong>dubitat.</strong></span> 
     </span>
    </p>
   </div>
   <div class='ocr_carea' id='block_1_108' title="bbox 2183 3285 3778 3356">
    <p class='ocr_par' dir='ltr' id='par_1_108' title="bbox 2183 3285 3778 3356">
     <span class='ocr_line' id='line_1_110' title="bbox 2183 3285 3778 3356; baseline 0.002 -15"><span class='ocrx_word' id='word_1_810' title='bbox 2183 3288 2541 3356; x_wconf 85' lang='lat' dir='ltr'><strong>Quamobrem</strong></span> <span class='ocrx_word' id='word_1_811' title='bbox 2573 3303 2696 3342; x_wconf 91' lang='lat' dir='ltr'><strong>cum</strong></span> <span class='ocrx_word' id='word_1_812' title='bbox 2729 3285 3034 3342; x_wconf 89' lang='lat' dir='ltr'><strong>benedictio</strong></span> <span class='ocrx_word' id='word_1_813' title='bbox 3062 3285 3450 3342; x_wconf 37' lang='lat' dir='ltr'><strong>&#39;maledictioni</strong></span> <span class='ocrx_word' id='word_1_814' title='bbox 3493 3289 3778 3344; x_wconf 85' lang='lat' dir='ltr'><strong>contraria</strong></span> 
     </span>
    </p>
   </div>
   <div class='ocr_carea' id='block_1_109' title="bbox 2183 3357 3777 3428">
    <p class='ocr_par' dir='ltr' id='par_1_109' title="bbox 2183 3357 3777 3428">
     <span class='ocr_line' id='line_1_111' title="bbox 2183 3357 3777 3428; baseline 0 -14"><span class='ocrx_word' id='word_1_815' title='bbox 2183 3363 2274 3427; x_wconf 90' lang='lat' dir='ltr'><strong>sit,</strong></span> <span class='ocrx_word' id='word_1_816' title='bbox 2310 3375 2411 3414; x_wconf 90' lang='lat' dir='ltr'><strong>nec</strong></span> <span class='ocrx_word' id='word_1_817' title='bbox 2457 3359 2602 3414; x_wconf 89' lang='lat' dir='ltr'><strong>aliud</strong></span> <span class='ocrx_word' id='word_1_818' title='bbox 2630 3360 2852 3413; x_wconf 89' lang='lat' dir='ltr'><strong>omnino</strong></span> <span class='ocrx_word' id='word_1_819' title='bbox 2902 3358 2970 3412; x_wconf 90' lang='lat' dir='ltr'><strong>sit</strong></span> <span class='ocrx_word' id='word_1_820' title='bbox 3015 3358 3322 3414; x_wconf 88' lang='lat' dir='ltr'><strong>maledictio</strong></span> <span class='ocrx_word' id='word_1_821' title='bbox 3363 3372 3525 3428; x_wconf 90' lang='lat' dir='ltr'><strong>quam</strong></span> <span class='ocrx_word' id='word_1_822' title='bbox 3564 3357 3640 3412; x_wconf 90' lang='lat' dir='ltr'><strong>ira</strong></span> <span class='ocrx_word' id='word_1_823' title='bbox 3677 3359 3777 3414; x_wconf 88' lang='lat' dir='ltr'><strong>Dei</strong></span> 
     </span>
    </p>
   </div>
   <div class='ocr_carea' id='block_1_110' title="bbox 2183 3427 3780 3501">
    <p class='ocr_par' dir='ltr' id='par_1_110' title="bbox 2183 3427 3780 3501">
     <span class='ocr_line' id='line_1_112' title="bbox 2183 3427 3780 3501; baseline 0 -17"><span class='ocrx_word' id='word_1_824' title='bbox 2183 3430 2454 3501; x_wconf 88' lang='lat' dir='ltr'><strong>pnnientis</strong></span> <span class='ocrx_word' id='word_1_825' title='bbox 2500 3431 2788 3485; x_wconf 90' lang='lat' dir='ltr'><strong>violatores</strong></span> <span class='ocrx_word' id='word_1_826' title='bbox 2818 3428 2975 3498; x_wconf 86' lang='lat' dir='ltr'><strong>legis,</strong></span> <span class='ocrx_word' id='word_1_827' title='bbox 3008 3427 3402 3501; x_wconf 86' lang='lat' dir='ltr'><strong>benedictionis</strong></span> <span class='ocrx_word' id='word_1_828' title='bbox 3432 3428 3648 3484; x_wconf 90' lang='lat' dir='ltr'><strong>nomine</strong></span> <span class='ocrx_word' id='word_1_829' title='bbox 3692 3430 3780 3501; x_wconf 85' lang='lat' dir='ltr'><strong>si-</strong></span> 
     </span>
    </p>
   </div>
   <div class='ocr_carea' id='block_1_111' title="bbox 2181 3500 3774 3572">
    <p class='ocr_par' dir='ltr' id='par_1_111' title="bbox 2181 3500 3774 3572">
     <span class='ocr_line' id='line_1_113' title="bbox 2181 3500 3774 3572; baseline 0.001 -18"><span class='ocrx_word' id='word_1_830' title='bbox 2181 3500 2429 3572; x_wconf 84' lang='lat' dir='ltr'><strong>gnificari</strong></span> <span class='ocrx_word' id='word_1_831' title='bbox 2480 3503 2643 3556; x_wconf 87' lang='lat' dir='ltr'><strong>debet</strong></span> <span class='ocrx_word' id='word_1_832' title='bbox 2692 3503 3063 3572; x_wconf 74' lang='lat' dir='ltr'><strong>benevolentia</strong></span> <span class='ocrx_word' id='word_1_833' title='bbox 3092 3500 3774 3572; x_wconf 76' lang='lat' dir='ltr'><strong>Deicompensantisob-</strong></span> 
     </span>
    </p>
   </div>
   <div class='ocr_carea' id='block_1_112' title="bbox 2181 3570 3700 3643">
    <p class='ocr_par' dir='ltr' id='par_1_112' title="bbox 2181 3570 3700 3643">
     <span class='ocr_line' id='line_1_114' title="bbox 2181 3570 3700 3643; baseline -0.002 -16"><span class='ocrx_word' id='word_1_834' title='bbox 2181 3570 2490 3628; x_wconf 78' lang='lat' dir='ltr'><strong>servatores</strong></span> <span class='ocrx_word' id='word_1_835' title='bbox 2523 3573 2655 3643; x_wconf 87' lang='lat' dir='ltr'><strong>legis</strong></span> <span class='ocrx_word' id='word_1_836' title='bbox 2685 3582 2703 3641; x_wconf 86' lang='lat'><strong>(</strong></span> <span class='ocrx_word' id='word_1_837' title='bbox 2731 3570 2855 3625; x_wconf 87' lang='lat' dir='ltr'><strong>Vide</strong></span> <span class='ocrx_word' id='word_1_838' title='bbox 2879 3573 3012 3642; x_wconf 88' lang='lat' dir='ltr'><strong>Aug.</strong></span> <span class='ocrx_word' id='word_1_839' title='bbox 3047 3573 3138 3628; x_wconf 85' lang='lat' dir='ltr'><strong>lib.</strong></span> <span class='ocrx_word' id='word_1_840' title='bbox 3180 3571 3246 3624; x_wconf 80' lang='lat' dir='ltr'><strong>de</strong></span> <span class='ocrx_word' id='word_1_841' title='bbox 3271 3570 3412 3626; x_wconf 83' lang='lat' dir='ltr'><strong>Gest.</strong></span> <span class='ocrx_word' id='word_1_842' title='bbox 3444 3588 3560 3638; x_wconf 88' lang='lat' dir='ltr'><strong>cap.</strong></span> <span class='ocrx_word' id='word_1_843' title='bbox 3596 3571 3629 3625; x_wconf 87' lang='grc'><strong>5</strong></span> <span class='ocrx_word' id='word_1_844' title='bbox 3657 3570 3700 3638; x_wconf 93' lang='grc'><strong>).</strong></span> 
     </span>
    </p>
   </div>
   <div class='ocr_carea' id='block_1_113' title="bbox 2259 3643 3784 3713">
    <p class='ocr_par' dir='ltr' id='par_1_113' title="bbox 2259 3643 3784 3713">
     <span class='ocr_line' id='line_1_115' title="bbox 2259 3643 3784 3713; baseline 0.001 -15"><span class='ocrx_word' id='word_1_845' title='bbox 2259 3655 2281 3683; x_wconf 76' lang='grc' dir='ltr'><strong>ο</strong></span> <span class='ocrx_word' id='word_1_846' title='bbox 2307 3645 2438 3698; x_wconf 84' lang='lat' dir='ltr'><strong>Nam</strong></span> <span class='ocrx_word' id='word_1_847' title='bbox 2467 3645 2513 3698; x_wconf 92' lang='lat' dir='ltr'><strong>si</strong></span> <span class='ocrx_word' id='word_1_848' title='bbox 2543 3644 2858 3699; x_wconf 87' lang='lat' dir='ltr'><strong>maledictus</strong></span> <span class='ocrx_word' id='word_1_849' title='bbox 2897 3653 2982 3696; x_wconf 90' lang='lat' dir='ltr'><strong>est</strong></span> <span class='ocrx_word' id='word_1_850' title='bbox 3025 3643 3201 3697; x_wconf 89' lang='lat' dir='ltr'><strong>omnis</strong></span> <span class='ocrx_word' id='word_1_851' title='bbox 3231 3643 3322 3713; x_wconf 91' lang='lat' dir='ltr'><strong>qni</strong></span> <span class='ocrx_word' id='word_1_852' title='bbox 3355 3657 3464 3697; x_wconf 89' lang='lat' dir='ltr'><strong>non</strong></span> <span class='ocrx_word' id='word_1_853' title='bbox 3495 3653 3784 3710; x_wconf 77' lang='lat' dir='ltr'><strong>permanet</strong></span> 
     </span>
    </p>
   </div>
   <div class='ocr_carea' id='block_1_114' title="bbox 2184 3713 3780 3784">
    <p class='ocr_par' dir='ltr' id='par_1_114' title="bbox 2184 3713 3780 3784">
     <span class='ocr_line' id='line_1_116' title="bbox 2184 3713 3780 3784; baseline 0 -14"><span class='ocrx_word' id='word_1_854' title='bbox 2184 3717 2237 3771; x_wconf 91' lang='lat' dir='ltr'><strong>in</strong></span> <span class='ocrx_word' id='word_1_855' title='bbox 2271 3715 2353 3770; x_wconf 85' lang='lat' dir='ltr'><strong>his</strong></span> <span class='ocrx_word' id='word_1_856' title='bbox 2376 3731 2496 3784; x_wconf 73' lang='lat' dir='ltr'><strong>qum</strong></span> <span class='ocrx_word' id='word_1_857' title='bbox 2520 3717 2716 3784; x_wconf 89' lang='lat' dir='ltr'><strong>scripta</strong></span> <span class='ocrx_word' id='word_1_858' title='bbox 2741 3722 2869 3768; x_wconf 88' lang='lat' dir='ltr'><strong>sunt</strong></span> <span class='ocrx_word' id='word_1_859' title='bbox 2898 3715 2950 3767; x_wconf 91' lang='lat' dir='ltr'><strong>in</strong></span> <span class='ocrx_word' id='word_1_860' title='bbox 2981 3713 3098 3782; x_wconf 91' lang='lat' dir='ltr'><strong>lege</strong></span> <span class='ocrx_word' id='word_1_861' title='bbox 3124 3714 3380 3778; x_wconf 83' lang='lat' dir='ltr'><strong>Mosaica,</strong></span> <span class='ocrx_word' id='word_1_862' title='bbox 3405 3715 3551 3767; x_wconf 90' lang='lat' dir='ltr'><strong>nulla</strong></span> <span class='ocrx_word' id='word_1_863' title='bbox 3585 3713 3780 3783; x_wconf 84' lang='lat' dir='ltr'><strong>profe-</strong></span> 
     </span>
    </p>
   </div>
   <div class='ocr_carea' id='block_1_115' title="bbox 2181 3784 3780 3856">
    <p class='ocr_par' dir='ltr' id='par_1_115' title="bbox 2181 3784 3780 3856">
     <span class='ocr_line' id='line_1_117' title="bbox 2181 3784 3780 3856; baseline -0.001 -15"><span class='ocrx_word' id='word_1_864' title='bbox 2181 3799 2269 3841; x_wconf 91' lang='lat' dir='ltr'><strong>cto</strong></span> <span class='ocrx_word' id='word_1_865' title='bbox 2301 3802 2424 3856; x_wconf 89' lang='lat' dir='ltr'><strong>pars</strong></span> <span class='ocrx_word' id='word_1_866' title='bbox 2448 3787 2583 3856; x_wconf 85' lang='lat' dir='ltr'><strong>legis</strong></span> <span class='ocrx_word' id='word_1_867' title='bbox 2604 3794 2706 3852; x_wconf 87' lang='lat' dir='ltr'><strong>est,</strong></span> <span class='ocrx_word' id='word_1_868' title='bbox 2733 3799 2854 3854; x_wconf 74' lang='lat' dir='ltr'><strong>qua:</strong></span> <span class='ocrx_word' id='word_1_869' title='bbox 2881 3797 2990 3838; x_wconf 92' lang='lat' dir='ltr'><strong>non</strong></span> <span class='ocrx_word' id='word_1_870' title='bbox 3034 3784 3231 3856; x_wconf 87' lang='lat' dir='ltr'><strong>debeat</strong></span> <span class='ocrx_word' id='word_1_871' title='bbox 3258 3784 3780 3856; x_wconf 81' lang='lat' dir='ltr'><strong>etiamnum_obser-</strong></span> 
     </span>
    </p>
   </div>
   <div class='ocr_carea' id='block_1_116' title="bbox 2181 3854 3779 3926">
    <p class='ocr_par' dir='ltr' id='par_1_116' title="bbox 2181 3854 3779 3926">
     <span class='ocr_line' id='line_1_118' title="bbox 2181 3854 3779 3926; baseline 0.001 -15"><span class='ocrx_word' id='word_1_872' title='bbox 2181 3854 2317 3912; x_wconf 78' lang='lat' dir='ltr'><strong>vari.</strong></span> <span class='ocrx_word' id='word_1_873' title='bbox 2349 3854 2524 3924; x_wconf 76' lang='lat' dir='ltr'><strong>Quod</strong></span> <span class='ocrx_word' id='word_1_874' title='bbox 2543 3859 2587 3912; x_wconf 90' lang='lat' dir='ltr'><strong>si</strong></span> <span class='ocrx_word' id='word_1_875' title='bbox 2619 3858 2690 3910; x_wconf 92' lang='lat' dir='ltr'><strong>ita</strong></span> <span class='ocrx_word' id='word_1_876' title='bbox 2733 3865 2837 3920; x_wconf 83' lang='lat' dir='ltr'><strong>est,</strong></span> <span class='ocrx_word' id='word_1_877' title='bbox 2871 3857 3036 3910; x_wconf 90' lang='lat' dir='ltr'><strong>totius</strong></span> <span class='ocrx_word' id='word_1_878' title='bbox 3079 3855 3273 3926; x_wconf 90' lang='lat' dir='ltr'><strong>jugum</strong></span> <span class='ocrx_word' id='word_1_879' title='bbox 3302 3856 3461 3910; x_wconf 86' lang='lat' dir='ltr'><strong>nobis</strong></span> <span class='ocrx_word' id='word_1_880' title='bbox 3489 3854 3665 3910; x_wconf 89' lang='lat' dir='ltr'><strong>adhuc</strong></span> <span class='ocrx_word' id='word_1_881' title='bbox 3694 3855 3779 3912; x_wconf 83' lang='lat' dir='ltr'><strong>fe-</strong></span> 
     </span>
    </p>
   </div>
   <div class='ocr_carea' id='block_1_117' title="bbox 2183 3928 3780 3997">
    <p class='ocr_par' dir='ltr' id='par_1_117' title="bbox 2183 3928 3780 3997">
     <span class='ocr_line' id='line_1_119' title="bbox 2183 3928 3780 3997; baseline 0.001 -13"><span class='ocrx_word' id='word_1_882' title='bbox 2183 3929 2411 3984; x_wconf 90' lang='lat' dir='ltr'><strong>rendum</strong></span> <span class='ocrx_word' id='word_1_883' title='bbox 2449 3939 2563 3992; x_wconf 84' lang='lat' dir='ltr'><strong>est,</strong></span> <span class='ocrx_word' id='word_1_884' title='bbox 2595 3943 2717 3982; x_wconf 91' lang='lat' dir='ltr'><strong>cum</strong></span> <span class='ocrx_word' id='word_1_885' title='bbox 2766 3937 2944 3982; x_wconf 88' lang='lat' dir='ltr'><strong>tamen</strong></span> <span class='ocrx_word' id='word_1_886' title='bbox 2975 3928 3536 3997; x_wconf 83' lang='lat' dir='ltr'><strong>Apostolus_clamet,</strong></span> <span class='ocrx_word' id='word_1_887' title='bbox 3589 3941 3688 3997; x_wconf 80' lang='lat' dir='ltr'><strong>nos</strong></span> <span class='ocrx_word' id='word_1_888' title='bbox 3740 3945 3780 3985; x_wconf 76' lang='grc' dir='ltr'><strong>ι</strong></span> 
     </span>
    </p>
   </div>
   <div class='ocr_carea' id='block_1_118' title="bbox 2184 3995 3775 4127">
    <p class='ocr_par' dir='ltr' id='par_1_118' title="bbox 2184 3995 3775 4127">
     <span class='ocr_line' id='line_1_120' title="bbox 2184 3995 3775 4127; baseline 0.001 -73"><span class='ocrx_word' id='word_1_889' title='bbox 2184 4001 2471 4127; x_wconf 57' lang='grc' dir='ltr'><strong>ιητιιῗὲἰ)ειο</strong></span> <span class='ocrx_word' id='word_1_890' title='bbox 2539 4001 2674 4069; x_wconf 86' lang='lat' dir='ltr'><strong>legis</strong></span> <span class='ocrx_word' id='word_1_891' title='bbox 2738 3995 3052 4068; x_wconf 84' lang='lat' dir='ltr'><strong>redemptos</strong></span> <span class='ocrx_word' id='word_1_892' title='bbox 3109 4013 3209 4069; x_wconf 89' lang='lat' dir='ltr'><strong>per</strong></span> <span class='ocrx_word' id='word_1_893' title='bbox 3271 3995 3546 4054; x_wconf 83' lang='lat' dir='ltr'><strong>Christum</strong></span> <span class='ocrx_word' id='word_1_894' title='bbox 3600 3996 3775 4069; x_wconf 82' lang='lat' dir='ltr'><strong>(Gal.</strong></span> 
     </span>
     <span class='ocr_line' id='line_1_121' title="bbox 2184 4087 2413 4127; baseline -0.009 -1"><span class='ocrx_word' id='word_1_895' title='bbox 2184 4087 2260 4127; x_wconf 92' lang='grc' dir='ltr'>ιιι.</span> <span class='ocrx_word' id='word_1_896' title='bbox 2400 4113 2413 4124; x_wconf 93' lang='grc'><strong>.</strong></span> 
     </span>
    </p>
   </div>
   <div class='ocr_carea' id='block_1_119' title="bbox 2181 4087 2413 4131">
    <p class='ocr_par' dir='ltr' id='par_1_119' title="bbox 2181 4087 2413 4131">
     <span class='ocr_line' id='line_1_122' title="bbox 2181 4087 2413 4131; baseline -0.009 -5"><span class='ocrx_word' id='word_1_897' title='bbox 2181 4087 2260 4131; x_wconf 79' lang='grc'><strong>111.</strong></span> <span class='ocrx_word' id='word_1_898' title='bbox 2293 4087 2413 4131; x_wconf 68' lang='lat' dir='ltr'><strong>ID).</strong></span> 
     </span>
    </p>
   </div>
   <div class='ocr_carea' id='block_1_120' title="bbox 2253 4072 3777 4210">
    <p class='ocr_par' dir='ltr' id='par_1_120' title="bbox 2253 4072 3777 4210">
     <span class='ocr_line' id='line_1_123' title="bbox 2253 4072 3777 4210; baseline 0 -12"><span class='ocrx_word' id='word_1_899' title='bbox 2253 4072 2585 4198; x_wconf 49' lang='lat' dir='ltr'><strong>aige)ntentia</strong></span> <span class='ocrx_word' id='word_1_900' title='bbox 2614 4141 2852 4197; x_wconf 87' lang='lat' dir='ltr'><strong>auctoris</strong></span> <span class='ocrx_word' id='word_1_901' title='bbox 2882 4149 2991 4195; x_wconf 88' lang='lat' dir='ltr'><strong>tam</strong></span> <span class='ocrx_word' id='word_1_902' title='bbox 3027 4140 3231 4210; x_wconf 89' lang='lat' dir='ltr'><strong>antiqui</strong></span> <span class='ocrx_word' id='word_1_903' title='bbox 3265 4140 3504 4196; x_wconf 90' lang='lat' dir='ltr'><strong>notanda</strong></span> <span class='ocrx_word' id='word_1_904' title='bbox 3535 4150 3619 4197; x_wconf 89' lang='lat' dir='ltr'><strong>est</strong></span> <span class='ocrx_word' id='word_1_905' title='bbox 3669 4141 3777 4198; x_wconf 88' lang='lat' dir='ltr'><strong>ad-</strong></span> 
     </span>
    </p>
   </div>
   <div class='ocr_carea' id='block_1_121' title="bbox 2182 4213 3781 4285">
    <p class='ocr_par' dir='ltr' id='par_1_121' title="bbox 2182 4213 3781 4285">
     <span class='ocr_line' id='line_1_124' title="bbox 2182 4213 3781 4285; baseline 0.001 -17"><span class='ocrx_word' id='word_1_906' title='bbox 2182 4229 2373 4270; x_wconf 88' lang='lat' dir='ltr'><strong>versus</strong></span> <span class='ocrx_word' id='word_1_907' title='bbox 2419 4214 2686 4285; x_wconf 91' lang='lat' dir='ltr'><strong>quosdam</strong></span> <span class='ocrx_word' id='word_1_908' title='bbox 2729 4222 3038 4285; x_wconf 85' lang='lat' dir='ltr'><strong>novatores,</strong></span> <span class='ocrx_word' id='word_1_909' title='bbox 3065 4213 3157 4285; x_wconf 89' lang='lat' dir='ltr'><strong>qui</strong></span> <span class='ocrx_word' id='word_1_910' title='bbox 3201 4213 3542 4285; x_wconf 58' lang='lat' dir='ltr'><strong>Evangelium</strong></span> <span class='ocrx_word' id='word_1_911' title='bbox 3573 4223 3781 4282; x_wconf 76' lang='lat' dir='ltr'><strong>negant</strong></span> 
     </span>
    </p>
   </div>
   <div class='ocr_carea' id='block_1_122' title="bbox 2182 4282 3780 4414">
    <p class='ocr_par' dir='ltr' id='par_1_122' title="bbox 2182 4282 3780 4414">
     <span class='ocr_line' id='line_1_125' title="bbox 2182 4282 3780 4414; baseline 0.002 -75"><span class='ocrx_word' id='word_1_912' title='bbox 2182 4286 2386 4414; x_wconf 57' lang='lat' dir='ltr'><strong>{tabelre</strong></span> <span class='ocrx_word' id='word_1_913' title='bbox 2403 4282 2584 4340; x_wconf 81' lang='lat' dir='ltr'><strong>veram</strong></span> <span class='ocrx_word' id='word_1_914' title='bbox 2614 4285 2879 4341; x_wconf 88' lang='lat' dir='ltr'><strong>rationem</strong></span> <span class='ocrx_word' id='word_1_915' title='bbox 2911 4283 3065 4354; x_wconf 90' lang='lat' dir='ltr'><strong>legis,</strong></span> <span class='ocrx_word' id='word_1_916' title='bbox 3089 4282 3470 4356; x_wconf 82' lang='lat' dir='ltr'><strong>Christumque</strong></span> <span class='ocrx_word' id='word_1_917' title='bbox 3495 4299 3622 4340; x_wconf 90' lang='lat' dir='ltr'><strong>vere</strong></span> <span class='ocrx_word' id='word_1_918' title='bbox 3648 4299 3780 4342; x_wconf 82' lang='lat' dir='ltr'><strong>esse</strong></span> 
     </span>
     <span class='ocr_line' id='line_1_126' title="bbox 2203 4367 2566 4414; baseline -0.003 0"><span class='ocrx_word' id='word_1_919' title='bbox 2203 4372 2316 4414; x_wconf 76' lang='lat' dir='ltr'><strong>eius</strong></span> <span class='ocrx_word' id='word_1_920' title='bbox 2338 4367 2566 4413; x_wconf 89' lang='lat' dir='ltr'><strong>atorem.</strong></span> 
     </span>
    </p>
   </div>
   <div class='ocr_carea' id='block_1_123' title="bbox 2272 4358 2566 4413">
    <p class='ocr_par' dir='ltr' id='par_1_123' title="bbox 2272 4358 2566 4413">
     <span class='ocr_line' id='line_1_127' title="bbox 2272 4358 2566 4413; baseline 0.003 -1"><span class='ocrx_word' id='word_1_921' title='bbox 2272 4358 2566 4413; x_wconf 90' lang='lat' dir='ltr'><strong>islatorem.</strong></span> 
     </span>
    </p>
   </div>
   <div class='ocr_carea' id='block_1_124' title="bbox 2203 4372 3774 4498">
    <p class='ocr_par' dir='ltr' id='par_1_124' title="bbox 2203 4372 3774 4498">
     <span class='ocr_line' id='line_1_128' title="bbox 2203 4372 2566 4427; baseline 0.003 -15"><span class='ocrx_word' id='word_1_922' title='bbox 2203 4372 2566 4427; x_wconf 80' lang='lat' dir='ltr'><strong>egtsmtorem.</strong></span> 
     </span>
     <span class='ocr_line' id='line_1_129' title="bbox 2257 4425 3774 4498; baseline 0 -14"><span class='ocrx_word' id='word_1_923' title='bbox 2257 4440 2281 4465; x_wconf 76' lang='grc' dir='ltr'>ι’</span> <span class='ocrx_word' id='word_1_924' title='bbox 2334 4427 2580 4484; x_wconf 84' lang='lat' dir='ltr'><strong>Difficilis</strong></span> <span class='ocrx_word' id='word_1_925' title='bbox 2630 4429 2801 4494; x_wconf 90' lang='lat' dir='ltr'><strong>locus,</strong></span> <span class='ocrx_word' id='word_1_926' title='bbox 2851 4442 2952 4483; x_wconf 90' lang='lat' dir='ltr'><strong>nec</strong></span> <span class='ocrx_word' id='word_1_927' title='bbox 3008 4425 3123 4498; x_wconf 88' lang='lat' dir='ltr'><strong>fere</strong></span> <span class='ocrx_word' id='word_1_928' title='bbox 3179 4426 3335 4498; x_wconf 82' lang='lat' dir='ltr'><strong>aliter</strong></span> <span class='ocrx_word' id='word_1_929' title='bbox 3385 4426 3774 4498; x_wconf 82' lang='lat' dir='ltr'><strong>exponendas,</strong></span> 
     </span>
    </p>
   </div>
   <div class='ocr_carea' id='block_1_125' title="bbox 2181 4497 3780 4569">
    <p class='ocr_par' dir='ltr' id='par_1_125' title="bbox 2181 4497 3780 4569">
     <span class='ocr_line' id='line_1_130' title="bbox 2181 4497 3780 4569; baseline 0.002 -17"><span class='ocrx_word' id='word_1_930' title='bbox 2181 4513 2345 4568; x_wconf 89' lang='lat' dir='ltr'><strong>quam</strong></span> <span class='ocrx_word' id='word_1_931' title='bbox 2377 4500 2468 4569; x_wconf 89' lang='lat' dir='ltr'><strong>qui</strong></span> <span class='ocrx_word' id='word_1_932' title='bbox 2501 4501 2569 4553; x_wconf 89' lang='lat' dir='ltr'><strong>ab</strong></span> <span class='ocrx_word' id='word_1_933' title='bbox 2597 4499 2901 4568; x_wconf 79' lang='lat' dir='ltr'><strong>Augustino</strong></span> <span class='ocrx_word' id='word_1_934' title='bbox 2937 4498 3032 4569; x_wconf 74' lang='lat' dir='ltr'><strong>lib.</strong></span> <span class='ocrx_word' id='word_1_935' title='bbox 3067 4497 3133 4553; x_wconf 91' lang='lat' dir='ltr'><strong>de</strong></span> <span class='ocrx_word' id='word_1_936' title='bbox 3161 4497 3313 4569; x_wconf 83' lang='lat' dir='ltr'><strong>Gest.</strong></span> <span class='ocrx_word' id='word_1_937' title='bbox 3346 4497 3471 4568; x_wconf 87' lang='lat' dir='ltr'><strong>cap.</strong></span> <span class='ocrx_word' id='word_1_938' title='bbox 3502 4501 3537 4554; x_wconf 82' lang='lat'><strong>5</strong></span> <span class='ocrx_word' id='word_1_939' title='bbox 3569 4508 3780 4555; x_wconf 82' lang='lat' dir='ltr'><strong>tracta-</strong></span> 
     </span>
    </p>
   </div>
   <div class='ocr_carea' id='block_1_126' title="bbox 2184 4567 3782 4642">
    <p class='ocr_par' dir='ltr' id='par_1_126' title="bbox 2184 4567 3782 4642">
     <span class='ocr_line' id='line_1_131' title="bbox 2184 4567 3782 4642; baseline 0.002 -19"><span class='ocrx_word' id='word_1_940' title='bbox 2184 4567 2270 4642; x_wconf 77' lang='lat' dir='ltr'><strong>tus</strong></span> <span class='ocrx_word' id='word_1_941' title='bbox 2317 4567 2407 4628; x_wconf 73' lang='lat' dir='ltr'><strong>est</strong></span> <span class='ocrx_word' id='word_1_942' title='bbox 2433 4569 2454 4642; x_wconf 88' lang='lat'><strong>(</strong></span> <span class='ocrx_word' id='word_1_943' title='bbox 2480 4569 2609 4624; x_wconf 87' lang='lat' dir='ltr'><strong>Vide</strong></span> <span class='ocrx_word' id='word_1_944' title='bbox 2641 4567 2801 4642; x_wconf 82' lang='lat' dir='ltr'><strong>natas</strong></span> <span class='ocrx_word' id='word_1_945' title='bbox 2842 4569 2918 4642; x_wconf 83' lang='lat' dir='ltr'><strong>ad</strong></span> <span class='ocrx_word' id='word_1_946' title='bbox 2974 4568 3045 4642; x_wconf 69' lang='grc'><strong>12</strong></span> <span class='ocrx_word' id='word_1_947' title='bbox 3087 4567 3537 4642; x_wconf 83' lang='lat' dir='ltr'><strong>anathemalismos</strong></span> <span class='ocrx_word' id='word_1_948' title='bbox 3586 4570 3782 4642; x_wconf 75' lang='lat' dir='ltr'><strong>Ruﬁni</strong></span> 
     </span>
    </p>
   </div>
   <div class='ocr_carea' id='block_1_127' title="bbox 2102 4639 3784 4713">
    <p class='ocr_par' dir='ltr' id='par_1_127' title="bbox 2102 4639 3784 4713">
     <span class='ocr_line' id='line_1_132' title="bbox 2102 4639 3784 4713; baseline 0 -17"><span class='ocrx_word' id='word_1_949' title='bbox 2102 4645 2150 4705; x_wconf 79' lang='grc' dir='ltr'>Ι)</span> <span class='ocrx_word' id='word_1_950' title='bbox 2179 4641 2347 4713; x_wconf 79' lang='lat' dir='ltr'><strong>Syri).</strong></span> <span class='ocrx_word' id='word_1_951' title='bbox 2375 4639 2454 4713; x_wconf 49' lang='grc' dir='ltr'><strong>-έ</strong></span> <span class='ocrx_word' id='word_1_952' title='bbox 2476 4641 2752 4713; x_wconf 57' lang='lat' dir='ltr'><strong>Ngrisius,</strong></span> <span class='ocrx_word' id='word_1_953' title='bbox 2782 4639 2850 4693; x_wconf 87' lang='lat' dir='ltr'><strong>ad</strong></span> <span class='ocrx_word' id='word_1_954' title='bbox 2879 4640 3132 4710; x_wconf 87' lang='lat' dir='ltr'><strong>agendam</strong></span> <span class='ocrx_word' id='word_1_955' title='bbox 3159 4656 3356 4713; x_wconf 87' lang='lat' dir='ltr'><strong>semper</strong></span> <span class='ocrx_word' id='word_1_956' title='bbox 3377 4641 3672 4713; x_wconf 80' lang='lat' dir='ltr'><strong>fallaciam,</strong></span> <span class='ocrx_word' id='word_1_957' title='bbox 3699 4641 3784 4696; x_wconf 84' lang='lat' dir='ltr'><strong>le-</strong></span> 
     </span>
    </p>
   </div>
   <div class='ocr_carea' id='block_1_128' title="bbox 2179 4710 3781 4782">
    <p class='ocr_par' dir='ltr' id='par_1_128' title="bbox 2179 4710 3781 4782">
     <span class='ocr_line' id='line_1_133' title="bbox 2179 4710 3781 4782; baseline 0.002 -18"><span class='ocrx_word' id='word_1_958' title='bbox 2179 4711 2258 4782; x_wconf 86' lang='lat' dir='ltr'><strong>gis</strong></span> <span class='ocrx_word' id='word_1_959' title='bbox 2275 4712 2482 4782; x_wconf 81' lang='lat' dir='ltr'><strong>nomine</strong></span> <span class='ocrx_word' id='word_1_960' title='bbox 2505 4710 2846 4782; x_wconf 11' lang='lat' dir='ltr'><strong>Evangelﬁi‘um</strong></span> <span class='ocrx_word' id='word_1_961' title='bbox 2869 4713 3114 4780; x_wconf 85' lang='lat' dir='ltr'><strong>appellat,</strong></span> <span class='ocrx_word' id='word_1_962' title='bbox 3142 4727 3243 4765; x_wconf 85' lang='lat' dir='ltr'><strong>non</strong></span> <span class='ocrx_word' id='word_1_963' title='bbox 3267 4710 3436 4778; x_wconf 79' lang='lat' dir='ltr'><strong>errat,</strong></span> <span class='ocrx_word' id='word_1_964' title='bbox 3471 4721 3576 4767; x_wconf 86' lang='lat' dir='ltr'><strong>etc.</strong></span> <span class='ocrx_word' id='word_1_965' title='bbox 3601 4711 3781 4768; x_wconf 80' lang='lat' dir='ltr'><strong>luter-</strong></span> 
     </span>
    </p>
   </div>
   <div class='ocr_carea' id='block_1_129' title="bbox 2181 4780 3783 4852">
    <p class='ocr_par' dir='ltr' id='par_1_129' title="bbox 2181 4780 3783 4852">
     <span class='ocr_line' id='line_1_134' title="bbox 2181 4780 3783 4852; baseline 0.004 -16"><span class='ocrx_word' id='word_1_966' title='bbox 2181 4780 2380 4844; x_wconf 82' lang='lat' dir='ltr'><strong>inedia.</strong></span> <span class='ocrx_word' id='word_1_967' title='bbox 2412 4783 2482 4836; x_wconf 88' lang='lat' dir='ltr'><strong>ob</strong></span> <span class='ocrx_word' id='word_1_968' title='bbox 2506 4780 2692 4838; x_wconf 83' lang='lat' dir='ltr'><strong>vocem</strong></span> <span class='ocrx_word' id='word_1_969' title='bbox 2725 4780 3062 4852; x_wconf 82' lang='lat' dir='ltr'><strong>Evangelium</strong></span> <span class='ocrx_word' id='word_1_970' title='bbox 3085 4783 3391 4851; x_wconf 87' lang='lat' dir='ltr'><strong>repetitam,</strong></span> <span class='ocrx_word' id='word_1_971' title='bbox 3420 4783 3783 4851; x_wconf 77' lang='lat' dir='ltr'><strong>exscriptoris</strong></span> 
     </span>
    </p>
   </div>
   <div class='ocr_carea' id='block_1_130' title="bbox 2181 4853 3776 4924">
    <p class='ocr_par' dir='ltr' id='par_1_130' title="bbox 2181 4853 3776 4924">
     <span class='ocr_line' id='line_1_135' title="bbox 2181 4853 3776 4924; baseline 0.002 -17"><span class='ocrx_word' id='word_1_972' title='bbox 2181 4853 2265 4908; x_wconf 86' lang='lat' dir='ltr'><strong>vel</strong></span> <span class='ocrx_word' id='word_1_973' title='bbox 2284 4853 2590 4924; x_wconf 12' lang='lat' dir='ltr'><strong>rtypOtltetre</strong></span> <span class='ocrx_word' id='word_1_974' title='bbox 2611 4853 2742 4908; x_wconf 91' lang='lat' dir='ltr'><strong>vitio</strong></span> <span class='ocrx_word' id='word_1_975' title='bbox 2772 4854 3024 4908; x_wconf 88' lang='lat' dir='ltr'><strong>videntur</strong></span> <span class='ocrx_word' id='word_1_976' title='bbox 3054 4853 3274 4924; x_wconf 83' lang='lat' dir='ltr'><strong>omissa.</strong></span> <span class='ocrx_word' id='word_1_977' title='bbox 3307 4853 3496 4923; x_wconf 85' lang='lat' dir='ltr'><strong>Neque</strong></span> <span class='ocrx_word' id='word_1_978' title='bbox 3527 4857 3776 4924; x_wconf 88' lang='lat' dir='ltr'><strong>priorum</strong></span> 
     </span>
    </p>
   </div>
   <div class='ocr_carea' id='block_1_131' title="bbox 2183 4923 3781 4991">
    <p class='ocr_par' dir='ltr' id='par_1_131' title="bbox 2183 4923 3781 4991">
     <span class='ocr_line' id='line_1_136' title="bbox 2183 4923 3781 4991; baseline 0.002 -13"><span class='ocrx_word' id='word_1_979' title='bbox 2183 4923 2471 4979; x_wconf 87' lang='lat' dir='ltr'><strong>verborum</strong></span> <span class='ocrx_word' id='word_1_980' title='bbox 2511 4925 2673 4980; x_wconf 90' lang='lat' dir='ltr'><strong>lectio</strong></span> <span class='ocrx_word' id='word_1_981' title='bbox 2726 4925 2882 4979; x_wconf 89' lang='lat' dir='ltr'><strong>nobis</strong></span> <span class='ocrx_word' id='word_1_982' title='bbox 2925 4925 3203 4991; x_wconf 87' lang='lat' dir='ltr'><strong>probatur.</strong></span> <span class='ocrx_word' id='word_1_983' title='bbox 3235 4923 3506 4980; x_wconf 71' lang='lat' dir='ltr'><strong>Caeterum</strong></span> <span class='ocrx_word' id='word_1_984' title='bbox 3534 4923 3635 4979; x_wconf 90' lang='lat' dir='ltr'><strong>hic</strong></span> <span class='ocrx_word' id='word_1_985' title='bbox 3665 4925 3781 4981; x_wconf 84' lang='lat' dir='ltr'><strong>BB.</strong></span> 
     </span>
    </p>
   </div>
   <div class='ocr_carea' id='block_1_132' title="bbox 2185 4995 3780 5067">
    <p class='ocr_par' dir='ltr' id='par_1_132' title="bbox 2185 4995 3780 5067">
     <span class='ocr_line' id='line_1_137' title="bbox 2185 4995 3780 5067; baseline 0.003 -18"><span class='ocrx_word' id='word_1_986' title='bbox 2185 4995 2360 5067; x_wconf 84' lang='lat' dir='ltr'><strong>secuti</strong></span> <span class='ocrx_word' id='word_1_987' title='bbox 2409 4997 2808 5064; x_wconf 88' lang='lat' dir='ltr'><strong>rescripsimus,</strong></span> <span class='ocrx_word' id='word_1_988' title='bbox 2850 4996 2903 5048; x_wconf 86' lang='lat' dir='ltr'><strong>in</strong></span> <span class='ocrx_word' id='word_1_989' title='bbox 2927 5009 2995 5050; x_wconf 74' lang='lat' dir='ltr'><strong>eo</strong></span> <span class='ocrx_word' id='word_1_990' title='bbox 3019 4997 3223 5062; x_wconf 84' lang='lat' dir='ltr'><strong>quidem</strong></span> <span class='ocrx_word' id='word_1_991' title='bbox 3245 4997 3381 5067; x_wconf 84' lang='lat' dir='ltr'><strong>quod</strong></span> <span class='ocrx_word' id='word_1_992' title='bbox 3430 4997 3606 5067; x_wconf 80' lang='lat' dir='ltr'><strong>legem,</strong></span> <span class='ocrx_word' id='word_1_993' title='bbox 3639 5008 3780 5066; x_wconf 88' lang='lat' dir='ltr'><strong>etc.,</strong></span> 
     </span>
    </p>
   </div>
   <div class='ocr_carea' id='block_1_133' title="bbox 2185 5065 3619 5136">
    <p class='ocr_par' dir='ltr' id='par_1_133' title="bbox 2185 5065 3619 5136">
     <span class='ocr_line' id='line_1_138' title="bbox 2185 5065 3619 5136; baseline 0 -16"><span class='ocrx_word' id='word_1_994' title='bbox 2185 5065 2278 5120; x_wconf 88' lang='lat' dir='ltr'><strong>ubi</strong></span> <span class='ocrx_word' id='word_1_995' title='bbox 2313 5066 2563 5121; x_wconf 84' lang='lat' dir='ltr'><strong>Baluzius</strong></span> <span class='ocrx_word' id='word_1_996' title='bbox 2595 5067 2756 5121; x_wconf 90' lang='lat' dir='ltr'><strong>habet</strong></span> <span class='ocrx_word' id='word_1_997' title='bbox 2783 5069 2837 5120; x_wconf 89' lang='lat' dir='ltr'><strong>in</strong></span> <span class='ocrx_word' id='word_1_998' title='bbox 2865 5082 2916 5120; x_wconf 87' lang='lat' dir='ltr'><strong>tn</strong></span> <span class='ocrx_word' id='word_1_999' title='bbox 2942 5066 3170 5136; x_wconf 87' lang='lat' dir='ltr'><strong>quidem,</strong></span> <span class='ocrx_word' id='word_1_1000' title='bbox 3203 5077 3308 5121; x_wconf 90' lang='lat' dir='ltr'><strong>etc.</strong></span> <span class='ocrx_word' id='word_1_1001' title='bbox 3342 5065 3619 5122; x_wconf 67' lang='lat' dir='ltr'><strong>Cttnano.</strong></span> 
     </span>
    </p>
   </div>
   <div class='ocr_carea' id='block_1_134' title="bbox 2261 5136 3785 5208">
    <p class='ocr_par' dir='ltr' id='par_1_134' title="bbox 2261 5136 3785 5208">
     <span class='ocr_line' id='line_1_139' title="bbox 2261 5136 3785 5208; baseline 0.002 -15"><span class='ocrx_word' id='word_1_1002' title='bbox 2261 5136 2280 5174; x_wconf 69' lang='grc' dir='ltr'>ί</span> <span class='ocrx_word' id='word_1_1003' title='bbox 2325 5137 2650 5192; x_wconf 76' lang='lat' dir='ltr'><strong>Similiwtate</strong></span> <span class='ocrx_word' id='word_1_1004' title='bbox 2673 5138 2814 5208; x_wconf 82' lang='lat' dir='ltr'><strong>quali</strong></span> <span class='ocrx_word' id='word_1_1005' title='bbox 2855 5152 2947 5191; x_wconf 89' lang='lat' dir='ltr'><strong>nos</strong></span> <span class='ocrx_word' id='word_1_1006' title='bbox 2978 5137 3275 5208; x_wconf 86' lang='lat' dir='ltr'><strong>maledicto.</strong></span> <span class='ocrx_word' id='word_1_1007' title='bbox 3311 5137 3384 5192; x_wconf 88' lang='lat' dir='ltr'><strong>Ita</strong></span> <span class='ocrx_word' id='word_1_1008' title='bbox 3428 5142 3651 5193; x_wconf 87' lang='lat' dir='ltr'><strong>omnino</strong></span> <span class='ocrx_word' id='word_1_1009' title='bbox 3681 5154 3785 5196; x_wconf 85' lang='lat' dir='ltr'><strong>ve-</strong></span> 
     </span>
    </p>
   </div>
   <div class='ocr_carea' id='block_1_135' title="bbox 2180 5207 3784 5273">
    <p class='ocr_par' dir='ltr' id='par_1_135' title="bbox 2180 5207 3784 5273">
     <span class='ocr_line' id='line_1_140' title="bbox 2180 5207 3784 5273; baseline 0.001 -11"><span class='ocrx_word' id='word_1_1010' title='bbox 2180 5216 2324 5263; x_wconf 89' lang='lat' dir='ltr'><strong>teres</strong></span> <span class='ocrx_word' id='word_1_1011' title='bbox 2368 5208 2522 5273; x_wconf 88' lang='lat' dir='ltr'><strong>libri;</strong></span> <span class='ocrx_word' id='word_1_1012' title='bbox 2575 5208 2671 5262; x_wconf 90' lang='lat' dir='ltr'><strong>sed</strong></span> <span class='ocrx_word' id='word_1_1013' title='bbox 2722 5223 2913 5263; x_wconf 89' lang='lat' dir='ltr'><strong>omnes</strong></span> <span class='ocrx_word' id='word_1_1014' title='bbox 2960 5207 3227 5262; x_wconf 83' lang='lat' dir='ltr'><strong>editiones</strong></span> <span class='ocrx_word' id='word_1_1015' title='bbox 3273 5209 3479 5264; x_wconf 88' lang='lat' dir='ltr'><strong>habent</strong></span> <span class='ocrx_word' id='word_1_1016' title='bbox 3525 5209 3685 5265; x_wconf 87' lang='lat' dir='ltr'><strong>simili</strong></span> <span class='ocrx_word' id='word_1_1017' title='bbox 3727 5221 3784 5266; x_wconf 82' lang='lat' dir='ltr'><strong>es</strong></span> 
     </span>
    </p>
   </div>
   <div class='ocr_carea' id='block_1_136' title="bbox 2179 5278 3780 5350">
    <p class='ocr_par' dir='ltr' id='par_1_136' title="bbox 2179 5278 3780 5350">
     <span class='ocr_line' id='line_1_141' title="bbox 2179 5278 3780 5350; baseline 0.004 -17"><span class='ocrx_word' id='word_1_1018' title='bbox 2179 5279 2389 5350; x_wconf 74' lang='lat' dir='ltr'><strong>wquali,</strong></span> <span class='ocrx_word' id='word_1_1019' title='bbox 2422 5295 2487 5334; x_wconf 83' lang='lat' dir='ltr'><strong>ex</strong></span> <span class='ocrx_word' id='word_1_1020' title='bbox 2539 5279 2852 5350; x_wconf 85' lang='lat' dir='ltr'><strong>conjectura</strong></span> <span class='ocrx_word' id='word_1_1021' title='bbox 2905 5288 3134 5333; x_wconf 89' lang='lat' dir='ltr'><strong>tantum.</strong></span> <span class='ocrx_word' id='word_1_1022' title='bbox 3181 5278 3448 5337; x_wconf 86' lang='lat' dir='ltr'><strong>Viderunt</strong></span> <span class='ocrx_word' id='word_1_1023' title='bbox 3478 5283 3622 5337; x_wconf 90' lang='lat' dir='ltr'><strong>enim</strong></span> <span class='ocrx_word' id='word_1_1024' title='bbox 3669 5282 3780 5340; x_wconf 89' lang='lat' dir='ltr'><strong>viri</strong></span> 
     </span>
    </p>
   </div>
   <div class='ocr_carea' id='block_1_137' title="bbox 2179 5349 3782 5416">
    <p class='ocr_par' dir='ltr' id='par_1_137' title="bbox 2179 5349 3782 5416">
     <span class='ocr_line' id='line_1_142' title="bbox 2179 5349 3782 5416; baseline 0.002 -12"><span class='ocrx_word' id='word_1_1025' title='bbox 2179 5349 2476 5406; x_wconf 90' lang='lat' dir='ltr'><strong>doctissimi</strong></span> <span class='ocrx_word' id='word_1_1026' title='bbox 2505 5349 2679 5404; x_wconf 85' lang='lat' dir='ltr'><strong>locum</strong></span> <span class='ocrx_word' id='word_1_1027' title='bbox 2702 5363 2825 5405; x_wconf 88' lang='lat' dir='ltr'><strong>esse</strong></span> <span class='ocrx_word' id='word_1_1028' title='bbox 2851 5351 3194 5416; x_wconf 90' lang='lat' dir='ltr'><strong>mendosum,</strong></span> <span class='ocrx_word' id='word_1_1029' title='bbox 3220 5351 3296 5406; x_wconf 90' lang='lat' dir='ltr'><strong>uti</strong></span> <span class='ocrx_word' id='word_1_1030' title='bbox 3320 5367 3451 5408; x_wconf 87' lang='lat' dir='ltr'><strong>vere</strong></span> <span class='ocrx_word' id='word_1_1031' title='bbox 3477 5352 3782 5410; x_wconf 89' lang='lat' dir='ltr'><strong>mendosus</strong></span> 
     </span>
    </p>
   </div>
   <div class='ocr_carea' id='block_1_138' title="bbox 2181 5420 3779 5484">
    <p class='ocr_par' dir='ltr' id='par_1_138' title="bbox 2181 5420 3779 5484">
     <span class='ocr_line' id='line_1_143' title="bbox 2181 5420 3779 5484; baseline 0.005 -8"><span class='ocrx_word' id='word_1_1032' title='bbox 2181 5431 2281 5477; x_wconf 90' lang='lat' dir='ltr'><strong>est.</strong></span> <span class='ocrx_word' id='word_1_1033' title='bbox 2336 5420 2444 5476; x_wconf 72' lang='lat' dir='ltr'><strong>Nos</strong></span> <span class='ocrx_word' id='word_1_1034' title='bbox 2497 5421 2742 5477; x_wconf 87' lang='lat' dir='ltr'><strong>arbitrati</strong></span> <span class='ocrx_word' id='word_1_1035' title='bbox 2787 5435 2972 5476; x_wconf 86' lang='lat' dir='ltr'><strong>sumus</strong></span> <span class='ocrx_word' id='word_1_1036' title='bbox 3005 5423 3342 5478; x_wconf 89' lang='lat' dir='ltr'><strong>retinendam</strong></span> <span class='ocrx_word' id='word_1_1037' title='bbox 3372 5437 3495 5480; x_wconf 91' lang='lat' dir='ltr'><strong>esse</strong></span> <span class='ocrx_word' id='word_1_1038' title='bbox 3522 5432 3779 5484; x_wconf 75' lang='lat' dir='ltr'><strong>vetarent</strong></span> 
     </span>
    </p>
   </div>
   <div class='ocr_carea' id='block_1_139' title="bbox 2179 5491 3779 5564">
    <p class='ocr_par' dir='ltr' id='par_1_139' title="bbox 2179 5491 3779 5564">
     <span class='ocr_line' id='line_1_144' title="bbox 2179 5491 3779 5564; baseline 0.004 -18"><span class='ocrx_word' id='word_1_1039' title='bbox 2179 5491 2493 5560; x_wconf 89' lang='lat' dir='ltr'><strong>lectionem,</strong></span> <span class='ocrx_word' id='word_1_1040' title='bbox 2525 5507 2648 5548; x_wconf 90' lang='lat' dir='ltr'><strong>eum</strong></span> <span class='ocrx_word' id='word_1_1041' title='bbox 2696 5492 2809 5549; x_wconf 87' lang='lat' dir='ltr'><strong>fieri</strong></span> <span class='ocrx_word' id='word_1_1042' title='bbox 2858 5493 3028 5564; x_wconf 87' lang='lat' dir='ltr'><strong>possit</strong></span> <span class='ocrx_word' id='word_1_1043' title='bbox 3057 5502 3116 5548; x_wconf 90' lang='lat' dir='ltr'><strong>ut</strong></span> <span class='ocrx_word' id='word_1_1044' title='bbox 3153 5494 3473 5551; x_wconf 89' lang='lat' dir='ltr'><strong>vocabulum</strong></span> <span class='ocrx_word' id='word_1_1045' title='bbox 3499 5495 3779 5553; x_wconf 79' lang='lat' dir='ltr'><strong>similietas</strong></span> 
     </span>
    </p>
   </div>
   <div class='ocr_carea' id='block_1_140' title="bbox 2180 5564 3773 5637">
    <p class='ocr_par' dir='ltr' id='par_1_140' title="bbox 2180 5564 3773 5637">
     <span class='ocr_line' id='line_1_145' title="bbox 2180 5564 3773 5637; baseline 0.004 -18"><span class='ocrx_word' id='word_1_1046' title='bbox 2180 5565 2254 5619; x_wconf 88' lang='lat' dir='ltr'><strong>ita</strong></span> <span class='ocrx_word' id='word_1_1047' title='bbox 2281 5565 2409 5637; x_wconf 88' lang='lat' dir='ltr'><strong>olim</strong></span> <span class='ocrx_word' id='word_1_1048' title='bbox 2437 5564 2676 5620; x_wconf 88' lang='lat' dir='ltr'><strong>effictum</strong></span> <span class='ocrx_word' id='word_1_1049' title='bbox 2719 5565 2791 5620; x_wconf 87' lang='lat' dir='ltr'><strong>sit</strong></span> <span class='ocrx_word' id='word_1_1050' title='bbox 2831 5565 3182 5637; x_wconf 83' lang='lat' dir='ltr'><strong>sicutef‘ficta</strong></span> <span class='ocrx_word' id='word_1_1051' title='bbox 3227 5573 3355 5620; x_wconf 92' lang='lat' dir='ltr'><strong>sunt</strong></span> <span class='ocrx_word' id='word_1_1052' title='bbox 3398 5567 3523 5632; x_wconf 91' lang='lat' dir='ltr'><strong>ista,</strong></span> <span class='ocrx_word' id='word_1_1053' title='bbox 3555 5567 3773 5637; x_wconf 74' lang='lat' dir='ltr'><strong>ﬁlietas,</strong></span> 
     </span>
    </p>
   </div>
   <div class='ocr_carea' id='block_1_141' title="bbox 2183 5636 3779 5704">
    <p class='ocr_par' dir='ltr' id='par_1_141' title="bbox 2183 5636 3779 5704">
     <span class='ocr_line' id='line_1_146' title="bbox 2183 5636 3779 5704; baseline 0.006 -15"><span class='ocrx_word' id='word_1_1054' title='bbox 2183 5636 2430 5690; x_wconf 72' lang='lat' dir='ltr'><strong>esurictas</strong></span> <span class='ocrx_word' id='word_1_1055' title='bbox 2453 5677 2468 5702; x_wconf 95' lang='lat'><strong>,</strong></span> <span class='ocrx_word' id='word_1_1056' title='bbox 2499 5637 2759 5704; x_wconf 79' lang='lat' dir='ltr'><strong>nimietas,</strong></span> <span class='ocrx_word' id='word_1_1057' title='bbox 2785 5646 2843 5692; x_wconf 86' lang='lat' dir='ltr'><strong>et</strong></span> <span class='ocrx_word' id='word_1_1058' title='bbox 2877 5636 3094 5693; x_wconf 86' lang='lat' dir='ltr'><strong>similia.</strong></span> <span class='ocrx_word' id='word_1_1059' title='bbox 3128 5636 3442 5694; x_wconf 88' lang='lat' dir='ltr'><strong>Similietate</strong></span> <span class='ocrx_word' id='word_1_1060' title='bbox 3473 5636 3649 5695; x_wconf 86' lang='lat' dir='ltr'><strong>tamen</strong></span> <span class='ocrx_word' id='word_1_1061' title='bbox 3681 5640 3779 5699; x_wconf 85' lang='lat' dir='ltr'><strong>hic</strong></span> 
     </span>
    </p>
   </div>
   <div class='ocr_carea' id='block_1_142' title="bbox 2185 5707 3775 5794">
    <p class='ocr_par' dir='ltr' id='par_1_142' title="bbox 2185 5707 3775 5794">
     <span class='ocr_line' id='line_1_147' title="bbox 2185 5707 3775 5794; baseline 0.006 -34"><span class='ocrx_word' id='word_1_1062' title='bbox 2185 5707 2862 5794; x_wconf 39' lang='lat' dir='ltr'><strong>videretur&#39;scribendum,</strong></span> <span class='ocrx_word' id='word_1_1063' title='bbox 2897 5709 3494 5794; x_wconf 45' lang='lat' dir='ltr'><strong>licet-repugnantibus</strong></span> <span class='ocrx_word' id='word_1_1064' title='bbox 3529 5713 3775 5794; x_wconf 78' lang='lat' dir='ltr'><strong>antiquis</strong></span> 
     </span>
    </p>
   </div>
   <div class='ocr_carea' id='block_1_143' title="bbox 2186 5778 3783 5873">
    <p class='ocr_par' dir='ltr' id='par_1_143' title="bbox 2186 5778 3783 5873">
     <span class='ocr_line' id='line_1_148' title="bbox 2186 5778 3783 5873; baseline 0.004 -37"><span class='ocrx_word' id='word_1_1065' title='bbox 2186 5779 2585 5850; x_wconf 73' lang='lat' dir='ltr'><strong>exemplaribus</strong></span> <span class='ocrx_word' id='word_1_1066' title='bbox 2609 5795 2714 5848; x_wconf 87' lang='lat' dir='ltr'><strong>quo</strong></span> <span class='ocrx_word' id='word_1_1067' title='bbox 2741 5778 2912 5873; x_wconf 77' lang='lat' dir='ltr'><strong>tnon</strong></span> <span class='ocrx_word' id='word_1_1068' title='bbox 2934 5779 3278 5839; x_wconf 82' lang='lat' dir='ltr'><strong>scribendum</strong></span> <span class='ocrx_word' id='word_1_1069' title='bbox 3299 5788 3382 5838; x_wconf 82' lang='lat' dir='ltr'><strong>est</strong></span> <span class='ocrx_word' id='word_1_1070' title='bbox 3408 5782 3622 5854; x_wconf 66' lang='lat' dir='ltr'><strong>ﬁtietat,</strong></span> <span class='ocrx_word' id='word_1_1071' title='bbox 3646 5778 3783 5845; x_wconf 82' lang='lat' dir='ltr'><strong>licet</strong></span> 
     </span>
    </p>
   </div>
  </div>
