4010 6290
253 221 369 285 11⁸1

921 218 1128 279 LIBER
1166 218 1753 279 SUBNOTATIONUM
1789 219 1857 277 ιΝ
1900 218 2131 278 VERBA
2166 221 2455 282 JULlA-Nl.
2488 224 2883 289 PREFATIO.

3453 227 3567 292 ιω

250 334 520 394 absolutis
571 330 1018 390 contradiceret:
1068 342 1094 371 ι
1145 334 1399 403 sequenti
1439 348 1569 391 vero
1597 333 1689 389 nni
1720 340 1848 389 octo
1874 336 2115 405 Asuper
2178 334 2281 391 hac
2348 352 2408 393 re
2464 337 2600 393 alios
2651 338 2959 398 elaboratos
3024 342 3236 412 penitus
3285 342 3561 412 ignorare.

252 429 468 487 ultimis
520 427 885 485 voluminibus
926 428 995 483 ad
1038 426 1068 466 δ
1098 428 1322 485 Florum
1368 428 1586 486 emissis
1625 442 1854 500 respon-

251 524 408 580 disse
454 536 516 578 se
568 522 772 591 iactat,
823 521 1035 592 fingens
1086 521 1287 579 multos
1347 522 1467 593 ejus
1509 522 1694 578 sancti.
1751 522 1854 578 viri

2033 430 2085 485 8.
2141 427 2351 496 Quibus
2390 440 2412 469 α
2461 437 2589 487 octo
2632 431 2840 488 ultimis
2887 430 2914 471 ⁸
2968 432 3190 490 horrida
3236 433 3567 503 loquacitati

1962 530 2253 594 evagatus,
2289 523 2552 580 disertum
2593 538 2655 582 se
2686 526 2858 597 magis
2901 535 3209 595 ostentare,
3244 536 3297 581 et
3328 525 3565 586 seiolum

1423 617 1971 675 CASTIGATIONES
2012 616 2100 674 ET
2138 618 2371 675 NO'I'E.

255 694 482 762 tOperis
514 689 654 762 Imp.
685 705 803 759 cap.
837 689 891 759 1)
930 687 1202 762 Iulianum
1258 689 1540 761 alloquens
1571 709 1584 743 :
1645 688 1855 762 Utinam

255 760 478 820 imiteris
506 761 850 817 Turbantium
872 772 984 831 post
1010 760 1105 815 illa
1145 774 1235 817 tua
1262 760 1479 831 scripta,
1521 771 1567 815 et
1618 772 1728 833 post
1755 760 1854 817 has

257 848 379 891 tuas
412 835 609 897 laudes,
644 836 826 904 quibus
848 849 966 887 eum
1005 833 1133 888 dicis
1156 905 1159 906 ν
1179 849 1364 906 magno
1386 834 1630 888 uirtutum
1654 833 1857 905 fulgore

255 911 617 973 conspicuum,
649 922 682 959 a
709 913 875 960 vestro
904 921 1075 961 errore
1104 905 1394 960 liberatum.

323 990 355 1017 α
386 975 534 1049 Opus
569 978 812 1049 ejusdem
836 975 1033 1033 Iuliani
1060 987 1403 1049 postremum
1436 975 1698 1033 librorum
1724 985 1855 1033 octo

255 1047 450 1108 contra
486 1052 579 1106 lib.
600 1047 647 1106 ἰι
679 1048 744 1105 de
771 1047 1002 1112 Nuntiis.
1043 1048 1321 1105 GALLAND.

321 1123 353 1161 δ
392 1123 511 1178 Fuit
552 1132 606 1177 et
652 1122 743 1175 ille
791 1135 1004 1190 quoque
1051 1136 1193 1176 unus
1241 1120 1309 1175 de
1364 1119 1632 1190 episcopis
1654 1117 1851 1175 Juliani

254 1197 428 1250 sociis
456 1204 511 1250 et
535 1194 665 1249 sede
691 1192 865 1263 pulsis
903 1192 1046 1260 quod
1094 1193 1463 1247 detrectarent
1507 1191 1854 1247 subscribere

254 1267 513 1321 formula:
544 1265 667 1320 ﬁdei
689 1262 715 1316 ἐι
739 1262 961 1318 anitno
982 1263 1679 1334 prmscriptzeﬁumeratur
1709 1264 1855 1317 enim

254 1339 403 1393 inter
430 1353 528 1392 eos
557 1351 691 1405 quos
724 1336 989 1405 Epltesinzn
1022 1335 1263 1405 synodus
1289 1351 1320 1388 a
1356 1334 1656 1390 leestino
1701 1334 1854 1388 dam-

255 1419 415 1464 natos
440 1420 687 1468 testatur,
717 1414 771 1459 et
800 1410 993 1461 iterum
1042 1406 1263 1461 damnat
1294 1422 1308 1458 :
1344 1407 1591 1461 Perlectis
1642 1406 1705 1460 iis
1742 1420 1856 1475 qua:

254 1482 316 1552 de
334 1477 881 1552 impiorumACtrlestii,
908 1478 1130 1552 Pelagii,
1155 1479 1378 1539 Juliani,
1399 1476 1647 1552 Persidii,
1681 1475 1852 1552 Flori,

257 1549 581 1615 Harcellini,
619 1549 844 1615 Orontii,
895 1550 1311 1619 reliquorumque
1359 1549 1540 1603 eadem
1586 1565 1705 1602 cum
1748 1549 1855 1603 illis

254 1624 608 1683 sentientium,
650 1621 967 1689 depositione
996 1639 1027 1673 a
1072 1624 1260 1687 pit-tate
1288 1632 1377 1674 tua
1418 1621 1533 1674 istic
1558 1620 1764 1674 decreta
1807 1629 1855 1675 et

256 1695 536 1747 constituta
566 1701 704 1756 sunt,
728 1692 1077 1763 judicavimus
1106 1704 1153 1746 et
1200 1709 1290 1747 nos
1337 1709 1636 1763 quoquegea
1687 1690 1854 1745 solida

540 1761 838 1833 permanere
866 1763 1050 1817 debere
1082 1771 1141 1834 (tt
1171 1773 1305 1832 part.
1338 1779 1483 1818 conc.
1525 1761 1715 1834 Ephes.
1749 1773 1848 1817 act.

260 1838 311 1902 5,
336 1841 391 1889 in
422 1834 673 1907 synodica
698 1836 767 1907 ad
790 1834 1117 1890 Caelestinum
1142 1838 1378 1907 papam).

330 1919 351 1946 ε
404 1906 551 1977 opus
579 1906 723 1978 quod
762 1908 1069 1962 continetur
1098 1906 1221 1978 octo
1255 1907 1358 1962 illis
1386 1907 1563 1971 libris,
1589 1906 1852 1978 lmperlee

260 1988 403 2032 ctum
436 1977 734 2040 dicebatur,
763 1993 882 2032 eum
913 1994 942 2030 a
971 1993 1024 2033 v.
1069 1994 1119 2033 c.
1150 1977 1373 2033 Claudio
1419 1979 1677 2033 Menardo
1724 1977 1853 2032 editi

260 2050 489 2105 fuissent
515 2051 622 2105 duo
646 2058 856 2104 tantum
890 2050 1096 2119 priores
1124 2050 1243 2105 libri
1277 2050 1401 2121 (An.
1432 2050 1592 2121 1627,
1625 2048 1852 2119 Paris.),

263 2138 397 2176 nunc
421 2138 451 2174 ιι
486 2124 669 2176 multis
695 2134 817 2192 p051
843 2131 1075 2191 quatuor
1104 2123 1239 2176 alios
1267 2120 1295 2174 a
1326 2137 1380 2177 v.
1422 2135 1473 2176 c.
1526 2120 1857 2191 Hieronymo

262 2193 510 2263 Vignerio
534 2193 747 2247 additus
770 2192 927 2264 (Ann.
964 2193 1125 2261 1655,
1158 2192 1363 2261 Paris.)
1409 2193 1713 2249 Perfectum
1760 2207 1857 2261 ap-

258 2269 505 2333 pellatur.
523 2264 702 2318 Mallet
733 2265 953 2335 Vossius
985 2264 1159 2335 (Lib.t
1186 2264 1250 2318 de
1274 2264 1423 2319 Ηιεν.
1448 2264 1633 2334 Pelag.
1658 2280 1770 2335 cap.
1796 2265 1858 2333 6)

258 2338 438 2391 vocari
471 2336 665 2390 librum
698 2334 1081 2390 Altercationis
1112 2345 1331 2406 propter
1359 2334 1727 2402 Gennadnnn,
1756 2350 1854 2406 eu-

260 2408 341 2479 itts
368 2418 495 2462 sunt
540 2407 657 2461 haec
688 2408 849 2461 verba
881 2407 1021 2478 (Lib.
1071 2405 1135 2462 de
1164 2408 1358 2479 Script.
1387 2406 1533 2461 Eccl.
1568 2424 1681 2477 cap.
1712 2405 1807 2476 45)
1839 2423 1854 2459 :

261 2477 516 2533 [heresim
546 2479 751 2551 Pelagii
779 2477 1052 2547 defendere
1072 2481 1217 2551 nisus
1244 2477 1449 2551 scripsit
1477 2479 1722 2532 adversus
1750 2479 1858 2533 Att-

260 2552 523 2619 gustinnm
548 2553 967 2619 impugnatorem
991 2552 1133 2605 illius
1164 2550 1319 2603 libros
1338 2559 1574 2619 quatuor,
1601 2560 1647 2604 et
1674 2551 1858 2603 iterum

261 2622 418 2676 libros
442 2632 654 2693 septem.
686 2620 781 2676 Est
833 2624 987 2675 etiam
1016 2622 1140 2676 liber
1170 2621 1535 2677 Altercationis
1585 2620 1858 2675 amborum

264 2710 389 2765 suos
418 2704 591 2759 partes
614 2695 1023 2765 defendentium.

336 2764 593 2820 Veterem
614 2763 1028 2835 appellationem
1053 2765 1387 2819 retinendam
1435 2764 1667 2819 suadent
1693 2763 1857 2835 verba

265 2851 390 2905 qua:
418 2838 616 2889 suntin
641 2834 873 2891 indiculo
905 2836 1126 2907 Possidti
1149 2837 1293 2891 edito
1317 2837 1478 2907 (Ann.
1506 2835 1663 2905 1564,
1698 2834 1863 2889 Lava-

268 2904 372 2977 nii)
404 2909 471 2960 ab
502 2907 820 2978 Ullimmerio
846 2925 857 2960 :
894 2906 1087 2978 Contra
1117 2904 1395 2961 secundam
1425 2904 1628 2961 Iuliani
1654 2923 1861 2978 respong

264 2978 469 3051 sionem
489 2977 848 3049 Imperfectum
869 2977 1012 3048 Opus
1035 2977 1087 3049 (1
1094 2997 1124 3032 n
1146 2982 1294 3050 prwf.
1312 2980 1379 3032 ad
1402 2989 1713 3051 postremum
1729 2977 1861 3051 illud

266 3047 413 3116 Opus
438 3047 756 3121 Augustini),
790 3047 1017 3121 quisque
1041 3047 1233 3105 frustra
1265 3047 1503 3120 inquiras
1526 3050 1579 3105 in
1605 3051 1722 3104 aliis
1743 3049 1862 3103 vnl-

262 3122 401 3184 gatis
427 3121 777 3176 editionibns.
809 3121 967 3178 Unde
997 3124 1180 3177 mirari
1211 3123 1376 3177 subiit
1414 3121 1732 3192 aliquando,
1767 3136 1863 3176 cur

269 3192 552 3261 Vignerius
598 3195 735 3249 hanc
781 3195 1196 3264 appellationem
1245 3193 1534 3248 arbitratus
1570 3196 1636 3249 sit
1669 3193 1860 3247 laetam

264 3271 472 3318 tantum
514 3278 633 3333 post
663 3266 955 3320 editionem
985 3264 1246 3332 Menardi,
1281 3275 1442 3335 atque
1470 3266 1539 3319 ita
1567 3266 1618 3319 in
1650 3264 1863 3321 indicu-

266 3335 373 3407 Ium
402 3336 629 3391 Possidii
655 3339 973 3405 irrepsrsse;
1004 3337 1171 3392 editio
1207 3338 1351 3392 enim
1384 3336 1703 3393 Ullimmerii
1744 3337 1866 3407 plus

266 3405 335 3460 60
356 3410 513 3461 annis
539 3407 831 3463 editionem
861 3408 1099 3463 Menardi
1132 3409 1442 3465 antecessit.

336 3478 442 3533 Sed
470 3480 618 3545 juvat
648 3479 812 3549 paulo
834 3481 1104 3536 curiosius
1140 3480 1195 3535 in
1237 3480 1373 3536 hanc
1410 3494 1523 3535 rem
1567 3480 1860 3549 inquirere,

265 3557 319 3604 et
344 3552 443 3603 nisi
477 3551 657 3615 fallor,
693 3552 893 3619 liquido
924 3553 1332 3618 demonstrare,
1374 3552 1710 3607 retinendam
1747 3568 1866 3607 om-

267 3621 394 3694 nino
422 3621 654 3694 Pessidii
688 3625 1045 3689 sententiam;
1087 3629 1286 3694 quippe
1328 3640 1451 3678 eum
1495 3626 1821 3694 Augustinus
1846 3667 1863 3694 ,

266 3692 349 3765 vel
392 3693 539 3765 solos
581 3696 818 3764 quinque
864 3699 1068 3761 priores
1106 3692 1287 3751 libros
1332 3694 1525 3751 Juliani
1574 3692 1863 3765 acceperit,

267 3764 685 3831 impedientibus
708 3767 912 3822 bellicis
945 3768 1294 3835 tumultibus,
1340 3781 1407 3823 ne
1450 3768 1539 3822 alii
1581 3764 1866 3823 mitteren-

264 3844 381 3900 tur;
417 3836 505 3891 vel
542 3838 589 3891 si
640 3853 828 3893 omnes
874 3841 1183 3908 acceperit,
1235 3839 1380 3895 inter
1428 3840 1867 3909 respondendum

266 3918 419 3982 sexto
444 3917 677 3982 mortem
706 3910 927 3965 obierit.
957 3910 1047 3967 Sic
1078 3910 1220 3965 enim
1257 3926 1443 3967 verum
1476 3914 1598 3979 erit,
1630 3922 1682 3965 et
1724 3912 1866 3982 quod

267 3976 805 4052 Possidiusscripsit,
836 3984 982 4050 Opus
1012 3982 1152 4036 istud
1199 3997 1321 4038 esse
1371 3976 1772 4052 imperfectum}
1814 3990 1871 4039 et

266 4051 407 4125 quod
450 4051 674 4125 tradidit
697 4052 941 4125 Prosper
992 4051 1579 4125 chronograpltuslln
1622 4054 1862 4108 Chronic.

266 4121 332 4174 ad
360 4137 495 4197 coss.
523 4121 724 4197 Theod.
753 4139 872 4197 ιιιι,
905 4131 953 4178 et
990 4121 1246 4197 Valentia.
1280 4121 1387 4191 tit),
1419 4121 1765 4197 Augustinum
1788 4128 1865 4180 in-

266 4201 339 4244 ter
379 4194 1013 4266 impetumcbsidentinm
1063 4194 1420 4250 Vandalorum
1446 4194 1642 4266 in'ipso
1670 4197 1869 4251 dierum

267 4280 477 4339 suorum
506 4265 610 4333 fine
636 4264 783 4339 libris
812 4266 1018 4321 Iuliani
1042 4269 1452 4338 respondentem,
1485 4278 1531 4322 et
1552 4264 1787 4339 gloriose
1815 4270 1870 4323 in

268 4335 559 4403 defensione
601 4337 898 4394 christiani:
935 4335 1136 4412 gratia!
1161 4335 1581 4408 perseverantem
1606 4350 1870 4394 mortuum

271 4422 395 4463 ειεο.

339 4478 669 4555 Augustinus
695 4480 855 4555 igitur
880 4482 947 4536 ad
976 4481 1407 4555 Quodvultdeum
1444 4481 1657 4555 (Epist.
1689 4484 1869 4555 pris/i-

268 4549 403 4669 pitur
433 4548 593 4613 Operi
625 4548 958 4635 Imperfecto)
985 4548 1015 4608 ί
1034 4550 1360 4636 Respondeo,
1388 4548 1573 4626 incinit,
1603 4548 1745 4609 libris
1769 4548 1871 4610 Ju-

290 4637 415 4669 tam-
447 4637 571 4669 auos
605 4633 718 4669 octo
744 4624 906 4669 edidit
935 4633 1045 4669 πηςί
1074 4624 1192 4669 illos
1222 4637 1443 4669 nunhmr
1487 4627 1669 4669 nni/ms
1719 4636 1871 4669 mtlna

290 4621 415 4684 iani,
447 4633 718 4696 quosgocto
744 4621 906 4677 edidit
934 4621 1045 4689 post
1074 4621 1192 4680 illos
1222 4621 1669 4696 quatuor'quibus
1719 4636 1872 4681 (vitea

267 4693 509 4768 respondi
528 4709 546 4757 ;
575 4694 668 4768 fros
698 4696 828 4748 enim
866 4710 983 4749 cum
1026 4696 1205 4751 Roma:
1235 4693 1519 4766 accepisset
1556 4698 1717 4768 frater
1752 4698 1869 4752 Ali-

1959 692 2102 764 dero,
2124 692 2170 745 si
2191 701 2293 747 tres
2312 707 2416 746 non
2444 694 2850 763 supervenerint,
2880 694 3121 764 dispono,
3145 695 3189 749 si
3220 693 3360 750 Deus
3388 693 3564 750 volue-

1958 763 2045 838 rit,
2074 772 2121 818 et
2145 779 2258 838 qui:
2292 765 2467 838 poscis
2487 765 2743 838 incipere.
2775 767 2933 821 simul
2964 763 3123 838 agens
3162 775 3470 832 utrumque;
3513 772 3563 821 et

1957 832 2054 888 hoc
2082 832 2301 900 scilicet,
2331 844 2376 888 et
2408 835 2539 890 illud
2570 832 2634 891 de
2667 832 3028 892 retractatione
3066 840 3432 907 opusculorum
3467 852 3564 892 no-

1955 907 2504 1031 ztrorubmnnocturnis
2555 918 2600 961 et
2642 908 2848 963 diurnis
2894 909 3209 979 temporibus
3251 911 3305 963 iu
3356 908 3564 979 singula

1998 988 2108 1031 tstrt
2151 987 2270 1031 utts.

1998 979 2270 1033 istributis.

2029 1049 2234 1118 Quibus
2257 1065 2327 1106 ex
2352 1048 2535 1106 verbis
2563 1049 2887 1107 concludere
2918 1051 3045 1107 licet
3090 1061 3332 1106 sanctum
3376 1050 3565 1105 docto-

1957 1135 2071 1176 rem
2099 1132 2208 1176 tres
2232 1120 2431 1176 Juliani
2464 1122 2795 1191 posteriores
2825 1122 2993 1179 libros
3019 1124 3258 1178 nondum
3288 1124 3566 1191 accepisse

1957 1205 2024 1249 eo
2055 1200 2297 1262 tempore
2322 1208 2451 1261 quo,
2489 1194 2840 1261 responsione
2872 1194 2940 1249 ad
2977 1206 3224 1264 quartum
3271 1195 3517 1249 inclinata
3542 1236 3559 1264 ,

1958 1264 2231 1319 scribebat
2259 1265 2324 1320 ad
2354 1264 2818 1332 Quodvultdeum.
2851 1265 3133 1321 Scribebat
3161 1281 3290 1320 vero
3325 1272 3441 1335 post
3467 1264 3562 1319 ab-

1956 1337 2164 1391 solutos
2194 1336 2332 1392 duos
2363 1336 2824 1392 Retractationum
2854 1336 3043 1401 libros,
3067 1344 3124 1389 ut
3144 1338 3372 1405 ipsemet
3402 1346 3566 1391 testa-

1960 1415 2066 1461 tur.
2098 1409 2167 1478 At
2196 1423 2292 1463 eos
2320 1410 2407 1461 vix
2446 1408 2788 1475 absolverat,
2831 1414 2894 1463 ut
2939 1408 3097 1463 tradit
3142 1408 3415 1464 PoSsidius
3457 1405 3566 1478 (In

1956 1479 2060 1552 trita
2087 1477 2146 1533 S.
2183 1479 2401 1552 August.
2429 1496 2545 1550 cap.
2598 1478 2727 1552 28),
2778 1495 2898 1534 cum
2928 1479 3174 1552 _Vandali
3224 1482 3276 1533 in
3327 1477 3564 1534 AlriCam

1957 1548 2289 1619 irruperunt,
2321 1548 2624 1619 cunctaque
2651 1549 2799 1606 ferro
2827 1561 2881 1606 et
2924 1550 3047 1621 igne
3092 1561 3364 1605 vastantes
3389 1591 3403 1613 ,
3452 1564 3561 1605 non

1960 1631 2159 1677 terram
2204 1632 2411 1678 tantum
2438 1666 2452 1691 ,
2502 1623 2598 1677 sed
2642 1624 2805 1676 etiam
2844 1637 2994 1677 mare
3019 1622 3269 1677 infestum
3303 1622 3560 1675 habuere.

1957 1692 2091 1748 Cum
2122 1694 2289 1764 igitur
2319 1693 2545 1749 Vandali
2586 1696 2640 1748 in
2670 1694 2905 1749 Africam
2936 1694 3244 1761 trajazerint
3271 1709 3400 1746 ann.
3432 1692 3560 1760 427,

1960 1764 2294 1820 Bonifacium
2325 1764 2558 1821 fuderint
2591 1780 2721 1820 ann.
2750 1765 2877 1829 428,
2920 1765 3118 1833 illeque
3162 1780 3219 1819 se
3265 1764 3564 1833 Hipponem

1959 1837 2185 1906 Regium
2208 1838 2497 1908 receperit,
2515 1840 2700 1908 urbem
2726 1836 3141 1891 munitissimam
3162 1836 3323 1908 totius
3345 1838 3561 1908 Alricre,

1958 1908 2176 1963 interim
2208 1907 2349 1963 dumi
2372 1907 2597 1963 Vandali
2630 1918 2796 1963 totam
2826 1908 3200 1963 Mauritaniam
3234 1907 3565 1962 Numidiam-

1884 2002 1934 2063 Β
1960 1994 2065 2063 que
2096 1980 2597 2063 depOpularentur,
2644 1980 2995 2063 clausumque
3043 1980 3566 2063 ῌίρριειιίενρυιιιιιιιι

1964 2050 2244 2117 tenerent;
2295 2066 2527 2117 cumque
2577 2054 2735 2105 tertio
2777 2066 2963 2106 mense
3013 2050 3221 2105 obseSsi
3252 2067 3281 2103 a
3314 2050 3567 2106 Vandalil

1963 2122 2228 2191 Hipponis
2256 2123 2405 2193 Regii
2438 2120 2548 2177 fato
2576 2121 2789 2177 functus
2819 2121 2889 2176 sit
2917 2123 3242 2193 Augustinus
3275 2137 3403 2174 ann.
3435 2120 3563 2187 450,

1962 2210 2013 2249 v.
2044 2193 2153 2248 kal.
2190 2194 2546 2264 Septembris,
2581 2194 2872 2249 admodum
2901 2194 3173 2261 probabile
3205 2202 3318 2259 est,
3363 2195 3406 2246 si
3458 2207 3564 2247 non

1961 2267 2184 2321 omnino
2231 2276 2439 2321 certum
2465 2310 2480 2335 ,
2537 2265 2829 2320 intercluso
2859 2276 3164 2321 commeatu
3193 2280 3296 2318 non
3326 2264 3568 2333 potuisse

1962 2338 2295 2409 posteriores
2320 2336 2518 2393 Juliani
2553 2337 2719 2392 libros
2750 2337 2817 2391 ad
2859 2338 3216 2409 Augustinum
3255 2336 3565 2407 pervenire.

2036 2409 2103 2463 Et
2128 2420 2273 2464 certe
2301 2419 2425 2464 ante
2453 2410 2657 2463 obitum
2688 2416 2909 2463 sanctus
2940 2408 3062 2463 lidei
3093 2410 3346 2463 defensor
3375 2409 3567 2463 librum

1960 2480 2028 2536 de
2059 2481 2364 2537 Haeresibus
2387 2480 2742 2545 elucubravit,
2776 2495 2935 2549 quem
2964 2491 3144 2536 tamen
3178 2496 3280 2532 non
3310 2479 3411 2532 alia
3438 2495 3568 2533 con-

1962 2552 2167 2608 ditione
2211 2567 2269 2608 se
2314 2552 2643 2622 scripturum
2684 2555 3030 2620 promiserat,
3060 2566 3219 2621 quam
3248 2551 3293 2605 si
3328 2560 3435 2605 tres
3467 2565 3565 2617 po-

1924 2626 1925 2629 “
1962 2625 2219 2679 steriores
2245 2624 2392 2692 libri,
2424 2638 2560 2696 quos
2587 2625 2642 2679 in
2670 2623 2784 2679 dies
2812 2623 3197 2693 exspectabat,
3250 2637 3355 2677 non
3401 2622 3565 2676 alier-

1963 2707 2168 2751 rentur.

2034 2766 2171 2833 Quid
2196 2764 2336 2836 quod
2369 2766 2628 2835 inspectis
2654 2764 2912 2819 attentius
2935 2763 3086 2819 libris
3114 2779 3142 2817 a
3168 2763 3428 2836 Vignerio
3454 2763 3568 2819 edi-

1965 2838 2054 2903 tis,
2088 2852 2193 2893 non
2215 2835 2457 2894 absurde
2482 2838 2602 2905 quis
2633 2836 2947 2905 opinaturus
2974 2837 3062 2901 sit,
3097 2835 3179 2890 vel
3209 2837 3565 2904 Augustinum

1964 2910 2153 2980 quinto
2180 2908 2377 2965 Juliani
2403 2910 2625 2980 duobus
2644 2908 2756 2962 suis
2781 2907 3128 2976 respondisse
3149 2948 3163 2971 ,
3198 2908 3281 2980 vel
3322 2906 3569 2980 quintum

1964 2976 2018 3037 ἐι
2049 2990 2256 3036 sextum
2304 2979 2585 3050 Augustini
2617 2979 2667 3031 in
2714 2994 2877 3033 unum
2912 2993 3071 3050 posse
3113 2978 3386 3047 conjungi.
3433 2976 3569 3031 Nam

1965 3068 2087 3108 cum
2116 3051 2339 3123 singulis
2367 3049 2747 3123 Julianilibris
2774 3066 2903 3123 suus
2934 3049 3004 3105 sit
3030 3050 3097 3123 ab
3126 3064 3233 3123 uno
3262 3053 3313 3103 in
3342 3050 3571 3123 alterum

1966 3120 2231 3179 transitus
2261 3125 2391 3177 satis
2421 3122 2759 3190 manifestus,
2791 3122 2845 3177 in
2873 3122 2975 3178 hoc
3005 3122 3091 3178 vel
3118 3121 3295 3176 nullus
3324 3130 3437 3185 est,
3483 3120 3571 3175 vel

1966 3196 2126 3268 paulo
2154 3196 2453 3251 obscurior.

2041 3267 2239 3323 Verum
2284 3283 2471 3323 omnes
2523 3276 2646 3323 octo
2692 3264 3005 3338 pervenisse
3053 3263 3570 3338 ad_Augustinum.

1973 3339 2168 3408 aliquis
2203 3354 2309 3393 non
2340 3335 2727 3395 incredibiliter
2759 3338 2884 3393 hinc
2923 3335 3250 3408 concludat:
3295 3336 3523 3403 primum
3550 3374 3568 3401 ,

1892 3396 1938 3460 (ἶ
1974 3396 2109 3466 tesle
2140 3411 2405 3477 Prospero
2428 3414 2650 3481 ejusque
2680 3410 3014 3481 esseriptore
3043 3396 3323 3481 Gennadin
3342 3448 3356 3473 ,
3391 3396 3573 3481 credi;

1972 3493 2083 3538 tum
2116 3490 2219 3547 est,
2254 3486 2306 3535 in
2341 3478 2481 3537 hunc
2526 3478 2697 3551 usque
2738 3478 2879 3537 diem
2909 3521 2924 3544 ,
2967 3478 3163 3534 obiisse
3212 3479 3574 3547 Augustinum

1970 3555 2112 3610 inter
2138 3555 2574 3624 respondendum
2606 3553 2842 3609 Juliano.
2874 3556 2942 3606 At
2970 3552 3013 3606 si
3038 3560 3247 3624 constet
3279 3566 3423 3619 prior
3452 3552 3573 3617 opi-

1969 3625 2083 3693 nio,
2122 3622 2462 3693 responderit
2492 3642 2622 3681 sane
2653 3626 2865 3680 duobus
2890 3627 2998 3678 fere
3020 3622 3243 3691 integris
3263 3625 3420 3675 alllllS
3446 3630 3575 3676 ante

1970 3697 2196 3753 obitum.
2226 3696 2427 3751 Deinde
2448 3708 2637 3753 sextus
2660 3697 2799 3752 liber
2821 3711 2926 3750 non
2952 3693 3023 3747 ita
3054 3701 3206 3748 caret
3232 3693 3572 3762 praefatione,

1970 3785 2089 3837 quae
2114 3771 2164 3823 in
2185 3769 2303 3824 aliis
2325 3778 2511 3839 aperta
2532 3776 2636 3831 est,
2660 3769 2788 3839 quin
2806 3765 3290 3839 satisdiscernatur
3312 3782 3341 3819 a
3362 3766 3572 3839 quinto,

1971 3852 2028 3893 ιιι
2059 3839 2217 3895 facile
2248 3837 2475 3895 intuenti
2506 3837 2691 3910 patere
2715 3847 2911 3909 potest.
2940 3838 3179 3907 Denique
3203 3837 3248 3891 si
3273 3853 3361 3910 unt
3384 3837 3577 3910 quinto

1970 3910 2167 3967 Juliani
2200 3912 2445 3982 quintus,
2476 3906 2530 3966 et
2553 3906 2739 3966 sextus
2766 3911 3045 3982 Augustini
3077 3906 3464 3982 respondeant,
3488 3906 3576 3962 vel

1970 3983 2200 4055 singulis
2218 3979 2424 4038 'Juliani
2452 3983 2604 4055 libris
2633 3996 2762 4038 suos
2798 3980 3047 4055 singulos
3086 3979 3424 4055 Augustinus
3466 3993 3574 4033 nou

1972 4050 2305 4124 apposuerit,
2338 4054 2482 4125 quod
2513 4054 2735 4111 omnino
2762 4050 3009 4125 praestitit
3036 4051 3088 4104 in
3131 4050 3400 4125 prioribus
3442 4064 3575 4125 qua-

1973 4120 2131 4192 tuor;
2179 4127 2266 4182 vel
2293 4120 2524 4195 'quintus
2567 4133 2623 4181 et
2659 4120 2849 4179 sextus
2891 4121 3200 4179 coalescere
3241 4120 3474 4195 debeant
3518 4122 3575 4195 il

1971 4191 2161 4259 unum,
2188 4196 2277 4266 qui
2312 4191 2413 4251 line
2440 4205 2598 4267 pacto
2637 4200 2919 4250 excrescat
2947 4207 3020 4267 eo
3069 4205 3275 4261 usque,
3315 4200 3374 4246 ut
3410 4191 3576 4261 duplo

1970 4267 2087 4324 fere
2115 4263 2464 4339 superaturus
2495 4269 2566 4321 sit
2590 4267 2882 4320 maximum
2911 4263 3163 4339 aliorum.

2046 4340 2141 4394 His
2170 4332 2502 4421 argumentis
2523 4352 2625 4421 sua
2658 4345 2892 4421 estnon
2938 4332 3572 4421 improbabilisnsolutio.

1972 4410 2107 4465 Nam
2133 4404 2499 4465 testimonium
2523 4408 2773 4479 Prosperi
2800 4409 2975 4479 elevat
3004 4406 3296 4479 auctoritas
3320 4404 3575 4471 Possidii;

1972 4483 2064 4539 ille
2095 4488 2236 4537 enim
2272 4483 2430 4553 longe
2461 4477 2673 4551 positus
2693 4495 2814 4550 qua:
2841 4477 3081 4553 audivit,
3124 4480 3232 4553 iste
3270 4493 3392 4553 qua;
3431 4492 3573 4553 praef

1972 4569 2099 4611 sens
2128 4548 2423 4625 usurpabat
2450 4548 2637 4625 oculis,
2671 4548 2947 4608 memoriae
2975 4548 3274 4625 mandavit.
3300 4548 3505 4625 Deinde
3529 4549 3578 4604 si

1972 4626 2099 4696 quid
2132 4622 2308 4681 valeat
2335 4624 2631 4681 secundum
2662 4630 3061 4692 argumentum,
3085 4622 3284 4696 eodem
3310 4622 3432 4690 jure
3451 4634 3580 4696 sex-

1973 4690 2086 4753 t'um
2120 4698 2316 4754 librum
2348 4697 2402 4752 in
2430 4703 2540 4751 tres
2587 4690 2774 4766 partiri
2822 4692 3159 4766 oportuerit,
3211 4692 3406 4748 breves
3454 4690 3579 4766 illos

271 4764 416 4841 pius,
450 4765 682 4842 nondum
720 4782 894 4842 omnes
931 4768 1291 4839 descripserat,
1326 4761 1441 4823 cum
1467 4761 1693 4824 oblatam
1720 4786 1871 4824 occa-
1896 4782 1949 4842 υ
1976 4770 2215 4840 quidem,
2244 4761 2667 4842 sedrsuatam'en
2704 4761 3025 4842 praefatione
3059 4772 3230 4842 atque
3272 4761 3579 4842 argumenti

267 4833 462 4910 sionem
488 4836 653 4910 noluit
677 4838 960 4910 praterire,
989 4855 1080 4908 per
1100 4833 1416 4907 "quam'mihi
1449 4842 1667 4910 quinque
1697 4848 1870 4895 trans-

268 4907 441 4978 misit;
472 4906 777 4976 promittens
802 4906 935 4964 alios
962 4906 1063 4965 tres
1092 4906 1191 4966 cito
1228 4928 1281 4965 se
1322 4928 1431 4967 esse
1462 4906 1749 4968 missurum
1768 4954 1782 4978 ,
1822 4921 1870 4967 et

269 4976 485 5055 multum
514 4978 712 5033 instans
740 4996 802 5034 ne
828 4982 1138 5055 respondere
1164 4982 1426 5050 differrem
1448 5000 1467 5037 :
1494 4988 1640 5055 cujus
1666 4976 1871 5038 instan-

267 5048 339 5101 tia
365 5056 569 5125 coactus
598 5067 708 5125 sum
740 5048 1001 5125 remissius
1026 5048 1400 5125 semperagere
1444 5048 1581 5125 quod
1628 5054 1864 5125 agebam,

267 5127 322 5191 ut
344 5120 489 5191 operi
515 5123 717 5189 utrique
742 5140 845 5177 non
870 5124 1118 5191 deessent,
1136 5120 1239 5179 'uni
1266 5120 1473 5187 diebus,
1514 5120 1681 5180 alteri'
1700 5120 1869 5181 nocti?

268 5190 401 5270 bus,
440 5198 647 5270 quando
685 5192 812 5270 milii
844 5195 912 5270 ab
951 5196 1068 5251 aliis
1107 5190 1530 5270 accupationibus
1559 5196 1679 5251 hinc
1717 5207 1871 5267 atque

265 5258 388 5313 hinc
417 5258 589 5341 uenire
618 5282 720 5319 non
747 5266 1105 5341 desistentibus
1142 5258 1457 5338 parceretur.
1498 5269 1724 5341 Agebam
1752 5258 1869 5325 vero

264 5346 375 5385 rem
402 5335 685 5410 plurimum
718 5340 1077 5403 necessariam,
1106 5335 1227 5394 nam
1256 5335 1593 5396 rctractabain
1620 5342 1872 5410 opuscula

264 5419 455 5483 mea...
484 5415 536 5459 et
580 5408 684 5460 duo
728 5410 988 5464 volumina
1025 5413 1141 5483 jam
1180 5412 1564 5470 absolveram...
1617 5408 1874 5467 restabant

266 5474 501 5541 epistola:
541 5487 587 5530 et
634 5490 885 5555 tractatus
935 5474 1239 5553 populares,
1284 5502 1410 5555 quos
1440 5486 1609 5541 (ἔναξτὶ
1638 5485 1875 5541 ltomilias

264 5558 478 5631 cacant,
512 5560 566 5631 ’τι
606 5551 859 5631 plurimas
897 5551 1229 5626 epis'tolarum
1271 5551 1492 5631 legeram
1516 5603 1541 5631 ,ί
1574 5558 1665 5613 sed
1705 5557 1874 5613 adhuc

266 5620 409 5671 nihil
434 5620 552 5673 inde
584 5620 1060 5692 dictaverunt,'cum
1092 5645 1169 5681 me
1196 5620 1351 5683 etiam
1388 5630 1471 5681 isti
1510 5620 1715 5685 Iuliani
1755 5630 1874 5685 libri

268 5706 524 5771 orv‘u‘pare
547 5706 843 5771 creperum,
888 5714 1105 5771 quorum
1149 5717 1284 5755 nunc
1330 5710 1515 5771 quarto
1560 5704 1873 5769 respondere

270 5763 428 5829 cepi.
469 5763 687 5833 Quando
725 5784 843 5823 vero
882 5763 935 5823 id
971 5772 1305 5841 explicavero,
1340 5763 1618 5841 quintoque
1647 5763 1870 5843 respon-

1976 4832 2232 4917 varietate
2262 4832 2722 4917 satisidiSIinctos:
2759 4838 2999 4917 Denique
3028 4836 3073 4891 si
3099 4832 3225 4917 quid
3253 4833 3443 4917 virium
3474 4832 3577 4887 ha-

1975 4913 2100 4987 beat
2127 4914 2265 4969 ratio
2295 4913 2363 4967 ab
2386 4912 2757 4987 inaequalitate
2794 4910 3052 4987 librorum
3084 4910 3248 4977 petita
3270 4946 3285 4968 ,
3321 4912 3579 4987 sextus!

1974 4984 2163 5053 quinto
2189 4983 2401 5041 secerni
2433 4974 2537 5038 non
2565 4984 2743 5047 debet,
2779 4998 2845 5037 ne
2876 4974 3099 5053 quintus
3117 4992 3213 5047 per
3232 4990 3292 5030 se
3317 4974 3464 5029 solus
3485 4974 3576 5031 vix

1972 5051 2191 5122 superet
2218 5054 2493 5111 dimidiam
2522 5064 2727 5123 partem
2761 5051 3005 5126 secundi.
3077 5118 3088 5126 -
3276 5117 3287 5126 ο

2051 5126 2181 5201 _Utut
2209 5128 2309 5194 sit,
2359 5118 2633 5196 exceperit
2679 5121 3015 5201 oeto_libros
3061 5118 3580 5201 Augustinusuaut

1975 5197 2212 5269 quinque
2242 5190 2853 5269 tantumfresponderit
2879 5204 2981 5248 sex
3002 5190 3150 5269 totis,
3180 5204 3246 5244 an
3278 5190 3495 5269 hzeserit
3525 5192 3578 5246 in

1974 5260 2167 5327 s'esto':
2212 5280 2424 5326 constat
2465 5260 2707 5339 profecto
2756 5280 2865 5339 nec
2900 5260 3245 5339 respondisse
3293 5263 3577 5339 omnibus,

1982 5356 2081 5396 nec
2111 5357 2246 5412 opus
2275 5333 2591 5407 absolvi-ss»,
2624 5350 2795 5412 atque
2813 5334 2944 5391 illud
2976 5334 3184 5412 merito
3203 5333 3576 5412 Imperfectum

1980 5429 2010 5467 a
2039 5405 2284 5469 Possidio
2315 5415 2514 5469 dictum
2546 5405 2734 5467 fuisse.
2765 5409 2947 5475 Quare
2970 5419 3069 5460 nec
3117 5407 3220 5461 ulla
3270 5405 3371 5459 fuit
3415 5417 3579 5459 causa

1982 5485 2171 5539 idonea
2212 5501 2309 5541 cur
2342 5492 2656 5559 mutaretur
2701 5478 3219 5559 appellatin_0peris
3247 5476 3581 5559 Imperfecti.

1982 5574 2082 5613 nec
2116 5560 2215 5613 ulla
2250 5558 2388 5612 ratio
2414 5572 2510 5612 cur
2532 5556 2747 5623 antiqua
2782 5551 2888 5608 non
2920 5551 3248 5617 retineatur,
3296 5551 3584 5623 nisi-forte

1981 5645 2101 5685 cum
2137 5630 2417 5686 Gennadio
2445 5619 2824 5683 Altercaiionis
2862 5639 3092 5692 nomen,
3136 5633 3358 5695 propter
3394 5619 3581 5691 dispu-

1982 5702 2125 5758 laudi
2158 5702 2408 5765 formam,
2440 5698 2609 5770 magis
2636 5699 2863 5769 placeat.

2051 5772 2079 5812 ἀ
2109 5760 2439 5843 Augustinus
2466 5760 2558 5843 (Ιῆ
2588 5760 2737 5843 ρίιεί.
2784 5770 2873 5827 tib.
2920 5785 2960 5829 ιι
2999 5770 3103 5841 Op.
3144 5766 3395 5842 Imperf.)
3420 5784 3436 5824 :
3465 5760 3581 5823 Fa-
