3994 6282
398 215 500 273 H9

1681 225 1877 284 MAR"
1917 225 2358 290 MERCATOBIS

394 311 612 382 volens,
659 321 783 385 post
821 318 1236 376 innumerabilia
1270 328 1298 358 κ
1333 317 1980 391 conviciorum‘probra,
2010 326 2062 387 Α
2090 337 2191 379 nee
2212 337 2409 380 noxam
2438 336 2626 380 eorum
2653 323 2720 380 ad
2744 328 2992 396 posteros
3015 323 3306 394 origtnarta
3332 322 3677 381 successione

397 421 518 477 quae
562 408 616 463 in
651 421 900 466 sanctum
954 415 1320 485 supradictum
1351 415 1527 470 virum
1559 423 1641 469 est
1677 415 1944 484 jaculatus
1967 459 1985 488 ,

398 498 519 556 haec
545 504 910 573 impudenter,
946 508 1114 562 immo
1133 509 1240 577 jam
1275 509 1435 578 impie
1463 507 1756 564 defendere
1777 509 1983 583 [Baluz.

396 595 523 650 add.
558 613 724 654 ausus
752 598 880 672 est],
911 617 1031 674 qua:
1060 619 1090 658 a
1121 603 1338 673 Pelagio
1377 602 1739 675 Ctelestioque
1778 620 1900 659 eum
1933 607 1986 662 in

398 689 698 757 perniciem
747 706 900 747 suam
944 694 1198 750 didicisse
1242 694 1490 763 superius
1536 699 1986 765 memoravimus;

367 780 731 851 Iquamquam
772 785 916 840 sicut
947 786 1059 854 jam
1107 786 1378 856 prioribus
1403 798 1634 858 quatuor
1659 789 1810 845 libris
1840 788 1868 828 δ
1897 805 1990 846 ea-

368 871 373 877 “
399 870 525 926 dem
553 882 608 929 et
634 890 853 947 semper
874 878 1060 934 eadem
1103 879 1344 948 volvens,
1378 889 1432 935 et
1463 881 1672 938 nullum
1701 882 1990 954 prudenter

402 965 690 1024 inveniens
703 971 927 1038 exitum,
953 972 1167 1042 injuriis
1189 975 1604 1032 eteontumeliis
1631 978 1802 1048 magis
1821 993 1992 1033 mem-

402 1061 603 1120 branas
641 1077 738 1119 seu
763 1064 983 1137 chartas
1027 1081 1187 1135 quam
1242 1069 1350 1123 ulla
1401 1068 1528 1125 ﬁdei
1569 1079 1733 1125 recta:
1780 1071 1991 1128 ratione

395 1156 718 1225 complevit.
753 1158 818 1212 Et
845 1174 968 1214 cum
991 1160 1105 1214 haec
1136 1175 1348 1215 summa
1375 1162 1640 1218 brevitate
1662 1173 1716 1219 et
1745 1163 1993 1234 Scriptu-

401 1263 584 1330 rarum
616 1263 923 1307 sanctarum
951 1265 1114 1326 atque
1154 1257 1458 1314 divinarum
1492 1260 1814 1315 auctoritate
1849 1268 1993 1316 esset

403 1345 635 1412 quzestio
682 1347 1085 1414 pertractanda,
1136 1350 1422 1419 plurimam
1472 1351 1578 1407 sibi
1625 1351 1909 1407 distortam
1938 1363 1992 1408 et

402 1438 627 1492 omnino
649 1453 757 1493 non
781 1443 1146 1511 necessariam
1173 1445 1514 1514 loquacitatis
1536 1446 1863 1518 conscripsit
1881 1461 1994 1500 ma-

402 1533 616 1595 teriam,
659 1531 727 1586 de
753 1549 856 1602 qua
887 1544 942 1588 et
971 1536 1135 1606 impia
1177 1537 1425 1604 cuderet,
1471 1547 1528 1594 et
1560 1554 1784 1609 prorsus
1808 1547 1996 1608 ageret

405 1621 563 1678 nihil.
595 1621 737 1678 Nihil
767 1625 912 1680 enim
945 1627 1058 1696 agit
1081 1629 1173 1698 qui
1202 1629 1467 1700 impietati
1499 1646 1716 1700 operam
1749 1641 1926 1687 navat.

2091 417 2383 483 transisse;
2411 416 2528 472 sola
2557 427 2736 472 autem
2768 418 3069 474 imitatione
3098 417 3336 483 illorum,
3363 415 3459 484 qui
3497 415 3678 474 divina

2089 510 2340 566 mandata
2371 512 2764 581 contempserit
2789 511 2933 568 efﬁci
2963 526 3133 568 reum.
3166 529 3187 564 ι

2162 608 2250 662 ll.
2290 605 2404 661 Hoc
2445 621 2597 677 ergo,
2626 615 2684 660 ut
2708 605 2839 675 dixi,
2871 615 2896 644 ο
2927 613 3097 662 totum
3128 619 3284 676 opus,
3311 619 3434 660 cum
3471 605 3679 662 studio-

2090 699 2202 754 sius
2231 699 2609 770 perlegissem,
2637 699 2874 756 breviter
2902 714 3002 769 pro
3036 709 3343 754 nostrarum
3369 698 3564 754 virium
3593 699 3675 755 l'a-

2089 790 2319 860 cultate,
2358 789 2380 829 ί
2430 791 2914 854 Subnotationibus
2972 789 3176 863 [Baluz.
3223 790 3348 843 add.
3387 788 3476 862 ex]
3527 789 3681 847 libris

2093 882 2232 952 ejus,
2264 882 2452 938 ubiubi
2483 884 2860 955 Opportunitas
2887 883 3088 953 exegit,
3117 882 3400 952 appositis,
3428 897 3529 954 ego
3548 897 3684 954 quo-

2092 991 2196 1048 que
2221 977 2500 1048 respondi,
2530 993 2639 1050 quo
2668 978 2836 1034 lector
2863 986 2986 1047 post
3029 976 3162 1032 tanti
3194 976 3361 1048 patris
3404 985 3460 1034 et
3515 975 3686 1047 magi-

2092 1069 2189 1124 stri
2219 1069 2423 1138 tubam,
2454 1081 2696 1126 nostram
2745 1071 2908 1126 etiam
2964 1069 3231 1140 palearem
3288 1068 3522 1124 tistnlam
3573 1085 3685 1125 non

2092 1174 2411 1236 aspernatus
2441 1180 2742 1230 assumere,
2776 1174 2884 1220 tota
2914 1163 3181 1233 intelligat
3219 1163 3484 1218 brevitate
3511 1162 3684 1219 Julia-

2094 1273 2222 1313 num
2257 1259 2308 1313 in
2337 1259 2680 1314 elaborandis
2701 1256 3165 1313 numerosissimis
3190 1255 3344 1310 libris
3388 1255 3602 1311 inanem
3629 1263 3691 1312 et

2094 1349 2307 1420 plenam
2339 1350 2518 1420 potius
2541 1351 2817 1421 jactantiae
2840 1364 2962 1406 cum
2993 1362 3204 1405 summa
3239 1347 3516 1419 impietate
3556 1361 3690 1420 ope-

2093 1457 2209 1498 ram
2238 1443 2585 1512 impendisse.

2165 1534 2255 1592 12.
2297 1535 2441 1592 Sane
2487 1534 2742 1605 quoniam
2796 1532 3013 1589 easdem
3051 1532 3196 1602 ipsas
3239 1543 3375 1601 quas
3403 1528 3513 1585 dixi
3547 1529 3694 1588 Sub~

2098 1628 2404 1684 notationes
2451 1630 2504 1682 in
2531 1642 2696 1682 unum
2741 1641 2942 1696 corpus
2970 1624 3220 1694 redigere
3264 1637 3352 1678 me
3394 1621 3591 1678 debere
3631 1630 3697 1679 tu

472 1716 527 1772 9.
579 1715 808 1772 Sanctus
837 1717 1044 1792 [Batus.
1080 1723 1206 1776 add.
1239 1722 1441 1795 tamen]
1482 1739 1626 1793 saepe
1663 1724 1836 1780 dictus
1881 1723 1994 1796 epiv
2023 1727 2073 1788 B
2098 1740 2312 1798 quoque
2342 1766 2359 1792 ,
2410 1735 2436 1773 ι
2491 1723 2801 1782 venerande
2853 1723 3138 1795 presbyter
3182 1719 3358 1777 Pienti
3382 1761 3397 1787 ,
3442 1717 3693 1790 iussisti,

405 1823 604 1880 sc0pus
631 1813 962 1883 Augustinus
999 1826 1020 1854 ε
1053 1831 1146 1870 sex
1179 1819 1293 1872 suis
1325 1817 1478 1873 libris
1508 1826 1738 1886 quatuor
1784 1822 1993 1889 priores

405 1904 552 1961 illius
583 1909 798 1975 avertit,
833 1921 959 1966 octo
1007 1928 1220 1982 quoque
1254 1914 1584 1983 posteriores
1631 1914 1856 1985 singulis
1883 1929 1996 1971 res-

406 1999 758 2070 ponsionibus
809 2004 921 2058 suis
970 2005 1036 2058 ad
1085 2005 1297 2076 singula
1339 2007 1574 2076 capitula
1605 2007 1887 2077 subjectis,
1920 2007 1998 2063 sic

409 2107 577 2148 vanos
607 2095 724 2164 ejus
754 2103 809 2150 et
852 2097 1133 2164 plumbeos
1181 2100 1440 2170 pugiones
1496 2101 1691 2157 malleo
1721 2101 2000 2157 catholicae

409 2189 652 2243 veritatis
678 2189 909 2255 obludit,
942 2191 1106 2246 immo
1135 2191 1417 2264 confregit.

483 2283 572 2337 lO.
617 2283 768 2352 Quod
822 2284 1101 2356 utriusque
1134 2303 1269 2355 Opus
1295 2304 1416 2343 cum
1462 2287 1517 2344 in
1568 2303 1760 2344 manus
1788 2294 2006 2344 nostras

412 2373 674 2439 venisset,
708 2377 1003 2433 studiosius
1035 2379 1236 2449 perlegi
1269 2388 1322 2435 et
1351 2379 1590 2435 intellexi
1620 2379 1822 2452 [Belum
1851 2379 2005 2433 omit-

415 2469 474 2521 tit
507 2469 804 2525 smdiosius
833 2471 1032 2541 perlegi
1059 2481 1115 2527 et
1162 2472 1442 2545 intellexi].
1479 2475 1604 2544 quia
1638 2483 1749 2528 tota
1794 2488 2006 2527 summa

415 2561 579 2630 inepti
614 2571 667 2616 et
694 2562 860 2631 magis
889 2564 1036 2633 impii
1068 2563 1263 2620 Juliani
1292 2565 1492 2621 laboris
1533 2562 1562 2603 ἀ
1597 2566 1663 2620 ad
1697 2581 1856 2620 unam
1888 2579 2008 2634 pra-

415 2669 535 2708 vam
587 2655 754 2726 redigi
787 2656 998 2712 videtur
1025 2659 1350 2714 sententiam
1383 2679 1394 2712 :
1431 2678 1450 2712 ι
1501 2659 1634 2715 Adae
1662 2659 1913 2714 videlicet
1954 2666 2010 2713 et

417 2745 544 2802 Evae
603 2751 1087 2820 transgressionem
1153 2766 1250 2808 eos
1306 2767 1413 2808 non
1464 2752 1661 2810 iecisse
1718 2752 2010 2821 mortales,

2099 1821 2249 1892 parvi
2304 1822 2582 1892 imperatis
2610 1835 2716 1876 non
2745 1820 2997 1890 ignorans
3029 1819 3082 1874 in
3131 1815 3421 1872 maledicta
3447 1824 3502 1869 et
3528 1813 3697 1869 eﬂ're-

2100 1927 2240 1971 natae
2267 1915 2410 1970 illius
2436 1915 2632 1986 linguae
2663 1929 2760 1970 nos
2794 1915 3036 1969 convicia
3065 1913 3399 1969 incursuros.
3430 1909 3537 1968 Sed
3565 1909 3701 1978 quid

2102 2017 2325 2079 possunt
2353 2004 2382 2044 ¹ι
2411 2017 2561 2064 extra
2595 2007 2811 2080 [Baluz.
2843 2007 2969 2061 add.
3004 2005 3130 2080 Dei]
3162 2004 3459 2062 Ecclesiam
3487 2001 3697 2074 alligati

2103 2100 2277 2156 rabidi
2313 2100 2464 2154 canis
2501 2096 2761 2154 latratus?
2792 2098 3101 2156 Gloriemur
3131 2113 3231 2152 nos
3269 2095 3286 2135 ί
3332 2095 3495 2151 tantis
3535 2094 3700 2161 viris,

2111 2195 2382 2262 tantisque
2419 2193 2802 2249 ecclesiasticis
2853 2190 3165 2247 doctoribus
3221 2198 3332 2244 toto
3364 2188 3522 2259 plane
3563 2187 3705 2244 orbe

2113 2286 2465 2356 fulgentibus,
2502 2287 2555 2341 in
2587 2299 2724 2356 quos
2755 2284 2848 2340 ille
2873 2293 2980 2339 tam
3006 2282 3266 2347 inaudita,
3301 2290 3408 2336 tam
3437 2280 3700 2348 nefanda,

2113 2388 2330 2448 tamque
2351 2377 2586 2433 obscena
2619 2387 2778 2447 atque
2817 2374 3023 2431 atrocia
3083 2373 3371 2430 maledicta
3409 2372 3707 2443 jaculatur,

2114 2470 2404 2543 participes
2431 2485 2493 2524 ac
2521 2468 2699 2526 socios
2728 2469 2867 2524 ﬁeri.

2191 2566 2278 2621 l5.
2320 2564 2448 2620 Scio
2474 2579 2606 2620 sane
2631 2562 2773 2634 quod
2803 2563 2968 2618 etiam
3015 2562 3083 2618 de
3112 2560 3302 2618 ordine
3345 2561 3713 2632 capitulorum

2119 2672 2480 2714 succensurus
2508 2657 2577 2710 sit
2608 2657 2786 2719 nobis,
2816 2665 2872 2711 et
2901 2656 3021 2726 plus
3048 2653 3318 2726 loquendo
3367 2669 3525 2726 quam
3566 2655 3720 2711 solet

2122 2751 2336 2807 inanem
2375 2760 2565 2806 contra
2613 2765 2713 2806 nos
2763 2749 3046 2820 strepitum
3092 2749 3386 2806 verborum
3440 2758 3716 2817 moturus,

1594 2847 2144 2906 CASTIGATIONES
2185 2849 2274 2904 ET
2311 2847 2543 2904 NOT/E.

420 2945 559 2990 ctum
582 2944 678 3003 est,
713 2939 902 3007 inquit,
933 2951 986 2994 ut
1013 2942 1108 2995 sub
1146 2945 1321 2997 eodem
1361 2944 1509 2997 titulo
1551 2944 1702 2997 etiam
1735 2943 2017 2996 secundum

423 3007 611 3084 librum
640 3010 930 3084 scriberem,
960 3023 1138 3066 contra
1165 3032 1315 3084 quem
1339 3013 1583 3068 Julianus
1608 3014 1739 3068 alios
1776 3025 1886 3068 octo
1931 3015 2015 3066 ni-

421 3079 528 3167 mia
553 3077 858 3148 loquacitate
887 3077 1207 3167 c'onscripsil.
1236 3095 1339 3140 etc.
1376 3085 1890 3167 Undeconcludere
1933 3094 2017 3138 est

423 3159 546 3222 octo
575 3163 872 3216 postremos
903 3153 1099 3209 Juliaui
1131 3156 1298 3209 libras
1333 3172 1438 3210 non
1481 3157 1645 3210 fuisse
1681 3156 2018 3222 conscriptos

425 3218 684 3295 adversus
727 3226 948 3290 primam
994 3227 1398 3295 responsiOnem
1431 3227 1711 3294 Augustini
1744 3241 1836 3280 sex
1871 3218 2019 3279 libris

425 3294 895 3366 comprehensam,
923 3297 1064 3366 quod
1091 3294 1359 3353 nonnullis
1390 3301 1556 3354 visum
1586 3307 1688 3356 est.
1715 3297 1886 3362 iisque
1912 3312 2017 3351 non

430 3351 616 3428 partim
661 3351 1060 3431 eruditis';'sed
1102 3351 1357 3425 adversus
1404 3351 1696 3425 secundum
1731 3351 1924 3423 librum
1953 3369 2020 3424 de
2047 3351 2092 3415 ο

427 3433 589 3511 Nupt.
623 3443 678 3488 et
707 3437 943 3511 Concuu.
978 3456 1085 3508 quo
1127 3444 1285 3495 missa
1329 3457 1423 3511 per
1462 3442 1730 3496 Valerium
1771 3449 2022 3509 e\cerpta

429 3504 819 3580 confutaverat.
859 3504 1072 3564 Duobus
1103 3511 1264 3580 igitur
1289 3504 1570 3580 Augustini
1596 3511 1748 3566 libris
1771 3526 1876 3564 non
1902 3504 2026 3579 pro-

432 3576 710 3701 :Jixissiuiis
738 3580 983 3635 Julianus
1021 3576 1429 3651 quattuordecim
1467 3585 1709 3653 reposuit
1746 3597 1877 3638 sane
1902 3576 2025 3636 'non

471 3662 801 3701 Υθνιεειιιιοε.

471 3662 801 3703 ι’(ξνιεειιιιοε.

505 3726 531 3753 ⁸
561 3717 889 3785 Augustinus
939 3721 1074 3785 (Lib.
1107 3739 1123 3778 ι
1158 3735 1336 3778 contra
1368 3723 1662 3785 Julianum)
1697 3742 1712 3778 :
1753 3725 2028 3780 Contume-

435 3787 534 3841 tias
557 3798 670 3844 tuas
690 3801 738 3844 et
761 3793 908 3866 rurba
925 3787 1198 3860 maledica,
1228 3813 1343 3866 qua:
1376 3799 1560 3851 ardens
1589 3787 1858 3850 iracundia
1885 3795 2029 3850 libris

435 3869 656 3939 quatuor
685 3863 960 3939 anhelasti,
987 3876 1090 3920 etc.
1122 3868 1185 3939 Et
1212 3863 1316 3920 alio
1345 3869 1399 3939 in
1425 3869 1601 3936 Opere
1630 3867 1768 3939 (Lib.
1804 3884 1838 3922 Il
1867 3866 2024 3939 Oper.

439 3928 657 4008 imperi.
691 3950 803 4008 cap.
837 3928 953 4003 58),
985 3952 1103 3990 Clllll
1128 3937 1368 3999 impurus
1390 3928 1674 3994 luereticus
1698 3950 1851 4008 turpe
1874 3928 2030 4007 quid-

439 4001 640 4082 datnnet
661 4001 950 4060 obscenum
973 4009 1264 4082 objecissot
1285 4011 1623 4082 sanctissimo
1645 4001 2032 4082 virofres‘pun-g

440 4071 644 4154 detille
670 4092 762 4143 per
779 4071 1387 4154 summarn'modvstiam
1405 4099 1417 4134 :
1435 4081 1555 4136 Non
1578 4082 1866 4147 expavescis
1893 4071 2031 4150 quod

441 4148 794 4222 s-criptuniest
826 4148 876 4218 (l
905 4149 1023 4203 Cor.
1056 4167 1127 4217 Vl,
1161 4152 1250 4222 11³)
1277 4171 1288 4204 :
1327 4151 1507 4219 Neque
1547 4153 1783 4207 maledici
1820 4148 2033 4222 regnum.

441 4212 540 4290 Dei
569 4212 931 4286 possidebunt;
957 4212 1276 4290 nequeenim
1307 4212 1432 4276 tnm'
1451 4225 1585 4288 [ωάα
1627 4225 1856 4277 convicia
1876 4212 2033 4276 "nihil

443 4286 771 4360 adjuuantiu,
804 4292 903 4343 nisi
929 4286 1266 4346 maledicendi
1293 4286 1506 4348 libidine
1533 4296 1828 4360 loquereris.

516 4355 544 4394 ι)
577 4358 684 4437 lloc
741 4361 954 4428 ingenio
985 4364 1219 4437 luerunt,
1250 4379 1420 4435 eaque
1447 4377 1562 4420 arte
1594 4355 1675 4420 usi
1717 4377 1872 4431 sunt,
1909 4382 2032 4421 cum

446 4429 697 4501 omnibus
728 4442 873 4485 retro
905 4433 1115 4487 smculis
1142 4429 1617 4500 omnes'limretici,
1653 4448 1764 4489 tum
1805 4429 2032 4501 praeser-

449 4498 540 4552 tim
587 4500 872 4572 Pelagiani.
920 4503 1055 4556 Hinc
1093 4505 1426 4572 Augustinus
1464 4498 1613 4572 (Lib.
1649 4523 1665 4560 ι
1704 4498 1880 4558 contra
1918 4507 2030 4560 Jul.

445 4571 642 4647 capuli
669 4588 682 4622 :
718 4571 951 4647 Primum
977 4574 1062 4626 abs
1089 4583 1135 4626 te
1159 4571 1329 4643 quer
1369 4571 1673 4642 (lulianum
1711 4577 2038 4647 alloquitur)

447 4656 540 4718 cur
567 4641 694 4694 libro
722 4643 1042 4718 inconsultem
1065 4641 1232 4709 specie
1261 4641 1406 4700 tenus
1431 4655 1480 4699 te
1499 4649 1820 4718 respondisse
1841 4641 2038 4718 gloria;

939 3721 1074 3792 (Lib.
1107 3739 1123 3778 ι
1158 3735 1336 3778 contra
1368 3723 1662 3794 Julianum)

2123 2952 2256 2996 tasse
2283 2951 2539 2996 correctus
2568 2940 2818 3011 est,quod
2837 2941 3035 3011 utinam
3062 2937 3136 2991 ita
3163 2936 3262 2992 sit!
3285 2937 3377 3011 sed
3403 2945 3508 2989 tam
3536 2936 3722 2991 multis

2121 3013 2306 3082 quibus
2364 3013 2648 3083 loquaciter
2691 3007 3149 3083 contendentibus,
3195 3017 3255 3083 et
3283 3007 3518 3083 infirmas
3555 3018 3727 3083 atque

2122 3078 2789 3138 ineruditos'anintasvelut
2843 3082 3100 3135 convictas
3152 3079 3506 3143 trahentibus,
3536 3078 3726 3146 ﬁrmas

2125 3165 2292 3208 autem
2331 3164 2376 3208 et
2400 3156 2453 3208 in
2486 3155 2586 3220 [ide
2607 3153 2818 3207 stabiles
2866 3155 2978 3224 ipsa
3005 3152 3326 3224 contentione
3356 3150 3721 3220 fatigantibus,

2125 3242 2491 3296 usquequaque
2505 3227 2615 3294 jam
2648 3225 2798 3293 plena
2827 3223 2944 3277 sunt
2975 3223 3169 3296 omnia.

2198 3290 2220 3336 ἒ
2252 3297 2342 3352 Sic
2380 3290 2524 3351 recte
2561 3290 2664 3350 BBL
2705 3301 2769 3349 At
2806 3296 2986 3349 Baluz.
3018 3294 3146 3348 edit.
3189 3292 3480 3355 mendose,
3511 3308 3576 3346 ea:
3609 3290 3728 3346 suis

2127 3368 2284 3424 libris.
2339 3369 2515 3422 lunuit
2557 3383 2688 3422 vero
2732 3379 2920 3420 auctor
2968 3367 3194 3431 primum
3245 3364 3526 3431 Augustini
3579 3376 3727 3432 opus

2127 3453 2314 3495 contra
2339 3439 2732 3501 Julianum,sex
2756 3437 2901 3491 libris
2926 3445 3198 3490 constans.
3225 3433 3500 3490 GALLAND.

2200 3509 2225 3546 ἀ
2259 3511 2328 3566 Ut
2357 3527 2514 3564 unam
2556 3524 2752 3578 per‘se
2785 3518 2989 3578 partem
3024 3506 3247 3561 hmresis
3289 3506 3586 3575 Pelagiana:
3624 3503 3729 3560 Ju-

2128 3583 2300 3636 lianus
2329 3583 2379 3635 in
2413 3581 2524 3635 suis
2554 3581 2703 3635 libris
2733 3578 3126 3634 detendendam
3157 3578 3423 3645 suscepit,
3454 3578 3525 3632 ita
3554 3591 3724 3632 unam

2131 3654 2402 3709 Mercator
2431 3651 2840 3721 oppugnandam
2869 3650 3100 3721 putavit;
3133 3647 3201 3703 de
3235 3665 3338 3716 qua
3378 3661 3570 3716 nempe
3610 3661 3728 3721 una

2130 3725 2394 3779 cnnsuluit
2424 3719 2802 3793 Augustinum,
2833 3731 2890 3775 ut
2917 3720 3091 3793 Culllgi
3124 3728 3300 3793 potest
3321 3735 3385 3773 ex
3409 3719 3734 3793 responsio-

2133 3797 2214 3850 nis
2244 3812 2304 3851 ea
2341 3807 2488 3862 parte
2511 3789 2648 3862 'quae
2687 3793 2915 3848 habetur
2948 3791 3101 3864 (Post
3129 3791 3348 3864 praefat.
3376 3789 3725 3864 generalem).

2207 3877 2231 3904 ε
2281 3867 2698 3921 Subnotatioues
2727 3878 2903 3919 tamen
2931 3862 3252 3931 censeripsit
3279 3863 3331 3916 in
3357 3862 3491 3915 duos
3515 3870 3732 3915 tantum

2136 3938 2342 4001 priores
2371 3938 2556 4002 libros,
2587 3951 2692 3990 non
2722 3937 2824 3990 alia
2867 3945 3017 3992 certe
3060 3933 3127 3989 de
3171 3947 3330 3986 causa
3375 3947 3534 4000 quam
3578 3931 3734 4002 quod

2134 4010 2218 4063 his
2258 4010 2386 4062 solis
2424 4016 2681 4062 tractatur
2717 4009 2942 4076 quaestio
2971 4006 3038 4059 de
3065 4005 3396 4058 mortalitate
3421 4002 3634 4076 Adami,
3668 4011 3734 4057 et

2136 4081 2336 4150 peccati
2370 4078 2648 4149 originalis
2687 4073 2978 4150 eistznntjia,
3015 4090 3374 4150 quatn‘unam
3413 4073 3733 4150 agitandum

2136 4143 2789 4218 susceperat'Mercator,
2835 4148 2967 4203 nihil
3014 4143 3301 4218 admodum
3347 4144 3612 4218 sollicitus
3657 4143 3734 4199 de

2136 4215 2354 4290 reliquis
2385 4221 2449 4275 ad
2479 4220 2620 4274 aliud
2653 4229 3026 4288 argumentum
3057 4215 3470 4290 pertinentibus.

2213 4291 2231 4329 ί
2256 4284 2742 4354 ’διώιιοιαιὶοηὶὺυεξ
2778 4290 2828 4344 id
2862 4300 2944 4344 est
2972 4284 3414 4356 responsiouiltus
3457 4300 3574 4353 quae
3603 4284 3741 4340 sub-

2132 4365 2288 4434 jecta:
2329 4376 2452 4419 sunt
2495 4364 2676 4419 verbis
2727 4361 2926 4418 Juliani
2971 4365 3108 4416 sicut
3146 4359 3348 4414 iecerat
3376 4357 3736 4428 Augsntinus.

2139 4437 2336 4490 Bswz.

2213 4517 2235 4552 α
2267 4508 2380 4560 Mos
2403 4505 2499 4560 fuit
2533 4505 2634 4559 illis
2674 4503 3026 4571 temporibus.
3052 4510 3112 4556 ut
3149 4515 3269 4556 cum
3303 4501 3582 4571 presbyter
3611 4513 3742 4567 pre-

2141 4576 2413 4645 sbyterum
2446 4569 2828 4644 alloqueretur,
2863 4575 2942 4629 vel
2977 4573 3198 4627 fratrem
3227 4569 3550 4645 diceret,vcl
3580 4585 3739 4645 com-

2142 4640 2542 4715 presbyterum;
2573 4640 2743 4710 quare
2765 4661 2827 4700 ex
2859 4645 3102 4700 bocloco
3134 4658 3240 4697 non
3275 4642 3547 4715 immerito
3583 4640 3742 4697 licuit

447 4712 540 4798 ris,
565 4728 680 4765 cum
702 4715 800 4798 tuis
823 4715 966 4798 libris
985 4718 1382 4798 quatuorunius
1413 4719 1511 4772 mei
1533 4711 1753 4798 parum,
1779 4711 1869 4771 nec
1890 4736 2038 4787 quar-
2063 4738 2116 4798 Ι)
2140 4711 2484 4798 concludere.
2519 4716 2870 4798 Mercatorem
2919 4729 3046 4770 tunc
3092 4729 3214 4796 cum
3267 4715 3383 4767 haec
3426 4711 3693 4798 scriberet
3721 4753 3738 4778 ,

449 4792 553 4835 tam
574 4783 1001 4858 reprehendendo
1032 4787 1274 4854 tetiueris,
1295 4804 1479 4858 eosque
1521 4783 1685 4844 saltus
1730 4791 1780 4842 in
1824 4783 2035 4858 praeter-

448 4855 626 4907 eundis
669 4857 1255 4930 meisjdisputationibus
1299 4855 1506 4930 fecéris,
1540 4863 1686 4928 quasi
1715 4855 1920 4914 omnino
1950 4862 2037 4916 de-

449 4941 677 4995 sprrares
709 4928 974 5000 utriusque
1003 4931 1170 4997 operis
1188 4974 1200 4994 ,
1230 4942 1273 4984 et
1300 4928 1400 4986 mei
1426 4934 1633 4990 scilicet,
1663 4942 1719 5003 et,
1741 4931 1834 4996 tui,
1863 4950 2040 5003 quent-

448 5012 600 5062 quam
622 5013 736 5071 esse
756 5017 902 5071 posse
926 5004 1160 5055 lectorem
1187 5003 1273 5071 qui
1301 5004 1398 5056 ista
1430 5002 1846 5071 deprehenderet.
1879 5002 2040 5059 Deni-

449 5083 543 5136 que
563 5069 718 5144 etiam
748 5069 910 5141 pauca
937 5075 1066 5135 ipsa,
1096 5074 1147 5125 in
1175 5069 1354 5141 quibus
1381 5076 1463 5126 ria:
1492 5069 1584 5135 est,
1614 5082 1668 5126 ut
1693 5073 1823 5132 dixi.
1853 5086 2040 5144 quarta

451 5154 572 5206 pars
596 5142 866 5196 voluminis
897 5145 1019 5206 mei,
1049 5157 1164 5210 quw
1207 5145 1340 5196 velut
1384 5145 1673 5212 inﬁrmiora
1714 5142 2035 5214 emistimans,

450 5219 672 5284 quatuor
693 5224 894 5266 tuorum
920 5214 1256 5284 grandiorunt
1284 5215 1599 5268 voluminum
1627 5215 1864 5284 strepitu,
1894 5220 2042 5284 quasi

452 5282 818 5354 quadrigarum
846 5282 1038 5352 impetu
1067 5293 1384 5354 prosternere
1413 5296 1457 5338 et
1498 5282 1798 5339 conculcare
1835 5282 2041 5342 molitus

453 5367 528 5414 es,
553 5352 954 5433 consideratione
981 5352 1143 5409 multo
1175 5356 1396 5425 plurium
1425 5367 1720 5412 cteterorum
1744 5374 1856 5426 quae
1884 5360 2042 5433 attint

453 5437 571 5490 gere
608 5424 846 5500 timuisti,
880 5424 1183 5480 inconcussa
1231 5444 1433 5483 manere
1478 5424 1856 5492 monstrantur,
1901 5430 2041 5500 quod

455 5493 882 5567 ostenderc‘pene
918 5501 1238 5567 superfluum
1276 5508 1371 5554 est.
1411 5500 1734 5554 Admonendi
1758 5493 2043 5554 enimsunt

453 5564 620 5642 potius
631 5564 718 5632 qui
730 5563 825 5618 hoc
836 5563 989 5642 nosse
1004 5563 1314 5642 desiderant,
1328 5582 1380 5625 ut
1393 5589 1490 5626 non
1503 5589 1586 5626 eos
1599 5571 1765 5642 pigeat
1779 5582 2046 5641 utrumque

457 5632 640 5716 legere,
671 5644 716 5688 et
753 5637 890 5716 quod
923 5639 1134 5716 scripsi,
1158 5653 1204 5716 et
1242 5632 1377 5710 quod
1418 5632 1722 5716 respondere
1749 5632 1976 5696 voluisti:

525 5705 771 5787 Quinque
795 5705 1034 5787 episgppi
1071 5711 1137 5787 ad
1177 5705 1544 5787 Innocentium
1569 5708 1762 5785 (Epist.
1791 5715 1894 5769 177
1917 5715 2049 5777 inter

460 5773 877 5848 Augustinum):
899 5773 1020 5838 Non
1038 5783 1208 5848 agitur
1236 5783 1297 5838 de
1320 5802 1418 5843 uno
1439 5773 1672 5854 Pelagio,
1694 5788 1778 5854 qui
1803 5790 1915 5856 iam
1938 5773 2050 5856 for-

2143 4805 2316 4859 neque
2342 4790 2651 4857 episcopum
2680 4788 2875 4854 luisse,
2915 4801 3087 4856 neque
3126 4785 3291 4859 etiam
3333 4784 3739 4859 presbyterum.

2139 4852 2674 4930 Scripsitvero'post
2703 4852 2906 4915 obitum
2954 4852 3240 4928 Augustini
3288 4869 3413 4909 anu.
3463 4852 3594 4920 451,
3641 4863 3744 4910 aut

2140 4933 2302 4989 etiam
2334 4929 2459 4985 432.

2213 5001 2240 5040 ιι
2269 5003 2324 5057 ld
2356 5013 2460 5068 est,
2496 5012 2700 5056 contra.
2733 5000 2938 5056 Bsz.

2219 5074 2234 5111 ί
2265 5065 2595 5146 Augustinus
2636 5073 2777 5146 (Lib.
2801 5084 2936 5146 cont.
2959 5069 3305 5146 Juchap.‘5;
3332 5068 3444 5122 vide
3475 5068 3628 5146 etiam
3652 5065 3741 5146 7_):

2145 5138 2429 5200 Tantumne
2457 5145 2597 5214 apud
2625 5138 2671 5198 te
2702 5145 2991 5216 (lulianum
3019 5138 3234 5216 allatur)
3259 5150 3471 5211 possunt
3494 5138 3747 5207 Pelagius

2141 5229 2187 5271 et
2218 5213 2503 5279 Caelestius,
2537 5226 2590 5268 ut
2617 5234 2648 5269 a
2674 5213 2798 5269 solis
2829 5226 2946 5268 ortu
2973 5230 3132 5283 usque
3161 5213 3227 5265 ad
3263 5227 3528 5275 occasum,
3573 5217 3646 5283 tot
3683 5224 3746 5262 ac

2143 5297 2314 5342 tantos
2343 5287 2461 5356 [idet
2491 5285 2774 5341 Catholicae
2797 5286 3029 5339 doctores
3048 5281 3104 5338 iet
3131 5284 3426 5354 defensores
3447 5325 3461 5348 ,
3503 5281 3743 5350 antiquos

2143 5369 2190 5413 et
2219 5370 2404 5412 nostra:
2425 5359 2592 5412 aetatis
2620 5356 3241 5429 contiguos,dormientes
3262 5363 3311 5408 et
3324 5361 3616 5429 manentes.
3641 5365 3744 5429 non

2143 5429 2310 5484 solum
2337 5430 2580 5495 deserere,
2605 5427 2692 5482 sed
2717 5421 2870 5482 etiam
2896 5421 3207 5481 Manichwos
3228 5425 3420 5478 audeas
3444 5421 3747 5495 appellare?

2148 5500 2316 5554 Miror
2344 5501 2387 5552 si
2419 5501 2512 5554 hoc
2541 5493 2824 5570 aliquando
2861 5515 2925 5554 ex
2954 5508 3039 5552 tuo
3077 5497 3262 5566 poterit
3304 5511 3415 5570 ore-
3426 5493 3703 5570 procedere
3726 5531 3744 5557 ,

2147 5571 2285 5640 quod
2310 5579 2357 5643 te
2390 5581 2556 5626 tamen
2587 5565 2811 5626 clamare
2847 5565 3180 5643 pravitastui
3217 5565 3473 5643 compellit
3513 5565 3748 5643 erroris;

2158 5637 2247 5696 sed
2278 5642 2464 5695 mirum
2492 5644 2536 5696 si
2564 5644 2614 5696 in
2644 5643 2777 5713 facie
2804 5637 3024 5697 hominis
3068 5648 3265 5713 tantum
3310 5637 3632 5713 intervallum
3673 5641 3748 5688 est

2157 5715 2285 5769 inter
2309 5714 2525 5788 frontem
2551 5722 2594 5768 et
2625 5708 2888 5786 linguam,
2922 5723 2976 5769 ut
3016 5713 3069 5767 in
3114 5708 3213 5788 hac
3257 5725 3410 5764 causa
3458 5711 3602 5781 frons
3643 5720 3749 5764 non

2156 5784 2454 5854 comprimat
2481 5784 2734 5854 linguam.
