4010 6290
509 187 613 248 123

1778 191 1975 250 mu
2012 193 2458 257 MERCATORIS

505 301 706 360 simum
734 301 1361 362 interesse:innovatum
1382 304 1560 371 enim,
1585 303 1728 362 sicut
1751 307 2006 364 omnibus
2020 319 2108 367 est
2132 317 2185 379 Α
2211 326 2322 368 non
2348 313 2420 369 sit
2445 329 2619 387 genus
2645 315 2902 387 electum,
2930 332 3038 375 non
3063 319 3246 391 regale
3271 319 3660 394 sacerdotium,
3691 331 3799 384 ιω

509 407 726 467 notum,
756 398 987 473 intelligi
1018 410 1195 472 potest
1220 401 1366 474 quod
1395 415 1687 471 numquam
1716 401 1836 472 fuit,
1868 411 1925 460 et
1953 405 2109 462 novi-

511 501 596 550 ter
638 494 894 561 exstitit;
942 505 1269 554 renovatum
1315 511 1452 553 vero
1488 493 1544 550 id
1587 494 1736 566 quod
1774 495 1959 568 utique
1992 499 2106 569 jam

511 598 651 658 erat,
677 590 734 645 in
761 599 1204 665 vetustatemque
1229 598 1588 663 pervenerat;
1623 591 1773 662 quod
1801 591 1850 649 si
1880 607 2109 652 renove-

512 690 620 752 tur,
647 682 845 740 dicitur
873 697 1216 748 renovatum.

579 773 634 830 2.
679 775 789 835 Sed
821 795 922 836 nec
949 780 1167 852 probari
1204 779 1364 836 facile
1401 779 1612 850 poterit
1633 789 1660 821 ι
1686 779 1924 837 divinam
1959 780 2108 838 Scri-

516 876 734 938 pturam
768 886 920 927 usam
965 886 1088 929 esse
1134 872 1235 928 hac
1277 871 1588 943 locutione,
1635 873 1982 931 innovatione
2026 875 2110 932 vi-

512 961 748 1031 delicet;
804 964 903 1022 sed
948 965 1017 1021 de
1063 965 1414 1024 renovatione
1449 967 1498 1023 ei
1527 966 1892 1024 creberrimus
1922 983 2108 1025 sermo

513 1063 620 1110 εει.

582 1151 638 1207 5.
691 1152 833 1209 Audi
880 1151 1090 1208 invitus
1139 1153 1458 1226 Apostolum
1507 1155 1734 1214 Paulum
1793 1157 2104 1217 dicentem:

513 1245 684 1302 Sicuti
711 1256 785 1302 est
815 1248 1000 1304 ueritas
1025 1250 1079 1304 in
1107 1248 1234 1306 Jesu
1259 1251 1513 1322 deponere
1540 1270 1650 1321 vos,
1678 1255 1957 1310 “cundum
1993 1256 2108 1326 pri-

510 1341 699 1394 stinam
725 1344 1183 1412 conversationem,
1229 1356 1447 1402 veterem
1472 1349 1731 1404 hominem
1757 1350 1846 1422 qui
1876 1366 2109 1405 corrum-

510 1431 648 1501 pitur
675 1434 955 1490 secundum
1000 1435 1252 1492 desideria
1294 1441 1526 1506 erroris;
1573 1443 1890 1497 renouamini
1936 1454 2107 1498 autem

509 1539 713 1579 sensum
744 1525 955 1599 [Baluz.
985 1528 1162 1602 sensu]
1185 1532 1368 1588 mentis
1387 1542 1583 1600 vestra,
1613 1544 1662 1588 et
1692 1533 1893 1589 induite
1917 1550 2107 1589 norum

510 1615 768 1673 hominem
791 1664 806 1689 ,
850 1622 940 1693 qui
981 1623 1262 1678 secundum
1290 1625 1456 1680 Deum
1480 1637 1680 1682 creatus
1713 1636 1787 1683 est
1827 1629 1880 1682 in
1899 1628 2108 1701 justitia

506 1712 800 1768 sanctitatis
839 1722 888 1769 et
927 1717 1154 1771 ueritatis
1184 1716 1416 1790 (Ephes.
1447 1735 1530 1791 tv,
1557 1719 1628 1775 22
1649 1720 1690 1793 ).
1745 1721 1876 1778 Item
1918 1723 2060 1778 idem
2092 1741 2104 1776 :
2139 1710 2188 1773 Β

508 1800 638 1858 Cum
678 1813 852 1860 autem
881 1805 1166 1880 benignitas
1192 1817 1241 1864 et
1274 1812 1574 1868 humanitas
1614 1814 1788 1869 illuxit
1818 1815 2107 1872 Saluatoris

507 1894 606 1952 Dei
629 1899 812 1966 nostri,
843 1917 946 1955 non
973 1918 1037 1956 ea:
1063 1903 1302 1974 operibus
1320 1906 1542 1977 justitiw
1563 1948 1577 1973 ,
1607 1923 1725 1980 qua!
1749 1925 1842 1964 nos
1869 1911 2103 1980 fecimus,

507 1989 598 2042 sed
624 1993 904 2046 secundum
927 2010 1077 2047 suam
1100 1996 1509 2053 misericordiam
1549 1999 1721 2056 salvos
1750 2019 1842 2057 nos
1870 2004 1989 2074 fecit
2019 2021 2110 2074 per

507 2084 769 2140 lavacrum
796 2091 1196 2160 regenerationis
1217 2102 1264 2147 et
1294 2096 1637 2151 renovationis
1663 2096 1894 2168 Spiritus
1919 2099 2104 2168 sancti,

507 2195 656 2242 quem
687 2181 938 2236 ditissime
973 2183 1154 2253 eﬂ‘udit
1179 2202 1335 2254 super
1360 2204 1454 2243 nos
1498 2190 1554 2243 in
1579 2189 1785 2245 Christo
1833 2191 1982 2264 (Tit.
2024 2208 2106 2260 tu,

506 2270 587 2342 5).
617 2272 747 2329 Item
778 2275 920 2330 idem
956 2293 970 2329 :
1021 2274 1135 2334 Etsi
1163 2279 1384 2334 exterior
1423 2290 1596 2338 nostcr
1645 2285 1797 2338 homo
1825 2285 2111 2356 corrumpi-

506 2372 610 2430 tur,
647 2366 737 2420 sed
782 2367 996 2423 interior
1022 2380 1298 2426 renovatur
1324 2372 1390 2427 de
1413 2372 1498 2429 die
1525 2375 1579 2428 in
1605 2375 1739 2430 diem
1771 2374 1852 2447 (ll
1879 2375 2002 2432 Cor.
2031 2392 2108 2447 tv,

508 2454 624 2525 te).

578 2548 630 2606 4.
678 2549 887 2608 Deinde
931 2554 1056 2610 audi
1097 2555 1190 2627 qui
1235 2557 1398 2612 etiam
1430 2558 1792 2629 adoptentur;
1827 2561 1951 2617 andi
1980 2605 1994 2630 ,
2028 2562 2110 2619 in-

507 2655 692 2711 quam.
725 2658 835 2700 non
867 2660 976 2716 me,
1005 2645 1099 2703 sed
1126 2649 1430 2718 apostolum
1456 2650 1671 2708 Petrum
1699 2673 1713 2710 :
1749 2651 1875 2723 Vos,
1910 2654 2108 2725 inquit,

507 2751 668 2804 genus
689 2737 930 2807 electum,
969 2739 1143 2814 regale
1160 2743 1532 2810 sacerdotium,
1559 2761 1683 2816 gens
1706 2759 1906 2814 sancta,
1936 2763 2108 2818 popu-

509 2825 592 2883 lus
619 2829 672 2884 in
701 2830 1057 2900 adoptionem,
1084 2843 1139 2887 ut
1168 2837 1380 2890 uirtutes
1403 2836 1503 2891 Dei
1522 2839 1840 2893 annuntietis
1859 2880 1874 2906 ,
1909 2840 1998 2904 qui
2025 2855 2112 2894 uos

509 2924 705 2978 vocavit
735 2925 799 2980 de
828 2928 1043 2982 tenebris
1067 2930 1120 2982 in
1140 2930 1448 2985 admirabile
1473 2931 1649 2988 lumen
1676 2950 1830 2989 suum
1869 2935 1888 3007 (
1912 2933 1934 2990 l
1963 2933 2109 2990 Petr.

508 3031 571 3084 ll,
603 3016 680 3090 9).
715 3017 956 3074 Audisne
984 3019 1112 3090 quid
1141 3019 1283 3075 dicat
1309 3021 1332 3075 ἲ
1379 3022 1620 3078 sentisne
1649 3023 1780 3093 quid
1811 3023 2111 3093 praedicet?

2209 420 2346 477 gens
2374 418 2602 478 sancta,
2633 424 2742 466 non
2775 412 3006 482 populus
3048 413 3104 469 in
3149 413 3497 485 adoptionem
3530 431 3652 475 esse
3680 435 3796 477 me-

2207 509 2414 560 rentur.

2280 595 2336 650 5.
2383 598 2468 653 An
2493 597 2740 655 dicturus
2775 612 2838 655 es
2865 598 3093 657 forsitan
3123 609 3180 658 et
3201 615 3452 673 jussurus
3482 611 3544 658 ut
3571 602 3590 675 [
3614 602 3794 661 Belus.

2208 705 2313 746 om.
2343 690 2423 763 ut]
2452 695 2684 765 majores
2715 703 2922 750 tantum
2955 695 3228 766 homines,
3261 699 3350 767 qui
3381 697 3450 753 de
3471 697 3712 753 tenebris
3743 700 3795 754 in

2211 782 2339 838 illud
2370 783 2692 842 admirabile
2719 787 2901 845 lumen
2927 799 3202 860 tamquam
3235 798 3553 861 peccatores
3582 805 3800 846 evocan-

2211 887 2321 945 tur,
2346 879 2446 950 ipsi
2473 889 2681 938 tantum
2708 881 2840 938 fiant
2873 884 3107 954 populus
3133 884 3231 941 Dei
3255 902 3268 951 ;
3319 883 3528 954 parvuli
3577 899 3706 939 vero
3733 884 3798 939 ab

2210 971 2328 1041 ipso
2354 981 2480 1028 ortu
2498 989 2600 1030 suo
2627 975 2678 1030 in
2708 976 2909 1033 lumine
2935 978 3237 1046 constituti,
3257 987 3626 1048 expertesque
3651 985 3799 1034 tene-

2208 1062 2452 1133 brarum,
2479 1067 2604 1137 quia
2635 1077 2866 1136 tantum,
2902 1080 2962 1126 ut
2993 1078 3050 1126 tu
3077 1071 3162 1125 vis
3182 1112 3198 1138 ,
3233 1070 3475 1125 innovati
3506 1080 3664 1137 sunt,
3698 1086 3802 1127 non

2208 1168 2389 1215 autem
2417 1161 2660 1216 renovati
2691 1177 2758 1218 ex
2781 1162 2962 1233 aliqua
2990 1171 3264 1219 vetustate
3294 1162 3524 1232 peccati,
3555 1178 3665 1217 non
3696 1163 3802 1220 sint

2209 1263 2278 1305 ex
2327 1251 2528 1320 populo
2579 1252 2721 1308 Dei?
2769 1255 2902 1320 Quis
2949 1261 3003 1309 te
3044 1253 3475 1310 Christianorum
3523 1254 3664 1309 {erat
3706 1252 3804 1310 ista

2207 1341 2574 1414 loquentem?
2621 1346 2740 1418 quis
2784 1355 2838 1402 te
2888 1362 2996 1403 non
3042 1348 3374 1415 exhorreat,
3423 1358 3479 1404 et
3530 1357 3803 1419 tamquam

2208 1436 2407 1494 lethale
2436 1439 2584 1496 virus
2615 1455 2721 1497 non
2751 1439 2981 1513 [Batus.
3015 1459 3117 1497 om.
3152 1441 3293 1514 non]
3327 1441 3502 1513 l'ugiat
3528 1439 3648 1497 hac
3674 1440 3806 1497 εει-ἧι

2207 1531 2470 1590 herilem?

2837 1628 3068 1687 CAPUT
3105 1627 3172 1685 11.

2360 1719 2494 1778 Item
2521 1723 2578 1776 in
2600 1721 2732 1778 libro
2759 1721 2825 1777 ΙΙ
2847 1723 3072 1796 capitulo
3095 1721 3148 1778 Χ
3160 1721 3240 1778 VI
3263 1722 3414 1778 uerba
3439 1720 3669 1776 Iuliani.

2287 1834 2308 1870 s
2346 1816 2547 1873 Verum
2573 1817 2905 1873 imbecillum
2937 1827 3041 1874 tute
3069 1817 3273 1891 (Batus.
3303 1815 3488 1889 δεθείη]
3536 1815 3807 1886 opinionis

2211 1909 2571 1982 patrocinium
2602 1911 2922 1982 multiplicat
2952 1918 3193 1982 peccata,
3220 1925 3326 1966 non
3351 1910 3566 1964 minuit.
3595 1907 3809 1979 ilicigi-

2214 2014 2298 2060 tur
2325 2005 2648 2060 miserorum
2679 2004 2914 2075 pruritus
2941 2013 3204 2076 etsponte
3224 2002 3666 2059 decrescentium
3692 2002 3812 2057 nul-

2211 2097 2323 2153 lum
2347 2107 2540 2154 contra
2569 2097 2744 2167 ipsam
2767 2097 3011 2153 veritatis
3039 2098 3305 2152 rationem
3329 2095 3476 2151 valet
3500 2093 3719 2165 pondus
3738 2093 3809 2148 ai-

2213 2189 2379 2246 l‘erre.
2434 2189 2542 2246 Sed
2597 2190 2718 2262 quia
2771 2189 3042 2246 nonnullis
3095 2189 3497 2258 Scripturarum
3547 2187 3722 2255 locis,
3761 2192 3811 2243 et

2213 2283 2446 2340 maxime
2463 2284 2694 2356 apostoli
2718 2283 2891 2352 Pauli,
2911 2282 3221 2340 conﬁrmari
3241 2287 3494 2340 asserunt
3511 2278 3539 2319 ιι
3563 2279 3812 2336 naturale

2213 2386 2520 2448 peccatum,
2548 2386 2656 2434 etc.
2696 2397 2717 2431 ι
2757 2387 2781 2417 ο

2285 2473 2338 2528 1.
2388 2472 2470 2528 Ad
2512 2472 2649 2529 haec.
2700 2471 2872 2529 Nemo
2926 2470 3059 2527 dicit
3110 2470 3388 2536 naturale,
3431 2469 3520 2524 vel
3560 2474 3808 2522 naturam

2213 2578 2334 2621 esse
2365 2572 2670 2636 peccatum,
2709 2563 2805 2621 sed
2835 2563 3130 2635 originale;
3167 2573 3222 2619 et
3263 2561 3316 2617 id
3345 2561 3401 2617 in
3433 2567 3634 2616 natura
3662 2573 3806 2623 esse,

2215 2671 2325 2713 non
2355 2655 2382 2693 ά
2437 2667 2588 2714 extra
2638 2666 2926 2723 naturam;
2977 2671 3081 2712 nec
3150 2653 3388 2712 absurde
3440 2664 3627 2708 tamen
3656 2693 3672 2718 ,
3723 2658 3811 2704 aut

2216 2749 2428 2824 (Batus.
2460 2765 2564 2806 om.
2602 2759 2803 2816 tamen,
2830 2748 2946 2822 aut]
2974 2749 3197 2805 abusive
3219 2748 3326 2804 dici
3359 2761 3520 2818 posse
3538 2745 3808 2809 naturale,

2215 2858 2325 2900 non
2351 2854 2531 2898 tamen
2557 2853 2801 2898 naturam
2838 2860 2851 2895 :
2882 2857 3005 2897 nam
3033 2842 3291 2911 deceptus
3310 2841 3427 2910 ipSe
3447 2839 3661 2909 decipis
3683 2849 3812 2909 quos

2214 2945 2372 3009 potes
2398 2934 2608 3010 (Bolus.
2637 2935 2763 2990 add.
2800 2935 2866 2989 Et
2893 2932 3136 3006 tamen].
3168 2933 3312 2988 Inter
3341 2931 3605 3001 originale
3640 2938 3696 2984 et
3722 2941 3812 2981 na-

2216 3029 2392 3085 turale
2417 3035 2502 3085 est
2528 3027 2789 3084 nonnulla
2819 3027 3115 3092 distantia;
3167 3034 3222 3082 et
3248 3025 3496 3096 quamvis
3536 3022 3684 3094 quod
3725 3035 3814 3075 na-

512 3113 634 3168 illos
663 3112 911 3184 adoptari
940 3113 1192 3170 videlicet
1219 3155 1235 3182 ,
1284 3124 1342 3170 ut
1378 3115 1511 3170 fiant
1541 3117 1594 3172 in
1636 3117 1982 3188 adoptionem
2014 3133 2112 3189 po-
2139 3107 2186 3172 C
2219 3122 2393 3178 turale
2420 3131 2503 3177 est
2531 3122 2702 3192 possit
2721 3129 2777 3178 et
2805 3120 3068 3191 originale
3097 3119 3201 3174 dici
3230 3158 3246 3185 ,
3292 3132 3400 3172 non
3457 3125 3643 3170 tamen
3676 3112 3812 3186 quod

509 3206 668 3277 pulus
709 3207 840 3277 Dei,
872 3207 967 3280 qui
994 3217 1122 3265 sunt
1152 3208 1221 3266 de
1265 3209 1506 3267 tenebris
1530 3213 1740 3268 evocati
1769 3213 1822 3268 in
1854 3212 1984 3268 illud
2013 3213 2112 3269 ad-

513 3301 761 3357 mirabile
791 3302 1014 3360 lumen:
1061 3303 1207 3360 unde
1244 3319 1588 3377 consequens
1624 3315 1710 3363 est
1753 3314 1813 3363 ut
1838 3307 1944 3363 nisi
1986 3309 2111 3380 quis

514 3393 678 3451 fuerit
693 3395 771 3452 de
789 3395 1034 3454 tenebris
1046 3407 1312 3454 evocatus
1330 3399 1383 3454 in
1402 3398 1536 3456 illud
1559 3400 1882 3457 admirabile
1899 3401 2108 3470 lumen,

2219 3215 2575 3286 originarium
2606 3224 2710 3282 est,
2745 3215 2992 3270 naturale
3020 3213 3313 3284 quidquam
3343 3210 3551 3283 (Batus.
3576 3220 3636 3265 et
3667 3219 3815 3263 natu-

2168 3361 2173 3369 .
2216 3306 2350 3379 rale]
2380 3308 2527 3380 cogit
2554 3306 2733 3363 lateri.
2786 3307 2859 3363 Et
2901 3307 3086 3377 accipe
3113 3307 3422 3376 exemplum
3457 3322 3470 3357 ε
3505 3312 3708 3359 natura
3730 3309 3815 3359 est

2217 3400 2394 3457 omnis
2424 3401 2610 3468 homo,
2653 3400 2946 3472 cujuslibet
2967 3401 3163 3468 atatis,
3213 3413 3396 3466 sexus,
3437 3406 3604 3468 atque
3633 3396 3816 3453 condi-

1686 3510 2240 3572 CASTIGATIONES
2278 3513 2368 3569 ET
2405 3513 2638 3570 NOTAE.

514 3602 728 3676 ﬁngitur
762 3607 1260 3683 et__conformt_ttione
1304 3609 1553 3683 doctrina:
1578 3609 1776 3683 (Epist.
1813 3610 1973 3683 7166):
2015 3609 2111 3666 Usi

515 3675 730 3752 quoque
749 3675 1051 3752 blilevitani
1091 3678 1281 3752 Patres
1309 3679 1410 3750 (In
1443 3675 1708 3752 Sgnodica
1749 3682 1819 3737 ad
1849 3675 2111 3738 SJnno—

513 3747 765 3821 centium)
817 3765 830 3801 :
881 3747 1104 3817 Pueros,
1156 3747 1422 3821 inquiunt,
1472 3747 1565 3807 Etsi
1611 3753 1767 3808 nullis
1808 3755 2114 3809 innarentur

514 3815 810 3874 christiana:
847 3821 1030 3891 gratia
1077 3815 1430 3887 sacramentis,
1474 3823 1736 3880 habituros
1772 3826 1928 3879 vitam
1962 3835 2113 3880 teter-

515 3903 636 3964 nam
665 3906 884 3964 nequam
913 3894 1310 3964 prwsuniptione
1331 3897 1664 3950 contendunt.

585 3959 770 4031 Neque
812 3959 1057 4037 Julianus
1097 3965 1384 4037 abhorruit
1431 3979 1460 4020 a
1493 3982 1624 4022 voce
1653 3977 2104 4037 regemratmms,

514 4045 636 4087 cum
663 4043 850 4106 ageret
870 4034 938 4090 de
970 4036 1258 4105 baptismo,
1286 4051 1448 4106 quant
1490 4046 1674 4094 tamen
1703 4034 1967 4094 Mercator
1995 4038 2115 4094 vult

515 4117 636 4158 esse
664 4104 808 4176 paris
838 4121 958 4160 cum
987 4104 1342 4162 renovatione
1383 4111 1685 4176 potestatis.
1739 4109 1830 4166 Sic
1855 4109 1999 4164 enim
2029 4109 2112 4165 lo-

513 4177 700 4244 quitur
723 4175 921 4250 (Lib.v
949 4176 1052 4242 0p.
1084 4176 1303 4250 Imperi.
1328 4175 1447 4249 cap.
1480 4180 1536 4250 9)
1572 4198 1584 4232 :
1615 4179 1728 4234 Nos
1754 4196 1871 4234 vero
1910 4181 2112 4234 renasci

515 4260 688 4298 omnes
738 4246 1044 4318 baptismate
1087 4246 1288 4322 debere.
1317 4259 1364 4304 et
1395 4246 1546 4322 opere
1573 4262 1776 4318 nostro,
1803 4261 1851 4306 et
1876 4267 2112 4306 sermone

515 4323 798 4392 testamur;
845 4322 934 4371 sed
970 4335 1079 4392 non
1112 4329 1173 4392 ut
1201 4319 1360 4392 hujus
1391 4319 1738 4389 impertitioue
1775 4323 2008 4392 beneﬁcii
2047 4322 2114 4378 de

2221 3609 2556 3678 Manichaais,
2586 3607 2676 3678 qui
2705 3606 2900 3661 malam
2920 3614 3241 3678 assererent
3271 3603 3514 3660 hominis
3543 3611 3815 3678 naturam.

2222 3681 2470 3756 Pelagius
2499 3675 2792 3756 (ln'libello
2824 3677 3145 3756 Fidei__num.
3179 3677 3238 3747 7)
3274 3695 3288 3730 :
3321 3678 3524 3756 absque
3551 3675 3817 3756 salapiae.-

2223 3754 2322 3806 cati
2356 3746 2592 3814 macula,
2637 3765 2754 3820 qua
2776 3749 3032 3804 naturalis
3075 3765 3178 3804 non
3206 3746 3582 3820 est.VJulianus
3615 3750 3636 3817 (
3664 3746 3730 3798 In
3757 3746 3822 3820 li-

2221 3824 2352 3878 bello
2381 3821 2535 3894 Fidei
2565 3817 2700 3894 part.
2727 3837 2784 3887 tt,
2816 3837 2961 3894 num.
2987 3821 3120 3894 10)-εῄ
3147 3819 3591 3894 ραοηὶωυβςξων
3613 3817 3823 3894 puemi-

2221 3895 2382 3949 simus
2409 3894 2473 3947 de
2503 3889 2633 3947 bono
2655 3903 2852 3948 naturae
2878 3901 2924 3972 et
2946 3889 3312 3972 benedictione,
3336 3902 3381 3945 et
3405 3891 3602 3943 honore
3633 3889 3824 3972 conj-tt:

2220 3967 2311 4036 gii,
2355 3973 2722 4035 consequenter
2749 3965 3012 4017 renuimus
3052 3963 3288 4016 naturale
3323 3970 3630 4036 peccatum,
3679 3962 3756 4036 uel
3779 3962 3823 4012 si

2214 4029 2319 4108 quo
2344 4037 2450 4090 alio
2479 4029 2725 4090 vocabulo
2746 4045 3088 4108 nuncupatur,
3109 4049 3173 4108 ne
3188 4034 3412 4108 creatori
3443 4029 3556 4084 Deo
3588 4032 3822 4085 omnium

2214 4103 2501 4178 irrogemus
2531 4109 2775 4178 injuriam
2798 4148 2812 4169 ,
2841 4103 2964 4159 dum
2998 4105 3204 4178 aliquid,
3239 4105 3301 4158 ab
3327 4103 3567 4178 illo_cum
3610 4110 3822 4173 peccato

2215 4173 2595 4249 ﬁeri'potuisse'
2607 4179 2980 4243 contendimus,
3011 4187 3058 4230 et
3083 4173 3382 4231 testimonia
3415 4173 3818 4244 Scripturarum

2215 4251 2328 4320 cjus
2359 4249 2606 4319 falsitatis
2633 4265 2930 4320 arguamus.

2287 4317 2421 4376 Cum
2449 4317 2981 4376 Julianus'dixisset:
3009 4317 3319 4386 Conﬂtearis
3338 4330 3546 4370 necesse
3566 4325 3646 4368 est
3670 4327 3823 4370 natu-

515 4388 631 4466 jure
659 4387 923 4466 videantur
943 4390 1140 4466 diaboli
1165 4387 1380 4466 plaétati
1396 4408 1416 4466 ,j
1436 4387 1614 4446 verum
1633 4404 1689 4448 ut
1707 4395 1796 4464 qui
1814 4387 1934 4447 sunt
1954 4409 2112 4463 opera
2135 4407 2190 4466 ι)
2215 4393 2347 4458 rate,
2394 4392 2541 4466 quod
2569 4390 2893 4466 Manichacus
2943 4389 3190 4466 ﬁnxerat,
3225 4388 3315 4443 sed
3341 4398 3396 4442 tu
3429 4388 3645 4441 nomine
3685 4405 3823 4442 com-

517 4455 637 4523 Dei,
668 4458 796 4526 ﬁant
837 4460 1054 4531 pignora
1083 4455 1178 4515 Dei
1195 4477 1212 4522 ,'
1256 4455 1303 4514 ξε
1331 4455 1418 4530 qui
1461 4455 1745 4518 nascuntur
1768 4465 1936 4518 uiliter
1958 4455 2108 4528 {non

519 4537 687 4602 tamen
726 4531 897 4593 noxie,
927 4545 1264 4602 renascantur
1302 4536 1541 4602 pretiose,
1583 4550 1685 4588 non
1713 4544 1882 4588 tamen
1911 4536 2110 4588 calum-

517 4599 659 4654 niose
681 4620 698 4660 ;
719 4602 909 4675 quique
931 4601 1184 4672 prodeunt
1196 4619 1277 4675 _ea:
1302 4599 1403 4658 Dei
1441 4599 1696 4660 institutis
1721 4647 1736 4671 ,
1763 4605 2110 4675 provehantur

517 4672 773 4746 mysteriis
804 4673 931 4740 Dei;
959 4682 1005 4730 et
1028 4675 1118 4743 qui
1145 4672 1366 4746 aﬂ'erunt
1393 4692 1552 4743 opera
1577 4672 1798 4738 naturte,
1825 4675 1962 4730 dona
1991 4692 2112 4746 gra-

519 4742 605 4818 tias
633 4742 1120 4818 consequantur,“
1151 4745 1402 4818 Dominus
1422 4742 1568 4818 suus,
1595 4749 1683 4818 qui
1722 4763 1806 4802 eos
1838 4748 1956 4816 fecit
1986 4742 2111 4801 con-

519 4812 689 4938 βεηάο
736 4812 893 4872 bonos
927 4857 942 4884 ,
1005 4817 1164 4887 faciat
1213 4817 1508 4873 innovando
1553 4812 1950 4890 adoptandoque
2000 4835 2109 4874 me-

541 4901 691 4938 tores.

541 4901 691 4940 tores.

593 4967 618 4994 ι
649 4956 770 5030 Non
800 4966 887 5015 est
915 4973 1009 5016 usa
1029 4999 1045 5026 ,
1075 4959 1218 5030 quod
1245 4961 1435 5028 sciam,
1463 4961 1680 5030 quando
1708 4960 1807 5016 fuit
1831 4975 2015 5018 sermo
2039 4961 2110 5018 de

517 5028 787 5101 baptismo
811 5048 826 5098 ;
851 5031 947 5088 sed
972 5033 1042 5088 de
1070 5028 1381 5101 ptenitentia
1411 5028 1552 5088 dixit
1573 5033 1744 5088 David
1775 5051 1787 5086 :
1829 5031 1930 5088 Cor
1958 5048 2110 5087 mun-

520 5099 642 5176 dum
671 5117 788 5176 crea
832 5103 887 5156 in
910 5119 996 5176 me
1012 5099 1202 5176 Deus,
1250 5105 1574 5176 etuspiritum
1609 5113 1802 5176 rectum
1840 5107 2027 5176 innovg
2055 5105 2111 5158 in

517 5169 794 5229 uisceribus
821 5175 947 5245 meis
975 5173 1152 5244 (Psal.
1175 5169 1224 5244 ι,
1251 5169 1372 5245 l2):
1387 5175 1534 5231 Dixit
1561 5184 1617 5232 et
1643 5174 1942 5232 leremias:
1972 5172 2108 5230 Con-

517 5251 652 5314 verte
677 5257 790 5308 nos,
815 5243 1056 5312 Domine,
1087 5254 1137 5301 et
1165 5243 1754 5314 convertemur;innooa
1771 5247 1880 5303 dies
1909 5256 2114 5301 nostros

516 5311 710 5389 δῆμε-α
734 5316 990 5389 principio
1019 5316 1235 5388 (Thren.
1267 5334 1320 5384 v,
1349 5318 1464 5389 21).

545 5452 556 5464 ο
595 5380 622 5419 δ
658 5380 931 5464 Pelagiani
968 5380 1099 5464 cum
1127 5380 1391 5446 adversus
1419 5380 1720 5464 catholicos
1748 5388 1816 5445 de
1849 5401 2110 5458 propaga-

516 5457 669 5508 tione
700 5459 902 5532 peccati
933 5461 1220 5515 abAdanio
1243 5463 1293 5515 in
1327 5473 1573 5532 posteros
1597 5457 1959 5530 disputarem,
1983 5474 2111 5532 pec-

515 5537 698 5600 catum
729 5527 858 5581 illud
889 5532 1194 5587 maluerunt
1236 5527 1418 5590 dicere
1455 5527 1700 5599 naturale
1741 5547 1899 5600 quam
1949 5527 2112 5599 origi-

518 5597 668 5677 nale,
685 5607 742 5651 ut
772 5607 922 5677 tanto
946 5603 1203 5677 majorem
1229 5603 1468 5661 facerent
1494 5597 1636 5677 apud
1668 5597 1845 5677 minus
1867 5597 2112 5656 eruditos

517 5665 777 5747 homines
793 5665 1090 5747 catholicos
1121 5675 1404 5744 invidiam,
1428 5665 1630 5747 quanto
1649 5675 1964 5747 viderentur
1984 5686 2114 5742 pro-

520 5737 730 5808 Diorem
763 5744 998 5812 habere,
1030 5747 1226 5804 saltem
1253 5737 1424 5805 verbo
1447 5737 1625 5812 lenus,
1652 5745 1964 5802 attinitatem
1985 5737 2109 5801 cum

2217 4471 2413 4517 mutato
2463 4462 2717 4532 originale
2760 4477 2908 4516 vocas
2936 4502 2950 4524 ,
2977 4461 3254 4532 interiisse
3308 4469 3601 4532 peccatum.
3665 4471 3820 4532 ctc.;

2216 4529 2563 4604 respondens
2577 4532 2908 4602 Augustinus
2939 4530 3077 4602 (Lib.
3108 4545 3143 4584 v
3178 4531 3280 4600 ορ.
3313 4529 3693 4604 [inperﬂcap2
3724 4529 3819 4600 9):

2218 4601 2350 4669 Nos,
2382 4604 2574 4673 inquit,
2617 4601 2870 4674 originale
2900 4601 3165 4671 peccatum
3194 4601 3466 4674 propterea
3505 4601 3822 4674 signiﬁcari:

2213 4675 2315 4729 tius
2339 4671 2498 4744 quam
2541 4671 2783 4728 naturale
2812 4674 3050 4738 dicimus,
3081 4683 3138 4728 ut
3169 4671 3271 4726 non
3293 4671 3465 4726 diuini
3492 4675 3702 4744 operis,
3737 4671 3824 4727 sed

2215 4743 2458 4818 humanm
2483 4747 2698 4818 originis
2719 4745 3064 4818 intelligatur,
3084 4753 3190 4798 etc.
3217 4744 3446 4818 [incest
3473 4743 3622 4812 quod
3640 4745 3824 4818 vulgo

2215 4817 2402 4888 dicunt
2431 4817 2486 4872 in
2519 4814 2745 4888 scholis,
2774 4814 3037 4871 maculam
3087 4817 3294 4888 peccati
3321 4814 3429 4870 dici
3476 4828 3585 4888 non
3619 4815 3825 4869 debere

2213 4886 2406 4944 Adami
2447 4889 2682 4960 posteris
2709 4885 3048 4960 inaturalem,
3097 4887 3144 4960 si
3194 4896 3386 4942 natura
3441 4885 3688 4960 sumitur
3730 4900 3825 4960 pro

2213 4957 2538 5025 substantia,
2564 4975 2684 5030 quae
2708 4959 2807 5014 Dei
2827 4973 2962 5028 opus
2984 4967 3096 5030 est;
3128 4958 3254 5012 licet
3280 4971 3412 5030 vere
3427 4957 3499 5012 sit
3526 4957 3820 5030 naturalis,

2214 5031 2261 5084 si
2294 5039 2480 5087 natura
2513 5027 2612 5102 pro
2641 5027 2876 5101 origine
2899 5029 3135 5099 ponitur,
3177 5027 3454 5084 nascendo
3505 5028 3660 5084 enim
3690 5042 3822 5084 cono

2217 5103 2464 5158 trahitur.

2291 5183 2313 5212 ο
2339 5173 2636 5244 Responsio
2674 5171 2956 5244 Augustini
2984 5171 3126 5244 apud
3155 5170 3478 5229 Garnerium
3513 5188 3524 5222 :
3560 5187 3580 5222 ι
3623 5169 3822 5240 Augu-

2213 5244 2388 5300 stinus
2415 5242 2788 5315 {Quarenon
2815 5242 2990 5313 fateris
3029 5243 3090 5298 ab
3119 5245 3467 5314 omnipotente
3486 5244 3642 5313 justo
3665 5257 3826 5315 grave

2204 5319 2398 5388 jugunt
2423 5330 2576 5388 super
2601 5313 2922 5388 ﬁliosAdam
2953 5331 2985 5388 a
3013 5315 3097 5370 die
3125 5313 3292 5370 exitus
3319 5315 3387 5388 de
3410 5324 3586 5367 ventre
3631 5313 3823 5367 matris

2213 5383 2389 5441 eoium
2410 5386 2578 5455 (Eccl.
2602 5400 2691 5450 ιι,
2709 5383 2764 5451 1)
2787 5385 2894 5439 sine
2919 5386 3026 5440 ullo
3046 5389 3240 5455 peccati
3265 5387 3444 5440 merito
3469 5402 3574 5440 non
3594 5387 3830 5455 potuisse

2214 5460 2476 5512 constitui.
2502 5475 2522 5510 ι
2553 5456 2765 5511 Otuittit
2791 5466 2848 5510 ut
2874 5472 3033 5525 supra
3065 5458 3332 5513 Baluzius.
3364 5457 3526 5512 EDIT.

2285 5527 2330 5610 d_
2355 5530 2520 5610 Histra
2545 5542 2740 5582 natum.
2777 5529 2852 5582 Ita
2886 5541 3101 5610 veteres
3157 5531 3281 5584 libri
3331 5539 3379 5584 et
3412 5529 3581 5610 editio
3614 5526 3831 5610 Gerbe~

2216 5602 2373 5655 ronii.
2398 5601 2692 5657 Garnerius
2719 5600 2959 5668 reposuit
2985 5612 3129 5656 extra
3153 5612 3418 5656 naturam.
3449 5600 3659 5655 Vei'um
3705 5600 3834 5655 haec

2216 5673 2522 5728 emendatio
2554 5687 2658 5728 non
2683 5680 2801 5726 erat
2826 5673 3156 5742 necessaria,
3195 5687 3319 5731 cum
3363 5685 3566 5731 sensus
3613 5673 3834 5741 absque

2217 5758 2281 5800 ea
2310 5744 2381 5801 sit
2404 5744 2623 5803 planos.
2653 5744 2855 5799 BALUI.
