4010 6290
428 264 532 323 127

1711 245 1907 308 MAR]!
1944 238 2387 302 MERCATORIS

427 381 611 441 listion
631 422 646 450 ,
681 391 819 437 unus
841 388 871 419 ι
897 378 1212 436 Latinorum
1251 373 1542 436 Lentulus,
1572 381 1706 424 unus
1739 364 1833 421 tibi
1856 361 1886 403 1»
1919 362 2030 418 Ma—
2055 360 2114 426 Α
2204 358 2259 413 2.
2289 358 2366 416 ’I‘e
2419 357 2700 415 verissime
2759 355 2788 396 ἀ
2838 354 3238 450 Ampsanctinae
3293 350 3643 450 scaturiginis

439 477 612 534 rullus
635 474 1067 547 comparandus;
1115 485 1347 544 namque
1370 480 1392 509 ο
1418 463 1673 524 Martialis
1698 468 1754 518 et
1784 457 2032 516 Petronii

437 570 589 629 solus
617 569 832 643 ingenia
857 565 1145 640 superasti.

2139 451 2535 525 conregionalis
2564 461 2668 508 tua:
2696 450 3000 508 teterrimus
3026 447 3189 518 fetor,
3221 455 3273 504 te
3306 443 3326 485 ί
3354 446 3557 502 Averni
3578 443 3746 504 lacus

1607 635 2155 704 CASTlGATlONES
2194 633 2284 692 ET
2322 632 2553 692 ΝΟΤιΕ.

434 799 626 869 Αἰδορὶ
646 796 1082 864 cavillationibus,
1111 809 1267 869 quam
1295 790 1618 869 exfristidis
1638 788 1779 869 illius
1812 785 2019 869 jubsti‘et

434 847 1294 938 ciuilia;"iiiiipiiiii'ﬁiaiiaugg.
1322 863 1712 938 __llieronymus
1763 847 1831 914 iu'
1855 847 2018 938 ,ζωῆ-

433 957 562 996 num
590 960 602 994 :
626 1010 634 1012 _
655 939 723 995 Et
770 930 915 1012 quasi
946 930 1658 1012 mimum‘Philistionis,'.vel
1686 930 1904 1012 Lentuli,
1960 942 2020 980 ac

438 1010 676 1066 Marcelli
706 1004 939 1084 [chrum
968 1006 1502 1084 Marullilstnopham
1539 1004 1759 1084 eleqanti
1789 1015 2021 1084 sermone

436 1070 730 1151 con/ictam:
757 1070 1010 1151 Sidoitius
1037 1070 1263 1146 epistola
1293 1080 1328 1133 2
1349 1070 1441 1151 lib.
1477 1093 1515 1130 ιι
1540 1095 1558 1151 :_
1585 1070 1778 1151 Absunt
1811 1070 2021 1151 ridiculi

439 1144 637 1218 vestitu,
669 1165 712 1206 et
737 1153 956 1206 vultibus
983 1144 1278 1216 histriones,
1315 1148 1585 1220 pigmentis
1610 1144 2021 1220 multicoloribus

441 1214 766 1277 Philistionis
787 1223 1152 1293 supellectilem
1178 1214 1491 1274 mentientes.
1521 1217 1876 1272 Cassiodorus
1907 1214 2020 1293 epi-

438 1297 575 1350 stola
604 1296 663 1348 5|
699 1295 789 1346 lib.
823 1284 913 1347 1v:
948 1293 1138 1346 Mimus
1170 1293 1319 1346 etiam
1361 1293 1447 1362 qui
1486 1307 1621 1344 nunc
1667 1284 2021 1362 tantummodo

437 1366 634 1421 derisus
671 1364 890 1417 habetur
917 1407 931 1433 ,
979 1373 1122 1417 tanta
1170 1359 1492 1416 Philistionis
1539 1359 1741 1433 cautela
1788 1367 2022 1426 repertus

437 1447 530 1504 est,
558 1445 611 1489 ut
633 1436 742 1509 eius
770 1447 916 1490 actus
965 1443 1235 1503 poneretur
1262 1436 1315 1509 in
1352 1433 1555 1486 litteris.
1588 1432 1701 1500 Ego
1732 1440 1857 1498 puto
1897 1443 2022 1509 eum

435 1500 726 1574 Νωέαέα,’ἱη
758 1523 917 1576 quem
965 1500 1139 1562 exstat
1190 1506 1523 1575 epigramma
1572 1517 1745 1576 supra
1781 1515 1812 1554 a
1867 1500 2023 1576 nobis

437 1571 788 1648 productum,
804 1577 1053 1633 eumdem
1076 1591 1199 1648 esse
1221 1571 1341 1630 eum
1370 1579 1508 1648 hoc;
1539 1573 1838 1648 etS‘uidam
1866 1571 1976 1648 falli
2005 1611 2020 1635 ,

435 1642 524 1718 qui
551 1664 668 1703 aevo
690 1642 946 1704 Isocratis
973 1657 1064 1702 aut
1085 1647 1325 1702 Socratis
1358 1647 1505 1700 illum
1558 1644 1760 1699 vixisse
1799 1642 2023 1696 scribat.

437 1721 571 1775 Nam
619 1721 792 1775 Nicaea
821 1720 1036 1775 condita
1085 1727 1168 1773 est
1219 1718 1287 1773 ab
1316 1720 1762 1788 Antigonorpost
1792 1723 2022 1768 mortem

439 1792 755 1856 Alexandri,
779 1795 845 1845 ah
865 1807 1036 1860 eoque
1055 1790 1364 1858 Antigouia,
1386 1788 1581 1843 deinde
1604 1787 1779 1860 Niczea
1807 1797 2023 1850 vocata,

438 1865 623 1918 multis
676 1863 832 1918 annis
887 1859 1007 1930 poSt
1060 1861 1316 1916 Isocratis
1371 1869 1427 1915 et
1477 1859 1718 1914 Socratis
1749 1866 2024 1930 mortem:

439 1949 610 2004 quare
647 1950 753 1988 non
803 1928 1022 1988 dubium
1056 1940 1141 1988 est
1169 1948 1334 2004 unum
1366 1932 1718 2004 mimologum
1749 1928 2024 1982 Philistio-

441 2003 587 2071 nem,
622 2021 730 2060 non
753 2005 917 2071 duos,
949 2004 1132 2059 fuisse.
1164 2003 1238 2058 Ita
1268 2003 1524 2072 Scaliger.

2127 774 2478 848 pestilentem
2509 771 2764 848 emittunt
2785 770 3044 848 halitum,
3073 777 3133 826 ut
3153 767 3378 848 propius
3402 767 3744 848 accedentes

2128 837 2194 904 eo
2241 857 2558 902 enecentur.
2607 842 2840 899 Cicero:
2880 837 3384 910 Videmus,_inquit,
3422 855 3581 910 quam
3623 837 3741 910 sint

2120 920 2263 974 varia
2292 928 2545 971 terrarum
2567 931 2780 986 genera,
2806 932 2872 971 ea;
2895 907 3162 986 quibuset
3182 907 3741 986 [nortifera‘quoedans

2122 1007 2245 1062 pars
2271 999 2373 1062 est,
2391 998 2446 1042 ut
2467 979 2853 1062 Ampsanctiin
2880 985 3122 1062 irpiuis
3145 983 3294 1062 (
3315 999 3332 1037 ι
3355 983 3421 1062 de
3445 979 3738 1062 Diuinqt.).

2197 1051 2793 1130 VirgiliusﬁAmpsancti
2818 1051 3018 1113 vallem
3058 1051 3324 1111 describit
3355 1053 3441 1110 his
3470 1051 3743 1109 versibus

2125 1131 2262 1204 (Lib.
2296 1128 2367 1186 'vu
2393 1128 2632 1199 /Eneid.)
2662 1147 2676 1184 :

2217 1329 2305 1379 Est
2325 1329 2460 1378 locus
2482 1327 2636 1378 Italiae
2660 1329 2708 1376 in
2731 1327 2911 1385 medio,
2939 1327 3031 1375 sub
3057 1326 3305 1375 montibus
3329 1323 3438 1375 altis

2216 1390 2423 1453 Nobilis,
2451 1399 2500 1439 et
2523 1390 2647 1453 fama
2668 1389 2833 1453 multis
2853 1395 3152 1453 memoratus
3177 1388 3361 1453 inuris,

2219 1450 2498 1515 Ampsancti
2523 1451 2704 1515 valles;
2729 1451 2899 1500 densis
2924 1451 3052 1515 hunc
3073 1450 3328 1515 frondibus
3351 1454 3509 1515 atrum

2223 1510 2378 1575 Urget
2404 1515 2636 1575 utrinque
2662 1512 2788 1562 latus
2817 1514 3048 1567 nemoris.
3077 1511 3343 1572 medioque
3365 1510 3592 1571 fragosus

2221 1577 2316 1627 Dat
2338 1577 2549 1625 sonitum
2573 1576 2707 1624 saxis
2734 1582 2787 1623 et
2809 1582 2910 1624 toto
2935 1575 3116 1622 vortice
3140 1580 3352 1623 torrens.

2220 1640 2313 1689 Hic
2335 1651 2512 1699 specus
2536 1638 2852 1696 horrendum,
2881 1642 2932 1684 et
2955 1637 3077 1699 saevi
3099 1635 3338 1699 spiracula
3365 1633 3491 1683 Ditis

2222 1697 2564 1755 Monstramur.
2586 1706 2826 1760 ruptoque
2848 1700 3027 1759 ingens
3055 1697 3336 1748 Acheronte
3358 1706 3540 1758 vorago

2223 1762 2494 1813 Pcstiferas
2517 1763 2676 1825 aperit
2699 1760 2885 1821 fauces,
2916 1765 3008 1812 etc.

2131 1933 2351 1990 Servius
2385 1932 2450 1987 ad
2488 1931 2632 1986 h'unc
2662 1929 2879 2000 Virgilii
2913 1929 3090 1983 locum
3120 1945 3134 1981 :
3170 1926 3342 1981 Habet
3385 1930 3746 2000 Ampsanctus

2131 2004 2648 2075 aquasnsulphureas,
2680 1995 2798 2075 ideo
2834 2001 3123 2075 graviones‘,
3150 2000 3275 2075 quia
3300 1995 3607 2075 ambiuntur
3637 1995 3747 2075 sil-_

447 2081 472 2160 .‘
618 2093 855 2148 gramma
903 2065 1159 2133 'Grmcutn
1203 2065 1556 2144 extempbrali
1609 2073 1898 2130 Latinitate
1954 2070 2028 2125 ita
2063 2065 2230 2160 Βυῖε.
2275 2065 2415 2160 .Ideo'
2461 2065 2643 2160 autem;
2676 2073 2746 2126 ibi
2790 2065 2961 2160 aditus
3006 2065 3199 2160 dicitur
3230 2065 3747 2160 informantur-1.21011

442 2148 695 2205 donatum
723 2167 735 2202 :

536 2305 765 2354 Nlcmnus
786 2303 870 2355 ille
904 2305 1127 2354 miserias
1149 2305 1393 2353 hominum
1420 2316 1601 2365 graves

537 2367 746 2416 Condire
769 2369 869 2416 risu
892 2366 1097 2416 callidus
1132 2367 1352 2416 Philistio

538 2428 668 2492 ginis
689 2430 768 2479 hic
790 2429 1013 2492 sepultus
1030 2428 1205 2489 jaceo:
1231 2441 1364 2490 saepe
1390 2435 1608 2492 mortuus

538 2491 699 2542 Vitam
723 2504 810 2553 per
833 2489 1047 2552 omnem,
1077 2498 1234 2541 morte
1257 2489 1344 2540 sed
1370 2491 1454 2540 tali
1478 2490 1603 2540 haud
1631 2489 1788 2553 prius.

539 2595 765 2659 Nicaanus
782 2596 865 2646 ille
890 2597 1045 2659 patria
1067 2597 1288 2647 Philistio

541 2658 632 2721 Qui
658 2657 928 2721 temperavi
955 2659 1176 2708 miserias
1198 2660 1443 2708 hominum
1460 2657 1598 2721 iocis,

538 2719 802 2784 Hicjaceo,
833 2723 942 2784 vita
961 2722 1194 2783 quidquid
1221 2729 1298 2771 est
1321 2721 1564 2782 reliquum
1584 2719 1732 2781 meae,

540 2782 820 2835 Exstinctus
837 2782 952 2832 olim
975 2782 1125 2846 saepe.
1150 2797 1410 2846 numquam
1436 2784 1553 2832 alias
1577 2785 1658 2832 ita.

540 2888 770 2938 Nicaeuus
793 2891 926 2950 potui
951 2891 1164 2938 miscere
1187 2889 1412 2938 Philistio
1439 2891 1539 2938 risu

604 2950 763 3000 Vitam
788 2952 1052 3010 hominum,
1078 2958 1130 3000 et
1155 2951 1375 3012 lacrymls
1399 2952 1678 2999 consociare
1700 2951 1849 3010 iocos.

539 3011 830 3074 Nuncjaceo
853 3010 1379 3074 reternuruexauimis.
1411 3013 1552 3074 Quod
1594 3015 1726 3061 enim
1758 3020 1880 3074 ante
1895 3010 2038 3059 thea-

606 3072 752 3136 Saape
775 3074 942 3133 dabat,
968 3073 1183 3123 tumulus
1201 3075 1286 3124 dat
1309 3073 1469 3124 semel
1489 3075 1604 3130 iste.
1631 3075 1772 3122 mori.
1865 3072 2036 3133 hrum.

527 3211 550 3238 ει
592 3199 837 3255 Dubitavi
882 3199 1197 3270 aliquando,
1247 3215 1315 3255 an
1367 3215 1474 3255 non
1526 3201 1715 3270 potius
1749 3199 2038 3268 legendum

450 3271 619 3337 foret,
671 3269 987 3327 Latinorum
1044 3271 1300 3337 Lucilius,
1356 3272 1509 3336 cujus
1561 3269 1803 3326 meminit
1852 3269 2042 3324 Hiero-

449 3357 642 3412 nymus
671 3343 753 3396 his
778 3343 961 3398 verbis
984 3342 1188 3411 (Epist.
1219 3344 1317 3412 80)
1344 3362 1357 3396 :
1413 3343 1681 3396 Mordetur
1709 3353 1758 3396 et
1787 3341 2037 3406 Lucilius,

451 3415 585 3484 quod
633 3414 970 3485 incomposito
1024 3424 1198 3468 currat
1252 3415 1418 3483 pede;
1469 3413 1601 3468 sales
1649 3415 1756 3485 ejus
1803 3412 2040 3485 leposque

2140 2148 2286 2220 gravi
2324 2146 2509 2220 ΔοάονεεΔ
2532 2146 2679 2210 iuxta
2715 2144 3021 2220 accedentes
3041 2151 3217 2206 necat,
3260 2140 3389 2220 adeo
3418 2149 3492 2220 ut.
3514 2139 3750 2192 victima:

2139 2209 2275 2273 circa
2315 2217 2451 2270 hunc
2492 2216 2662 2270 locum
2695 2231 2798 2267 non
2843 2212 3258 2276 immolarentur,
3300 2210 3389 2264 sed
3429 2209 3588 2263 odore
3621 2225 3750 2277 per-

2135 2291 2266 2344 irent
2287 2289 2354 2342 ad
2375 2303 2570 2357 aquam
2585 2287 2878 2357 applicatis.
2902 2285 3260 2357 Victimarum
3277 2280 3554 2357 meminit,
3577 2277 3740 2357 quia,

2139 2372 2194 2416 ut
2234 2360 2395 2415 habet
2422 2351 2814 2424 'Pliuius'(Lib.
2841 2370 2902 2414 Il.
2941 2370 3052 2422 cap.
3091 2354 3205 2423 93),
3243 2355 3299 2406 in
3337 2351 3582 2424 Hirpinis
3615 2351 3748 2403 Am-

2138 2433 2338 2504 psancti
2377 2429 2443 2483 ad
2473 2423 2717 2498 Mephitis
2743 2427 2905 2482 aedem
2931 2423 3121 2494 locum,
3151 2440 3303 2496 quem
3325 2423 3415 2496 qui
3450 2423 3746 2488 intravere,

2141 2511 2454 2556 moriuntur.

2209 2573 2385 2628 Allata
2417 2579 2541 2627 sunt
2567 2569 2692 2634 ista,
2739 2577 2797 2622 ut
2826 2569 3202 2622 restitueretur
3248 2567 3401 2622 locus
3429 2563 3742 2619 admodum

2139 2653 2458 2710 corruptus,
2515 2641 2602 2695 ubi
2654 2639 2898 2696 Julianus
2947 2639 3286 2710 impudenter
3335 2637 3638 2710 bacchatus
3683 2635 3745 2691 in

2139 2715 2199 2771 S.
2228 2708 2590 2779 Augustinum
2619 2712 2688 2764 ita
2724 2710 2961 2780 loquitur
3012 2709 3148 2769 (Lib.
3184 2724 3200 2762 ι
3231 2708 3332 2778 0p.
3362 2708 3585 2780 lmperf.
3616 2723 3746 2780 cap.

2138 2785 2196 2856 4)
2229 2803 2243 2840 :
2280 2777 2383 2840 Hic
2412 2793 2491 2856 tu,
2532 2782 2769 2856 sacerdos
2795 2777 3197 2856 religiosissime,
3230 2777 3503 2856 rhetorque
3531 2777 3746 2856 doctis:

2140 2847 2287 2920 sime,
2341 2847 2552 2911 exhalas
2589 2853 2789 2906 tristius
2827 2847 3179 2904 et'horridius
3218 2850 3434 2918 aliquid,
3467 2865 3630 2920 quam
3664 2847 3746 2902 vel

2141 2919 2393 2982 Cons’cen.
2439 2924 2599 2995 (apud
2638 2923 2989 2995 Menardum;
3022 2921 3498 2995 Consceusisapud
3536 2919 3746 2995 Vigne—

2140 2999 2278 3052 rium
2309 3006 2364 3053 et
2393 2991 2744 3061 Paludanum)
2779 2994 2949 3057 vallis,
2984 2993 3062 3045 vel
3090 3003 3272 3061 puteus
3308 2992 3531 3055 Averni;
3579 2991 3747 3045 immo

2140 3070 2397 3123 scelestius
2427 3083 2580 3131 quam
2599 3067 2714 3135 ipsa
2734 3067 2787 3119 in
2819 3065 2896 3118 his
2918 3062 3046 3116 locis
3064 3064 3322 3117 idolorum
3343 3062 3558 3135 cultura
3593 3077 3746 3135 com-_

2141 3139 2359 3194 miserit.
2411 3131 2631 3208 Ubique
2666 3137 2919 3208 mendum
2967 3142 3086 3208 est,
3134 3135 3420 3208 legendum
3464 3133 3611 3186 enim
3661 3131 3749 3208 vel

2143 3210 2512 3281 Ampsanctina
2535 3202 2698 3274 vallis,
2730 3207 2809 3281 vel
2831 3214 3012 3276 puteus
3039 3205 3243 3281 Avergri,
3269 3213 3407 3281 etc.;
3437 3217 3563 3257 nam
3589 3202 3744 3269 apud

2145 3276 2361 3336 veteres
2404 3281 2547 3335 nulla
2581 3278 2784 3333 mentio
2827 3288 2912 3331 est
2941 3291 3113 3346 neque
3143 3276 3524 3346 Consentinus,
3561 3289 3749 3342 neque

2143 3350 2471 3406 Consrensis
2514 3361 2604 3404 aut
2641 3349 2946 3414 Cossensis,
2987 3344 3150 3402 immo
3194 3362 3368 3417 neque
3406 3344 3750 3414 Compsana:

2144 3423 2300 3477 vallis
2325 3423 2673 3492 (quamquam
2718 3420 2950 3492 Compsa
2966 3417 3108 3492 urbs
3134 3426 3218 3472 est
3245 3417 3388 3492 apud
3418 3417 3746 3492 Hirpinos),

456 3485 762 3540 laudantur.
795 3484 889 3563 llic
915 3485 1108 3563 estqui
1142 3485 1462 3563 Lutulentus
1508 3493 1681 3563 poeta_
1709 3484 1776 3537 ab
1820 3484 2036 3563 lignatio

2149 3508 2213 3548 ex
2247 3484 2350 3563 qua
2370 3484 2576 3548 tetrum
2607 3484 2871 3563 quiddam'
2895 3489 3203 3563 exhalaret,
3237 3484 3293 3543 et
3321 3484 3591 3563 idolorum
3617 3484 3751 3563 gul-

454 3565 698 3621 vocatur,
729 3555 924 3622 quique
950 3553 1153 3623 primus
1183 3557 1295 3608 nasi
1325 3553 1521 3626 stylum
1568 3555 1777 3610 acuisse
1804 3569 1833 3608 a
1866 3553 2040 3608 Plinio

456 3626 657 3681 dicitur
684 3641 698 3680 :
723 3627 1069 3696 quamobrem
1096 3642 1126 3681 a
1157 3625 1491 3693 Quintiliano
1525 3626 1867 3681 satiricorum
1896 3625 2044 3694 prin-

456 3711 582 3764 ceps
620 3698 937 3767 appellatur.

531 3768 777 3822 Dubitavi
806 3783 1018 3836 quoque
1047 3785 1172 3823 num
1206 3768 1340 3823 foret
1376 3783 1406 3823 a
1450 3769 1748 3823 Mercatore
1776 3767 2043 3822 indicatus

460 3838 718 3894 Lucullus
745 3839 834 3893 ille
866 3839 1277 3909 iambographns
1309 3840 1634 3909 impudirus,
1665 3838 1820 3906 cujus
1854 3837 2046 3894 memi-

460 3909 540 3963 nit
564 3910 752 3965 Cicero
783 3917 848 3964 ad
880 3914 1108 3964 Atticum
1133 3911 1151 3980 (
1173 3910 1282 3964 Lib.
1314 3927 1331 3964 ι
1362 3912 1509 3981 epist.
1540 3912 1672 3978 Io);
1705 3911 1797 3981 sed
1822 3910 2043 3964 dubium

461 3981 683 4052 omnino
709 3982 928 4052 sustulit
968 3981 1357 4052 Hieronymus,
1390 3980 1720 4050 retinerique
1758 3980 2044 4052 lectionem

459 4051 618 4121 jussit
666 4051 750 4106 his
778 4053 955 4124 verbis
986 4051 1248 4124 (Apolog.
1279 4054 1313 4106 2
1353 4053 1552 4106 advers.
1606 4053 1818 4124 Ruﬁn.)
1856 4070 1868 4106 :
1903 4051 2047 4105 Fieri

461 4130 624 4194 potest
649 4133 702 4176 ut
723 4123 921 4176 etiamsi
947 4121 1085 4175 ante
1115 4121 1288 4177 verum
1319 4124 1533 4186 audisti,
1577 4121 1716 4177 alius
1763 4124 1852 4192 qui
1891 4123 2047 4194 hujus

461 4193 536 4246 rei
566 4195 872 4266 igunrusest
899 4193 1033 4246 dicat
1063 4211 1094 4266 ᾳ
1116 4203 1163 4266 te
1184 4211 1290 4248 esse
1313 4194 1672 4266 compositum,
1699 4204 1746 4266 et
1775 4196 1925 4264 quasi
1942 4193 2046 4266 7mi-

465 4263 603 4337 nium
650 4263 973 4337 Philistionis
1010 4263 1358 4337 velLentuli,
1409 4263 1471 4318 ac
1515 4263 1734 4318 Marulli
1781 4263 2048 4337 stmpham

465 4334 682 4401 eleganti
710 4349 939 4388 sermone
978 4335 1266 4402 con/ictam.

539 4404 736 4460 Verum
767 4404 881 4471 quis
913 4404 1000 4458 ille
1041 4405 1253 4458 tandem
1286 4404 1598 4459 Latinorum
1629 4406 1912 4471 Lentulus,
1955 4407 2051 4473 qui

467 4489 587 4528 cum
631 4474 941 4528 Graecorum
974 4474 1289 4529 Philistionc
1333 4475 1648 4530 confertur?
1691 4491 1758 4530 an
1791 4477 2050 4532 ridiculus

470 4544 561 4615 ille
591 4543 782 4598 histrio
811 4544 1050 4613 Spinter,
1076 4559 1105 4598 a
1138 4545 1293 4614 cujus
1316 4547 1535 4599 nomine
1561 4557 1783 4602 vocatus
1804 4557 1887 4600 est
1909 4547 2049 4615 apud

466 4614 741 4669 Romanos
770 4615 1030 4670 Lentulus
1055 4615 1293 4682 Spinter,
1329 4616 1468 4684 quod
1500 4616 1615 4684 ejus
1643 4614 2050 4673 similitudinem

469 4687 704 4757 maxime
734 4684 982 4749 referret,
1034 4687 1228 4757 cuique
1253 4695 1442 4755 postea
1482 4687 1670 4755 Lepidi
1725 4703 1919 4744 nomen
1959 4704 2052 4756 per

467 4755 698 4824 lepidam
735 4757 973 4882 gicissim
1009 4764 1066 4813 et
1108 4755 1440 4828 ingeniosam
1483 4759 1634 4828 quasi
1663 4755 2053 4814 versuramla-

467 4837 610 4882 ctum
642 4837 722 4882 est

467 4837 610 4882 ctum
642 4837 759 4883 est?
1203 4881 1206 4885 .

537 4897 566 4936 δ
599 4899 776 4954 Locus
802 4898 1098 4970 Hieronimi
1131 4908 1289 4954 antea
1320 4901 1514 4954 citatus
1545 4899 1828 4970 legendum
1860 4900 2045 4966 docet,

470 4968 756 5025 Marullus.
797 4969 920 5024 Fuit
961 4981 1140 5025 autem
1175 4970 1333 5039 hujus
1371 4968 1618 5025 nominis
1645 4973 2047 5040 mimographus

469 5056 535 5096 eo
563 5056 729 5109 usque
777 5041 1066 5110 impudens
1111 5049 1168 5095 ut
1193 5042 1523 5096 Antoninum
1554 5043 1937 5111 imperatorem
1967 5044 2050 5097 in-

467 5126 683 5182 cessere
731 5115 922 5168 solitus
967 5121 1133 5176 esset,
1163 5113 1525 5182 grammatica:
1551 5128 1679 5167 vero
1727 5113 1943 5182 regulas
1978 5114 2048 5169 de

469 5181 735 5238 industria
785 5181 1195 5248 contemnebat,
1244 5191 1303 5238 ut
1339 5185 1505 5239 risum
1555 5181 1892 5240 auditoribus
1928 5198 2045 5238 mo-

469 5263 645 5309 VCI‘CI.

546 5334 569 5362 ο
594 5324 687 5381 Ille
717 5328 1127 5397 epigrammata,
1163 5327 1250 5383 hic
1279 5327 1500 5381 satiram
1533 5326 1783 5394 scripsit;
1816 5335 2042 5396 uterque

469 5394 700 5469 ﬂammis
731 5394 890 5464 dig'na
925 5414 1086 5469 opera
1114 5417 1126 5452 :
1156 5410 1216 5453 ut
1242 5399 1436 5469 mirum
1476 5398 1547 5452 sit
1574 5413 1642 5451 ex
1672 5397 1776 5452 hoc
1803 5394 2044 5469 stercore

469 5466 645 5538 colligi
673 5481 916 5537 gemmas
944 5466 976 5522 a
1016 5469 1348 5535 christianis,
1395 5467 1700 5537 famamque
1727 5466 2044 5522 eruditionis

470 5549 536 5592 ex
567 5552 633 5592 eo
662 5538 929 5606 conquiri,
960 5541 1103 5595 unde
1131 5555 1341 5594 morum
1371 5539 1631 5594 sanctitas
1658 5539 1910 5593 violatur.

540 5605 568 5644 ά
588 5605 948 5679 Ampsanctus
971 5610 1121 5665 lacus
1147 5619 1231 5666 est
1258 5611 1310 5664 in
1343 5610 1521 5666 medio
1548 5610 1713 5664 Italia:
1743 5608 1883 5677 apud
1924 5607 2045 5663 Hir-

471 5677 650 5751 pinos,
696 5677 791 5751 ‘ubi
837 5681 1106 5750 scaturigo
1143 5696 1403 5751 aquarum
1443 5680 1879 5750 sulphurearum,
1924 5693 2044 5750 quae

468 5748 618 5815 quod
657 5750 894 5815 undique
923 5748 1072 5810 silvis
1105 5748 1476 5820 aniustiisque
1517 5748 1714 5808 clausa:
1750 5759 1900 5819 sunt,
1934 5748 2043 5808 tam

2150 3558 2276 3619 tura'
2297 3563 2514 3618 infanda
2543 3558 2785 3630 quiedam
2809 3575 2871 3614 ac
2903 3559 3168 3628 horrenda
3188 3561 3574 3614 committeret.
3609 3558 3751 3630 Fuit

2147 3651 2275 3690 vero
2325 3651 2492 3706 prope
2542 3628 2926 3706 Ampsanctum
2969 3631 3141 3706 lacum
3175 3631 3434 3706 templum
3478 3628 3751 3706 Mephitis

2147 3706 2284 3770 deaa,
2317 3700 2533 3774 quo'qui
2567 3704 2907 3766 accederent,
2932 3700 3326 3774 enecabantur;
3361 3703 3578 3774 luerunt
3604 3705 3752 3774 Arn-

2148 3769 2352 3846 psancti
2384 3769 2575 3841 valles,
2609 3788 2835 3846 quarum
2869 3773 3110 3846 meminit
3141 3771 3432 3840 Virgilius;
3465 3769 3566 3826 fuit
3596 3779 3655 3846 ct
3688 3771 3750 3825 in

2149 3843 2375 3902 vallibus
2407 3859 2599 3916 puteus
2626 3843 2858 3916 Averni,
2891 3845 3017 3916 sive,
3043 3857 3239 3916 specus
3270 3858 3440 3916 prope
3469 3843 3745 3916 templum

2149 3912 2431 3987 Mephitis;
2470 3919 2680 3972 fuerunt
2731 3915 2963 3987 denique
3010 3912 3287 3987 horrenda:
3323 3915 3438 3987 dem
3483 3912 3751 3987 Mephitis

2150 3983 2324 4043 sacra.
2359 3990 2489 4056 Quae
2518 3988 2693 4042 omnia
2735 3986 2928 4039 mirum
2960 3993 3218 4052 quantum
3261 3983 3463 4038 faciunt
3489 3983 3554 4056 ad
3572 3999 3751 4056 ncom-

2150 4055 2484 4129 parationem
2521 4073 2628 4127 qua
2655 4058 2901 4113 Julianus
2923 4055 3296 4129 “Augustinum
3317 4099 3331 4122 ,
3364 4064 3486 4129 post
3526 4055 3749 4129 illatam

2151 4125 2336 4186 sancto
2366 4125 2576 4185 doctori
2615 4126 2957 4182 abominandi
3001 4125 3266 4194 sacrilegii
3311 4134 3368 4180 et
3400 4125 3753 4180 detestandae

2152 4200 2501 4271 blaSphemize
2544 4198 2889 4271 calumniam,
2919 4197 2994 4271 ait
3021 4196 3314 4271 exhalasse
3335 4196 3543 4271 tristius
3579 4195 3753 4271 quid:-

2150 4265 2379 4326 dam'et-
2399 4270 2672 4326 horridius
2701 4283 2860 4336 quam
2890 4268 2975 4322 vel
3004 4265 3387 4334 Ampsanctina
3417 4266 3578 4319 vallis
3604 4265 3620 4328 ,
3645 4267 3749 4321 vel

2154 4350 2347 4410 puteus
2373 4344 2569 4396 Averni
2613 4339 2882 4410 spiraret;
2927 4339 3091 4391 immo
3119 4339 3400 4410 scelestius
3425 4351 3586 4407 quam
3623 4338 3753 4406 ipsa

2153 4407 2206 4466 in
2239 4412 2322 4467 his
2351 4413 2485 4466 locis
2507 4407 2776 4466 idolOrum
2801 4409 3007 4462 cultura
3039 4407 3392 4462 Cotnmiserit.

2228 4491 2252 4520 °
2282 4483 2719 4548 Ampsanctinam
2770 4478 3147 4546 scaturriginem
3196 4478 3326 4532 dicit
3373 4478 3755 4547 conregiona-

2153 4553 2258 4607 lem
2309 4553 2526 4614 Juliani.
2561 4553 2682 4620 quia
2725 4551 3081 4620 Esculanum,
3111 4549 3548 4620 siveEclauum,
3583 4551 3755 4604 cuius

2153 4623 2306 4677 urbis
2329 4619 2696 4692 episcopatum
2728 4623 2897 4674 tenuit
2917 4619 3181 4692 Julianus,
3211 4619 3298 4672 vix
3331 4620 3516 4692 paucis
3540 4620 3754 4674 millia-

2155 4694 2306 4748 ribus
2333 4694 2494 4748 distat
2520 4690 2591 4746 ab
2612 4696 2934 4759 Ampsancto
2965 4690 3119 4755 lacu;
3152 4699 3314 4758 atque
3343 4691 3488 4755 hinc,
3515 4702 3757 4746 auctore

2157 4765 2474 4825 Mercatore,
2496 4763 2760 4818 refellitur
2787 4761 2968 4830 opinio
2997 4775 3182 4815 eorum
3209 4760 3300 4828 qui
3320 4761 3546 4815 alterius
3565 4760 3758 4830 cujus-

2076 4869 2129 4929 υ
2156 4835 2516 4929 euntquerloci
2542 4834 2908 4929 episcopatan
2938 4831 3150 4913 Juliano
3177 4831 3505 4913 tribuerunt.

2228 4905 2248 4943 τ
2281 4900 2425 4961 Nulli
2455 4900 2693 4974 ignotum
2719 4900 2803 4974 est
2833 4904 3026 4974 Averni
3059 4916 3256 4974 nomen
3286 4900 3758 4974 variaisignifica-

2152 4976 2297 5032 tione
2327 4971 2740 5030 sumi—solitum.
2778 4973 3063 5042 Proprium
3094 4971 3196 5027 fuit
3236 4973 3386 5027 lacus
3425 4971 3758 5042 Campaniae

2149 5062 2319 5117 prope
2347 5047 2522 5111 Baias,
2548 5061 2614 5100 ex
2637 5059 2742 5117 quo
2762 5041 3138 5117 enhalationes
3157 5043 3467 5109 sulphurea:
3490 5041 3758 5098 feruntur

2147 5113 2385 5181 sursum,
2418 5117 2554 5171 adeo
2581 5116 2663 5169 vel
2695 5113 3026 5184 pestilentes,
3061 5114 3141 5168 vel
3172 5122 3392 5181 tenues,
3429 5123 3485 5167 ut
3517 5123 3758 5181 praeter-

2149 5188 2396 5242 volantes
2437 5202 2564 5241 aves
2603 5195 2696 5238 aut
2735 5192 2962 5240 enecent
3003 5194 3224 5254 propter
3269 5185 3377 5237 vim
3423 5184 3756 5254 malignam,

2149 5266 2244 5311 aut
2290 5258 2559 5312 sustinere
2605 5262 2874 5323 nequeant
2921 5261 3145 5323 propter
3198 5255 3554 5319 tenuitatem;
3603 5254 3760 5311 unde

2149 5327 2348 5383 factum
2387 5341 2580 5400 nomen
2613 5322 2896 5400 Avernus,
2930 5322 3307 5400 aspectuquod
3350 5325 3477 5380 inde
3512 5325 3759 5400 transla-

2149 5407 2261 5453 tum
2293 5408 2374 5454 est
2421 5397 2487 5452 ad
2532 5396 2941 5466 significandum
2971 5394 3273 5464 quemlibet
3323 5405 3482 5466 terrae
3512 5395 3757 5462 hiatum,

2148 5484 2214 5524 ex
2240 5483 2368 5538 quo,
2400 5468 2550 5523 velut
2574 5465 2642 5523 ex
2670 5465 2873 5531 inferis,
2907 5467 3047 5520 letor
3085 5468 3393 5538 noxiusque
3438 5465 3647 5538 halitus
3673 5466 3760 5522 vi-

2149 5535 2312 5594 talem
2341 5553 2524 5594 auram
2570 5543 2975 5604 corrumperet,
3004 5547 3060 5591 et
3091 5535 3402 5591 hominibus
3440 5537 3758 5605 perniciem

2149 5617 2381 5666 crearet.
2413 5610 2548 5663 Hinc
2589 5607 2838 5681 Julianus
2881 5607 3016 5681 ipse,
3057 5606 3180 5662 loco
3229 5616 3386 5662 antea
3420 5608 3754 5681 emendato,

2150 5689 2375 5751 puteum
2419 5680 2618 5734 Averni
2669 5677 2798 5732 dicit
2825 5693 2919 5751 pro
2961 5677 3242 5751 hia_tu,nexg
3270 5693 3380 5748 quo
3399 5686 3580 5750 prope
3608 5677 3759 5738 tem;

2150 5748 2299 5820 plum
2329 5749 2578 5819 Mephitis
2602 5749 2914 5820 erumpebat
2936 5748 3060 5804 tetri
3090 5748 3277 5806 odoris
3306 5763 3502 5822 vapor.

3798 325 3832 368 γ’
