4010 6290
1604 171 1633 186 μ

1763 241 1958 300 MAR]!
1995 237 2434 300 MERCATORIS

3653 236 3768 299 156

471 362 617 438 quod
643 368 882 420 nascitur
907 375 972 418 ex
997 359 1153 429 vitio,
1181 359 1426 416 vitiatum
1456 367 1541 417 est
1561 400 1576 426 ,
1607 366 1663 414 et
1690 357 1817 413 inde
1845 357 2055 428 [Baluz.
2085 360 2136 419 Α
2163 357 2392 424 semina,
2426 356 2524 411 sed
2553 368 2764 411 morum
2790 355 2920 410 vitia
2949 360 3424 426 persequentem.»
3458 351 3771 426 Tamquam

473 454 615 529 iuri]
646 455 856 512 medico
885 463 940 512 et
967 453 1402 523 redintegratorc
1443 451 1649 523 indiget
1675 451 1916 508 Christo.

1091 543 1321 602 CAPUT
1363 544 1446 600 VI.

543 639 678 696 Item
704 641 758 694 in
790 639 966 695 eodem
995 639 1128 694 libro
1167 638 1399 708 capitulo
1438 652 1565 693 um
1589 637 1738 692 verba
1766 636 1990 692 Iuliani.

550 752 570 786 α
605 733 698 789 Ille
725 736 922 803 quippe
953 749 1063 788 non
1091 732 1248 797 dixit,
1300 740 1587 801 peccatum
1639 730 1923 797 transisse,
1967 729 2064 786 sed

475 838 735 894 mortem;
779 839 1006 882 mortem
1054 825 1236 896 utique
1277 823 1462 894 judicii
1505 823 1706 879 illatam
1753 824 2064 890 severitate,

477 919 939 991 praevaricationis
964 917 1240 982 ultricem;
1275 933 1382 972 non
1405 930 1691 987 corporum
1714 916 1941 984 semina,
1971 913 2065 972 sed

477 1031 690 1071 morum
713 1015 842 1070 vitia
870 1018 1338 1083 persequentem.»
1367 1018 1395 1048 ι
1637 1020 1639 1023 ·

549 1110 603 1163 1.
631 1109 712 1164 Ad
737 1108 872 1162 haec.
898 1104 1248 1170 Bardissime,
1279 1113 1372 1158 tuo
1403 1111 1456 1160 te
1486 1103 1720 1174 pugione
1753 1100 1922 1158 feristi
1949 1119 1963 1156 :
1989 1102 2070 1158 vis

477 1200 619 1256 enim
642 1216 746 1254 non
771 1207 1070 1268 peccatum,
1095 1196 1190 1252 sed
1213 1203 1444 1250 mortem
1468 1194 1698 1250 transire
1723 1209 1819 1264 per
1838 1193 2066 1263 semina,

479 1307 637 1361 quam
673 1299 850 1344 tamen
882 1289 963 1344 ais
995 1306 1014 1340 ‹
1045 1286 1236 1358 judicii
1267 1287 1472 1342 illatam
1523 1285 1830 1351 severitate,
1865 1302 2073 1356 praeva-

481 1383 758 1439 ricationis
781 1381 1050 1436 ultricem.
1066 1397 1086 1432 ι
1109 1378 1392 1435 Referatur
1415 1377 1576 1450 igitur
1597 1378 1691 1434 tibi
1713 1377 1781 1434 de
1800 1387 1914 1434 tuo.
1931 1377 2072 1446 Quid

481 1475 586 1531 hoc
629 1476 696 1529 ad
746 1485 1018 1545 posteros,
1051 1473 1141 1543 qui
1174 1487 1366 1528 omnes
1416 1469 1640 1527 omnino
1684 1470 1882 1526 mortui
1927 1478 2072 1536 sunt,

480 1569 806 1634 moriuntur,
839 1576 1003 1637 atque
1029 1566 1351 1633 morientur,
1399 1565 1490 1621 illa
1521 1564 1708 1636 utique
1753 1575 1926 1620 morte
1954 1579 2075 1635 qua:

479 1675 578 1732 per
606 1673 798 1714 omnes
829 1658 1073 1712 homines
1102 1655 1433 1727 pertransiit,
1456 1656 1732 1726 ultrixque
1756 1655 2075 1725 praevarica-

2163 450 2355 522 jubeas
2395 450 2576 520 potius
2621 465 2782 520 quam
2824 449 3022 504 doceas
3065 448 3274 504 nullum
3305 462 3430 504 esse
3459 459 3768 519 mortuum,

2167 559 2341 614 neque
2372 546 2531 612 mori,
2565 559 2666 600 nec
2695 545 3034 611 moriturum,
3069 544 3170 599 nisi
3215 544 3306 615 qui
3342 543 3476 600 Adae
3505 545 3775 615 praevari-

2168 639 2394 694 cationis
2421 639 2691 694 exstiterit
2729 639 2989 694 imitator.
3022 638 3136 693 Non
3170 638 3372 710 pudeat
3408 648 3571 694 tantae
3611 641 3774 696 vani-

2169 731 2335 785 tatis?
2360 730 2508 786 Itane
2538 730 2716 785 nullus
2746 729 2876 797 fuit,
2907 730 2992 786 vel
3024 739 3107 786 est
3136 729 3372 797 futurus,
3407 731 3491 787 vel
3524 741 3629 797 cst,
3659 733 3777 787 sal-

2169 831 2280 878 tem
2322 820 2351 860 ιι
2394 821 2690 876 secundum
2734 822 2977 893 magistri
3010 821 3087 876 tui
3130 821 3331 892 Pelagii
3366 820 3770 889 deﬁnitionem,

2170 927 2292 984 quze
2313 928 2343 968 a
2372 921 2424 968 te
2452 920 2535 968 tot
2560 911 2716 968 libris
2743 912 2964 968 defensa
2993 920 3097 978 est,
3125 927 3229 983 qua
3255 911 3415 968 ambo
3445 912 3772 980 decernitis,

2179 1025 2199 1060 ι
2228 1021 2391 1078 posse
2439 1006 2714 1062 hominem
2757 1021 2879 1063 esse
2911 1007 3032 1062 sine
3083 1014 3331 1077 peccato,
3377 1015 3431 1064 et
3480 1007 3646 1064 facile
3674 1007 3776 1064 Dei

2173 1099 2426 1156 mandata
2471 1101 2725 1156 servare?
2755 1116 2775 1153 ι
2810 1098 2882 1156 Ut
2911 1113 3041 1169 ergo
3071 1098 3409 1169 dicebamus,
3453 1099 3541 1156 vel
3571 1113 3778 1156 secun-

2173 1191 2302 1248 dum
2320 1207 2420 1247 vos
2445 1192 2610 1262 ipsos,
2633 1191 2813 1246 nullus
2838 1189 2938 1245 fuit
2960 1204 3059 1260 per
3082 1198 3160 1245 tot
3180 1189 3398 1258 sarcula,
3421 1191 3536 1260 qui,
3559 1189 3778 1245 alienus

2176 1283 2338 1354 hujus
2369 1291 2564 1339 vestra:
2607 1282 2928 1337 imitationis
2958 1281 3241 1347 inventus,
3288 1281 3428 1336 hanc
3456 1282 3508 1336 in
3540 1295 3603 1336 se
3642 1280 3782 1336 Ad:

2175 1392 2390 1448 poenam
2411 1392 2518 1433 non
2542 1385 2842 1432 mereretur
2865 1375 3141 1445 excipere,
3167 1390 3327 1445 quam
3353 1374 3488 1430 dicis
3512 1393 3532 1428 s
3564 1389 3782 1446 praeva-

2175 1469 2455 1524 ricationis
2487 1467 2756 1536 ultricem,
2789 1475 2846 1522 et
2874 1481 2996 1538 qua:
3026 1480 3134 1522 non
3159 1467 3400 1532 semina,
3427 1465 3524 1522 sed
3559 1481 3780 1521 morum

2177 1560 2308 1617 vitia
2333 1561 2488 1632 jussa
2531 1569 2617 1617 est
2657 1560 2935 1632 persequi.
2967 1577 2988 1612 ι
3017 1559 3086 1615 Et
3128 1569 3276 1616 certe
3319 1559 3375 1614 hi
3418 1574 3555 1630 quos
3593 1557 3784 1616 dicitis

2186 1674 2206 1709 ι
2236 1670 2396 1726 posse
2421 1668 2545 1711 esse
2570 1654 2689 1710 sine
2715 1663 2962 1724 peccato,
2991 1661 3050 1709 et
3075 1653 3232 1708 facile
3265 1653 3361 1708 Dei
3383 1653 3640 1709 mandata
3670 1669 3788 1709 ser-

479 1756 666 1819 tionis,
699 1761 760 1807 ut
789 1751 960 1807 dicis?
988 1750 1121 1806 Nam
1148 1751 1276 1806 illud
1311 1751 1456 1806 aliud
1488 1750 1772 1806 ridendum
1803 1759 1908 1820 est,
1933 1749 2076 1821 quod
2107 1752 2157 1813 B
2182 1761 2331 1813 vare,
2357 1764 2376 1798 s
2409 1759 2533 1802 esse
2560 1745 2680 1800 sine
2709 1745 2856 1802 vitiis
2879 1744 3098 1802 debent.
3124 1745 3463 1802 Postremum
3493 1754 3576 1801 tot
3612 1745 3787 1801 millia

480 1846 580 1915 ais,
603 1859 859 1911 mortem,
881 1860 1040 1916 quam
1065 1859 1277 1914 pmnam
1299 1858 1420 1900 esse
1441 1843 1625 1900 dixisti
1650 1845 1877 1914 peccati,
1903 1845 2076 1900 solam

491 1939 759 1995 transisse
787 1938 840 1994 in
871 1953 1061 2010 genus,
1093 1939 1296 2010 absque
1321 1938 1416 1994 illo
1440 1938 1582 2008 quod
1609 1938 1768 2008 hujus
1791 1940 1920 1994 tanti
1953 1939 2079 1995 mali

483 2031 696 2089 exstitit
718 2046 901 2086 causa.
926 2031 1008 2086 En
1035 2032 1285 2102 egregius
1306 2031 1440 2101 justi
1462 2029 1652 2100 judicii
1680 2030 1777 2086 Dei
1799 2031 2073 2100 delensor,

483 2125 574 2197 qui
597 2140 809 2195 poenam
834 2122 1132 2195 prosatoris
1155 2125 1494 2180 transmittas
1521 2124 1572 2180 in
1601 2133 1872 2196 posteros,
1899 2138 2076 2196 poenae

485 2216 604 2288 ejus
628 2232 847 2273 causam
878 2231 984 2272 non
1017 2215 1281 2273 habentes
1306 2218 1319 2270 l

550 2308 608 2364 2.
636 2309 880 2366 Delectat
900 2318 1081 2366 autem
1104 2308 1247 2381 quod
1277 2309 1549 2367 subnectis
1567 2326 1582 2366 :
1603 2329 1623 2364 ι
1647 2309 1765 2366 Νοη
1787 2323 2076 2379 corporum

2185 1839 2467 1896 infantium
2495 1838 2702 1910 absque
2723 1838 2854 1893 vitio
2874 1838 2985 1893 ullo
3008 1837 3300 1894 secundum
3332 1854 3429 1894 vos
3457 1847 3784 1904 nascuntur,

2184 1935 2294 1991 nati
2336 1942 2492 2002 sunt,
2543 1943 2706 2004 atque
2737 1941 3050 1989 nascentur.
3077 1934 3185 1990 Cur
3216 1934 3395 2002 itaque
3421 1933 3523 1988 hac
3554 1931 3787 2006 [Batus.

2186 2028 2345 2100 haec],
2373 2043 2494 2099 qua:
2519 2025 2706 2096 judicii
2735 2027 3027 2082 severitate
3049 2027 3196 2082 illata
3219 2036 3304 2082 est
3325 2027 3489 2083 ultrix
3521 2027 3793 2098 praevari-

2185 2121 2413 2177 cationis
2435 2117 2650 2191 [Butam
2674 2133 2778 2173 om.
2798 2116 3314 2189 praevaricationis],
3339 2130 3513 2174 morte
3535 2118 3792 2188 plectun-

2187 2222 2300 2280 tur,
2335 2225 2492 2281 quam
2525 2225 2627 2266 nec
2653 2223 2813 2264 causa
2854 2224 2950 2265 sua
2986 2218 3170 2265 secuta
3213 2217 3316 2278 est,
3348 2225 3470 2282 nec,
3519 2220 3582 2268 ut
3624 2210 3792 2279 dicis,

2187 2305 2400 2362 transiit
2425 2304 2477 2360 in
2505 2319 2831 2375 quemquam
2859 2316 2882 2344 ε
2911 2305 3183 2375 ipsorum?

1663 2445 2222 2505 CASTIGATIONES
2263 2445 2354 2502 ET
2394 2443 2618 2502 NOTIE‘.’

486 2581 580 2636 tite
609 2580 922 2650 originalis,
955 2580 1415 2651 quemadmodum
1447 2580 1691 2636 deﬁnivit
1721 2581 1780 2636 S.
1815 2580 2076 2649 Thomas,

485 2651 695 2707 duabus
741 2660 960 2720 Oportet
1005 2662 1256 2707 constare
1301 2651 1588 2721 partibus.
1621 2667 1726 2706 una
1770 2654 2075 2719 materiali,

484 2738 604 2792 quae
632 2723 1091 2791 concupiscentiae
1113 2723 1441 2793 reﬁ‘renitas;
1475 2723 1643 2778 altera
1675 2723 1889 2778 formali
1912 2767 1926 2788 ,
1960 2739 2082 2793 qua:

485 2793 772 2849 charitatis
799 2794 1055 2862 privatio.
1105 2792 1253 2849 Illam
1285 2804 1442 2848 vocat
1483 2794 1819 2864 Augustinus
1848 2792 2037 2849 vitium
2062 2837 2077 2862 ,

489 2865 739 2920 morbum
761 2905 776 2929 ,
808 2865 1125 2932 languorem
1148 2905 1165 2931 ,
1195 2876 1250 2919 et
1275 2866 1472 2918 malum
1502 2874 1743 2932 naturas;
1774 2867 1931 2920 istam
1959 2880 2086 2935 pec-

493 2945 674 2990 catum
705 2943 761 2988 et
791 2935 1025 3002 culpam.
1055 2936 1224 3004 Culpa
1259 2937 1583 2989 sacramenti
1611 2936 1811 2990 virtute
1855 2937 2080 3003 tollitur,

490 3004 685 3061 vitium
733 3005 1054 3071 relinquitur
1100 3007 1165 3059 ad
1217 3021 1482 3074 agonem:
1535 3007 1638 3060 etsi
1681 3007 1767 3062 vel
1816 3007 2088 3075 peccando

489 3077 723 3142 crescit,
773 3076 860 3148 vel
897 3076 1041 3131 bene
1089 3076 1299 3145 agendo
1345 3076 1631 3144 minuitur,
1679 3089 1883 3146 quanto
1917 3079 2088 3148 magis

489 3156 584 3202 aut
613 3147 874 3216 peccandi
903 3147 1300 3202 consuetudine
1331 3158 1578 3202 creatura
1602 3189 1616 3211 ,
1649 3156 1742 3203 aut
1773 3148 1918 3204 Deus
1950 3147 2088 3204 bene

490 3218 723 3273 vivendo
753 3219 1034 3274 dulcescit.
1086 3218 1551 3287 Quemadmodum
1584 3219 1756 3274 amba:
1795 3229 1977 3288 partes
2005 3222 2090 3288 ju-

495 3289 658 3344 stitize
704 3289 983 3359 originalis
1031 3291 1101 3345 ita
1149 3291 1610 3345 connectebantur
1649 3300 1858 3352 mutuo.
1890 3299 1948 3345 ut
1970 3290 2088 3346 fne-

497 3361 610 3416 rint
654 3361 781 3416 olim
809 3364 861 3414 in
893 3364 1098 3415 Adamo
1130 3361 1419 3416 innocente
1442 3406 1456 3431 ,
1490 3360 1790 3430 futuraeque
1821 3373 2003 3418 essent
2035 3364 2088 3416 in

493 3432 726 3501 posteris
757 3431 1140 3486 innocentibus
1171 3432 1392 3486 unicum
1427 3433 1786 3498 beneﬁcium;
1833 3435 1905 3488 ita
1949 3433 2086 3488 utri-

497 3516 668 3571 usque
696 3503 862 3575 partis
889 3501 1130 3575 vacuitas
1149 3544 1164 3569 ,
1195 3513 1253 3556 ut
1279 3505 1493 3575 unicum
1525 3503 1624 3558 fuit
1648 3505 1699 3558 in
1728 3504 1938 3558 Adamo
1964 3519 2090 3575 pec-

497 3582 654 3643 cante
681 3573 932 3627 damnum
955 3615 970 3638 ,
1005 3574 1076 3627 ita
1107 3581 1235 3627 sunt
1259 3573 1476 3643 unicum
1506 3575 1558 3629 in
1590 3576 1822 3642 posteris
1849 3573 2048 3630 malum
2069 3619 2084 3643 ,

496 3642 672 3769 gonfc
724 3653 1082 3700 renascantur
1133 3644 1185 3698 in
1239 3642 1498 3712 Christo,
1554 3655 1611 3701 et
1660 3645 1786 3700 novi
1839 3642 2088 3702 homines

538 3730 603 3769 an
637 3754 651 3768 .

538 3723 651 3770 ant.

512 3797 547 3837 ,μ’
567 3785 760 3859 Justus
783 3800 913 3855 ergo
938 3799 1060 3841 cum
1093 3794 1344 3859 procreat
1373 3785 1513 3843 ﬁlios
1533 3831 1548 3856 ,
1577 3786 1700 3857 quia
1731 3801 1797 3844 ex
1828 3803 1895 3844 eo
1921 3787 2091 3859 gignit

496 3855 639 3929 quod
671 3856 916 3929 relictum
957 3855 1135 3912 estad
1177 3873 1404 3929 agonem
1426 3903 1439 3926 ,
1475 3855 1756 3927 peccatum
1799 3855 2089 3915 cum'vitio

495 3926 1013 4000 traducitinﬁlium
1039 3943 1054 3994 ;
1083 3930 1196 3984 suis
1216 3926 1380 3985 'enim
1411 3926 1692 4000 principiis
1735 3929 1934 3986 similia
1963 3939 2089 3986 sunt

495 4012 615 4069 quae
641 4012 709 4054 ex
741 3998 872 4068 ipsis
897 4007 1012 4052 orta
1043 4009 1185 4055 sunt.

568 4069 646 4142 Eo
691 4070 965 4142 pertinent
1009 4078 1123 4125 tum
1171 4070 1556 4128 similitudines
1585 4071 1781 4142 quibus
1813 4072 2082 4128 interdum

500 4139 668 4214 utitur
695 4139 1062 4214 Augustinus,
1098 4149 1208 4196 tum
1255 4157 1416 4198 voces
1461 4139 1848 4214 metaphorica:
1895 4144 2089 4214 quibus

499 4209 640 4285 hanc
685 4209 803 4266 rem
844 4211 1096 4285 explicat.
1145 4215 1236 4268 Ait
1279 4214 1420 4268 enim
1466 4209 1640 4268 vitiata
1683 4232 1790 4269 esse
1817 4209 2088 4285 parentum

497 4284 716 4354 semina,
747 4298 912 4354 (egros
942 4284 1065 4337 oriri
1096 4300 1159 4338 ea:
1179 4286 1353 4353 wgris,
1381 4286 1759 4340 incircumcisos
1785 4284 1847 4340 ea:
1872 4287 2088 4340 circum-

498 4353 619 4426 cisis
639 4389 659 4420 ,
705 4368 767 4406 ea:
798 4353 932 4426 ’oleis
978 4354 1145 4426 insitis
1177 4356 1424 4426 oleastros
1445 4396 1460 4422 ,
1491 4372 1553 4409 ex
1573 4357 1732 4426 justis
1762 4366 2049 4425 peccatores
2069 4397 2085 4422 ,

499 4423 626 4495 quia
653 4422 1299 4495 generandoitraducitur
1328 4439 1455 4479 caro
1478 4465 1492 4487 ,
1524 4422 1646 4494 qua:
1669 4467 1682 4491 ,
1714 4422 1910 4495 expers
1951 4428 2086 4482 freni

2197 2579 2434 2634 tiﬁcihus
2465 2578 2774 2648 opinionem
2797 2619 2813 2647 ,
2845 2579 3000 2646 Quod
3025 2580 3336 2634 consortium
3369 2579 3558 2636 divina:
3589 2590 3800 2638 natura:

2190 2652 2257 2705 sit
2283 2651 2479 2704 homini
2509 2649 2746 2723 naturate
2769 2692 2784 2716 ,
2817 2651 3167 2719 pertinaciter
3197 2652 3368 2723 tueri,
3403 2663 3459 2706 ut
3491 2652 3631 2708 ﬁdes
3667 2669 3799 2723 pec-

2191 2723 2293 2779 cati
2322 2721 2603 2791 originalis
2632 2723 2720 2776 vix
2756 2736 2864 2776 non
2897 2731 3303 2790 perverteretur
3333 2721 3386 2776 in
3415 2721 3799 2781 commentum

2191 2808 2391 2862 suppar
2419 2791 2769 2860 blaSphemite
2815 2792 3057 2863 Illyrici?
3103 2793 3240 2860 Quid
3283 2794 3612 2860 explicatius
3667 2811 3799 2852 sen-

2197 2864 2362 2920 tentia
2388 2863 2446 2920 S.
2479 2863 2738 2929 Thomas,
2780 2863 2934 2932 cujus
2972 2863 3255 2919 Summam
3304 2864 3630 2933 Jansenius,
3688 2869 3802 2923 Au-

2195 2937 2465 3006 gustinum
2495 2945 2868 2999 contractum,
2898 2944 2953 2990 et
2981 2945 3130 2990 certa
3165 2937 3515 3006 proportione
3547 2940 3790 2994 rationi-

2197 3005 2298 3061 bus
2339 3005 2674 3060 naturalibus
2706 3006 2977 3075 alligatum
3011 3007 3210 3060 vocat?

2275 3081 2299 3109 ⁸
2319 3075 2623 3152 Responsio
2645 3076 2926 3152 _A_ugus_tini
2955 3078 3094 3152 apud
3117 3076 3466 3152 Garnerium:
3491 3080 3805 3152 tjAugusti-

2197 3162 2297 3202 nus
2323 3165 2336 3200 :
2369 3146 2436 3201 In
2467 3165 2526 3204 eo
2565 3149 2776 3218 quidem
2820 3147 2954 3211 loco,
3001 3149 3092 3203 ubi
3122 3150 3312 3204 dictum
3343 3160 3414 3205 est
3444 3167 3463 3206 :
3492 3149 3607 3206 Per
3632 3146 3804 3206 unum

2194 3220 2450 3272 hominem
2481 3229 2746 3293 peccatum
2777 3221 2991 3293 intrarit
3009 3221 3061 3272 in
3095 3225 3364 3293 mundum,
3399 3232 3445 3275 et
3475 3239 3572 3293 per
3605 3240 3804 3293 pecca-

2193 3300 2300 3344 tum
2325 3306 2483 3352 mors,
2513 3301 2560 3345 et
2585 3291 2657 3344 ita
2686 3292 2740 3342 in
2771 3307 2942 3345 omnes
2971 3291 3202 3346 homines
3247 3291 3551 3364 pertransiit
3571 3291 3806 3360 {utrum

2191 3373 2476 3433 peccatum,
2509 3379 2576 3415 an
2599 3377 2765 3433 mors,
2809 3380 2874 3416 an
2903 3371 3178 3432 utrumque
3218 3381 3308 3432 per
3345 3381 3523 3418 omnes
3558 3367 3805 3421 homines

2189 3432 2530 3507 pertransisse
2571 3432 2765 3507 dictum
2809 3434 2898 3498 sit,
2931 3433 3134 3488 videtur
3161 3435 3476 3507 ambiguum.
3515 3436 3632 3491 Sed
3675 3439 3805 3507 quid

2191 3505 2377 3556 horum
2423 3505 2510 3570 sit,
2557 3519 2639 3557 res
2688 3504 2806 3568 ipsa
2844 3507 2960 3575 jam
2991 3515 3167 3574 aperte
3198 3504 3516 3560 demonstrat
3543 3523 3563 3560 :
3600 3504 3730 3562 nam
3761 3509 3808 3563 si

2191 3586 2457 3651 peccatum
2483 3591 2593 3651 non
2615 3577 2998 3651 pertransisset,
3027 3592 3130 3628 non
3161 3577 3326 3630 omnis
3351 3576 3504 3651 homo
3534 3596 3664 3632 cum
3693 3579 3806 3651 lege

2191 3647 2408 3715 peccati,
2437 3661 2550 3713 qua:
2577 3647 2629 3698 in
2674 3646 2912 3701 membris
2941 3656 3034 3713 est,
3068 3657 3395 3713 nasceretur;
3425 3650 3468 3703 si
3512 3666 3662 3705 mors
3706 3646 3808 3705 non

2193 3717 2572 3784 pertransissct,
2604 3733 2707 3770 non
2733 3732 2905 3771 omnes
2951 3717 3202 3785 homines,
3237 3730 3484 3785 quantum
3526 3721 3604 3773 ad
3652 3723 3810 3776 istam

2192 3788 2536 3841 conditionem
2593 3787 2888 3860 mortalium
2937 3790 3184 3857 pertinet,
3237 3800 3584 3846 morerentur.
3648 3793 3806 3860 Quod

2191 3867 2362 3913 autem
2409 3859 2534 3930 dicit
2578 3858 2879 3925 Apostolus,
2927 3861 2982 3913 in
3009 3877 3110 3930 quo
3139 3877 3312 3914 omnes
3346 3858 3721 3930 peccaverunt,
3756 3865 3810 3919 in

2191 3945 2292 4004 quo
2318 3929 2662 4004 intelligitur?
2689 3930 2787 3984 nisi
2813 3929 3000 4004 Adam,
3022 3929 3096 4004 iin
3125 3948 3224 4002 quo
3263 3929 3355 3986 eos
3391 3935 3518 3987 dicit
3566 3945 3617 3988 et
3645 3929 3808 4004 mari,

2191 4002 2313 4073 quia
2342 4017 2442 4055 non
2467 4011 2576 4056 erat
2591 4003 2796 4073 justum
2822 4003 2932 4054 sine
2959 4003 3172 4055 crimine
3193 4003 3416 4057 transire
3446 4002 3806 4073 supplicium.

2194 4071 2603 4148 Quocumquete
2623 4081 2808 4136 vertas,
2846 4073 3173 4148 nullo‘modo‘
3193 4073 3460 4128 catholica:
3505 4071 3638 4146 ﬁdei
3686 4078 3814 4148 [un-

2159 4155 2164 4160 ‘
2193 4143 2432 4217 damento
2462 4144 2740 4207 subvertes,
2773 4145 3058 4217 prtesertim
3084 4145 3207 4213 quia
3237 4156 3284 4198 et
3317 4158 3370 4199 tu
3401 4143 3513 4217 ipse
3561 4148 3662 4202 tibi
3686 4143 3813 4205 ἀά-

2190 4215 2430 4283 versaris,
2459 4217 2546 4284 qui
2593 4230 2729 4268 nunc
2767 4214 2928 4279 dicis,
2963 4231 3060 4268 non
3089 4225 3355 4284 peccatum
3387 4214 3673 4283 transisse,
3716 4222 3811 4274 sed

2192 4297 2423 4348 mortem,
2476 4301 2592 4339 cum
2637 4285 2873 4352 superius
2925 4286 3148 4349 dixeris,
3180 4288 3487 4350 Apostotum
3536 4292 3665 4344 ideo
3706 4306 3812 4345 non

2193 4357 2322 4410 duos
2354 4357 2606 4422 homines,
2645 4356 2734 4410 sed
2764 4372 2921 4408 unum
2965 4357 3273 4424 inculcasse,
3313 4369 3367 4412 ut
3396 4360 3602 4414 doceret
3631 4363 3812 4416 imita-

2193 4428 2330 4500 tione
2371 4428 2779 4500 transisse,rnon
2823 4429 3148 4496 generatione
3196 4444 3482 4500 peccatum.
3532 4431 3685 4498 Quid
3735 4443 3812 4488 est

497 4491 726 4568 justitim
769 4493 1046 4562 originalis
1076 4495 1309 4568 animam
1357 4491 1556 4568 excipit
1596 4491 1872 4550 carentem
1913 4498 2083 4552 altera
2111 4499 2326 4566 unod
2377 4515 2511 4551 nunc
2561 4499 2713 4566 dicis,
2762 4491 2864 4551 non
2909 4507 3171 4567 peccatum
3196 4491 3468 4568 transisse,
3519 4491 3616 4556 scd
3663 4520 3808 4560 mor-

497 4562 728 4633 justitiae
758 4573 910 4636 parte
930 4608 943 4632 ,
963 4579 1097 4636 Aquae
1127 4564 1361 4636 charitas
1383 4606 1398 4630 ,
1429 4562 1600 4621 donec
1629 4581 1748 4622 eam
1779 4582 1874 4636 per
1903 4581 2085 4623 sacra-

503 4644 745 4690 mentum
762 4633 979 4706 Christi
1009 4635 1250 4706 recipiat.

572 4705 1036 4778 Auctoriquidam
1081 4705 1308 4762 multum
1349 4706 1551 4763 laboris
1593 4707 1696 4762 hac
1725 4707 1779 4762 in
1810 4715 1962 4778 parte
1992 4723 2089 4778 po-

499 4778 730 4850 suit,et
757 4777 843 4850 vix
879 4788 1056 4850 tamen
1101 4778 1268 4834 hilum
1310 4778 1572 4850 proiecit,
1618 4777 1902 4849 propterea
1943 4777 2088 4850 quod

499 4849 690 4905 maluit
728 4848 932 4918 aliquid
973 4848 1187 4916 dicere,
1237 4863 1344 4919 quo
1390 4848 2088 4906 doctoribus’scholas‘ticis

499 4920 1152 4992 contradiceret,_quam
1207 4920 1519 4992 consentire
1566 4921 1766 4976 sanctis
1813 4922 2087 4992 magistris

496 4993 799 5063 Augustino
829 5000 892 5063 et
912 4990 1136 5045 Thomas
1157 5032 1172 5059 ,
1205 4991 1273 5046 de
1304 5004 1460 5061 pacto
1491 4991 1656 5046 Deum
1689 4993 1829 5048 inter
1858 4990 2083 5048 et'Ada-

498 5061 644 5117 mum
677 5063 828 5118 inito.
862 5061 1042 5128 Quare
1067 5072 1286 5118 coactus
1315 5073 1402 5118 est
1429 5063 1495 5117 ad
1526 5063 1787 5118 absurdas
1819 5065 2081 5132 quasdam

494 5135 841 5204 conjecturas
869 5133 1055 5189 venire
1076 5175 1092 5201 ,
1125 5133 1189 5187 de
1215 5143 1456 5204 corrupto
1483 5144 1751 5204 parentum
1776 5137 1988 5202 semine,
2022 5137 2087 5190 de

493 5203 671 5277 uitiata
703 5222 792 5274 per
820 5217 1082 5277 peccatum
1110 5205 1296 5258 Adami
1322 5203 1560 5277 temperie
1580 5247 1594 5271 ,
1627 5207 1688 5259 de
1716 5207 1918 5260 occulta
1946 5222 2086 5260 mor-

499 5273 720 5354 bosaque
748 5273 996 5354 qualitate
1022 5293 1056 5354 _a
1083 5278 1329 5346 serpentis
1370 5276 1535 5329 halitu
1564 5278 1790 5354 immissa
1815 5318 1828 5343 ,
1848 5277 2087 5354 aliisque

497 5346 765 5418 similibus
788 5346 1086 5418 ﬁgmentis,
1119 5363 1242 5418 quae
1271 5363 1364 5418 per
1394 5362 1657 5403 summam
1698 5349 1950 5418 injuriam
1977 5346 2088 5404 Ᾱιι-

492 5417 714 5485 gustino
741 5417 1090 5486 afﬁnguntur.

571 5486 680 5542 Sed
709 5487 835 5556 quid
865 5505 999 5562 Opus
1041 5489 1219 5546 fuerat
1262 5491 1615 5562 quaestionem
1639 5531 1655 5558 ,
1697 5505 1818 5546 cum
1849 5491 2083 5562 primum

497 5567 836 5623 nasceretur,
871 5561 1031 5631 paulo
1059 5561 1680 5631 quidem'obscuriorem
1703 5605 1718 5629 ,
1764 5562 1858 5615 sed
1900 5561 2086 5614 docto-

491 5641 620 5701 rum
666 5629 1091 5701 posteaglabore'
1134 5631 1495 5701 Ecclesiaeque
1524 5651 1688 5690 sensu
1720 5633 2041 5686 illustratam
2066 5673 2082 5698 ,

491 5697 928 5775 ξιθιίιξιῇοίῐίιεὶεΔ
956 5703 1169 5758 nebulis
1220 5707 1274 5758 in
1321 5697 1577 5775 pristinas
1623 5718 1882 5760 revocare
1933 5697 2086 5758 teneé

484 5765 660 5835 bras?
683 5770 772 5830 Au
797 5771 934 5830 tanti
956 5785 1077 5832 erat
1103 5765 1412 5836 damnatam
1436 5791 1467 5832 a
1495 5777 1671 5834 tribus
1693 5775 1923 5834 summis
1950 5787 2088 5844 pon-

2191 4569 2327 4621 tem?
2348 4587 2366 4620 ι
2400 4568 2553 4623 Ent'r.

2265 4638 2289 4675 ι)
2320 4638 2598 4710 N0tandus
2627 4641 2678 4694 in
2704 4640 2896 4710 primis
2920 4641 3072 4696 locus
3093 4686 3106 4708 ,
3137 4658 3204 4698 ex
3230 4658 3338 4710 quo
3368 4651 3588 4699 constat
3614 4647 3810 4702 multis

2195 4707 2347 4784 libris
2375 4725 2402 4763 a
2435 4709 2650 4766 Juliano
2679 4707 2956 4784 defensam
3004 4707 3170 4768 fuisse
3215 4707 3415 4784 Pelagii
3461 4721 3804 4773 sententiam

2192 4779 2262 4834 de
2305 4781 2661 4850 impeccantia
2691 4782 2948 4849 hominis,
2979 4793 3032 4839 et
3078 4785 3283 4840 viribus
3323 4779 3534 4841 natura:
3575 4789 3650 4842 ad
3680 4805 3805 4845 ser-

2193 4853 2362 4930 vanda
2384 4851 2493 4930 Dei
2513 4855 3038 4930 prmcepta._Quibus
3069 4867 3247 4910 autem
3276 4856 3346 4911 de
3375 4857 3530 4910 libris
3554 4859 3812 4930 loquitur

2194 4920 2495 5001 Mercator?
2514 4920 2706 5001 neque
2732 4920 2874 5001 enini
2912 4928 3012 5001 l_i_oc
3032 4937 3416 5001 argumentum
3441 4940 3533 4981 aut
3564 4920 3808 5001 in'prio-

2193 5007 2272 5059 re,
2299 5003 2391 5048 aut
2422 4997 2473 5048 in
2509 4996 2806 5064 posteriore
2847 4995 3046 5050 Juliani
3078 4998 3254 5064 Opere
3298 5001 3563 5053 advi-rsns
3606 4995 3668 5055 S.
3700 5007 3812 5058 Au-

2191 5067 2464 5132 gustinum
2517 5077 2800 5121 tractatum
2854 5078 2955 5121 est.
2989 5075 3068 5122 An
3112 5068 3327 5123 Juliano
3360 5071 3655 5124 tribuenda
3697 5087 3815 5134 est,

2192 5144 2412 5207 auctore
2461 5135 2779 5204 Mercatore,
2822 5138 3052 5207 epistola
3105 5140 3171 5194 ad
3231 5141 3637 5196 Demetriadem
3667 5144 3693 5197 ?
3729 5146 3812 5199 An

2194 5205 2328 5260 liber
2354 5205 2422 5262 de
2455 5207 2684 5268 Natura.
2720 5219 2774 5262 et
2823 5205 2946 5262 libri
2987 5219 3099 5264 tres
3145 5211 3213 5265 de
3262 5211 3457 5265 Libero
3506 5215 3767 5268 Arbitrio
3799 5258 3811 5274 ,

2194 5276 2402 5349 aliaque
2440 5280 2702 5346 ejusmodi
2736 5278 2933 5348 Opera,
2982 5295 3102 5349 qua:
3133 5282 3330 5342 Pelagii
3371 5297 3562 5346 sensu,
3618 5288 3814 5341 verbis

2194 5345 2391 5426 Juliani
2419 5345 2714 5426 composita
2737 5345 2888 5404 sint?
2919 5345 3347 5426 Anitribueudus
3377 5369 3619 5423 quoque,
3661 5362 3812 5426 quod

2191 5418 2408 5492 aliunde
2435 5423 2678 5488 augurali
2709 5436 2897 5476 smnus
2919 5463 2934 5486 ,
2968 5422 3109 5476 liber
3154 5418 3707 5492 Ratiocinationum',
3762 5429 3813 5481 in

2191 5489 2385 5557 quibus
2417 5493 2645 5560 quaestio
2678 5500 2906 5561 utraque
2931 5495 3190 5560 agitatur,
3215 5504 3272 5549 et
3301 5496 3603 5550 secundum
3647 5489 3818 5552 Pela-

2189 5561 2523 5700 giifpentem
2549 5561 2802 5618 deﬁnitur
2826 5563 2989 5633 (Vide
3019 5565 3226 5620 dissert.
3253 5567 3320 5634 2,
3348 5567 3404 5620 in
3435 5570 3610 5637 elogio
3642 5567 3819 5622 Petao

2189 5648 2219 5700 g
2246 5648 2259 5682 ι

2226 5647 2259 5682 ﬂ

2189 5648 2654 5776 g_"£_YQtt€mquam
2699 5706 2923 5776 lapsum.
2967 5705 3046 5760 Ita
3091 5717 3308 5763 veteres
3351 5707 3477 5764 libri
3523 5719 3580 5764 et
3630 5709 3824 5769 editio

2188 5771 2534 5832 Gerberonii.
2567 5775 2677 5836 Sed
2699 5771 2996 5835 Garnerius
3019 5779 3262 5846 reposuit
3279 5779 3555 5844 ipsorum.
3587 5781 3674 5844 ΒΑ
3688 5801 3828 5845 Lua.
