4010 6290
219 225 312 289 137

1056 211 1264 271 LIBER
1301 206 1882 270 SUBNOTATIONUM
1920 206 1986 263 IN
2027 204 2256 263 VERBA
2291 205 2578 265 JULIANI.

3351 212 3454 267 138

274 340 324 396 5.
360 335 453 395 llic
477 331 570 390 tibi
607 330 678 388 de
719 328 986 396 manibus,
1037 335 1099 383 ut
1152 328 1226 383 ita
1266 324 1523 391 dixerim,
1566 321 1763 379 cecidit
1786 324 1840 385 Α
1863 329 1919 377 et
1947 319 2211 377 disertum
2254 335 2362 376 non
2388 317 2775 387 intellexerim,
2804 320 2947 377 dicta
2985 321 3117 387 sint,
3142 321 3288 393 quod
3313 331 3368 378 et
3396 330 3455 378 ιιι

217 430 333 494 illud
356 423 701 496 condiscipuli
743 421 824 478 tui
865 421 1108 480 Coelestii
1134 419 1408 492 egregium
1446 417 1767 475 deﬁnitum:

225 545 244 581 ι
270 521 509 594 Quoniam
541 524 822 588 peceatum
842 514 976 572 Adae
1003 514 1179 585 ipsum
1201 512 1375 569 solum
1398 511 1563 578 laesit,
1584 518 1640 566 et
1663 524 1771 566 non

223 627 365 687 genus
399 610 711 665 humanum.
738 623 759 660 ι
793 614 821 643 ι
853 604 950 660 Hic
969 612 1054 660 est
1091 602 1378 660 leestius
1406 616 1543 657 unus
1569 616 1637 657 ex
1663 601 1770 657 illis

224 704 387 779 quibus
410 700 461 756 in
488 697 567 754 tui
593 696 782 768 operis
801 696 941 753 libro
979 695 1155 767 primo
1176 693 1245 751 de
1274 702 1508 765 quatuor
1539 692 1607 750 ad
1636 693 1775 749 Tur-

224 796 428 855 bantium
456 790 571 846 haec
599 790 682 845 ais
709 806 723 843 :
761 806 784 843 ς
812 788 1071 844 Doctores
1101 785 1274 842 nostri
1301 785 1584 855 temporis,
1610 784 1774 841 frater

222 885 494 947 beatissime
522 880 820 950 Turbanti,
847 888 904 936 et
936 878 1193 945 nefariis,
1224 893 1347 949 quae
1372 877 1547 934 adhuc
1576 875 1772 947 fervet,

224 976 466 1040 seditionis
505 983 763 1031 auctores
802 972 872 1029 ad
912 972 1193 1028 hominum
1246 970 1275 1011 ³³
1314 986 1543 1043 quorum
1572 972 1777 1029 sanctis

222 1072 384 1131 studiis
406 1078 656 1135 uruntur,
682 1067 1045 1124 contumelias
1071 1074 1128 1122 et
1168 1065 1391 1122 exitium
1418 1065 1778 1123 decreverunt

224 1163 522 1239 pet-ruinam
569 1160 743 1217 totius
788 1157 1049 1215 Ecclesiae
1074 1156 1378 1229 pervenire,
1422 1171 1532 1213 non
1577 1157 1778 1213 intelli-

224 1266 383 1330 gentes
425 1260 689 1326 quantum
740 1249 827 1306 bis
876 1249 1206 1306 contulerint
1256 1248 1501 1315 honoris,
1549 1263 1777 1319 quorum

222 1348 547 1408 ostenderunt
583 1342 845 1415 gloriam,
876 1340 985 1397 nisi
1024 1355 1148 1397 cum
1188 1340 1457 1397 catholica
1495 1340 1777 1412 religione,

224 1456 312 1499 non
342 1453 490 1512 posse
518 1435 741 1511 [Belum
768 1433 1032 1507 potuisse]
1056 1433 1314 1489 convelli.
1338 1451 1359 1487 s
1406 1434 1554 1491 Itane
1582 1435 1779 1493 oblitus

225 1529 437 1588 amicitia
458 1542 521 1585 es
548 1526 763 1600 [Baluz.
794 1522 1123 1596 amicitias]?
1152 1525 1299 1581 itane
1323 1526 1653 1582 consuevisti
1686 1526 1781 1583 de.

228 1620 442 1680 tendere?
467 1636 540 1675 an
572 1633 719 1676 nunc
748 1617 848 1674 tibi
875 1616 980 1688 ipsi
1012 1626 1242 1687 patrono
1277 1632 1414 1688 opus
1439 1619 1558 1675 est?
1593 1626 1650 1674 et
1678 1618 1779 1677 de-

228 1715 345 1787 cepti
367 1720 481 1771 sunt
508 1711 606 1783 qui
631 1719 687 1767 te
714 1709 820 1766 sibi
847 1718 1176 1781 paraverant
1199 1707 1584 1766 defensorem?

288 1807 335 1863 ι.
358 1806 413 1863 Et
442 1805 563 1861 hac
598 1818 632 1860 a
659 1817 771 1872 me,
812 1809 1088 1874 tamquam
1116 1800 1211 1872 qui
1252 1808 1306 1858 te
1336 1801 1497 1858 nimis
1524 1802 1781 1861 callidum

1805 1722 1855 1784 B

1874 412 1993 469 sine
2018 413 2127 469 ulla
2151 412 2489 469 dubitatione
2513 413 2774 483 jactabis;
2804 414 2893 469 ubi
2913 414 2959 470 si
2983 415 3086 471 hoc
3109 414 3208 473 tibi
3235 429 3458 487 persua-

1874 508 2034 575 seris,
2058 506 2350 577 plurimum
2381 514 2435 562 te
2463 505 2673 578 [Baluz.
2692 507 2836 561 omit.
2861 504 2938 579 te]
2967 506 3145 564 falles.
3169 508 3284 577 Ego
3306 510 3455 565 enim

1875 608 1930 656 te
1975 598 2239 667 intellexi,
2312 606 2369 653 et
2417 598 2544 669 quid
2593 606 2781 653 contra
2830 598 2990 654 ﬁdem
3040 608 3284 655 tenacem
3324 601 3462 657 recti

1875 692 2213 765 ineptissime
2248 692 2456 748 sentias
2504 690 2654 760 novi,
2700 700 2756 747 et
2800 691 2996 761 quibus
3032 692 3323 748 verborum
3372 694 3463 749 hic

1876 786 2039 844 modo
2067 786 2239 842 utaris
2264 784 2583 855 ambagibus
2608 784 2868 840 memoria
2900 792 3083 853 teneo,
3107 794 3164 840 et
3183 784 3463 856 paululum

1877 894 1978 937 nos
2008 886 2214 950 patere,
2248 878 2365 932 haec
2390 876 2758 947 probabimus.

1950 971 2005 1027 5.
2032 968 2289 1025 Abuteris
2336 968 2593 1025 videlicet
2624 966 3053 1025 Christianorum
3090 968 3463 1041 simplicitate,

1879 1061 1970 1134 qui
1996 1061 2052 1117 in
2083 1061 2183 1116 hos
2212 1059 2381 1117 libros
2412 1067 2532 1116 tuos
2553 1060 2811 1131 legendos
2841 1060 3129 1117 inciderint
3151 1077 3167 1119 :
3193 1070 3282 1117 tua
3302 1064 3466 1119 verba

1880 1154 1982 1212 ista
2011 1163 2139 1211 sunt
2166 1168 2381 1225 nempe,
2409 1172 2429 1207 ι
2466 1154 2523 1209 ln
2554 1168 2744 1209 omnes
2775 1169 2909 1211 vero
2936 1156 3185 1212 homines
3212 1171 3318 1211 non
3342 1172 3469 1228 pec-

1880 1256 2060 1303 catum
2092 1246 2379 1312 transisse,
2409 1245 2505 1302 sed
2536 1254 2789 1313 mortem,
2820 1246 3023 1302 illatam
3046 1246 3232 1317 utique
3262 1250 3469 1304 severi-

1881 1347 1991 1396 tate
2013 1338 2227 1411 judicii,
2252 1339 2717 1410 praevaricationis
2740 1340 3045 1395 ultricem.»
3082 1340 3180 1396 llic
3208 1340 3297 1396 hic
3323 1341 3469 1397 inte-

1884 1433 1988 1489 rim
2019 1440 2074 1488 te
2103 1431 2495 1503 aliquantulum
2521 1440 2764 1499 teneam;
2812 1431 2901 1487 hic
2945 1441 3123 1489 tecum
3162 1449 3343 1489 moras
3370 1434 3472 1489 ali-

1881 1541 2019 1598 quas
2051 1526 2255 1582 utiliter
2280 1534 2484 1593 teram;
2510 1540 2643 1597 rogo
2666 1528 2712 1581 si
2737 1526 3055 1597 simpliciter
3074 1567 3091 1594 ,
3119 1537 3174 1584 et
3203 1543 3313 1583 non
3338 1540 3359 1567 ο
3389 1528 3472 1585 di-

1885 1619 2196 1689 lemmatus,
2220 1618 2249 1656 ἀ
2273 1628 2540 1689 tamquam
2560 1619 2626 1675 ad
2650 1619 2895 1677 Crmsum
2916 1628 2972 1676 et
2988 1618 3252 1691 Pyrrhum
3276 1621 3476 1679 Loxias

1885 1716 2053 1789 (unus
2078 1713 2280 1771 etenim
2308 1712 2514 1769 erroris
2539 1712 2759 1784 spiritus
2787 1712 3006 1785 [Baluz.
3037 1730 3132 1770 un.
3165 1724 3222 1771 et
3248 1725 3304 1771 tu
3332 1732 3478 1774 nunc

1890 1822 1999 1864 err.
2034 1805 2296 1879 spiritu])
2325 1807 2584 1879 loqueris,
2622 1807 2896 1879 quomodo
2932 1822 3042 1865 non
3066 1818 3090 1847 ο
3119 1818 3178 1866 et
3202 1819 3257 1866 tu
3288 1812 3477 1868 tradu-

1362 1939 1914 2004 CASTIGATIONES
1953 1946 2043 2003 ET
2082 1946 2314 2003 NOTAE.

289 2053 313 2082 ι
335 2040 493 2099 Verba
523 2053 647 2111 quae
671 2043 973 2111 sequuntur
997 2035 1158 2111 digna
1185 2044 1313 2111 sunt
1339 2052 1461 2107 qua:
1488 2036 1786 2111 observen-

227 2127 302 2174 ιω·
320 2114 460 2187 paulo
479 2106 799 2187 studiosius.
813 2106 1129 2187 _Ost_ent_l_unt
1154 2108 1302 2165 enim
1332 2106 1518 2179 quanti
1547 2122 1787 2187 se_suos-

228 2177 594 2258 que'lscerens
645 2179 945 2258 Pelagiani.
1000 2177 1081 2258 Ea
1123 2177 1397 2258 vero_no_n
1436 2180 1788 2258 reperiuntur

227 2249 1087 2330 apudAugustinum.libsontertio
1103 2251 1308 2330 prioris
1336 2249 1552 2330 Operis,
1584 2250 1786 2330 qui_re-

226 2319 428 2386 spondet
446 2319 587 2381 libro
618 2322 782 2378 tertio
824 2319 1023 2377 Juliani
1050 2320 1117 2375 ad
1165 2319 1544 2386 Turbantium.
1594 2319 1691 2377 sed
1732 2323 1788 2377 in

226 2346 249 2384 ε
312 2344 428 2383 Μαι
446 2344 587 2381 ΙΙΙ)Γο
618 2344 782 2378 ιθῐιιυ
824 2344 1023 2377 διιιιὶιιιι
1050 2344 1117 2375 au
1174 2344 1544 2386 ιυῐυδιιιιιιιιιο
1594 2344 1691 2377 seu
1732 2344 1788 2377 Ill

226 2344 344 2457 hilaro
367 2394 601 2454 secundo
627 2392 699 2450 de
727 2392 891 2463 Nupt.
922 2400 980 2447 et
1002 2390 1244 2463 Concup.
1274 2408 1397 2463 cap.
1428 2395 1481 2459 3,
1508 2392 1792 2449 dicuntur-

226 2485 317 2543 que
357 2475 604 2543 excerpts
630 2480 701 2522 ex
726 2462 1049 2543 praefatione
1094 2462 1791 2543 totius_0peris._lta_vero

226 2533 277 2618 s'e
300 2542 486 2618 habent
504 2533 530 2591 ε’
553 2533 828 2618 Doctsres,
882 2533 1287 2618 inquit.“nost_ri
1318 2533 1582 2618 temporis,
1630 2538 1792 2618 frater

226 2613 509 2678 beatissime,
536 2620 583 2663 et
623 2606 840 2674 nefaria
863 2620 978 2675 qua
1016 2605 1188 2659 adhuc
1217 2609 1375 2678 fervet
1401 2605 1669 2678 seditionis
1690 2623 1791 2661 au-

226 2695 394 2749 ctores,
438 2677 505 2735 ad
540 2679 827 2743 hominum,
857 2692 1082 2749 quorum
1107 2677 1298 2731 sanctis
1322 2677 1507 2731 studiis
1547 2686 1790 2745 uruntur,

225 2748 545 2809 contumelias
563 2758 609 2804 et
632 2749 842 2804 exitium
887 2748 1241 2820 decreuerunt,
1273 2764 1365 2820 per
1392 2748 1598 2820 ruinam
1635 2749 1792 2802 totius

227 2823 485 2886 Ecclesia,
511 2821 783 2893 pervenire,
802 2835 908 2874 non
926 2817 1283 2893 intelligentes'
1295 2827 1544 2893 quantum
1560 2818 1653 2893 his,
1671 2834 1797 2873 con-

227 2896 427 2950 tulerint
452 2890 675 2957 hanoris,
700 2906 919 2961 quorum
945 2890 1531 2961 ostenderuntgloriant,
1555 2890 1655 2944 nisi
1675 2906 1796 2944 cum

226 2966 465 3045 cat/soli“
490 2959 757 3045 religione,
784 2978 887 3045 non
909 2959 1137 3045 potuisse
1162 2959 1583 3045 .conv’elli.-Nstm
1609 2962 1653 3015 si
1682 2961 1796 3032 quis

228 3047 305 3091 aut
338 3037 546 3092 liberum
574 3030 631 3088 in
657 3030 950 3087 hominibus
992 3031 1294 3095 arbitrium,
1344 3039 1435 3086 aut
1480 3030 1649 3086 Deum
1687 3030 1798 3085 esse

230 3108 521 3163 nascentium
544 3104 864 3159 conditorem
889 3103 1100 3168 dixerit,
1130 3100 1532 3173 Caelestianuset
1554 3102 1800 3173 Pelagia-

230 3196 311 3233 ιω
332 3190 551 3234 vocatur.
585 3174 672 3247 Ne
690 3175 860 3247 igitur
900 3186 1142 3247 vocentur
1170 3174 1419 3247 haeretici,
1451 3172 1585 3242 ﬁunt
1615 3172 1797 3228 Mani-

230 3251 375 3316 chci;
397 3258 442 3304 et
467 3253 593 3302 dum
619 3244 811 3315 falsam
837 3252 1072 3299 verentur
1098 3244 1582 3311 infumiam,verum
1608 3249 1801 3299 crimen

232 3323 496 3386 incurrunt,
518 3321 687 3373 instar
705 3317 955 3388 ferarum,
979 3330 1094 3385 quae
1115 3315 1719 3388 circumdanturrpinnis,
1743 3324 1801 3370 ut

232 3401 457 3464 cogantur
478 3391 534 3443 in
558 3387 714 3444 retia.
748 3387 959 3464 Quibus
982 3387 1226 3454 quoniam
1247 3387 1394 3464 deest
1421 3387 1576 3456 ratio,
1623 3387 1679 3441 in
1710 3402 1799 3441 ve-

232 3457 332 3517 rum
353 3463 564 3518 exitium
590 3475 727 3514 vana
750 3457 1024 3529 formidine
1042 3457 1441 3529 contenduntur.

290 3532 469 3589 bIllud
509 3534 690 3601 ipsum
741 3528 1067 3601 Querebatur
1098 3528 1349 3601 Ijelagius
1378 3529 1636 3585 adversus
1676 3528 1802 3585 Hie-

235 3598 646 3677 ronymum,'qui
675 3600 731 3656 in
760 3598 1460 3677 praelationepialogornm
1505 3612 1633 3677 tunc
1666 3609 1803 3677 tem-

234 3668 381 3746 poris,
407 3668 604 3745 opino'r
623 3713 640 3739 ,
681 3668 908 3746 scripta,
938 3668 1328 3746 cutn_Joannes
1357 3672 1803 3743 Hierosolymita-

232 3741 668 3819 iiusimposuerat
694 3743 909 3819 utrique
949 3742 1089 3811 parti
1118 3741 1415 3819 silentium,
1450 3741 1803 3819 vetueratque

235 3812 441 3873 alterum
469 3816 628 3871 alteri
657 3814 866 3870 crimen
895 3812 1171 3869 haereseos
1196 3812 1466 3883 objicere;
1506 3814 1672 3870 immo
1713 3812 1804 3869 ca-

235 3890 448 3945 tholicos
477 3885 698 3943 invidiae
722 3900 849 3953 erga
872 3883 1147 3954 Pelagium
1174 3895 1543 3940 accusaverat.
1576 3885 1666 3941 Sic
1690 3885 1798 3941 ait:

236 3961 495 4015 Adversum
516 3974 603 4013 eos
628 3957 719 4027 qui
758 3970 846 4027 me
882 3955 1075 4027 dicunt,
1104 3956 1198 4010 hoc
1239 3954 1384 4026 Opus
1423 3957 1804 4027 inﬂammatum

237 4032 423 4087 invidia:
438 4025 650 4101 facibus
667 4025 905 4101 scribere,
943 4025 1158 4101 breviter
1177 4025 1495 4101 respondebo
1525 4044 1806 4101 numquam

236 4120 305 4157 me
320 4097 570 4157 haereticis
597 4097 904 4171 pepercisse,
925 4105 974 4152 et
998 4098 1136 4171 omni
1165 4097 1329 4171 egisse
1336 4098 1527 4171 _stud_io
1552 4107 1610 4151 ut
1637 4097 1806 4155 hostes

240 4172 465 4228 Ecclesia:
506 4166 609 4225 mei
634 4166 832 4241 quoque
858 4166 1028 4241 hostes
1056 4166 1258 4241 fierent.
1302 4167 1568 4225 Helvidius
1603 4172 1809 4241 scripsit

238 4255 399 4299 contra
436 4251 631 4299 sancta
649 4239 861 4295 Μανία
901 4239 1240 4311 virginitatem
1276 4250 1615 4311 perpetuam;
1658 4239 1810 4295 num-

238 4315 346 4383 quid
364 4325 417 4369 ut
445 4315 494 4367 ei
527 4308 1316 4383 responderemdu'ctusinvidia
1346 4308 1491 4378 sum,
1523 4328 1671 4383 quem
1699 4328 1811 4366 om-

240 4377 345 4439 nino
366 4388 417 4439 in
444 4377 738 4439 carne'non
764 4381 869 4454 vidi
892 4381 916 4434 ?
943 4377 1271 4454 Iovinianus,
1300 4377 1746 4454 cujus,'o'Pelagi,
1775 4400 1811 4437 a

240 4465 284 4510 te
313 4472 444 4510 nunc
481 4455 694 4510 haeresis
721 4452 1000 4507 suscitatur
1023 4491 1039 4516 ,
1067 4445 1563 4522 Romanam/idem,
1618 4445 1696 4508 me
1719 4445 1813 4507 ab.

240 4538 386 4591 sente,
415 4527 661 4593 turbavit,
694 4533 804 4576 tam
823 4522 1043 4592 elinguis
1063 4530 1111 4575 et
1130 4524 1377 4578 sermonis
1409 4525 1595 4593 putidi,
1621 4536 1677 4579 ut
1702 4542 1812 4579 nta-

235 4599 309 4669 gis
341 4595 692 4669 misericordia
716 4594 905 4669 dignus
929 4593 1083 4663 fuerit
1123 4609 1279 4669 quam
1303 4594 1519 4669 invidia,
1559 4592 1652 4649 Illi
1679 4612 1811 4669 quoe

234 4665 326 4738 quc
365 4667 629 4738 respondi,
658 4674 713 4719 ut
759 4665 1240 4738 potui.s....garrit
1290 4665 1638 4738 unusquisque
1677 4665 1813 4732 quod

1826 3353 1873 3419 C

1888 2041 2025 2107 quod
2064 2040 2254 2095 bonum
2280 2055 2390 2114 pro
2412 2048 2550 2096 certo
2580 2040 2803 2095 noveris.
2839 2040 2943 2107 Qui
2970 2041 3161 2110 minas,
3187 2043 3480 2114 injuriam,

1890 2121 2343 2184 paupertatemque
2365 2111 2500 2179 ferre
2524 2128 2626 2184 non
2650 2127 2941 2180 possumus,
2968 2113 3225 2182 quomodo
3245 2111 3483 2184 ﬂammas

1891 2181 2177 2253 Babylonis
2224 2181 2483 2237 vincemus
2501 2182 2725 2253 {Quae
2772 2181 2987 2238 acuunt
3035 2181 3328 2250 snnvavi'r,
3380 2204 3488 2244 pax

1891 2251 2052 2309 rtcfa
2077 2269 2179 2311 non
2202 2269 2471 2328 auritum.
2522 2251 2680 2328 ΝίιζοΔ
2714 2254 2914 2328 ιὶηιονᾳΔ
2931 2256 3202 2325 perﬁdiam
3243 2258 3438 2314 discere
3462 2300 3483 2328 ,

1892 2340 2010 2379 cum
2038 2341 2210 2381 veram
2233 2326 2386 2391 ﬁdem
2410 2339 2538 2379 mea:
2558 2322 2789 2395 Christus
2817 2322 3082 2395 reliquerit
3101 2327 3373 2382 voluntati.

1971 2406 1994 2435 ο
2013 2396 2143 2451 Haec
2164 2410 2270 2450 vox
2299 2395 2496 2466 legitur
2517 2396 2570 2450 in
2604 2395 2744 2450 libro
2761 2394 2939 2451 Ruﬁni
2963 2396 3237 2453 Palzestini
3263 2399 3331 2454 de
3355 2399 3487 2456 Fide

1894 2481 2015 2534 cap.
2050 2468 2151 2523 5'5:
2198 2466 2326 2537 Cum
2370 2483 2485 2535 nos,
2517 2467 2613 2534 ait,
2640 2467 3067 2537 interrogaverint
3120 2477 3298 2523 utrum
3345 2470 3486 2526 Deus

1896 2538 2234 2607 procreaverit
2266 2534 2488 2599 Filium,
2531 2552 2725 2602 necne;
2770 2548 2820 2609 et
2839 2534 3139 2609 acceperint
3165 2556 3197 2593 a
3223 2541 3369 2595 nobis
3406 2559 3490 2596 re-

1896 2624 2174 2682 sponsum,
2192 2610 2477 2682 procreavit
2499 2623 2518 2662 :
2556 2609 2729 2682 statim
2753 2607 3005 2679 adiiciunt
3033 2610 3490 2682 interrogationem

1898 2676 2220 2746 huiusmodi,
2248 2676 2599 2750 quamiGrasci
2641 2676 2992 2750 dilemmatam
3019 2676 3250 2747 vocant;
3264 2680 3489 2750 Invitus,

1897 2767 1967 2804 an
1994 2750 2223 2819 sponte?
2252 2758 2359 2805 etc.
2402 2749 2572 2804 Porro
2601 2762 2746 2822 cum_
2769 2763 2873 2804 vox
2912 2749 3013 2805 ista
3042 2752 3183 2822 apud
3224 2753 3362 2810 alios
3393 2749 3493 2809 au?-

1897 2831 2077 2877 ctores
2103 2836 2207 2876 non
2250 2822 2579 2891 reperiatur,
2606 2819 2749 2890 quod
2777 2821 2945 2875 sciam
2963 2862 2980 2889 ,
3008 2819 3361 2880 vehementer
3389 2824 3493 2880 ad-

1898 2892 2149 2948 dncorut
2175 2892 2392 2947 credam
2424 2906 2454 2946 a
2496 2892 2796 2947 Mercatore
2826 2892 3024 2947 librum
3066 2893 3249 2949 Ruﬁni
3288 2896 3496 2951 Latini-

1901 2970 2011 3017 tate
2039 2963 2319 3037 donatum.
2349 2963 2546 3037 verum
2575 2963 2673 3037 hac
2708 2962 2777 3017 de
2806 2977 2867 3037 _r_e
2896 2963 3320 3037 prolixius_alias
3348 2965 3497 3037 (Dis-

1900 3042 2023 3109 sert.
2037 3035 2093 3109 2,
2108 3036 2171 3088 de
2189 3034 2487 3109 auctoribus
2498 3033 2914 3109 etdefensoribus
2928 3034 3139 3109 hmesis
3148 3033 3468 3109 Pelagianis)
3479 3079 3494 3093 .

1973 3102 2003 3143 σι
2052 3106 2226 3161 Locus
2270 3104 2360 3160 ille
2400 3104 2663 3160 mendose
2711 3105 2904 3174 legitur
2936 3107 2988 3160 in
3021 3107 3211 3161 codice
3248 3102 3498 3165 Bellova-

1904 3176 2087 3232 censi:
2122 3176 2406 3245 Tamquam
2427 3176 2756 3229 dilemmatus
2782 3176 3031 3231 Acresum
3061 3187 3110 3232 et
3131 3177 3353 3233 Phirum
3386 3181 3495 3234 loc-

1904 3248 2033 3314 eias,
2066 3264 2196 3301 unus
2220 3258 2268 3302 et
2302 3258 2358 3301 tu
2391 3262 2530 3300 nunc
2568 3246 2783 3314 spiritus
2818 3248 3039 3312 erroris,
3072 3257 3178 3304 etc.
3204 3250 3496 3306 Correctus

1906 3328 1991 3374 est
2019 3327 2131 3373 tum
2154 3334 2224 3389 θξ
2253 3316 2739 3389 codice_Vaticano,
2774 3327 2884 3372 tum
2915 3319 3186 3389 praecipue
3210 3336 3279 3377 ex
3305 3321 3501 3377 Hiero-

1905 3404 2072 3461 nymo
2101 3390 2168 3444 ad
2196 3387 2600 3461 Psnnmachitttn
2625 3398 2682 3461 et
2720 3387 2997 3444 Oceanum
3029 3387 3097 3446 de
3124 3391 3396 3449 haereticis
3420 3393 3499 3448 ita

1904 3458 2183 3518 scribente
2209 3458 2403 3533 (Epist.
2447 3458 2577 3533 84);
2610 3458 2909 3533 Siquando
2948 3464 3121 3533 urgeri
3155 3468 3417 3531 eruperint,
3448 3471 3502 3518 et

1905 3541 1998 3588 aut
2018 3531 2440 3588 subscribendum
2459 3532 2531 3585 eis
2555 3532 2728 3601 fuerit,
2749 3540 2836 3584 aut
2859 3531 3146 3587 exeundum
3163 3534 3228 3588 de
3241 3533 3499 3600 Ecclesia,

1907 3606 2064 3659 miras
2086 3602 2325 3672 strophas
2349 3600 2524 3657 videas
2541 3600 2561 3669 ;
2576 3604 2650 3655 sic
2673 3604 2821 3657 verba
2843 3613 3146 3671 temperant,
3171 3606 3246 3659 sic
3266 3607 3503 3661 ordinem

1906 3684 2129 3741 vertunt,
2161 3684 2209 3729 et
2228 3673 2468 3744 ambigua
2492 3690 2705 3743 quaeque
2728 3676 3057 3744 concinnant,
3092 3684 3149 3729 ut
3184 3687 3231 3730 et
3272 3687 3501 3734 nostram

1907 3757 1957 3801 et
1996 3746 2411 3802 adversariorum
2434 3745 2807 3815 confessionem
2834 3754 3059 3814 teneant,
3088 3758 3144 3800 ut
3172 3747 3323 3801 aliter
3339 3747 3505 3803 haere-

1908 3816 2062 3887 ticus,
2089 3815 2546 3872 aliter‘catholicus
2576 3817 2776 3883 audiat,
2796 3816 2944 3882 quasi
2974 3833 3076 3887 non
3106 3817 3285 3871 eodem
3314 3820 3505 3878 spiritu

1907 3898 1957 3944 et
1978 3886 2166 3958 Apollo
2187 3886 2463 3958 Delphicus
2486 3896 2639 3955 atque
2665 3887 2853 3940 Lamias
2874 3886 3085 3941 oracula
3107 3889 3303 3958 fuderit
3329 3888 3504 3944 Crasso

1909 3968 1964 4031 ct
1988 3957 2216 4031 Pyrrho,
2243 3957 2461 4031 diversis
2492 3958 2945 4031 temporibus_,_sed
2973 3957 3344 4031 parisilludens
3370 3970 3507 4014 stra-

1909 4027 2054 4103 phaf
2069 4029 2309 4101 Exempli
2339 4045 2495 4103 causa
2522 4043 2691 4103 pauca
2728 4028 3035 4097 subjiciam:
3083 4027 3397 4103 Credimus,
3421 4032 3507 4083 in-

1910 4098 2113 4171 quiunt,
2144 4098 2567 4171 resurrectionem
2593 4098 3142 4171 futuramcorporum.
3163 4098 3283 4153 Hoc
3313 4100 3358 4153 si
3379 4100 3507 4155 bene

1912 4167 2138 4232 dicatur,
2168 4186 2299 4239 pura
2330 4169 2584 4240 confessio
2603 4178 2675 4222 est
2699 4167 2837 4240 ;_sed
2862 4167 2983 4239 quia
3011 4184 3231 4238 corpora
3251 4180 3371 4225 sunt
3401 4187 3506 4227 rte-

1914 4244 2061 4298 testia
2085 4251 2133 4297 et
2159 4238 2445 4307 terrestria,
2476 4248 2530 4293 ut
2553 4238 2870 4293 orthodoxus
2913 4255 3103 4309 corpus
3136 4242 3360 4297 audiens
3392 4260 3512 4297 car-

1914 4331 2029 4385 nem
2048 4323 2208 4385 putet,
2234 4312 2501 4385 haereticus
2530 4310 2780 4385 spiritum
2800 4320 3154 4385 recognoscat,
3188 4324 3295 4369 etc.

1986 4381 2182 4441 Loxias
2208 4398 2341 4438 vero
2368 4381 2506 4437 idem
2527 4381 2612 4436 est
2640 4381 3025 4453 quod‘Apollo,
3050 4385 3141 4453 qui
3171 4400 3294 4439 cum
3324 4385 3505 4441 ambi-

1913 4471 2042 4526 gua,
2081 4455 2370 4524 ﬂexiloqua
2401 4464 2457 4509 et
2501 4453 2721 4526 obliqua
2773 4451 2930 4526 daret
2973 4451 3259 4523 responsa,
3305 4456 3509 4513 Loxias

1914 4523 2093 4583 dictus
2121 4534 2224 4580 est.
2273 4523 2407 4581 Nam
2438 4523 2828 4597 apudGrtecos
2855 4524 2995 4597 λόξος
3025 4526 3306 4597 obliquum
3337 4530 3511 4597 signi-

1918 4599 2080 4653 licat:
2124 4611 2449 4667 quamquam
2477 4604 2534 4650 et
2557 4595 2660 4649 alia
2685 4595 2753 4667 ab
2777 4594 2899 4667 aliis
2926 4595 3315 4667 appellationis
3344 4594 3513 4653 causa

1917 4665 2173 4734 ali‘ertur';
2211 4682 2314 4737 qua
2343 4666 2412 4721 de
2441 4682 2502 4721 re
2542 4665 2766 4737 consule
2815 4665 3148 4721 Macrobium
3181 4668 3233 4722 in
3264 4667 3404 4723 libro
3433 4668 3515 4723 De

236 4734 398 4805 deruit,
427 4734 522 4808 ego
546 4737 688 4792 solus
714 4751 830 4790 sum
871 4734 960 4805 qui
988 4742 1295 4808 cunctorum
1339 4736 1506 4806 gloria
1545 4734 1816 4805 mordear;
1842 4740 1895 4802 D
1920 4739 2055 4795 Diis.
2084 4734 2374 4807 Quid’vero
2395 4734 2707 4808 Delphicus
2721 4735 2918 4808 Crteso
2939 4737 3343 4808 expeditionem
3374 4738 3517 4792 Pcr-

236 4820 281 4863 et
306 4820 407 4865 tam
428 4805 605 4873 miser,
638 4817 697 4861 ut
721 4810 785 4859 iis
808 4820 1007 4878 quoque
1032 4805 1294 4878 invideam
1321 4805 1408 4874 qui
1434 4823 1538 4860 non
1559 4817 1818 4863 merentur
1921 4813 2089 4866 sicam
2111 4805 2403 4864 meditanti
2427 4849 2442 4872 ,
2501 4806 2628 4876 quid
2651 4805 2889 4878 APyrrho
2914 4805 3175 4864 adversus
3228 4809 3514 4865 Romanos

237 4882 474 4935 invidiam
495 4895 516 4933 :
553 4879 693 4934 unde
718 4886 775 4931 ut
814 4877 1045 4930 omnibus
1075 4876 1345 4944 probarem
1384 4893 1464 4931 me
1506 4894 1610 4932 non
1654 4879 1820 4934 odisse

240 4949 483 5016 homines,
510 4949 605 5005 sed
623 4963 841 5015 errores,
877 4962 967 5001 nec
1001 4947 1294 5016 aliquorum
1318 4948 1591 5018 infamiam
1613 4965 1816 5015 qurere-

238 5038 310 5087 re,
348 5023 625 5095 magisque
639 5019 812 5073 dolere
860 5018 1238 5095 vice_m_e_orum
1267 5020 1373 5095 qui
1412 5020 1548 5095 falsi
1600 5020 1821 5095 nominis

237 5087 899 5161 scientia'supplantantur,
927 5088 1086 5142 Attici
1114 5098 1162 5144 et
1190 5087 1441 5145 Crit'obuli
1485 5091 1693 5145 nomina
1719 5107 1821 5161 po-

238 5164 341 5232 sui,
372 5180 465 5235 per
494 5177 625 5235 quos
673 5169 723 5216 et
765 5167 943 5215 nostra
971 5175 1132 5235 pars
1154 5169 1203 5214 et
1238 5161 1655 5235 adversariorum
1690 5161 1823 5235 quid

235 5231 438 5290 sentiret
459 5231 851 5304 eiprimerem._.
867 5270 882 5283 .
899 5267 914 5304 _.
930 5269 946 5286 .
962 5231 1027 5286 Si
1045 5232 1160 5299 quis
1182 5240 1354 5286 autem
1385 5233 1577 5301 falsum
1600 5249 1656 5287 se
1682 5233 1824 5304 infa-

236 5308 363 5360 mari
395 5302 655 5368 clamitat,
685 5311 732 5357 et
776 5302 1031 5373 gloriatur
1062 5311 1238 5357 nostra
1262 5306 1481 5371 sentire;
1526 5313 1648 5358 tunc
1692 5302 1824 5359 verte

236 5378 353 5441 ﬁdei
391 5373 629 5449 probabit
671 5388 963 5449 assensum,
1003 5388 1122 5449 cum
1167 5385 1343 5449 aperte
1385 5383 1433 5430 et
1470 5376 1660 5449 absque
1700 5376 1823 5449 dolo

232 5442 451 5503 adversa
479 5446 823 5510 damnaverit,
851 5458 914 5497 ne
943 5443 1123 5497 audiat
1163 5442 1299 5499 illud
1329 5442 1685 5517 propheticum
1706 5462 1725 5501 :
1754 5445 1826 5500 Et

235 5520 286 5571 in
314 5516 663 5588 omnibus_iis
703 5531 807 5570 non
844 5524 922 5568 est
963 5530 1208 5588 conversa
1231 5517 1300 5570 ad
1328 5534 1407 5571 me
1429 5516 1829 5588 ’prwvaricatria:

233 5605 382 5659 soror
412 5591 523 5659 ejus
550 5586 699 5659 Juda
716 5601 792 5659 ea;
839 5594 944 5659 toto
968 5586 1122 5640 corde
1162 5603 1291 5655 suo,
1336 5586 1522 5642 sed'in
1560 5588 1828 5644 mendacio

233 5654 461 5716 Herem.
481 5675 561 5727 ιιι,
593 5658 675 5730 7).
708 5654 1030 5731 Minorisque
1058 5660 1253 5725 peccati
1278 5654 1367 5715 est
1405 5660 1549 5731 sequi
1593 5661 1789 5715 malum
1812 5700 1829 5726 ,

234 5736 375 5802 quod
422 5731 609 5787 bonum
631 5727 937 5799 putaveris,
980 5743 1133 5795 quam
1178 5746 1284 5785 non
1330 5727 1524 5794 audere
1559 5732 1834 5805 defendere

632 5820 907 5883 Pax-non.
952 5816 1239 5880 XLVIII.

1924 4882 2167 4936 moventi
2195 4880 2410 4947 oblique
2432 4876 2795 4947 responderit,
2819 4879 3037 4934 obvium
3068 4879 3266 4948 passim
3293 4888 3395 4934 est.

1999 4961 2023 4989 θ
2065 4953 2179 5007 Hoc
2220 4951 2439 5005 nomine
2465 4948 2903 5018 Pelagianisoliti
2925 4958 3050 5005 sunt
3070 4963 3260 5004 omnes
3290 4949 3512 5018 quidem

1925 5023 2133 5091 peccati
2183 5019 2810 5091 originalisdelensores
2839 5023 3163 5091 traducere,
3204 5019 3300 5091 sed
3333 5022 3518 5091 Augu-

1926 5089 2130 5149 stinum
2166 5089 2426 5148 maxime.
2454 5090 2566 5146 Nec
2598 5090 2733 5145 illud
2757 5092 3058 5146 convicium
3086 5090 3238 5145 solus
3267 5089 3397 5147 fecit
3425 5089 3521 5148 Ju-

1929 5164 2138 5230 lianus;
2172 5163 2269 5220 sed
2296 5162 2852 5234 Annianussetiamin
2879 5171 3104 5234 utraque
3131 5160 3385 5234 epistola,
3409 5178 3519 5234 qua

1932 5238 2183 5305 praelatus
2232 5244 2317 5291 est
2347 5233 2415 5289 ad
2458 5233 2709 5289 homilias
2736 5231 3109 5305 Chrysostomi
3158 5233 3239 5305 in,
3262 5231 3520 5289 Latinum

1930 5301 2233 5364 sermonem
2262 5322 2292 5360 a
2318 5320 2380 5361 se
2420 5319 2640 5369 versas;
2672 5302 2920 5359 scribens
2946 5301 3089 5358 enim
3112 5303 3180 5359 ad
3210 5304 3520 5369 Orontium,

1928 5377 2017 5433 cui
2048 5378 2300 5433 homilias
2330 5380 2389 5433 in
2433 5376 2746 5446 Matthaeum
2777 5372 3048 5436 mittebat,
3068 5445 3072 5446 ν
3093 5387 3214 5446 post
3242 5376 3521 5433 laudatam

1930 5451 2063 5521 tanti
2116 5449 2355 5521 doctoris
2403 5445 2792 5521 eloquentiam,
2843 5445 3347 5521 sententiarumque
3393 5464 3519 5521 cum

1931 5520 2233 5592 Pelagianis
2262 5519 2637 5592 dogmatibus,
2669 5524 2729 5571 ut
2759 5518 3137 5592 mentiebatur
3158 5561 3171 5584 ,
3203 5518 3524 5577 consensio-

1932 5587 2094 5648 nem':
2130 5587 2390 5659 Quantum
2416 5589 2584 5651 nobis,
2605 5587 2833 5660 inquit,
2865 5591 3233 5645 consolationis
3262 5593 3519 5660 emitur,

1933 5679 2050 5717 cum
2070 5663 2324 5717 cernimus
2350 5670 2454 5713 tam
2482 5659 2685 5713 erudito
2708 5668 2910 5728 tamque
2936 5662 3129 5716 illustri
3158 5663 3381 5716 Orientis
3410 5679 3525 5718 ma-

1934 5734 2094 5806 gistro
2115 5749 2227 5787 eant
2246 5747 2402 5803 quant
2420 5732 2474 5787 in
2493 5731 2638 5787 nobis
2671 5729 3032 5788 Traducianus
3058 5742 3346 5804 oppugnat,
3360 5736 3527 5789 astrui

3051 5818 3089 5879 5
