4010 6290
211 237 318 298 ibi

1079 211 1288 270 LIBER
1325 203 1911 270 ευΒΝοτΑτιοΝυΜ
1951 206 2016 268 IN
2057 205 2283 262 VERBA
2326 202 2614 262 JULIAM.

3383 191 3492 253 ιη

221 343 272 398 in
298 349 493 398 manus
541 337 742 392 sancite
788 331 934 396 illius
981 329 1239 386 Romanae
1279 328 1538 386 Ecclesia:
1587 327 1800 382 veniret
1827 334 1876 398 Α
1903 332 2330 380 resurrecturum
2361 335 2501 390 esse,
2536 319 2630 374 sed
2674 318 3046 374 tantummodo
3081 317 3255 387 justos
3282 322 3338 371 et
3364 301 3491 371 san-

223 431 498 493 antistitis,
551 436 598 482 te
623 434 816 497 agente
857 439 886 478 a
931 423 1206 478 nonnullis
1255 436 1284 474 a
1333 433 1384 477 tc
1424 420 1665 490 deceptis
1710 433 1806 490 per

225 532 381 580 totam
415 533 558 590 pene
581 517 786 572 Italiam
815 515 1133 574 circumlata
1170 511 1378 587 [Baluz.
1407 513 1534 566 add.
1572 510 1696 582 est],
1729 518 1803 580 et,

227 630 488 690 tamquam
522 626 773 682 magnum
800 608 1022 682 aliquid,
1059 607 1354 663 multorum
1402 606 1623 662 auribus
1669 604 1806 662 insi-

225 719 374 772 nuata
411 702 778 774 cognoscitur.
819 700 896 756 ibi
923 714 1156 769 namque
1189 699 1332 754 inter
1359 707 1555 753 ctetcra
1583 697 1654 754 ita
1681 697 1802 751 ais:

233 813 297 853 ιι
332 798 426 865 Qui
458 807 544 851 est
569 797 734 867 igitur
769 802 1027 861 assertor,
1073 791 1215 862 quod
1244 806 1420 860 neque
1450 806 1547 860 per
1577 797 1806 850 mortem

222 893 348 962 Atla:
391 905 559 948 omne
607 903 782 960 genus
829 886 1109 942 hominum
1157 884 1443 950 moriatur,
1493 897 1666 952 neque
1715 897 1809 951 per

231 983 670 1044 resurrectionem
701 979 902 1040 Christi
931 992 1092 1034 omne
1117 991 1288 1050 genus
1323 975 1600 1030 hominum
1628 989 1811 1030 resur-

223 1083 342 1146 gat,
392 1081 583 1128 contra
633 1071 956 1140 Apostolum
1005 1068 1171 1124 sentit
1221 1068 1528 1123 dicentem:
1561 1067 1711 1122 Sicut
1757 1068 1810 1121 in

222 1149 383 1222 “Adam
411 1181 591 1220 omnes
618 1165 933 1234 moriuntur,
966 1164 1040 1218 ita
1070 1162 1122 1216 in
1148 1160 1353 1218 Christo
1384 1176 1559 1216 omnes
1583 1161 1810 1231 viviﬁca-

232 1260 406 1314 buntur
432 1258 484 1328 (Ι
512 1257 634 1313 Cor.
659 1275 752 1324 xv,
777 1259 895 1330 22).
929 1278 948 1312 ι

297 1353 376 1408 il.
408 1351 503 1414 llic
523 1368 633 1424 qua
663 1352 874 1417 fraude,
895 1361 948 1408 et
975 1366 1076 1422 quo
1108 1350 1255 1419 dolo,
1278 1365 1416 1421 quos
1443 1365 1636 1406 omnes
1661 1349 1810 1406 dicas

235 1454 284 1500 et
307 1445 500 1504 sentias
531 1444 785 1508 novimus
811 1454 867 1508 et
894 1454 1162 1515 tenemus,
1186 1444 1437 1502 videlicet
1468 1460 1577 1500 non
1611 1457 1803 1500 omnes

229 1523 443 1592 omnino
485 1536 765 1602 homines,
799 1537 903 1592 hoc
949 1546 1055 1606 est,
1092 1545 1260 1592 totum
1293 1552 1461 1608 genus
1492 1535 1810 1604 humanum,

233 1629 326 1686 sed
353 1628 448 1684 bos
479 1643 678 1690 omnes
712 1629 804 1700 qui
841 1630 1136 1686 imitatores
1169 1629 1300 1685 Adae
1329 1645 1450 1685 esse
1479 1629 1768 1684 voluerunt
1796 1645 1812 1682 :

1908 429 2055 481 ctos,
2107 419 2196 488 qui
2242 415 2444 471 Christi
2494 413 2758 484 justitiam
2804 421 2860 468 et
2908 411 3246 467 sanctitatem
3293 409 3494 465 fuerint

1897 509 2132 574 imitati;
2163 507 2189 544 ιι
2221 523 2342 562 cum
2375 514 2590 561 constet
2614 519 2804 560 omnes
2838 504 3057 558 omnino
3093 509 3494 558 resurrecturus

1910 615 2030 658 esse
2053 615 2149 671 per
2167 598 2462 663 Christum,
2479 598 2724 668 quamvis
2745 597 2880 651 alios
2902 597 2967 650 ad
2987 611 3232 666 regnum,
3261 595 3399 650 alios
3423 594 3494 650 ad

1905 694 2188 769 judicium.
2206 695 2269 748 Et
2295 692 2476 746 addis:
2497 709 2513 743 ι
2535 691 2662 745 .lure
2691 691 2854 760 igitur
2876 688 3235 760 improbatur,
3260 688 3348 758 qui
3369 688 3495 743 huic

1910 780 2758 854 sententiaecontradicet[Baluz.
2772 779 3132 854 contradicit],
3149 795 3267 850 qua:
3279 780 3374 846 ait,
3395 779 3497 836 Per

1912 879 2168 934 hominem
2196 893 2352 943 mors,
2374 886 2421 930 et
2448 892 2537 946 per
2563 875 2820 928 hominem
2838 873 3142 929 resurrectio
3170 883 3496 926 mortuorum

1914 971 1954 1042 (l
1984 969 2103 1024 Cor.
2131 986 2222 1036 xv,
2250 968 2343 1040 21)
2369 985 2422 1034 ›;
2450 968 2609 1022 item:
2639 985 2657 1019 ‹
2689 966 2843 1034 Quod
2869 975 3148 1035 peccatum
3170 964 3300 1042 Adae
3320 963 3494 1036 ipsum

1912 1065 2087 1121 solum
2106 1063 2266 1131 laesit,
2283 1070 2335 1116 et
2353 1075 2457 1115 non
2472 1075 2641 1130 genus
2654 1060 2947 1114 humanum
2965 1078 2978 1113 :
2994 1069 3047 1115 et
3070 1061 3187 1114 haec
3203 1043 3494 1126 sententia,

1912 1157 2112 1226 inquis,
2141 1171 2170 1210 a
2201 1155 2355 1209 nobis
2386 1153 2579 1207 merito
2610 1151 2903 1217 refellitur;
2936 1167 3043 1206 non
3075 1153 3220 1206 enim
3238 1151 3341 1207 soli
3367 1150 3496 1222 ipsi,

1915 1252 2008 1309 sed
2037 1250 2223 1322 generi
2254 1250 2487 1303 humano
2516 1246 2754 1302 obfuisse
2785 1246 3114 1301 credendum
3141 1255 3247 1301 est.
3273 1264 3293 1299 ι

1987 1345 2078 1400 12.
2117 1354 2140 1382 ε
2175 1342 2238 1398 Ει
2269 1342 2355 1396 hic
2379 1341 2506 1412 quid
2532 1354 2683 1410 agas,
2715 1341 2864 1394 salvo
2892 1339 3008 1404 tibi,
3036 1349 3093 1393 ut
3124 1349 3300 1410 putas,
3336 1355 3500 1396 sensu

1914 1444 2008 1492 tuo
2035 1435 2354 1506 pravissimo
2399 1443 2452 1488 et
2483 1432 2899 1496 tortuosissimo,
2933 1431 3106 1489 latere
3134 1449 3234 1490 nos
3264 1451 3370 1492 non
3396 1452 3500 1510 po-

1917 1528 2104 1583 tuiSti:
2141 1526 2265 1596 quia
2305 1523 2428 1593 ipsi,
2477 1532 2536 1578 ut
2579 1522 2661 1576 vis
2690 1523 2909 1588 docere,
2951 1526 3193 1592 quamvis
3221 1530 3414 1599 pauci,
3443 1533 3500 1595 in

1916 1619 2319 1690 comparatione
2347 1615 2512 1670 totius
2537 1615 2777 1685 generis,
2821 1614 3116 1673 humanum
3154 1631 3278 1677 sunt
3307 1639 3497 1694 genus.

242 1728 290 1780 et
313 1734 394 1791 per
420 1721 877 1776 resurrectionem
907 1719 1147 1790 Christi,
1192 1722 1338 1791 quod
1382 1722 1472 1777 ille
1515 1722 1807 1792 Apostolus
1837 1724 1886 1786 B
1911 1718 2042 1773 Item
2071 1734 2083 1768 :
2121 1734 2139 1766 ‹
2169 1711 2322 1781 Quod
2364 1710 2616 1778 infantes,
2648 1711 2854 1780 inquis,
2887 1712 2939 1766 in
2969 1721 3113 1768 statu
3150 1714 3257 1772 sint
3295 1719 3350 1774 in
3395 1739 3504 1793 quo

245 1811 381 1878 dixit,
407 1827 592 1878 omnes
615 1824 1042 1880 resurrecturos,
1065 1813 1312 1874 similiter
1332 1817 1450 1872 sine
1473 1816 1637 1870 dubio
1660 1815 1808 1870 dicas

237 1920 440 1970 necesse
483 1915 594 1975 est,
646 1923 756 1965 non
803 1923 964 1970 omne
1016 1924 1241 1981 prorsus
1289 1925 1462 1980 genus
1513 1911 1807 1966 humanum

1919 1813 2016 1867 fuit
2047 1810 2213 1864 Adam
2257 1814 2384 1860 ante
2421 1804 2946 1884 praevaricationem,
2989 1805 3130 1863 inter
3153 1807 3179 1847 ἀ
3203 1811 3506 1888 indiscipli-

1920 1914 2098 1971 natas,
2130 1901 2229 1965 ais,
2262 1907 2458 1968 reputo
2487 1896 2834 1966 quaestiones.
2861 1896 2978 1954 Non
3009 1901 3152 1957 enim
3186 1919 3280 1974 per
3323 1893 3504 1967 omnia

1405 2024 1951 2090 CASTIGATIONES
1994 2021 2082 2078 ET
2120 2017 2352 2078 NOTAE.

248 2127 313 2182 eis
338 2123 557 2193 deﬁnitio
584 2129 768 2176 nostra
794 2122 1123 2189 comprobata
1151 2131 1245 2177 est.
1287 2139 1307 2174 ι
1337 2122 1405 2178 Et
1433 2133 1616 2189 postea
1641 2142 1653 2176 :
1687 2123 1815 2178 Ηωσ

246 2198 439 2263 epistola
465 2195 693 2266 carnalis
717 2194 1032 2248 ventesitatis
1062 2204 1109 2247 et
1137 2193 1373 2266 elationis
1414 2193 1572 2262 uolut,
1619 2205 1688 2257 et,
1721 2213 1814 2266 ge-

246 2278 422 2322 storum
467 2265 715 2318 tarditate
763 2273 1066 2332 procurata,
1113 2265 1377 2317 celeritate
1426 2265 1732 2331 prtecedens
1762 2267 1816 2320 in

247 2355 412 2392 manus
432 2336 697 2388 hominum
730 2335 1000 2405 prwuolat,
1035 2345 1089 2388 ut
1125 2336 1513 2405 quatuordecim
1561 2338 1816 2404 episcopis

250 2408 580 2464 Orientalibus
608 2407 862 2477 placuisse
889 2406 1114 2459 dicatur.
1148 2407 1217 2460 Et
1258 2416 1446 2474 postea
1473 2424 1483 2458 :
1519 2405 1586 2462 Ut
1619 2409 1733 2461 sola
1762 2409 1816 2460 in

245 2481 440 2553 cpistola
474 2478 677 2548 legatur
702 2477 886 2553 infelia;
920 2486 966 2531 et
993 2477 1216 2553 seipsum
1248 2477 1532 2553 decipiens,
1565 2479 1702 2553 velut
1741 2479 1818 2532 υἱ-

246 2548 384 2618 ctrix,
425 2553 651 2603 humana
678 2549 936 2617 superbia.
984 2548 1094 2615 Qua
1127 2549 1411 2603 occasione
1443 2559 1564 2603 nota
1613 2549 1665 2602 id
1709 2554 1820 2616 pri--

246 2638 376 2678 mum
403 2622 659 2676 extribus
683 2619 931 2672 Patrihus
959 2619 1206 2683 laudatis,
1232 2619 1646 2685 Pelagianorum
1672 2619 1818 2674 frau-

246 2693 505 2748 dulentam
532 2690 734 2762 pariter
764 2705 827 2744 ac
864 2692 1152 2755 superbam
1193 2691 1530 2762 industriam,
1579 2691 1654 2762 in,
1683 2705 1819 2758 opu-

251 2766 406 2820 sculis
419 2764 527 2816 suis
543 2777 645 2814 non
670 2763 986 2831 spargendis
1007 2761 1184 2820 modo,
1202 2761 1295 2814 sed
1312 2761 1475 2813 etiam
1497 2761 1818 2817 extollendis

250 2836 305 2892 in
349 2835 557 2898 caelum,
587 2833 805 2901 perinde
837 2847 898 2886 ac
928 2832 974 2886 si
1021 2831 1202 2886 forent
1255 2831 1512 2886 inusitata
1568 2834 1818 2900 quaedam

254 2905 530 2967 miracula,
572 2903 810 2971 lenisque
861 2902 1162 2972 singulares
1206 2903 1525 2957 eximiorum
1575 2902 1819 2972 ingenio-

251 2992 386 3038 rum,
422 2973 822 3044 prtestantisque
867 2975 1130 3028 doctrinae
1161 2981 1215 3026 et
1245 2972 1462 3043 pietatis
1491 2988 1621 3028 vere
1662 2973 1822 3028 Chri-

250 3043 442 3110 Stiante.
469 3043 603 3101 Nota
633 3055 687 3099 et
736 3048 838 3098 hoc
865 3047 1117 3107 alterum,
1153 3044 1402 3097 damnata
1438 3045 1604 3098 fuisse
1646 3045 1822 3099 nomi-

254 3117 408 3172 natim
441 3132 468 3168 a
499 3115 627 3186 sede
655 3116 949 3186 apostolica
973 3115 1025 3170 in
1061 3115 1312 3186 tractoria
1341 3114 1537 3186 Zosimi
1581 3116 1820 3184 quinque

251 3189 484 3256 dogmata
497 3184 773 3242 Caelestti:
809 3188 865 3240 1ο
891 3188 1058 3240 Adam
1077 3184 1350 3240 mortalth
1371 3185 1686 3256 factumi,qui
1715 3187 1820 3241 sive

246 3255 484 3332 peccaret,
512 3263 614 3332 sive
645 3275 747 3311 non
770 3267 1020 3332 peccaret,
1044 3266 1171 3311 esset
1197 3255 1481 3310 moriturus
1505 3273 1525 3332 ί
1545 3255 1610 3308 20
1641 3273 1822 3324 pecca-

253 3326 347 3401 tum
365 3331 486 3384 Adae
507 3330 681 3401 ipsum
706 3326 874 3382 solum
896 3327 1104 3401 ltesisse,
1129 3338 1176 3381 et
1199 3345 1299 3382 non
1323 3345 1480 3398 genus
1503 3326 1823 3392 humanum;

1923 2119 2166 2194 neralem
2200 2118 2253 2171 in
2286 2116 2493 2194 Adamo
2520 2119 2753 2194 ruinam,
2775 2127 2842 2194 .ut
2865 2136 2929 2194 ne
2957 2122 3058 2193 ipsi
3085 2124 3302 2194 quidem
3332 2126 3505 2192 haere-

1921 2192 2008 2266 tici
2034 2191 2105 2266 in
2149 2190 2477 2266 contriti-inin
2521 2188 2663 2255 loqui
2705 2192 2823 2266 ausi
2856 2188 3072 2266 fuerint
3102 2188 3308 2263 'aperte
3337 2243 3352 2266 ,
3389 2189 3503 2256 sed

1919 2261 2162 2340 adhibita
2195 2261 2548 2314 distinctione
2578 2261 2806 2340 quadam
2853 2263 2994 2318 inter
3038 2261 3226 2340 omnes
3258 2261 3504 2340 omnino,

1917 2338 2036 2404 sive
2063 2333 2257 2394 ἁπλῶς,
2285 2342 2339 2404 et
2371 2347 2559 2385 omnes
2590 2335 2639 2385 in
2673 2333 2850 2404 aliquo
2879 2350 3100 2404 genere,
3130 2339 3246 2394 sive
3275 2344 3404 2399 κατά
3431 2333 3505 2401 τιζ

1991 2403 2018 2442 ι)
2049 2405 2294 2467 Constet,
2327 2403 2564 2471 inquam,
2597 2403 2740 2470 apud
2788 2403 3108 2464 catholicos.
3144 2409 3277 2464 Nam
3325 2413 3506 2470 Theo-

1920 2477 2086 2530 dorus
2120 2475 2528 2541 Mopsuestenus
2557 2475 2770 2528 videtur
2810 2476 2861 2530 in
2906 2480 3236 2534 contrarium
3266 2487 3507 2542 sensisse

1920 2539 2382 2626 (CapItF‘ralgm.
2417 2561 2480 2599 ea:
2509 2545 2602 2626 lib.
2631 2561 2664 2598 ν
2693 2547 2895 2626 advers.
2926 2548 3318 2626 angam-num):
3347 2539 3499 2624 Qui};

1920 2617 2114 2696 inquit,
2143 2618 2216 2670 ita
2246 2617 2476 2696 demens2
2505 2627 2559 2696 ut
2588 2625 2784 2669 tantum
2816 2617 3506 2696 bonum—tresarrecti-onis)

1921 2689 2097 2768 credat
2144 2688 2414 2768 materiam
2439 2687 2555 2756 fieri
2585 2691 2967 2768 resurgentibns
3010 2687 3202 2760 inﬁniti
3235 2687 3501 2768 supplicii;

1921 2760 2110 2832 quibus
2134 2761 2315 2810 utilius
2343 2768 2456 2832 erat
2484 2758 2689 2810 omnino
2712 2758 2813 2811 non
2842 2777 3048 2830 surgere
3067 2758 3224 2832 quam
3242 2758 3504 2824 iuniorum

1923 2839 1970 2882 et
2022 2830 2202 2908 tulium
2248 2828 2502 2908 malorum
2536 2838 2649 2908 post
2681 2828 3100 2887 resurrectionem
3134 2835 3224 2888 s'ub
3279 2838 3506 2908 inﬁnitis

1924 2903 2087 2970 poenis
2113 2900 2491 2970 experientiam
2506 2899 2771 2954 sustinere.

2001 2983 2021 3046 s
2049 2970 2439 3046 A_nimadvert_it
2471 2969 2530 3046 S.
2572 2971 2681 3024 Leo
2703 2971 2898 3046 (Epist.
2932 2973 2990 3044 8)
3014 2987 3329 3046 perpetuam
3358 2979 3502 3039 hanc

1923 3041 2346 3120 Pelagianorum
2381 3042 2642 3120 fraudem,
2675 3041 2990 3120 monuitque
3016 3041 3284 3120 'Niéetam
3334 3054 3505 3120 Aqui-

1924 3112 2270 3188 le_ienscm_ut
2300 3114 2374 3188 alr
2396 3127 2456 3166 ea
2487 3112 2586 3188 sibi
2615 3125 2830 3188 caveret
2855 3112 2926 3188 Ain
2965 3119 3296 3188 recipiendis
3325 3112 3503 3180 homi-

1926 3185 2086 3236 nibus
2125 3185 2213 3252 qui
2261 3184 2330 3236 ab
2363 3183 2463 3238 hac
2508 3183 2699 3238 hinrcsi
2741 3185 2806 3237 ad
2853 3183 3146 3242 Ecclesia'm
3177 3195 3501 3251 catholicam

1924 3256 2103 3335 redire
2137 3270 2203 3335 .se
2227 3255 2381 3335 velle
2425 3253 2666 3335 dicerent
2696 3273 2709 3308 :
2763 3255 3045 3335 Damnem,
3079 3261 3268 3330 inquit,
3310 3267 3504 3335 apertis

1928 3324 2332 3404 pro[essionibus
2360 3327 2442 3378 sui
2461 3326 2664 3404 superbi
2692 3327 2880 3404 erroris
2903 3324 3164 3404 auctores,
3181 3343 3228 3386 et
3249 3324 3505 3404 quidquid

253 3398 304 3480 δέ)
333 3399 548 3481 infantes
577 3401 630 3486 iu
660 3415 720 3480 eo
742 3409 880 3486 {tatu
911 3415 1040 3480 esse,
1060 3399 1235 3480 inquo
1267 3397 1437 3486 A'dant
1482 3410 1602 3479 ante
1624 3415 1822 3478 prteva-
1851 3422 1897 3486 Ο
1930 3398 1984 3449 in
2007 3398 2241 3449 doctrina
2265 3413 2438 3476 eorum
2480 3397 2776 3486 universalis
2810 3400 3043 3453 Ecclesia
3077 3397 3341 3458 ett-horruit
3365 3397 3505 3462 dete-

253 3468 558 3536 ritutibnem;
589 3468 656 3522 ιο
681 3469 901 3539 infantes
939 3469 1257 3539 etiamsinon
1296 3469 1543 3532 baptizuti
1585 3470 1817 3522 morian-

254 3553 345 3608 tur,
367 3541 548 3595 habere
578 3538 1035 3604 ritam'azternam;
1065 3538 1120 3594 5⁸
1147 3557 1237 3607 per
1263 3549 1474 3593 mortem
1498 3539 1622 3592 Adae
1654 3549 1814 3592 totum

253 3610 510 3684 humanum
538 3628 701 3684 genus
743 3628 844 3664 non
866 3611 1015 3674 mori,
1064 3611 1184 3684 quia
1225 3627 1313 3663 nec
1343 3626 1434 3677 per
1465 3610 1815 3684 resurrectio-

254 3699 350 3737 nem
377 3680 564 3738 Christi
591 3697 741 3735 omne
769 3697 928 3750 genus
973 3683 1236 3734 hominum
1275 3682 1514 3749 resurgit.
1551 3680 1686 3734 Nota
1727 3681 1817 3736 de-

233 3756 396 3820 nique
433 3753 731 3817 lulianum,
765 3760 824 3805 ut
847 3760 1006 3804 tantae
1037 3752 1393 3806 damnationis
1424 3751 1674 3804 invidiam
1703 3766 1731 3804 a
1755 3767 1814 3806 se

253 3835 346 3878 eta
373 3827 481 3880 suis
509 3832 809 3889 averteret,
857 3823 1140 3892 epistolam
1175 3822 1392 3876 dedisse
1434 3823 1498 3878 ad
1541 3837 1811 3875 summum

252 3894 568 3966 pontificem,
602 3908 763 3964 quam
803 3895 999 3962 sparsit
1029 3895 1187 3966 ctiam
1220 3893 1274 3947 in
1301 3893 1595 3961 publicum,
1643 3908 1815 3962 caque

254 3965 599 4033 contendisse,
627 3973 716 4018 aut
745 3979 933 4017 vanam
960 3979 1078 4018 esse
1102 3965 1354 4019 heresim
1382 3979 1502 4032 qua:
1527 3972 1674 4017 tanto
1700 3979 1813 4018 ino-

253 4035 418 4092 Iimine
447 4037 754 4108 proscripta
805 4045 999 4108 esset;
1023 4045 1113 4108 aut
1143 4051 1169 4088 a
1213 4037 1326 4108 suis
1355 4050 1458 4088 non
1482 4044 1810 4108 assertum,

253 4109 330 4176 qui
357 4109 419 4164 de
450 4105 705 4181 quinque
746 4105 1200 4181 pronositionibns
1244 4107 1402 4181 longe
1443 4107 1600 4181 aliter
1647 4107 1816 4159 senti-

254 4189 377 4242 rent,
407 4176 628 4247 ac'qui
652 4177 1056 4232 damnarentur.
1106 4176 1352 4243 Quatuor
1379 4191 1445 4231 ex
1494 4176 1578 4230 bis
1607 4184 1814 4230 tantum

255 4263 338 4303 sua
362 4251 410 4306 in
431 4249 664 4320 epistola
681 4250 1018 4320 explicuisse
1039 4247 1307 4320 lulianum
1336 4247 1600 4302 Mercator
1623 4247 1813 4320 obser-

256 4329 357 4385 vat,
379 4331 433 4375 et
461 4317 534 4375 ita
565 4319 782 4389 quidem
821 4327 876 4374 ut
914 4319 1184 4377 videretur
1223 4319 1288 4378 ad
1339 4334 1555 4372 sensum
1589 4317 1817 4372 catholi-

258 4404 359 4454 cum
389 4391 685 4454 accedere;
732 4389 826 4445 sed
870 4389 1028 4444 simul
1053 4399 1258 4454 mOnet,
1311 4390 1440 4442 nihil
1467 4389 1666 4443 dictum
1700 4404 1816 4442 om-

257 4462 364 4517 nino
413 4464 483 4518 de
525 4471 718 4530 quarto
748 4462 1026 4529 dogmate,
1081 4459 1218 4528 quod
1263 4467 1441 4514 tamen
1483 4458 1814 4530 praecipuum

259 4543 372 4596 erat,
403 4548 527 4589 cum
546 4528 625 4586 ad
656 4528 905 4601 baptismi
938 4534 1312 4586 necessitatem
1354 4528 1665 4599 pertineret.
1709 4528 1818 4584 No-

258 4609 380 4659 tasse
417 4614 708 4660 contentus
741 4602 1048 4667 silentium,
1091 4618 1306 4658 causam
1349 4616 1453 4656 non
1504 4601 1715 4671 aperit;
1760 4601 1814 4658 in

254 4686 487 4746 promptu
517 4684 809 4746 tatnenicst
837 4691 864 4746 εν
885 4689 993 4726 non
1024 4681 1233 4740 poterat
1271 4673 1613 4746 interpretari
1644 4673 1817 4726 Julia-

261 4760 345 4798 nus
365 4742 554 4815 dogma
584 4745 736 4808 illud,
779 4745 905 4812 quin
939 4748 1254 4812 confugeret
1295 4744 1360 4796 ad
1393 4742 1814 4815 distinctionem

1929 3476 2128 3542 stentur
2148 3485 2173 3542 Δ;
2203 3467 2477 3542 omniaque
2503 3469 2703 3520 decreta
2730 3471 3001 3542 synodalia
3037 3489 3152 3542 quw
3183 3475 3250 3527 ad
3279 3479 3504 3535 excisio-

1921 3537 2221 3614 nemhujus
2249 3538 2497 3614 luereseos
2538 3537 2833 3614 apostolica:
2863 3543 2997 3614 sedis
3038 3537 3363 3614 conﬁrmavit
3406 3567 3504 3604 au-

1920 3611 2162 3688 διονὶιιιδςἸ
2180 3609 2418 3676 amplecti
2457 3625 2511 3688 se
2541 3619 2586 3661 et
2633 3611 2684 3661 in
2729 3612 2963 3688 omnibus
2980 3609 3302 3688 approbare,
3333 3621 3502 3688 plenis

1921 3688 1969 3753 et
2000 3681 2188 3748 apertis
2219 3681 2510 3753 acAprnpria
2536 3696 2693 3753 manu
2719 3681 3033 3752 subscriptis
3049 3681 3503 3753 protestationibus

1921 3750 2246 3820 eloquuntur.
2276 3748 2424 3802 Nihil
2451 3751 2504 3802 in
2535 3751 2696 3804 verbis
2718 3769 2895 3806 eorum
2916 3748 3221 3820 obscurum,
3255 3760 3388 3814 nihil
3417 3764 3504 3817 in-

1917 3822 2158 3874 ueniatur
2192 3821 2512 3892 ambiguum,
2541 3825 2784 3889 quoniam
2826 3826 3056 3880 novimus
3106 3829 3238 3884 hanc
3284 3831 3504 3888 istorum

1921 3907 2029 3944 esse
2055 3893 2348 3972 versutiam,
2374 3901 2427 3944 ut
2473 3892 2526 3945 in
2573 3909 2892 3972 quacumque
2937 3901 3190 3968 particula
3241 3904 3501 3972 dogmatis

1921 3964 2219 4015 exsecrandi
2244 4005 2257 4022 ,
2299 3979 2402 4032 qua
2442 3978 2497 4016 se
2529 3979 2561 4014 a
2600 3963 2962 4019 damnatorum
3017 3972 3259 4026 societate
3311 3963 3508 4029 discre-

1919 4034 2080 4086 verint
2108 4074 2122 4097 ,
2186 4033 2314 4086 nihil
2354 4049 2595 4086 sensuum
2649 4051 2857 4088 suorum
2905 4040 3192 4094 existiment
3242 4059 3349 4096 esse
3398 4061 3504 4100 non

1920 4105 2116 4184 saluum
2136 4119 2153 4156 :
2173 4120 2384 4184 cumque
2409 4121 2581 4184 omnes
2603 4106 2928 4184 deﬁnitiones
2949 4125 3072 4162 suas
3095 4112 3164 4162 ad
3193 4114 3506 4184 subrependi

1920 4174 2223 4252 facilitatem
2245 4175 2536 4252 improbare
2562 4192 2623 4252 se
2642 4176 2901 4252 simulent,
2927 4187 3078 4246 atque
3099 4174 3373 4252 deponere,
3405 4185 3505 4242 hoc

1920 4245 2012 4324 tibi
2035 4254 2141 4298 tota
2163 4256 2272 4324 arte
2301 4244 2539 4324 fallendi,
2571 4246 2669 4298 nisi
2691 4244 3070 4324 intelligantur,
3095 4244 3373 4324 accipiant,
3391 4266 3499 4314 etc.

1921 4316 2073 4370 Hanc
2113 4317 2538 4370 admonitionem
2593 4322 2721 4370 tanti
2778 4316 3062 4376 momenti
3093 4316 3322 4382 ducebat
3362 4316 3502 4384 'san-

1920 4397 2041 4441 ctus
2073 4385 2332 4468 pontifex,
2367 4398 2424 4440 ut
2450 4389 2878 4468 comminaretur
2922 4398 3080 4468 tanta:
3109 4397 3253 4449 sedis
3295 4399 3506 4468 cpisco-

1922 4472 2015 4539 po,
2047 4459 2100 4539 ni
2132 4468 2374 4539 caveret,
2401 4473 2643 4539 severius
2675 4477 2732 4514 se
2776 4461 3279 4539 animadversurum
3313 4459 3504 4539 ε’Νοη,

1921 4529 2116 4598 inquit,
2149 4528 2342 4604 dubitet
2369 4529 2588 4604 rdiljctio
2623 4540 2731 4596 tua,
2764 4547 2830 4585 an
2877 4534 2941 4597 si,
2967 4535 3102 4604 quod
3140 4555 3242 4592 non
3275 4528 3505 4596 arbitra:

1921 4602 2321 4674 murtn‘eglecta
2351 4602 2538 4670 fuerint
2578 4618 2692 4671 qua:
2731 4618 2826 4671 pro
2872 4602 3103 4666 custodia
3157 4627 3414 4666 canonum
3457 4622 3507 4668 et

1920 4687 2015 4742 pro
2044 4672 2181 4744 ﬁdei
2211 4673 2503 4744 integritate
2533 4674 2876 4740 decernimus,
2904 4675 3246 4734 vehementius
3275 4699 3507 4744 commo-

1921 4743 2146 4818 vendos;
2173 4745 2297 4818 quia
2319 4743 2625 4812 inferiorum
2649 4745 2889 4818 ordinum
2918 4746 3085 4818 culpa:
3105 4743 3171 4804 ad
3202 4751 3371 4806 nullos
3394 4771 3509 4808 ma-

259 4815 356 4892 vita
380 4812 831 4892 interpatetregni
853 4816 1113 4892 calorum,
1145 4829 1252 4892 qua
1271 4814 1406 4892 nihil
1432 4826 1548 4892 erat
1590 4815 1817 4892 invidio-
1843 4812 1900 4872 D
1921 4815 2001 4885 gis
2053 4812 2336 4892 referenda:
2379 4824 2518 4892 sunt,
2548 4832 2702 4884 quam
2751 4817 2819 4868 ad
2848 4812 3054 4892 desides
3101 4823 3507 4892 negligentesque

258 4885 354 4940 sius
382 4887 524 4956 apud
558 4886 768 4945 lideles.
801 4887 1060 4956 cujusque
1093 4886 1307 4956 invidia:
1338 4886 1669 4939 declinanda:
1697 4901 1820 4956 gra-

259 4958 317 5009 tia
343 4954 608 5032 fatebatur
643 4955 888 5032 Pelagius
918 4955 1059 5032 (Lib.
1087 4955 1153 5008 de
1194 4954 1348 5032 Pecs.
1389 4956 1534 5032 orig.
1579 4954 1818 5032 capf20)

255 5039 304 5081 se
330 5030 466 5084 scire
489 5045 591 5108 quo
631 5045 735 5082 non
760 5026 889 5108 eant
915 5026 1272 5108 inlunitessine
1310 5027 1582 5108 baptismo,
1633 5026 1824 5080 nescire

256 5113 340 5165 quo
358 5109 495 5155 eant.
520 5098 725 5154 Verum
767 5099 891 5169 quid
922 5114 950 5152 a
982 5099 1284 5166 Pelagianis
1322 5099 1446 5152 vita:
1493 5109 1709 5152 aeternae
1732 5113 1844 5153 re-'

251 5173 432 5239 .gnique
473 5171 739 5226 caelorum
804 5171 1020 5226 nomine
1084 5170 1509 5238 intelligeretur,
1549 5175 1605 5223 et
1643 5179 1824 5223 utrum

251 5239 388 5296 aliud
416 5245 536 5300 aliis
568 5242 927 5310 temporibus,
962 5240 1265 5293 videbimus
1299 5252 1504 5310 postea.

248 5362 250 5364 .
326 5322 348 5351 ι
383 5314 532 5369 Idem
577 5307 820 5368 Julianus
861 5310 951 5384 (In
979 5311 1146 5384 libello
1191 5325 1298 5384 sua:
1345 5308 1559 5380 Fidei):
1589 5307 1829 5384 Graviter

261 5384 560 5439 detestamur
593 5380 890 5453 quicumque
933 5383 1112 5436 asserit
1147 5381 1286 5451 quod
1319 5398 1481 5452 neque
1522 5397 1611 5453 per
1659 5380 1825 5435 Adam

261 5456 396 5510 omne
433 5473 592 5526 genus
635 5455 897 5509 hominum
934 5455 1219 5518 moriatur,
1249 5468 1409 5521 neque
1446 5469 1536 5525 per
1566 5453 1826 5506 Christum

257 5539 392 5580 amne
413 5543 567 5597 genus
593 5534 847 5595 resurgat.

321 5593 705 5652 Animadverte
733 5593 918 5665 primis
940 5595 1198 5651 Ecclesiae
1228 5593 1563 5665 temporibus
1589 5593 1662 5648 ita
1687 5593 1822 5649 fuis-

260 5680 315 5722 se
360 5665 411 5722 in
457 5667 708 5722 confesso
755 5668 896 5736 apud
939 5682 1126 5722 omnes
1175 5666 1362 5720 fideles
1406 5666 1716 5736 generalem
1769 5666 1824 5720 in

261 5737 468 5796 Christo
507 5739 906 5808 reparationem
947 5739 1166 5792 humani
1207 5739 1442 5808 generis,
1469 5740 1611 5793 sicut
1649 5746 1703 5793 et
1730 5751 1823 5807 gc-

1929 4893 2167 4960 rectores,
2197 4887 2283 4954 qui
2312 4887 2527 4960 inultum
2557 4888 2951 4960 swpenutriunt
2983 4887 3348 4960 pestilentiam,
3379 4887 3506 4948 dum

1929 4956 2262 5008 austerior-em
2290 4954 2889 5012 dissimulant’adhibere
2915 4954 3240 5015 medicinam.

2003 5023 2029 5060 ά
2061 5026 2349 5090 Desumpta
2386 5037 2471 5080 est
2504 5029 2605 5081 ista
2636 5026 2867 5082 formula
2897 5045 2963 5084 ex
2993 5032 3218 5098 epistola
3243 5031 3286 5087 Π
3311 5033 3377 5088 ad
3409 5035 3506 5092 Ti-

1929 5100 2101 5174 motti.
2136 5113 2201 5174 n,_
2237 5098 2330 5174 ‘25,
2361 5098 2451 5151 ubi
2506 5112 2733 5174 monens
2780 5098 3074 5174 Apostolus
3130 5102 3504 5174 discipulum:

1933 5165 2157 5245 Stultus,
2192 5171 2381 5245 inquit,
2410 5178 2460 5221 et
2505 5170 2615 5245 sine
2659 5165 2934 5245 disciplina
2975 5165 3286 5238 qutestiones
3313 5179 3500 5245 devita,

1927 5240 2092 5317 sciens
2117 5242 2238 5317 quia
2267 5247 2507 5317 generant
2542 5241 2689 5317 lites,
2711 5237 3040 5317 et_c'.__Mirum
3083 5259 3213 5301 vero
3243 5237 3504 5317 quantum

1932 5307 2148 5385 Juliano
2175 5307 2432 5376 placuerit
2455 5328 2557 5366 vox
2584 5307 3505 5385 indisciplinatarumquazstionum.

1933 5387 1993 5432 ut
2023 5379 2338 5461 frequenter
2370 5394 2621 5461 usurpata
2653 5377 2842 5461 sit_(1n
2871 5381 3032 5461 libell.
3069 5377 3224 5442 Fidei
3253 5403 3396 5461 parte
3423 5377 3504 5457 ut,

1933 5467 2079 5527 num.
2109 5453 2212 5527 22),
2239 5469 2251 5506 :
2278 5453 2338 5527 Si
2364 5467 2476 5519 qua:
2501 5454 2601 5527 sint
2649 5453 2793 5527 talia,
2827 5453 3019 5527 inquit,
3049 5474 3162 5527 qua:
3207 5453 3282 5514 vel
3328 5453 3509 5520 contra

1933 5521 2089 5589 ﬁdem
2111 5521 2417 5602 catholicam
2443 5525 2667 5602 ueniant,
2697 5521 2774 5577 uel
2805 5525 2872 5577 ad
2886 5521 3308 5602 indisc'iplinatas
3349 5534 3509 5602 perti-

1933 5604 2085 5665 neant
2111 5597 2435 5665 quwstiones,
2469 5594 2624 5665 simili
2651 5597 2998 5652 exsecratione
3031 5594 3362 5660 damnamus:
3454 5597 3464 5606 ’

2004 5663 2194 5742 Nullus
2225 5679 2386 5742 porro
2428 5663 2765 5742 eruditorum
2819 5671 2991 5724 nescit
3017 5671 3147 5742 quid
3176 5673 3509 5734 discriminis

1931 5751 1960 5792 a
1992 5738 2264 5792 veteribus
2293 5736 2432 5791 inter
2463 5735 2654 5808 dogma
2681 5746 2736 5792 et
2759 5735 3113 5809 quiesnoném
3146 5745 3380 5815 positum
3411 5747 3508 5812 sit,
